  <div class='ocr_page' id='page_1' title='image "/cluster/home/n/w/nwhite01/storage/ocr_20150623/43/hvd.32044096580659/089.png"; bbox 0 0 4054 6210; ppageno 0'>
   <div class='ocr_carea' id='block_1_1' title="bbox 437 399 536 458">
    <p class='ocr_par' dir='ltr' id='par_1_1' title="bbox 437 399 536 458">
     <span class='ocr_line' id='line_1_1' title="bbox 437 399 536 458; baseline -0.02 0"><span class='ocrx_word' id='word_1_1' title='bbox 437 399 536 458; x_wconf 75' lang='grc'><strong>167</strong></span> 
     </span>
    </p>
   </div>
   <div class='ocr_carea' id='block_1_2' title="bbox 436 476 2012 582">
    <p class='ocr_par' dir='ltr' id='par_1_2' title="bbox 436 476 2012 582">
     <span class='ocr_line' id='line_1_2' title="bbox 436 476 2012 582; baseline -0.027 -14"><span class='ocrx_word' id='word_1_2' title='bbox 436 515 489 568; x_wconf 83' lang='lat' dir='ltr'><strong>in</strong></span> <span class='ocrx_word' id='word_1_3' title='bbox 518 513 628 582; x_wconf 90' lang='lat' dir='ltr'><strong>ipsa</strong></span> <span class='ocrx_word' id='word_1_4' title='bbox 672 510 808 562; x_wconf 82' lang='lat' dir='ltr'><strong>intus</strong></span> <span class='ocrx_word' id='word_1_5' title='bbox 839 490 1071 556; x_wconf 72' lang='lat' dir='ltr'><strong>E‘ct-lesia</strong></span> <span class='ocrx_word' id='word_1_6' title='bbox 1105 489 1407 562; x_wconf 84' lang='lat' dir='ltr'><strong>baptizare?</strong></span> <span class='ocrx_word' id='word_1_7' title='bbox 1445 486 1492 554; x_wconf 77' lang='grc' dir='ltr'>ρ</span> <span class='ocrx_word' id='word_1_8' title='bbox 1513 499 1638 537; x_wconf 80' lang='lat' dir='ltr'><strong>uero</strong></span> <span class='ocrx_word' id='word_1_9' title='bbox 1665 476 2012 550; x_wconf 65' lang='lat' dir='ltr'><strong>quemadmo-</strong></span> 
     </span>
    </p>
   </div>
   <div class='ocr_carea' id='block_1_3' title="bbox 435 573 2020 660">
    <p class='ocr_par' dir='ltr' id='par_1_3' title="bbox 435 573 2020 660">
     <span class='ocr_line' id='line_1_3' title="bbox 435 573 2020 660; baseline -0.025 -4"><span class='ocrx_word' id='word_1_10' title='bbox 435 573 562 656; x_wconf 81' lang='lat' dir='ltr'><strong>dmn</strong></span> <span class='ocrx_word' id='word_1_11' title='bbox 593 614 714 652; x_wconf 86' lang='lat' dir='ltr'><strong>vasa</strong></span> <span class='ocrx_word' id='word_1_12' title='bbox 743 596 853 651; x_wconf 85' lang='lat' dir='ltr'><strong>illa.</strong></span> <span class='ocrx_word' id='word_1_13' title='bbox 883 605 1000 660; x_wconf 70' lang='lat' dir='ltr'><strong>qua:</strong></span> <span class='ocrx_word' id='word_1_14' title='bbox 1027 603 1130 639; x_wconf 89' lang='lat' dir='ltr'><strong>non</strong></span> <span class='ocrx_word' id='word_1_15' title='bbox 1155 584 1204 636; x_wconf 76' lang='lat' dir='ltr'><strong>ia</strong></span> <span class='ocrx_word' id='word_1_16' title='bbox 1237 582 1515 635; x_wconf 85' lang='lat' dir='ltr'><strong>honorem,</strong></span> <span class='ocrx_word' id='word_1_17' title='bbox 1538 573 1629 626; x_wconf 80' lang='lat' dir='ltr'><strong>sed</strong></span> <span class='ocrx_word' id='word_1_18' title='bbox 1659 573 1709 625; x_wconf 90' lang='lat' dir='ltr'><strong>in</strong></span> <span class='ocrx_word' id='word_1_19' title='bbox 1741 577 2020 622; x_wconf 83' lang='lat' dir='ltr'><strong>contume-</strong></span> 
     </span>
    </p>
   </div>
   <div class='ocr_carea' id='block_1_4' title="bbox 436 663 2019 751">
    <p class='ocr_par' dir='ltr' id='par_1_4' title="bbox 436 663 2019 751">
     <span class='ocr_line' id='line_1_4' title="bbox 436 663 2019 751; baseline -0.028 -3"><span class='ocrx_word' id='word_1_20' title='bbox 436 696 560 748; x_wconf 83' lang='lat' dir='ltr'><strong>liam</strong></span> <span class='ocrx_word' id='word_1_21' title='bbox 587 691 774 744; x_wconf 79' lang='lat' dir='ltr'><strong>domus</strong></span> <span class='ocrx_word' id='word_1_22' title='bbox 800 695 987 751; x_wconf 75' lang='lat' dir='ltr'><strong>utagna</strong></span> <span class='ocrx_word' id='word_1_23' title='bbox 1019 676 1274 738; x_wconf 74' lang='lat' dir='ltr'><strong>continet,</strong></span> <span class='ocrx_word' id='word_1_24' title='bbox 1309 673 1444 724; x_wconf 85' lang='lat' dir='ltr'><strong>intra</strong></span> <span class='ocrx_word' id='word_1_25' title='bbox 1475 669 1641 735; x_wconf 83' lang='lat' dir='ltr'><strong>ipsam</strong></span> <span class='ocrx_word' id='word_1_26' title='bbox 1668 663 1884 714; x_wconf 85' lang='lat' dir='ltr'><strong>domum</strong></span> <span class='ocrx_word' id='word_1_27' title='bbox 1908 669 2019 708; x_wconf 85' lang='lat' dir='ltr'><strong>ma-</strong></span> 
     </span>
    </p>
   </div>
   <div class='ocr_carea' id='block_1_5' title="bbox 437 749 2020 854">
    <p class='ocr_par' dir='ltr' id='par_1_5' title="bbox 437 749 2020 854">
     <span class='ocr_line' id='line_1_5' title="bbox 437 749 2020 854; baseline -0.025 -18"><span class='ocrx_word' id='word_1_28' title='bbox 437 797 594 854; x_wconf 70' lang='lat' dir='ltr'><strong>gnam</strong></span> <span class='ocrx_word' id='word_1_29' title='bbox 649 776 852 847; x_wconf 88' lang='lat' dir='ltr'><strong>possint</strong></span> <span class='ocrx_word' id='word_1_30' title='bbox 896 749 1302 825; x_wconf 28' lang='lat' dir='ltr'><strong>vsattictiticattdis</strong></span> <span class='ocrx_word' id='word_1_31' title='bbox 1355 756 1655 813; x_wconf 86' lang='lat' dir='ltr'><strong>hominibus</strong></span> <span class='ocrx_word' id='word_1_32' title='bbox 1717 749 2020 849; x_wconf 60' lang='lat' dir='ltr'><strong>ntini~trare</strong></span> 
     </span>
    </p>
   </div>
   <div class='ocr_carea' id='block_1_6' title="bbox 435 838 2020 942">
    <p class='ocr_par' dir='ltr' id='par_1_6' title="bbox 435 838 2020 942">
     <span class='ocr_line' id='line_1_6' title="bbox 435 838 2020 942; baseline -0.023 -17"><span class='ocrx_word' id='word_1_33' title='bbox 435 838 573 942; x_wconf 61' lang='lat' dir='ltr'><strong>quod</strong></span> <span class='ocrx_word' id='word_1_34' title='bbox 601 838 839 923; x_wconf 71' lang='lat' dir='ltr'><strong>sanetum</strong></span> <span class='ocrx_word' id='word_1_35' title='bbox 883 872 985 927; x_wconf 83' lang='lat' dir='ltr'><strong>est,</strong></span> <span class='ocrx_word' id='word_1_36' title='bbox 1019 860 1114 912; x_wconf 76' lang='lat' dir='ltr'><strong>nisi</strong></span> <span class='ocrx_word' id='word_1_37' title='bbox 1143 857 1264 927; x_wconf 90' lang='lat' dir='ltr'><strong>quia</strong></span> <span class='ocrx_word' id='word_1_38' title='bbox 1295 854 1385 907; x_wconf 86' lang='lat' dir='ltr'><strong>illa</strong></span> <span class='ocrx_word' id='word_1_39' title='bbox 1415 849 1667 903; x_wconf 76' lang='lat' dir='ltr'><strong>sanctitas</strong></span> <span class='ocrx_word' id='word_1_40' title='bbox 1691 838 2020 942; x_wconf 70' lang='lat' dir='ltr'><strong>Sacr-amenti</strong></span> 
     </span>
    </p>
   </div>
   <div class='ocr_carea' id='block_1_7' title="bbox 447 931 2021 1023">
    <p class='ocr_par' dir='ltr' id='par_1_7' title="bbox 447 931 2021 1023">
     <span class='ocr_line' id='line_1_7' title="bbox 447 931 2021 1023; baseline -0.024 -6"><span class='ocrx_word' id='word_1_41' title='bbox 447 931 544 1018; x_wconf 80' lang='lat' dir='ltr'><strong>nec</strong></span> <span class='ocrx_word' id='word_1_42' title='bbox 561 962 626 1016; x_wconf 87' lang='lat' dir='ltr'><strong>ah</strong></span> <span class='ocrx_word' id='word_1_43' title='bbox 644 956 929 1014; x_wconf 80' lang='lat' dir='ltr'><strong>immundis</strong></span> <span class='ocrx_word' id='word_1_44' title='bbox 952 951 1108 1023; x_wconf 87' lang='lat' dir='ltr'><strong>pollui</strong></span> <span class='ocrx_word' id='word_1_45' title='bbox 1135 955 1325 1018; x_wconf 84' lang='lat' dir='ltr'><strong>potest,</strong></span> <span class='ocrx_word' id='word_1_46' title='bbox 1345 944 1453 998; x_wconf 89' lang='lat' dir='ltr'><strong>sive</strong></span> <span class='ocrx_word' id='word_1_47' title='bbox 1468 955 1586 993; x_wconf 89' lang='lat' dir='ltr'><strong>cum</strong></span> <span class='ocrx_word' id='word_1_48' title='bbox 1603 952 1694 1006; x_wconf 90' lang='lat' dir='ltr'><strong>per</strong></span> <span class='ocrx_word' id='word_1_49' title='bbox 1722 947 1816 987; x_wconf 85' lang='lat' dir='ltr'><strong>eos</strong></span> <span class='ocrx_word' id='word_1_50' title='bbox 1845 931 2021 991; x_wconf 81' lang='lat' dir='ltr'><strong>datur,</strong></span> 
     </span>
    </p>
   </div>
   <div class='ocr_carea' id='block_1_8' title="bbox 436 1029 2024 1113">
    <p class='ocr_par' dir='ltr' id='par_1_8' title="bbox 436 1029 2024 1113">
     <span class='ocr_line' id='line_1_8' title="bbox 436 1029 2024 1113; baseline -0.026 -3"><span class='ocrx_word' id='word_1_51' title='bbox 436 1057 550 1110; x_wconf 78' lang='lat' dir='ltr'><strong>sive</strong></span> <span class='ocrx_word' id='word_1_52' title='bbox 577 1067 698 1107; x_wconf 90' lang='lat' dir='ltr'><strong>cum</strong></span> <span class='ocrx_word' id='word_1_53' title='bbox 724 1049 791 1103; x_wconf 90' lang='lat' dir='ltr'><strong>ab</strong></span> <span class='ocrx_word' id='word_1_54' title='bbox 815 1047 893 1100; x_wconf 84' lang='lat' dir='ltr'><strong>eis</strong></span> <span class='ocrx_word' id='word_1_55' title='bbox 919 1045 1005 1113; x_wconf 89' lang='lat' dir='ltr'><strong>qui</strong></span> <span class='ocrx_word' id='word_1_56' title='bbox 1037 1040 1197 1096; x_wconf 87' lang='lat' dir='ltr'><strong>corde</strong></span> <span class='ocrx_word' id='word_1_57' title='bbox 1224 1047 1276 1092; x_wconf 87' lang='lat' dir='ltr'><strong>et</strong></span> <span class='ocrx_word' id='word_1_58' title='bbox 1305 1035 1410 1089; x_wconf 85' lang='lat' dir='ltr'><strong>vita</strong></span> <span class='ocrx_word' id='word_1_59' title='bbox 1439 1033 1489 1086; x_wconf 90' lang='lat' dir='ltr'><strong>in</strong></span> <span class='ocrx_word' id='word_1_60' title='bbox 1525 1029 1713 1083; x_wconf 90' lang='lat' dir='ltr'><strong>melius</strong></span> <span class='ocrx_word' id='word_1_61' title='bbox 1745 1039 1847 1076; x_wconf 86' lang='lat' dir='ltr'><strong>non</strong></span> <span class='ocrx_word' id='word_1_62' title='bbox 1881 1035 2024 1071; x_wconf 84' lang='lat' dir='ltr'><strong>eont-</strong></span> 
     </span>
    </p>
   </div>
   <div class='ocr_carea' id='block_1_9' title="bbox 439 1109 2025 1206">
    <p class='ocr_par' dir='ltr' id='par_1_9' title="bbox 439 1109 2025 1206">
     <span class='ocr_line' id='line_1_9' title="bbox 439 1109 2025 1206; baseline -0.025 -9"><span class='ocrx_word' id='word_1_63' title='bbox 439 1109 709 1197; x_wconf 84' lang='lat' dir='ltr'><strong>tnutantur</strong></span> <span class='ocrx_word' id='word_1_64' title='bbox 737 1109 1033 1206; x_wconf 81' lang='lat' dir='ltr'><strong>accipitur?</strong></span> <span class='ocrx_word' id='word_1_65' title='bbox 1077 1132 1152 1184; x_wconf 83' lang='lat' dir='ltr'><strong>De</strong></span> <span class='ocrx_word' id='word_1_66' title='bbox 1176 1127 1368 1198; x_wconf 78' lang='lat' dir='ltr'><strong>quibus</strong></span> <span class='ocrx_word' id='word_1_67' title='bbox 1405 1124 1545 1175; x_wconf 90' lang='lat' dir='ltr'><strong>intus</strong></span> <span class='ocrx_word' id='word_1_68' title='bbox 1572 1117 1776 1187; x_wconf 85' lang='lat' dir='ltr'><strong>positis,</strong></span> <span class='ocrx_word' id='word_1_69' title='bbox 1805 1114 1918 1206; x_wconf 78' lang='lat' dir='ltr'><strong>ipse</strong></span> <span class='ocrx_word' id='word_1_70' title='bbox 1944 1109 2025 1206; x_wconf 80' lang='lat' dir='ltr'><strong>dl-</strong></span> 
     </span>
    </p>
   </div>
   <div class='ocr_carea' id='block_1_10' title="bbox 439 1200 2022 1300">
    <p class='ocr_par' dir='ltr' id='par_1_10' title="bbox 439 1200 2022 1300">
     <span class='ocr_line' id='line_1_10' title="bbox 439 1200 2022 1300; baseline -0.023 -12"><span class='ocrx_word' id='word_1_71' title='bbox 439 1236 532 1300; x_wconf 79' lang='lat' dir='ltr'><strong>t-it,</strong></span> <span class='ocrx_word' id='word_1_72' title='bbox 565 1231 766 1287; x_wconf 62' lang='lat' dir='ltr'><strong>Sate-nlo</strong></span> <span class='ocrx_word' id='word_1_73' title='bbox 791 1200 948 1281; x_wconf 78' lang='lat' dir='ltr'><strong>verbis</strong></span> <span class='ocrx_word' id='word_1_74' title='bbox 971 1225 1089 1276; x_wconf 83' lang='lat' dir='ltr'><strong>solis</strong></span> <span class='ocrx_word' id='word_1_75' title='bbox 1110 1231 1153 1273; x_wconf 88' lang='lat' dir='ltr'><strong>et</strong></span> <span class='ocrx_word' id='word_1_76' title='bbox 1181 1235 1278 1272; x_wconf 83' lang='lat' dir='ltr'><strong>non</strong></span> <span class='ocrx_word' id='word_1_77' title='bbox 1306 1215 1451 1287; x_wconf 75' lang='lat' dir='ltr'><strong>factis</strong></span> <span class='ocrx_word' id='word_1_78' title='bbox 1474 1208 1810 1264; x_wconf 83' lang='lat' dir='ltr'><strong>renuntiantes</strong></span> <span class='ocrx_word' id='word_1_79' title='bbox 1831 1200 2022 1273; x_wconf 73' lang='lat' dir='ltr'><strong>(Epist.</strong></span> 
     </span>
    </p>
   </div>
   <div class='ocr_carea' id='block_1_11' title="bbox 441 1317 928 1387">
    <p class='ocr_par' dir='ltr' id='par_1_11' title="bbox 441 1317 928 1387">
     <span class='ocr_line' id='line_1_11' title="bbox 441 1317 928 1387; baseline -0.018 -9"><span class='ocrx_word' id='word_1_80' title='bbox 441 1327 528 1387; x_wconf 74' lang='grc'><strong>11,</strong></span> <span class='ocrx_word' id='word_1_81' title='bbox 563 1325 629 1374; x_wconf 85' lang='lat' dir='ltr'><strong>ad</strong></span> <span class='ocrx_word' id='word_1_82' title='bbox 664 1317 928 1384; x_wconf 84' lang='lat' dir='ltr'><strong>Clericos).</strong></span> 
     </span>
    </p>
   </div>
   <div class='ocr_carea' id='block_1_12' title="bbox 511 1392 2026 1477">
    <p class='ocr_par' dir='ltr' id='par_1_12' title="bbox 511 1392 2026 1477">
     <span class='ocr_line' id='line_1_12' title="bbox 511 1392 2026 1477; baseline -0.023 -8"><span class='ocrx_word' id='word_1_83' title='bbox 511 1415 601 1469; x_wconf 69' lang='lat'><strong>9.0.</strong></span> <span class='ocrx_word' id='word_1_84' title='bbox 641 1412 775 1467; x_wconf 85' lang='lat' dir='ltr'><strong>Sunt</strong></span> <span class='ocrx_word' id='word_1_85' title='bbox 801 1423 927 1477; x_wconf 80' lang='lat' dir='ltr'><strong>ergo</strong></span> <span class='ocrx_word' id='word_1_86' title='bbox 957 1414 1002 1459; x_wconf 87' lang='lat' dir='ltr'><strong>et</strong></span> <span class='ocrx_word' id='word_1_87' title='bbox 1034 1406 1172 1456; x_wconf 82' lang='lat' dir='ltr'><strong>intus</strong></span> <span class='ocrx_word' id='word_1_88' title='bbox 1203 1401 1366 1453; x_wconf 84' lang='lat' dir='ltr'><strong>hostes</strong></span> <span class='ocrx_word' id='word_1_89' title='bbox 1395 1394 1506 1458; x_wconf 86' lang='lat' dir='ltr'><strong>Dei,</strong></span> <span class='ocrx_word' id='word_1_90' title='bbox 1536 1401 1579 1445; x_wconf 91' lang='lat' dir='ltr'><strong>et</strong></span> <span class='ocrx_word' id='word_1_91' title='bbox 1617 1403 1826 1460; x_wconf 84' lang='lat' dir='ltr'><strong>quorum</strong></span> <span class='ocrx_word' id='word_1_92' title='bbox 1861 1392 2026 1453; x_wconf 81' lang='lat' dir='ltr'><strong>pecto-</strong></span> 
     </span>
    </p>
   </div>
   <div class='ocr_carea' id='block_1_13' title="bbox 439 1473 2031 1567">
    <p class='ocr_par' dir='ltr' id='par_1_13' title="bbox 439 1473 2031 1567">
     <span class='ocr_line' id='line_1_13' title="bbox 439 1473 2031 1567; baseline -0.022 -10"><span class='ocrx_word' id='word_1_93' title='bbox 439 1521 497 1557; x_wconf 84' lang='lat' dir='ltr'><strong>ra</strong></span> <span class='ocrx_word' id='word_1_94' title='bbox 526 1501 770 1556; x_wconf 85' lang='lat' dir='ltr'><strong>obsederit</strong></span> <span class='ocrx_word' id='word_1_95' title='bbox 800 1473 1007 1567; x_wconf 78' lang='lat' dir='ltr'><strong>spiritus</strong></span> <span class='ocrx_word' id='word_1_96' title='bbox 1032 1488 1327 1544; x_wconf 65' lang='lat' dir='ltr'><strong>Antithristi</strong></span> <span class='ocrx_word' id='word_1_97' title='bbox 1351 1495 1370 1538; x_wconf 70' lang='lat' dir='ltr'><strong>t</strong></span> <span class='ocrx_word' id='word_1_98' title='bbox 1394 1495 1447 1538; x_wconf 90' lang='lat' dir='ltr'><strong>et</strong></span> <span class='ocrx_word' id='word_1_99' title='bbox 1478 1491 1651 1535; x_wconf 85' lang='lat' dir='ltr'><strong>tamen</strong></span> <span class='ocrx_word' id='word_1_100' title='bbox 1679 1483 1854 1548; x_wconf 81' lang='lat' dir='ltr'><strong>gerant</strong></span> <span class='ocrx_word' id='word_1_101' title='bbox 1880 1473 2031 1543; x_wconf 81' lang='lat' dir='ltr'><strong>spiri—</strong></span> 
     </span>
    </p>
   </div>
   <div class='ocr_carea' id='block_1_14' title="bbox 451 1565 2028 1658">
    <p class='ocr_par' dir='ltr' id='par_1_14' title="bbox 451 1565 2028 1658">
     <span class='ocr_line' id='line_1_14' title="bbox 451 1565 2028 1658; baseline -0.019 -10"><span class='ocrx_word' id='word_1_102' title='bbox 451 1595 610 1647; x_wconf 85' lang='lat' dir='ltr'><strong>tualia</strong></span> <span class='ocrx_word' id='word_1_103' title='bbox 633 1604 678 1645; x_wconf 88' lang='lat' dir='ltr'><strong>et</strong></span> <span class='ocrx_word' id='word_1_104' title='bbox 701 1565 870 1644; x_wconf 79' lang='lat' dir='ltr'><strong>divina</strong></span> <span class='ocrx_word' id='word_1_105' title='bbox 903 1587 1088 1658; x_wconf 73' lang='lat' dir='ltr'><strong>(Epist.</strong></span> <span class='ocrx_word' id='word_1_106' title='bbox 1115 1584 1202 1644; x_wconf 71' lang='grc' dir='ltr'>ιδ,</span> <span class='ocrx_word' id='word_1_107' title='bbox 1231 1579 1298 1630; x_wconf 89' lang='lat' dir='ltr'><strong>ad</strong></span> <span class='ocrx_word' id='word_1_108' title='bbox 1318 1576 1610 1639; x_wconf 81' lang='lat' dir='ltr'><strong>annian.).</strong></span> <span class='ocrx_word' id='word_1_109' title='bbox 1632 1584 1752 1640; x_wconf 77' lang='lat' dir='ltr'><strong>qtae</strong></span> <span class='ocrx_word' id='word_1_110' title='bbox 1774 1583 1872 1620; x_wconf 72' lang='lat' dir='ltr'><strong>nec</strong></span> <span class='ocrx_word' id='word_1_111' title='bbox 1901 1565 2028 1633; x_wconf 80' lang='lat' dir='ltr'><strong>ipsis</strong></span> 
     </span>
    </p>
   </div>
   <div class='ocr_carea' id='block_1_15' title="bbox 447 1659 2028 1757">
    <p class='ocr_par' dir='ltr' id='par_1_15' title="bbox 447 1659 2028 1757">
     <span class='ocr_line' id='line_1_15' title="bbox 447 1659 2028 1757; baseline -0.023 -15"><span class='ocrx_word' id='word_1_112' title='bbox 447 1693 669 1757; x_wconf 65' lang='lat' dir='ltr'><strong>possunt</strong></span> <span class='ocrx_word' id='word_1_113' title='bbox 693 1678 941 1751; x_wconf 77' lang='lat' dir='ltr'><strong>quamdiu</strong></span> <span class='ocrx_word' id='word_1_114' title='bbox 967 1677 1097 1728; x_wconf 89' lang='lat' dir='ltr'><strong>tales</strong></span> <span class='ocrx_word' id='word_1_115' title='bbox 1131 1679 1252 1725; x_wconf 87' lang='lat' dir='ltr'><strong>sunt</strong></span> <span class='ocrx_word' id='word_1_116' title='bbox 1273 1667 1339 1722; x_wconf 89' lang='lat' dir='ltr'><strong>ad</strong></span> <span class='ocrx_word' id='word_1_117' title='bbox 1368 1665 1590 1718; x_wconf 87' lang='lat' dir='ltr'><strong>salutem</strong></span> <span class='ocrx_word' id='word_1_118' title='bbox 1623 1659 1896 1757; x_wconf 65' lang='lat' dir='ltr'><strong>prodesse,</strong></span> <span class='ocrx_word' id='word_1_119' title='bbox 1927 1668 2028 1756; x_wconf 75' lang='lat' dir='ltr'><strong>nec</strong></span> 
     </span>
    </p>
   </div>
   <div class='ocr_carea' id='block_1_16' title="bbox 447 1744 2027 1846">
    <p class='ocr_par' dir='ltr' id='par_1_16' title="bbox 447 1744 2027 1846">
     <span class='ocr_line' id='line_1_16' title="bbox 447 1744 2027 1846; baseline -0.022 -17"><span class='ocrx_word' id='word_1_120' title='bbox 447 1744 545 1846; x_wconf 82' lang='lat' dir='ltr'><strong>ipsi</strong></span> <span class='ocrx_word' id='word_1_121' title='bbox 574 1790 634 1828; x_wconf 89' lang='lat' dir='ltr'><strong>ea</strong></span> <span class='ocrx_word' id='word_1_122' title='bbox 662 1744 883 1840; x_wconf 76' lang='lat' dir='ltr'><strong>possunt</strong></span> <span class='ocrx_word' id='word_1_123' title='bbox 921 1781 1014 1819; x_wconf 90' lang='lat' dir='ltr'><strong>sua</strong></span> <span class='ocrx_word' id='word_1_124' title='bbox 1045 1757 1376 1816; x_wconf 84' lang='lat' dir='ltr'><strong>immunditia</strong></span> <span class='ocrx_word' id='word_1_125' title='bbox 1419 1752 1710 1808; x_wconf 89' lang='lat' dir='ltr'><strong>maculare.</strong></span> <span class='ocrx_word' id='word_1_126' title='bbox 1747 1744 1898 1812; x_wconf 84' lang='lat' dir='ltr'><strong>Quod</strong></span> <span class='ocrx_word' id='word_1_127' title='bbox 1927 1745 2027 1796; x_wconf 91' lang='lat' dir='ltr'><strong>ita-</strong></span> 
     </span>
    </p>
   </div>
   <div class='ocr_carea' id='block_1_17' title="bbox 444 1836 2032 1935">
    <p class='ocr_par' dir='ltr' id='par_1_17' title="bbox 444 1836 2032 1935">
     <span class='ocr_line' id='line_1_17' title="bbox 444 1836 2032 1935; baseline -0.021 -17"><span class='ocrx_word' id='word_1_128' title='bbox 444 1836 546 1935; x_wconf 73' lang='lat' dir='ltr'><strong>que</strong></span> <span class='ocrx_word' id='word_1_129' title='bbox 571 1836 719 1927; x_wconf 88' lang='lat' dir='ltr'><strong>dicit,</strong></span> <span class='ocrx_word' id='word_1_130' title='bbox 751 1860 878 1913; x_wconf 89' lang='lat' dir='ltr'><strong>nihil</strong></span> <span class='ocrx_word' id='word_1_131' title='bbox 904 1858 972 1909; x_wconf 87' lang='lat' dir='ltr'><strong>eis</strong></span> <span class='ocrx_word' id='word_1_132' title='bbox 1001 1855 1067 1907; x_wconf 83' lang='lat' dir='ltr'><strong>ad</strong></span> <span class='ocrx_word' id='word_1_133' title='bbox 1093 1853 1311 1923; x_wconf 75' lang='lat' dir='ltr'><strong>gratiam</strong></span> <span class='ocrx_word' id='word_1_134' title='bbox 1341 1843 1726 1900; x_wconf 73' lang='lat' dir='ltr'><strong>ecclesiasticam</strong></span> <span class='ocrx_word' id='word_1_135' title='bbox 1768 1848 1811 1892; x_wconf 87' lang='lat' dir='ltr'><strong>et</strong></span> <span class='ocrx_word' id='word_1_136' title='bbox 1837 1836 2032 1890; x_wconf 87' lang='lat' dir='ltr'><strong>saluta-</strong></span> 
     </span>
    </p>
   </div>
   <div class='ocr_carea' id='block_1_18' title="bbox 445 1925 2029 2018">
    <p class='ocr_par' dir='ltr' id='par_1_18' title="bbox 445 1925 2029 2018">
     <span class='ocr_line' id='line_1_18' title="bbox 445 1925 2029 2018; baseline -0.02 -9"><span class='ocrx_word' id='word_1_137' title='bbox 445 1925 551 2009; x_wconf 50' lang='lat' dir='ltr'><strong>r-em</strong></span> <span class='ocrx_word' id='word_1_138' title='bbox 584 1925 730 2006; x_wconf 81' lang='lat' dir='ltr'><strong>licere</strong></span> <span class='ocrx_word' id='word_1_139' title='bbox 749 1991 762 2014; x_wconf 86' lang='lat'><strong>,</strong></span> <span class='ocrx_word' id='word_1_140' title='bbox 789 1949 876 2018; x_wconf 87' lang='lat' dir='ltr'><strong>qui</strong></span> <span class='ocrx_word' id='word_1_141' title='bbox 901 1940 1254 2015; x_wconf 71' lang='lat' dir='ltr'><strong>spargentes,&quot;</strong></span> <span class='ocrx_word' id='word_1_142' title='bbox 1290 1948 1438 2004; x_wconf 88' lang='lat' dir='ltr'><strong>atque</strong></span> <span class='ocrx_word' id='word_1_143' title='bbox 1472 1935 1824 2002; x_wconf 86' lang='lat' dir='ltr'><strong>impngnantes</strong></span> <span class='ocrx_word' id='word_1_144' title='bbox 1850 1925 2029 1978; x_wconf 77' lang='lat' dir='ltr'><strong>Eccle-</strong></span> 
     </span>
    </p>
   </div>
   <div class='ocr_carea' id='block_1_19' title="bbox 448 2017 2031 2102">
    <p class='ocr_par' dir='ltr' id='par_1_19' title="bbox 448 2017 2031 2102">
     <span class='ocr_line' id='line_1_19' title="bbox 448 2017 2031 2102; baseline -0.019 -3"><span class='ocrx_word' id='word_1_145' title='bbox 448 2047 576 2099; x_wconf 80' lang='lat' dir='ltr'><strong>siam</strong></span> <span class='ocrx_word' id='word_1_146' title='bbox 602 2017 808 2102; x_wconf 86' lang='lat' dir='ltr'><strong>Christi,</strong></span> <span class='ocrx_word' id='word_1_147' title='bbox 838 2054 868 2090; x_wconf 92' lang='lat' dir='ltr'><strong>a</strong></span> <span class='ocrx_word' id='word_1_148' title='bbox 888 2036 1086 2090; x_wconf 80' lang='lat' dir='ltr'><strong>Christo</strong></span> <span class='ocrx_word' id='word_1_149' title='bbox 1108 2033 1219 2100; x_wconf 84' lang='lat' dir='ltr'><strong>ipso</strong></span> <span class='ocrx_word' id='word_1_150' title='bbox 1240 2024 1535 2088; x_wconf 75' lang='lat' dir='ltr'><strong>adversarii,</strong></span> <span class='ocrx_word' id='word_1_151' title='bbox 1558 2022 1619 2074; x_wconf 91' lang='lat' dir='ltr'><strong>ab</strong></span> <span class='ocrx_word' id='word_1_152' title='bbox 1641 2017 1894 2090; x_wconf 79' lang='lat' dir='ltr'><strong>Apostolis</strong></span> <span class='ocrx_word' id='word_1_153' title='bbox 1921 2017 2031 2086; x_wconf 86' lang='lat' dir='ltr'><strong>ejus</strong></span> 
     </span>
    </p>
   </div>
   <div class='ocr_carea' id='block_1_20' title="bbox 445 2107 2032 2188">
    <p class='ocr_par' dir='ltr' id='par_1_20' title="bbox 445 2107 2032 2188">
     <span class='ocr_line' id='line_1_20' title="bbox 445 2107 2032 2188; baseline -0.02 1"><span class='ocrx_word' id='word_1_154' title='bbox 445 2131 728 2188; x_wconf 85' lang='lat' dir='ltr'><strong>antichristi</strong></span> <span class='ocrx_word' id='word_1_155' title='bbox 767 2127 1116 2187; x_wconf 73' lang='lat' dir='ltr'><strong>nominentur;</strong></span> <span class='ocrx_word' id='word_1_156' title='bbox 1157 2121 1234 2173; x_wconf 88' lang='lat' dir='ltr'><strong>sic</strong></span> <span class='ocrx_word' id='word_1_157' title='bbox 1262 2113 1623 2186; x_wconf 81' lang='lat' dir='ltr'><strong>accipiendum</strong></span> <span class='ocrx_word' id='word_1_158' title='bbox 1669 2118 1785 2174; x_wconf 89' lang='lat' dir='ltr'><strong>est,</strong></span> <span class='ocrx_word' id='word_1_159' title='bbox 1828 2107 1950 2178; x_wconf 87' lang='lat' dir='ltr'><strong>quia</strong></span> <span class='ocrx_word' id='word_1_160' title='bbox 1978 2115 2032 2160; x_wconf 90' lang='lat' dir='ltr'><strong>et</strong></span> 
     </span>
    </p>
   </div>
   <div class='ocr_carea' id='block_1_21' title="bbox 448 2204 2024 2278">
    <p class='ocr_par' dir='ltr' id='par_1_21' title="bbox 448 2204 2024 2278">
     <span class='ocr_line' id='line_1_21' title="bbox 448 2204 2024 2278; baseline -0.018 0"><span class='ocrx_word' id='word_1_161' title='bbox 448 2223 575 2278; x_wconf 85' lang='lat' dir='ltr'><strong>foris</strong></span> <span class='ocrx_word' id='word_1_162' title='bbox 602 2230 656 2276; x_wconf 85' lang='lat' dir='ltr'><strong>et</strong></span> <span class='ocrx_word' id='word_1_163' title='bbox 684 2221 823 2274; x_wconf 89' lang='lat' dir='ltr'><strong>intus</strong></span> <span class='ocrx_word' id='word_1_164' title='bbox 850 2214 1186 2270; x_wconf 84' lang='lat' dir='ltr'><strong>inveniuntur</strong></span> <span class='ocrx_word' id='word_1_165' title='bbox 1224 2210 1353 2262; x_wconf 88' lang='lat' dir='ltr'><strong>tales</strong></span> <span class='ocrx_word' id='word_1_166' title='bbox 1387 2223 1399 2257; x_wconf 91' lang='lat'><strong>:</strong></span> <span class='ocrx_word' id='word_1_167' title='bbox 1428 2204 1817 2273; x_wconf 85' lang='lat' dir='ltr'><strong>separation‘em</strong></span> <span class='ocrx_word' id='word_1_168' title='bbox 1846 2208 2024 2251; x_wconf 86' lang='lat' dir='ltr'><strong>tamen</strong></span> 
     </span>
    </p>
   </div>
   <div class='ocr_carea' id='block_1_22' title="bbox 447 2286 2032 2383">
    <p class='ocr_par' dir='ltr' id='par_1_22' title="bbox 447 2286 2032 2383">
     <span class='ocr_line' id='line_1_22' title="bbox 447 2286 2032 2383; baseline -0.016 -17"><span class='ocrx_word' id='word_1_169' title='bbox 447 2326 632 2366; x_wconf 83' lang='lat' dir='ltr'><strong>eorum</strong></span> <span class='ocrx_word' id='word_1_170' title='bbox 661 2309 751 2383; x_wconf 89' lang='lat' dir='ltr'><strong>qui</strong></span> <span class='ocrx_word' id='word_1_171' title='bbox 783 2309 927 2366; x_wconf 86' lang='lat' dir='ltr'><strong>intus</strong></span> <span class='ocrx_word' id='word_1_172' title='bbox 964 2311 1121 2371; x_wconf 77' lang='lat' dir='ltr'><strong>sunt,</strong></span> <span class='ocrx_word' id='word_1_173' title='bbox 1151 2299 1217 2357; x_wconf 87' lang='lat' dir='ltr'><strong>ab</strong></span> <span class='ocrx_word' id='word_1_174' title='bbox 1256 2298 1396 2356; x_wconf 85' lang='lat' dir='ltr'><strong>illius</strong></span> <span class='ocrx_word' id='word_1_175' title='bbox 1423 2291 1682 2348; x_wconf 75' lang='lat' dir='ltr'><strong>columba:</strong></span> <span class='ocrx_word' id='word_1_176' title='bbox 1708 2286 2032 2383; x_wconf 73' lang='lat' dir='ltr'><strong>perfectione</strong></span> 
     </span>
    </p>
   </div>
   <div class='ocr_carea' id='block_1_23' title="bbox 446 2375 2030 2475">
    <p class='ocr_par' dir='ltr' id='par_1_23' title="bbox 446 2375 2030 2475">
     <span class='ocr_line' id='line_1_23' title="bbox 446 2375 2030 2475; baseline -0.023 -15"><span class='ocrx_word' id='word_1_177' title='bbox 446 2416 608 2475; x_wconf 84' lang='lat' dir='ltr'><strong>atque</strong></span> <span class='ocrx_word' id='word_1_178' title='bbox 629 2375 865 2466; x_wconf 81' lang='lat' dir='ltr'><strong>unitate,</strong></span> <span class='ocrx_word' id='word_1_179' title='bbox 906 2411 1010 2451; x_wconf 90' lang='lat' dir='ltr'><strong>nou</strong></span> <span class='ocrx_word' id='word_1_180' title='bbox 1051 2393 1223 2448; x_wconf 88' lang='lat' dir='ltr'><strong>solum</strong></span> <span class='ocrx_word' id='word_1_181' title='bbox 1256 2391 1398 2444; x_wconf 87' lang='lat' dir='ltr'><strong>Deus</strong></span> <span class='ocrx_word' id='word_1_182' title='bbox 1429 2385 1578 2441; x_wconf 85' lang='lat' dir='ltr'><strong>novit</strong></span> <span class='ocrx_word' id='word_1_183' title='bbox 1612 2381 1664 2437; x_wconf 92' lang='lat' dir='ltr'><strong>in</strong></span> <span class='ocrx_word' id='word_1_184' title='bbox 1692 2375 2030 2475; x_wconf 77' lang='lat' dir='ltr'><strong>quibusdam,</strong></span> 
     </span>
    </p>
   </div>
   <div class='ocr_carea' id='block_1_24' title="bbox 447 2469 2030 2553">
    <p class='ocr_par' dir='ltr' id='par_1_24' title="bbox 447 2469 2030 2553">
     <span class='ocr_line' id='line_1_24' title="bbox 447 2469 2030 2553; baseline -0.02 -1"><span class='ocrx_word' id='word_1_185' title='bbox 570 2495 730 2548; x_wconf 87' lang='lat' dir='ltr'><strong>etiam</strong></span> <span class='ocrx_word' id='word_1_186' title='bbox 777 2490 1018 2545; x_wconf 79' lang='lat' dir='ltr'><strong>homines</strong></span> <span class='ocrx_word' id='word_1_187' title='bbox 1047 2486 1098 2539; x_wconf 91' lang='lat' dir='ltr'><strong>in</strong></span> <span class='ocrx_word' id='word_1_188' title='bbox 1122 2479 1474 2553; x_wconf 86' lang='lat' dir='ltr'><strong>quibusdam;</strong></span> <span class='ocrx_word' id='word_1_189' title='bbox 1506 2489 1730 2546; x_wconf 91' lang='lat' dir='ltr'><strong>quorum</strong></span> <span class='ocrx_word' id='word_1_190' title='bbox 1771 2472 1822 2524; x_wconf 90' lang='lat' dir='ltr'><strong>in</strong></span> <span class='ocrx_word' id='word_1_191' title='bbox 1856 2469 2030 2523; x_wconf 82' lang='lat' dir='ltr'><strong>mani-</strong></span> 
     </span>
    </p>
   </div>
   <div class='ocr_carea' id='block_1_25' title="bbox 450 2561 2030 2656">
    <p class='ocr_par' dir='ltr' id='par_1_25' title="bbox 450 2561 2030 2656">
     <span class='ocr_line' id='line_1_25' title="bbox 450 2561 2030 2656; baseline -0.018 -15"><span class='ocrx_word' id='word_1_192' title='bbox 450 2590 585 2643; x_wconf 80' lang='lat' dir='ltr'><strong>fesw</strong></span> <span class='ocrx_word' id='word_1_193' title='bbox 614 2585 898 2656; x_wconf 81' lang='lat' dir='ltr'><strong>pessimam</strong></span> <span class='ocrx_word' id='word_1_194' title='bbox 939 2579 1096 2633; x_wconf 86' lang='lat' dir='ltr'><strong>vitam</strong></span> <span class='ocrx_word' id='word_1_195' title='bbox 1122 2573 1594 2637; x_wconf 75' lang='lat' dir='ltr'><strong>conﬁrmatumque</strong></span> <span class='ocrx_word' id='word_1_196' title='bbox 1623 2563 1911 2636; x_wconf 86' lang='lat' dir='ltr'><strong>nequitiam</strong></span> <span class='ocrx_word' id='word_1_197' title='bbox 1946 2561 2030 2614; x_wconf 88' lang='lat' dir='ltr'><strong>in‘-</strong></span> 
     </span>
    </p>
   </div>
   <div class='ocr_carea' id='block_1_26' title="bbox 452 2653 2029 2741">
    <p class='ocr_par' dir='ltr' id='par_1_26' title="bbox 452 2653 2029 2741">
     <span class='ocr_line' id='line_1_26' title="bbox 452 2653 2029 2741; baseline -0.018 -9"><span class='ocrx_word' id='word_1_198' title='bbox 452 2653 680 2741; x_wconf 81' lang='lat' dir='ltr'><strong>tuentes,</strong></span> <span class='ocrx_word' id='word_1_199' title='bbox 707 2683 763 2729; x_wconf 88' lang='lat' dir='ltr'><strong>ct</strong></span> <span class='ocrx_word' id='word_1_200' title='bbox 785 2687 901 2727; x_wconf 90' lang='lat' dir='ltr'><strong>eam</strong></span> <span class='ocrx_word' id='word_1_201' title='bbox 928 2674 1313 2741; x_wconf 73' lang='lat' dir='ltr'><strong>prtcceptorutn</strong></span> <span class='ocrx_word' id='word_1_202' title='bbox 1341 2661 1638 2715; x_wconf 88' lang='lat' dir='ltr'><strong>divinorum</strong></span> <span class='ocrx_word' id='word_1_203' title='bbox 1663 2653 1860 2724; x_wconf 68' lang='lat' dir='ltr'><strong>regulis</strong></span> <span class='ocrx_word' id='word_1_204' title='bbox 1879 2662 2029 2706; x_wconf 64' lang='lat' dir='ltr'><strong>com:-</strong></span> 
     </span>
    </p>
   </div>
   <div class='ocr_carea' id='block_1_27' title="bbox 449 2741 2032 2838">
    <p class='ocr_par' dir='ltr' id='par_1_27' title="bbox 449 2741 2032 2838">
     <span class='ocr_line' id='line_1_27' title="bbox 449 2741 2032 2838; baseline -0.016 -16"><span class='ocrx_word' id='word_1_205' title='bbox 449 2775 716 2838; x_wconf 85' lang='lat' dir='ltr'><strong>parantes,</strong></span> <span class='ocrx_word' id='word_1_206' title='bbox 741 2761 1038 2829; x_wconf 82' lang='lat' dir='ltr'><strong>intelligunt</strong></span> <span class='ocrx_word' id='word_1_207' title='bbox 1057 2770 1214 2826; x_wconf 86' lang='lat' dir='ltr'><strong>quam</strong></span> <span class='ocrx_word' id='word_1_208' title='bbox 1234 2750 1414 2806; x_wconf 89' lang='lat' dir='ltr'><strong>multis</strong></span> <span class='ocrx_word' id='word_1_209' title='bbox 1435 2746 1648 2802; x_wconf 79' lang='lat' dir='ltr'><strong>zizauiis</strong></span> <span class='ocrx_word' id='word_1_210' title='bbox 1665 2753 1719 2798; x_wconf 87' lang='lat' dir='ltr'><strong>et</strong></span> <span class='ocrx_word' id='word_1_211' title='bbox 1741 2742 1903 2812; x_wconf 83' lang='lat' dir='ltr'><strong>paleis</strong></span> <span class='ocrx_word' id='word_1_212' title='bbox 1919 2741 2032 2796; x_wconf 68' lang='lat' dir='ltr'><strong>sive</strong></span> 
     </span>
    </p>
   </div>
   <div class='ocr_carea' id='block_1_28' title="bbox 449 2833 2032 2920">
    <p class='ocr_par' dir='ltr' id='par_1_28' title="bbox 449 2833 2032 2920">
     <span class='ocr_line' id='line_1_28' title="bbox 449 2833 2032 2920; baseline -0.015 -8"><span class='ocrx_word' id='word_1_213' title='bbox 449 2833 578 2912; x_wconf 70' lang='lat' dir='ltr'><strong>iuris</strong></span> <span class='ocrx_word' id='word_1_214' title='bbox 604 2856 716 2910; x_wconf 87' lang='lat' dir='ltr'><strong>sive</strong></span> <span class='ocrx_word' id='word_1_215' title='bbox 745 2855 886 2907; x_wconf 88' lang='lat' dir='ltr'><strong>intus</strong></span> <span class='ocrx_word' id='word_1_216' title='bbox 915 2848 1099 2920; x_wconf 87' lang='lat' dir='ltr'><strong>positis</strong></span> <span class='ocrx_word' id='word_1_217' title='bbox 1119 2887 1136 2913; x_wconf 92' lang='lat'><strong>,</strong></span> <span class='ocrx_word' id='word_1_218' title='bbox 1163 2844 1256 2900; x_wconf 91' lang='lat' dir='ltr'><strong>sed</strong></span> <span class='ocrx_word' id='word_1_219' title='bbox 1285 2850 1461 2896; x_wconf 89' lang='lat' dir='ltr'><strong>tamen</strong></span> <span class='ocrx_word' id='word_1_220' title='bbox 1495 2840 1545 2892; x_wconf 89' lang='lat' dir='ltr'><strong>in</strong></span> <span class='ocrx_word' id='word_1_221' title='bbox 1578 2837 1679 2892; x_wconf 86' lang='lat' dir='ltr'><strong>fine</strong></span> <span class='ocrx_word' id='word_1_222' title='bbox 1700 2833 2032 2905; x_wconf 64' lang='lat' dir='ltr'><strong>apertissime</strong></span> 
     </span>
    </p>
   </div>
   <div class='ocr_carea' id='block_1_29' title="bbox 447 2923 2068 3018">
    <p class='ocr_par' dir='ltr' id='par_1_29' title="bbox 447 2923 2068 3018">
     <span class='ocr_line' id='line_1_29' title="bbox 447 2923 2068 3018; baseline -0.016 -16"><span class='ocrx_word' id='word_1_223' title='bbox 447 2943 756 3018; x_wconf 75' lang='lat' dir='ltr'><strong>separandis</strong></span> <span class='ocrx_word' id='word_1_224' title='bbox 797 2941 1035 2996; x_wconf 83' lang='lat' dir='ltr'><strong>dicturus</strong></span> <span class='ocrx_word' id='word_1_225' title='bbox 1064 2945 1147 2992; x_wconf 89' lang='lat' dir='ltr'><strong>est</strong></span> <span class='ocrx_word' id='word_1_226' title='bbox 1188 2932 1475 2995; x_wconf 85' lang='lat' dir='ltr'><strong>Dominus,</strong></span> <span class='ocrx_word' id='word_1_227' title='bbox 1509 2926 1742 2983; x_wconf 83' lang='lat' dir='ltr'><strong>Recedite</strong></span> <span class='ocrx_word' id='word_1_228' title='bbox 1765 2942 1796 2978; x_wconf 93' lang='lat' dir='ltr'><strong>a</strong></span> <span class='ocrx_word' id='word_1_229' title='bbox 1822 2940 1916 2985; x_wconf 86' lang='lat' dir='ltr'><strong>me,</strong></span> <span class='ocrx_word' id='word_1_230' title='bbox 1944 2923 2032 2994; x_wconf 83' lang='lat' dir='ltr'><strong>qui</strong></span> <span class='ocrx_word' id='word_1_231' title='bbox 2066 2961 2068 2964; x_wconf 56' lang='grc' dir='ltr'><strong><em>τ</em></strong></span> 
     </span>
    </p>
   </div>
   <div class='ocr_carea' id='block_1_30' title="bbox 447 3015 2032 3109">
    <p class='ocr_par' dir='ltr' id='par_1_30' title="bbox 447 3015 2032 3109">
     <span class='ocr_line' id='line_1_30' title="bbox 447 3015 2032 3109; baseline -0.017 -18"><span class='ocrx_word' id='word_1_232' title='bbox 447 3015 724 3109; x_wconf 72' lang='lat' dir='ltr'><strong>operamini</strong></span> <span class='ocrx_word' id='word_1_233' title='bbox 751 3032 1064 3101; x_wconf 87' lang='lat' dir='ltr'><strong>iniquitatem</strong></span> <span class='ocrx_word' id='word_1_234' title='bbox 1099 3024 1310 3098; x_wconf 81' lang='lat' dir='ltr'><strong>(Matth.</strong></span> <span class='ocrx_word' id='word_1_235' title='bbox 1335 3037 1425 3087; x_wconf 85' lang='lat' dir='ltr'><strong>vlt,</strong></span> <span class='ocrx_word' id='word_1_236' title='bbox 1445 3020 1538 3090; x_wconf 73' lang='lat'><strong>23)</strong></span> <span class='ocrx_word' id='word_1_237' title='bbox 1562 3036 1576 3084; x_wconf 89' lang='lat'><strong>;</strong></span> <span class='ocrx_word' id='word_1_238' title='bbox 1602 3027 1674 3084; x_wconf 89' lang='lat' dir='ltr'><strong>et,</strong></span> <span class='ocrx_word' id='word_1_239' title='bbox 1734 3028 1778 3069; x_wconf 83' lang='lat' dir='ltr'><strong>te</strong></span> <span class='ocrx_word' id='word_1_240' title='bbox 1798 3017 1850 3068; x_wconf 88' lang='lat' dir='ltr'><strong>in</strong></span> <span class='ocrx_word' id='word_1_241' title='bbox 1865 3015 2032 3109; x_wconf 63' lang='lat' dir='ltr'><strong>ignem</strong></span> 
     </span>
    </p>
   </div>
   <div class='ocr_carea' id='block_1_31' title="bbox 449 3103 2024 3193">
    <p class='ocr_par' dir='ltr' id='par_1_31' title="bbox 449 3103 2024 3193">
     <span class='ocr_line' id='line_1_31' title="bbox 449 3103 2024 3193; baseline -0.018 -9"><span class='ocrx_word' id='word_1_242' title='bbox 449 3103 688 3184; x_wconf 58' lang='lat' dir='ltr'><strong>retentum</strong></span> <span class='ocrx_word' id='word_1_243' title='bbox 709 3165 723 3189; x_wconf 90' lang='lat'><strong>,</strong></span> <span class='ocrx_word' id='word_1_244' title='bbox 764 3123 848 3193; x_wconf 89' lang='lat' dir='ltr'><strong>qui</strong></span> <span class='ocrx_word' id='word_1_245' title='bbox 879 3129 1083 3191; x_wconf 83' lang='lat' dir='ltr'><strong>paratus</strong></span> <span class='ocrx_word' id='word_1_246' title='bbox 1110 3124 1180 3171; x_wconf 78' lang='lat' dir='ltr'><strong>est</strong></span> <span class='ocrx_word' id='word_1_247' title='bbox 1217 3114 1418 3168; x_wconf 87' lang='lat' dir='ltr'><strong>diabolo</strong></span> <span class='ocrx_word' id='word_1_248' title='bbox 1454 3121 1501 3164; x_wconf 85' lang='lat' dir='ltr'><strong>et</strong></span> <span class='ocrx_word' id='word_1_249' title='bbox 1543 3108 1734 3179; x_wconf 82' lang='lat' dir='ltr'><strong>angelis</strong></span> <span class='ocrx_word' id='word_1_250' title='bbox 1760 3108 1866 3177; x_wconf 79' lang='lat' dir='ltr'><strong>ejus</strong></span> <span class='ocrx_word' id='word_1_251' title='bbox 1897 3103 2024 3176; x_wconf 77' lang='lat' dir='ltr'><strong>(Id;</strong></span> 
     </span>
    </p>
   </div>
   <div class='ocr_carea' id='block_1_32' title="bbox 451 3217 718 3288">
    <p class='ocr_par' dir='ltr' id='par_1_32' title="bbox 451 3217 718 3288">
     <span class='ocr_line' id='line_1_32' title="bbox 451 3217 718 3288; baseline -0.03 -11"><span class='ocrx_word' id='word_1_252' title='bbox 451 3217 718 3288; x_wconf 44' lang='lat' dir='ltr'><strong>xxv,4ly</strong></span> 
     </span>
    </p>
   </div>
   <div class='ocr_carea' id='block_1_33' title="bbox 519 3291 2032 3369">
    <p class='ocr_par' dir='ltr' id='par_1_33' title="bbox 519 3291 2032 3369">
     <span class='ocr_line' id='line_1_33' title="bbox 519 3291 2032 3369; baseline -0.018 1"><span class='ocrx_word' id='word_1_253' title='bbox 519 3313 742 3369; x_wconf 78' lang='lat' dir='ltr'><strong>CAPUT</strong></span> <span class='ocrx_word' id='word_1_254' title='bbox 784 3309 920 3364; x_wconf 74' lang='grc' dir='ltr'>ιιιν.</span> <span class='ocrx_word' id='word_1_255' title='bbox 947 3337 1016 3348; x_wconf 94' lang='lat'><strong>-—</strong></span> <span class='ocrx_word' id='word_1_256' title='bbox 1039 3306 1128 3360; x_wconf 69' lang='lat' dir='ltr'>2L</span> <span class='ocrx_word' id='word_1_257' title='bbox 1161 3304 1235 3358; x_wconf 91' lang='lat' dir='ltr'><strong>De</strong></span> <span class='ocrx_word' id='word_1_258' title='bbox 1259 3297 1612 3357; x_wconf 90' lang='lat' dir='ltr'><strong>conversione</strong></span> <span class='ocrx_word' id='word_1_259' title='bbox 1635 3302 1809 3348; x_wconf 86' lang='lat' dir='ltr'><strong>autem</strong></span> <span class='ocrx_word' id='word_1_260' title='bbox 1838 3291 2032 3344; x_wconf 81' lang='lat' dir='ltr'><strong>nullius</strong></span> 
     </span>
    </p>
   </div>
   <div class='ocr_carea' id='block_1_34' title="bbox 449 3385 2032 3476">
    <p class='ocr_par' dir='ltr' id='par_1_34' title="bbox 449 3385 2032 3476">
     <span class='ocr_line' id='line_1_34' title="bbox 449 3385 2032 3476; baseline -0.018 -15"><span class='ocrx_word' id='word_1_261' title='bbox 449 3403 836 3476; x_wconf 76' lang='lat' dir='ltr'><strong>desperandum</strong></span> <span class='ocrx_word' id='word_1_262' title='bbox 853 3411 954 3465; x_wconf 77' lang='lat' dir='ltr'><strong>est,</strong></span> <span class='ocrx_word' id='word_1_263' title='bbox 977 3399 1089 3453; x_wconf 89' lang='lat' dir='ltr'><strong>sive</strong></span> <span class='ocrx_word' id='word_1_264' title='bbox 1107 3396 1234 3450; x_wconf 89' lang='lat' dir='ltr'><strong>foris</strong></span> <span class='ocrx_word' id='word_1_265' title='bbox 1251 3394 1362 3447; x_wconf 88' lang='lat' dir='ltr'><strong>sive</strong></span> <span class='ocrx_word' id='word_1_266' title='bbox 1385 3393 1524 3446; x_wconf 90' lang='lat' dir='ltr'><strong>intus</strong></span> <span class='ocrx_word' id='word_1_267' title='bbox 1541 3385 1832 3446; x_wconf 90' lang='lat' dir='ltr'><strong>constituti,</strong></span> <span class='ocrx_word' id='word_1_268' title='bbox 1855 3396 2032 3452; x_wconf 88' lang='lat' dir='ltr'><strong>quam-</strong></span> 
     </span>
    </p>
   </div>
   <div class='ocr_carea' id='block_1_35' title="bbox 450 3473 2026 3565">
    <p class='ocr_par' dir='ltr' id='par_1_35' title="bbox 450 3473 2026 3565">
     <span class='ocr_line' id='line_1_35' title="bbox 450 3473 2026 3565; baseline -0.016 -14"><span class='ocrx_word' id='word_1_269' title='bbox 450 3473 819 3565; x_wconf 83' lang='lat' dir='ltr'><strong>diupaticntia</strong></span> <span class='ocrx_word' id='word_1_270' title='bbox 851 3489 944 3544; x_wconf 83' lang='lat' dir='ltr'><strong>Dei</strong></span> <span class='ocrx_word' id='word_1_271' title='bbox 969 3488 1035 3542; x_wconf 88' lang='lat' dir='ltr'><strong>ad</strong></span> <span class='ocrx_word' id='word_1_272' title='bbox 1066 3485 1432 3556; x_wconf 78' lang='lat' dir='ltr'><strong>pmuiteutiam</strong></span> <span class='ocrx_word' id='word_1_273' title='bbox 1461 3495 1580 3534; x_wconf 87' lang='lat' dir='ltr'><strong>eum</strong></span> <span class='ocrx_word' id='word_1_274' title='bbox 1608 3475 1822 3531; x_wconf 71' lang='lat' dir='ltr'><strong>adducit</strong></span> <span class='ocrx_word' id='word_1_275' title='bbox 1853 3473 2026 3545; x_wconf 81' lang='lat' dir='ltr'><strong>(llam.</strong></span> 
     </span>
    </p>
   </div>
   <div class='ocr_carea' id='block_1_36' title="bbox 453 3563 2032 3656">
    <p class='ocr_par' dir='ltr' id='par_1_36' title="bbox 453 3563 2032 3656">
     <span class='ocr_line' id='line_1_36' title="bbox 453 3563 2032 3656; baseline -0.016 -16"><span class='ocrx_word' id='word_1_276' title='bbox 453 3602 509 3651; x_wconf 87' lang='grc' dir='ltr'><strong>ιι,</strong></span> <span class='ocrx_word' id='word_1_277' title='bbox 537 3563 613 3656; x_wconf 69' lang='grc' dir='ltr'>ι),</span> <span class='ocrx_word' id='word_1_278' title='bbox 641 3592 695 3639; x_wconf 87' lang='lat' dir='ltr'><strong>et</strong></span> <span class='ocrx_word' id='word_1_279' title='bbox 723 3581 899 3635; x_wconf 78' lang='lat' dir='ltr'><strong>visilat</strong></span> <span class='ocrx_word' id='word_1_280' title='bbox 928 3579 980 3632; x_wconf 91' lang='lat' dir='ltr'><strong>in</strong></span> <span class='ocrx_word' id='word_1_281' title='bbox 1009 3578 1154 3644; x_wconf 77' lang='lat' dir='ltr'><strong>virga</strong></span> <span class='ocrx_word' id='word_1_282' title='bbox 1187 3574 1418 3626; x_wconf 76' lang='lat' dir='ltr'><strong>facinora</strong></span> <span class='ocrx_word' id='word_1_283' title='bbox 1446 3583 1628 3624; x_wconf 88' lang='lat' dir='ltr'><strong>eorum</strong></span> <span class='ocrx_word' id='word_1_284' title='bbox 1655 3591 1670 3631; x_wconf 78' lang='grc'><strong>,</strong></span> <span class='ocrx_word' id='word_1_285' title='bbox 1699 3575 1752 3619; x_wconf 87' lang='lat' dir='ltr'><strong>ct</strong></span> <span class='ocrx_word' id='word_1_286' title='bbox 1776 3565 1826 3617; x_wconf 92' lang='lat' dir='ltr'><strong>in</strong></span> <span class='ocrx_word' id='word_1_287' title='bbox 1857 3563 2032 3631; x_wconf 79' lang='lat' dir='ltr'><strong>llagcl-</strong></span> 
     </span>
    </p>
   </div>
   <div class='ocr_carea' id='block_1_37' title="bbox 455 3655 2029 3747">
    <p class='ocr_par' dir='ltr' id='par_1_37' title="bbox 455 3655 2029 3747">
     <span class='ocr_line' id='line_1_37' title="bbox 455 3655 2029 3747; baseline -0.016 -15"><span class='ocrx_word' id='word_1_288' title='bbox 455 3683 522 3732; x_wconf 88' lang='lat' dir='ltr'><strong>Iis</strong></span> <span class='ocrx_word' id='word_1_289' title='bbox 553 3655 763 3747; x_wconf 88' lang='lat' dir='ltr'><strong>peccata</strong></span> <span class='ocrx_word' id='word_1_290' title='bbox 812 3685 1016 3726; x_wconf 89' lang='lat' dir='ltr'><strong>eorum.</strong></span> <span class='ocrx_word' id='word_1_291' title='bbox 1061 3668 1173 3721; x_wconf 84' lang='lat' dir='ltr'><strong>Hoc</strong></span> <span class='ocrx_word' id='word_1_292' title='bbox 1219 3665 1359 3719; x_wconf 85' lang='lat' dir='ltr'><strong>enim</strong></span> <span class='ocrx_word' id='word_1_293' title='bbox 1412 3659 1570 3732; x_wconf 76' lang='lat' dir='ltr'><strong>modo</strong></span> <span class='ocrx_word' id='word_1_294' title='bbox 1614 3655 2029 3711; x_wconf 74' lang='lat' dir='ltr'><strong>miscricordiam</strong></span> 
     </span>
    </p>
   </div>
   <div class='ocr_carea' id='block_1_38' title="bbox 454 3745 2027 3834">
    <p class='ocr_par' dir='ltr' id='par_1_38' title="bbox 454 3745 2027 3834">
     <span class='ocr_line' id='line_1_38' title="bbox 454 3745 2027 3834; baseline -0.016 -10"><span class='ocrx_word' id='word_1_295' title='bbox 454 3745 604 3824; x_wconf 74' lang='lat' dir='ltr'><strong>suain</strong></span> <span class='ocrx_word' id='word_1_296' title='bbox 633 3783 736 3821; x_wconf 91' lang='lat' dir='ltr'><strong>non</strong></span> <span class='ocrx_word' id='word_1_297' title='bbox 775 3762 1026 3834; x_wconf 79' lang='lat' dir='ltr'><strong>dispergit</strong></span> <span class='ocrx_word' id='word_1_298' title='bbox 1056 3761 1122 3814; x_wconf 89' lang='lat' dir='ltr'><strong>ab</strong></span> <span class='ocrx_word' id='word_1_299' title='bbox 1160 3757 1238 3811; x_wconf 66' lang='lat' dir='ltr'><strong>eis</strong></span> <span class='ocrx_word' id='word_1_300' title='bbox 1269 3758 1286 3827; x_wconf 93' lang='lat'><strong>(</strong></span> <span class='ocrx_word' id='word_1_301' title='bbox 1314 3754 1453 3807; x_wconf 82' lang='lat' dir='ltr'><strong>Psal.</strong></span> <span class='ocrx_word' id='word_1_302' title='bbox 1489 3765 1754 3814; x_wconf 69' lang='lat' dir='ltr'><strong>cxxxvtn,</strong></span> <span class='ocrx_word' id='word_1_303' title='bbox 1782 3749 1870 3810; x_wconf 81' lang='grc'><strong>⁸55,</strong></span> <span class='ocrx_word' id='word_1_304' title='bbox 1897 3745 2027 3816; x_wconf 46' lang='grc'><strong>53),</strong></span> 
     </span>
    </p>
   </div>
   <div class='ocr_carea' id='block_1_39' title="bbox 451 3840 2030 3928">
    <p class='ocr_par' dir='ltr' id='par_1_39' title="bbox 451 3840 2030 3928">
     <span class='ocr_line' id='line_1_39' title="bbox 451 3840 2030 3928; baseline -0.015 -13"><span class='ocrx_word' id='word_1_305' title='bbox 451 3861 495 3915; x_wconf 83' lang='lat' dir='ltr'><strong>si</strong></span> <span class='ocrx_word' id='word_1_306' title='bbox 521 3868 576 3914; x_wconf 89' lang='lat' dir='ltr'><strong>et</strong></span> <span class='ocrx_word' id='word_1_307' title='bbox 603 3858 700 3928; x_wconf 83' lang='lat' dir='ltr'><strong>ipsi</strong></span> <span class='ocrx_word' id='word_1_308' title='bbox 729 3852 1011 3924; x_wconf 81' lang='lat' dir='ltr'><strong>aliquando</strong></span> <span class='ocrx_word' id='word_1_309' title='bbox 1041 3852 1390 3904; x_wconf 80' lang='lat' dir='ltr'><strong>misereantur</strong></span> <span class='ocrx_word' id='word_1_310' title='bbox 1419 3844 1609 3897; x_wconf 71' lang='lat' dir='ltr'><strong>animm</strong></span> <span class='ocrx_word' id='word_1_311' title='bbox 1635 3858 1745 3896; x_wconf 77' lang='lat' dir='ltr'><strong>sua:</strong></span> <span class='ocrx_word' id='word_1_312' title='bbox 1769 3883 1782 3906; x_wconf 89' lang='lat'><strong>,</strong></span> <span class='ocrx_word' id='word_1_313' title='bbox 1817 3840 2030 3909; x_wconf 84' lang='lat' dir='ltr'><strong>placen-</strong></span> 
     </span>
    </p>
   </div>
   <div class='ocr_carea' id='block_1_40' title="bbox 454 3931 2032 4018">
    <p class='ocr_par' dir='ltr' id='par_1_40' title="bbox 454 3931 2032 4018">
     <span class='ocr_line' id='line_1_40' title="bbox 454 3931 2032 4018; baseline -0.015 -13"><span class='ocrx_word' id='word_1_314' title='bbox 454 3961 534 4005; x_wconf 85' lang='lat' dir='ltr'><strong>tes</strong></span> <span class='ocrx_word' id='word_1_315' title='bbox 563 3951 670 4003; x_wconf 89' lang='lat' dir='ltr'><strong>Deo</strong></span> <span class='ocrx_word' id='word_1_316' title='bbox 695 3945 878 4018; x_wconf 78' lang='lat' dir='ltr'><strong>(Eccli.</strong></span> <span class='ocrx_word' id='word_1_317' title='bbox 903 3957 1036 4004; x_wconf 76' lang='lat' dir='ltr'><strong>xxx,</strong></span> <span class='ocrx_word' id='word_1_318' title='bbox 1064 3941 1175 4009; x_wconf 61' lang='lat'><strong>25).</strong></span> <span class='ocrx_word' id='word_1_319' title='bbox 1201 3937 1349 3993; x_wconf 81' lang='lat' dir='ltr'><strong>Sicut</strong></span> <span class='ocrx_word' id='word_1_320' title='bbox 1379 3935 1518 3990; x_wconf 83' lang='lat' dir='ltr'><strong>enim</strong></span> <span class='ocrx_word' id='word_1_321' title='bbox 1548 3934 1716 3987; x_wconf 72' lang='lat' dir='ltr'><strong>bonus</strong></span> <span class='ocrx_word' id='word_1_322' title='bbox 1739 3931 1826 4000; x_wconf 87' lang='lat' dir='ltr'><strong>qui</strong></span> <span class='ocrx_word' id='word_1_323' title='bbox 1853 3941 2032 3999; x_wconf 76' lang='lat' dir='ltr'><strong>perse-</strong></span> 
     </span>
    </p>
   </div>
   <div class='ocr_carea' id='block_1_41' title="bbox 452 4022 2027 4106">
    <p class='ocr_par' dir='ltr' id='par_1_41' title="bbox 452 4022 2027 4106">
     <span class='ocr_line' id='line_1_41' title="bbox 452 4022 2027 4106; baseline -0.017 -10"><span class='ocrx_word' id='word_1_324' title='bbox 452 4041 712 4096; x_wconf 80' lang='lat' dir='ltr'><strong>veraverit</strong></span> <span class='ocrx_word' id='word_1_325' title='bbox 737 4050 900 4106; x_wconf 85' lang='lat' dir='ltr'><strong>usque</strong></span> <span class='ocrx_word' id='word_1_326' title='bbox 926 4035 976 4087; x_wconf 90' lang='lat' dir='ltr'><strong>in</strong></span> <span class='ocrx_word' id='word_1_327' title='bbox 997 4033 1176 4097; x_wconf 82' lang='lat' dir='ltr'><strong>linem,</strong></span> <span class='ocrx_word' id='word_1_328' title='bbox 1202 4031 1288 4084; x_wconf 88' lang='lat' dir='ltr'><strong>hic</strong></span> <span class='ocrx_word' id='word_1_329' title='bbox 1312 4029 1488 4080; x_wconf 85' lang='lat' dir='ltr'><strong>salvus</strong></span> <span class='ocrx_word' id='word_1_330' title='bbox 1509 4025 1607 4078; x_wconf 90' lang='lat' dir='ltr'><strong>erit</strong></span> <span class='ocrx_word' id='word_1_331' title='bbox 1637 4022 1847 4094; x_wconf 78' lang='lat' dir='ltr'><strong>(Matth.</strong></span> <span class='ocrx_word' id='word_1_332' title='bbox 1879 4032 2027 4085; x_wconf 71' lang='lat' dir='ltr'><strong>XXIV,</strong></span> 
     </span>
    </p>
   </div>
   <div class='ocr_carea' id='block_1_42' title="bbox 453 4115 2030 4204">
    <p class='ocr_par' dir='ltr' id='par_1_42' title="bbox 453 4115 2030 4204">
     <span class='ocr_line' id='line_1_42' title="bbox 453 4115 2030 4204; baseline -0.015 -17"><span class='ocrx_word' id='word_1_333' title='bbox 453 4131 579 4204; x_wconf 73' lang='lat'><strong>13);</strong></span> <span class='ocrx_word' id='word_1_334' title='bbox 607 4131 684 4185; x_wconf 88' lang='lat' dir='ltr'><strong>sic</strong></span> <span class='ocrx_word' id='word_1_335' title='bbox 711 4140 764 4182; x_wconf 91' lang='lat' dir='ltr'><strong>et</strong></span> <span class='ocrx_word' id='word_1_336' title='bbox 789 4127 959 4181; x_wconf 89' lang='lat' dir='ltr'><strong>malus</strong></span> <span class='ocrx_word' id='word_1_337' title='bbox 983 4126 1094 4178; x_wconf 87' lang='lat' dir='ltr'><strong>sive</strong></span> <span class='ocrx_word' id='word_1_338' title='bbox 1123 4124 1247 4174; x_wconf 83' lang='lat' dir='ltr'><strong>toris</strong></span> <span class='ocrx_word' id='word_1_339' title='bbox 1276 4119 1386 4172; x_wconf 84' lang='lat' dir='ltr'><strong>sive</strong></span> <span class='ocrx_word' id='word_1_340' title='bbox 1414 4117 1578 4177; x_wconf 78' lang='lat' dir='ltr'><strong>intus,</strong></span> <span class='ocrx_word' id='word_1_341' title='bbox 1609 4115 1698 4184; x_wconf 81' lang='grc' dir='ltr'>(ιιιί</span> <span class='ocrx_word' id='word_1_342' title='bbox 1723 4128 2030 4182; x_wconf 79' lang='lat' dir='ltr'><strong>persevera-</strong></span> 
     </span>
    </p>
   </div>
   <div class='ocr_carea' id='block_1_43' title="bbox 453 4202 2031 4286">
    <p class='ocr_par' dir='ltr' id='par_1_43' title="bbox 453 4202 2031 4286">
     <span class='ocr_line' id='line_1_43' title="bbox 453 4202 2031 4286; baseline -0.013 -12"><span class='ocrx_word' id='word_1_343' title='bbox 453 4202 588 4276; x_wconf 82' lang='lat' dir='ltr'><strong>verit</strong></span> <span class='ocrx_word' id='word_1_344' title='bbox 613 4234 776 4286; x_wconf 87' lang='lat' dir='ltr'><strong>usque</strong></span> <span class='ocrx_word' id='word_1_345' title='bbox 801 4217 851 4269; x_wconf 90' lang='lat' dir='ltr'><strong>in</strong></span> <span class='ocrx_word' id='word_1_346' title='bbox 881 4215 1038 4268; x_wconf 86' lang='lat' dir='ltr'><strong>linem</strong></span> <span class='ocrx_word' id='word_1_347' title='bbox 1067 4212 1244 4264; x_wconf 80' lang='lat' dir='ltr'><strong>salvus</strong></span> <span class='ocrx_word' id='word_1_348' title='bbox 1273 4222 1375 4260; x_wconf 91' lang='lat' dir='ltr'><strong>non</strong></span> <span class='ocrx_word' id='word_1_349' title='bbox 1420 4206 1539 4259; x_wconf 90' lang='lat' dir='ltr'><strong>erit.</strong></span> <span class='ocrx_word' id='word_1_350' title='bbox 1576 4204 1756 4272; x_wconf 81' lang='lat' dir='ltr'><strong>Neque</strong></span> <span class='ocrx_word' id='word_1_351' title='bbox 1781 4219 1876 4256; x_wconf 78' lang='lat' dir='ltr'><strong>nos</strong></span> <span class='ocrx_word' id='word_1_352' title='bbox 1901 4202 2031 4255; x_wconf 82' lang='lat' dir='ltr'><strong>dici-</strong></span> 
     </span>
    </p>
   </div>
   <div class='ocr_carea' id='block_1_44' title="bbox 455 4293 2027 4378">
    <p class='ocr_par' dir='ltr' id='par_1_44' title="bbox 455 4293 2027 4378">
     <span class='ocr_line' id='line_1_44' title="bbox 455 4293 2027 4378; baseline -0.014 -13"><span class='ocrx_word' id='word_1_353' title='bbox 455 4327 575 4366; x_wconf 86' lang='lat' dir='ltr'><strong>mus</strong></span> <span class='ocrx_word' id='word_1_354' title='bbox 599 4308 738 4378; x_wconf 83' lang='lat' dir='ltr'><strong>quod</strong></span> <span class='ocrx_word' id='word_1_355' title='bbox 768 4307 1069 4372; x_wconf 79' lang='lat' dir='ltr'><strong>ubicumque</strong></span> <span class='ocrx_word' id='word_1_356' title='bbox 1098 4310 1142 4354; x_wconf 89' lang='lat' dir='ltr'><strong>et</strong></span> <span class='ocrx_word' id='word_1_357' title='bbox 1169 4298 1630 4368; x_wconf 81' lang='lat' dir='ltr'><strong>quomodocumque</strong></span> <span class='ocrx_word' id='word_1_358' title='bbox 1655 4293 1893 4364; x_wconf 71' lang='lat' dir='ltr'><strong>baptizari</strong></span> <span class='ocrx_word' id='word_1_359' title='bbox 1911 4309 2027 4362; x_wconf 79' lang='lat' dir='ltr'><strong>gra-</strong></span> 
     </span>
    </p>
   </div>
   <div class='ocr_carea' id='block_1_45' title="bbox 456 4386 2030 4467">
    <p class='ocr_par' dir='ltr' id='par_1_45' title="bbox 456 4386 2030 4467">
     <span class='ocr_line' id='line_1_45' title="bbox 456 4386 2030 4467; baseline -0.012 -12"><span class='ocrx_word' id='word_1_360' title='bbox 456 4405 576 4456; x_wconf 85' lang='lat' dir='ltr'><strong>tiam</strong></span> <span class='ocrx_word' id='word_1_361' title='bbox 603 4397 846 4467; x_wconf 81' lang='lat' dir='ltr'><strong>b’aptismi</strong></span> <span class='ocrx_word' id='word_1_362' title='bbox 866 4401 1256 4461; x_wconf 84' lang='lat' dir='ltr'><strong>consequuntur,</strong></span> <span class='ocrx_word' id='word_1_363' title='bbox 1283 4391 1326 4444; x_wconf 91' lang='lat' dir='ltr'><strong>si</strong></span> <span class='ocrx_word' id='word_1_364' title='bbox 1356 4389 1521 4459; x_wconf 73' lang='lat' dir='ltr'><strong>gratia</strong></span> <span class='ocrx_word' id='word_1_365' title='bbox 1560 4386 1811 4455; x_wconf 80' lang='lat' dir='ltr'><strong>Baptisnti</strong></span> <span class='ocrx_word' id='word_1_366' title='bbox 1841 4388 1891 4439; x_wconf 90' lang='lat' dir='ltr'><strong>in</strong></span> <span class='ocrx_word' id='word_1_367' title='bbox 1921 4387 2030 4453; x_wconf 88' lang='lat' dir='ltr'><strong>ipsa</strong></span> 
     </span>
    </p>
   </div>
   <div class='ocr_carea' id='block_1_46' title="bbox 456 4474 2032 4555">
    <p class='ocr_par' dir='ltr' id='par_1_46' title="bbox 456 4474 2032 4555">
     <span class='ocr_line' id='line_1_46' title="bbox 456 4474 2032 4555; baseline -0.011 -9"><span class='ocrx_word' id='word_1_368' title='bbox 456 4492 624 4546; x_wconf 87' lang='lat' dir='ltr'><strong>salute</strong></span> <span class='ocrx_word' id='word_1_369' title='bbox 649 4486 975 4555; x_wconf 78' lang='lat' dir='ltr'><strong>intelligitur,</strong></span> <span class='ocrx_word' id='word_1_370' title='bbox 1005 4498 1123 4552; x_wconf 76' lang='lat' dir='ltr'><strong>qua:</strong></span> <span class='ocrx_word' id='word_1_371' title='bbox 1151 4497 1245 4551; x_wconf 88' lang='lat' dir='ltr'><strong>per</strong></span> <span class='ocrx_word' id='word_1_372' title='bbox 1265 4479 1675 4535; x_wconf 78' lang='lat' dir='ltr'><strong>celebratiOncm</strong></span> <span class='ocrx_word' id='word_1_373' title='bbox 1705 4474 2032 4530; x_wconf 84' lang='lat' dir='ltr'><strong>Sacramenti</strong></span> 
     </span>
    </p>
   </div>
   <div class='ocr_carea' id='block_1_47' title="bbox 455 4569 2035 4637">
    <p class='ocr_par' dir='ltr' id='par_1_47' title="bbox 455 4569 2035 4637">
     <span class='ocr_line' id='line_1_47' title="bbox 455 4569 2035 4637; baseline -0.011 0"><span class='ocrx_word' id='word_1_374' title='bbox 455 4579 763 4637; x_wconf 79' lang='lat' dir='ltr'><strong>Confertur:</strong></span> <span class='ocrx_word' id='word_1_375' title='bbox 793 4576 886 4629; x_wconf 86' lang='lat' dir='ltr'><strong>scd</strong></span> <span class='ocrx_word' id='word_1_376' title='bbox 924 4575 1061 4628; x_wconf 88' lang='lat' dir='ltr'><strong>hanc</strong></span> <span class='ocrx_word' id='word_1_377' title='bbox 1100 4573 1325 4627; x_wconf 86' lang='lat' dir='ltr'><strong>salutem</strong></span> <span class='ocrx_word' id='word_1_378' title='bbox 1365 4570 1514 4623; x_wconf 89' lang='lat' dir='ltr'><strong>tttttlti</strong></span> <span class='ocrx_word' id='word_1_379' title='bbox 1559 4583 1656 4622; x_wconf 89' lang='lat' dir='ltr'><strong>nec</strong></span> <span class='ocrx_word' id='word_1_380' title='bbox 1684 4569 1825 4621; x_wconf 88' lang='lat' dir='ltr'><strong>intus</strong></span> <span class='ocrx_word' id='word_1_381' title='bbox 1847 4581 2035 4622; x_wconf 80' lang='lat' dir='ltr'><strong>conse-</strong></span> 
     </span>
    </p>
   </div>
   <div class='ocr_carea' id='block_1_48' title="bbox 455 4661 2033 4742">
    <p class='ocr_par' dir='ltr' id='par_1_48' title="bbox 455 4661 2033 4742">
     <span class='ocr_line' id='line_1_48' title="bbox 455 4661 2033 4742; baseline -0.011 -15"><span class='ocrx_word' id='word_1_382' title='bbox 455 4679 708 4742; x_wconf 78' lang='lat' dir='ltr'><strong>quatitur,</strong></span> <span class='ocrx_word' id='word_1_383' title='bbox 733 4668 973 4738; x_wconf 84' lang='lat' dir='ltr'><strong>quamvis</strong></span> <span class='ocrx_word' id='word_1_384' title='bbox 997 4665 1396 4721; x_wconf 87' lang='lat' dir='ltr'><strong>Sacramentum</strong></span> <span class='ocrx_word' id='word_1_385' title='bbox 1424 4661 1563 4731; x_wconf 90' lang='lat' dir='ltr'><strong>quod</strong></span> <span class='ocrx_word' id='word_1_386' title='bbox 1595 4675 1690 4730; x_wconf 90' lang='lat' dir='ltr'><strong>per</strong></span> <span class='ocrx_word' id='word_1_387' title='bbox 1714 4676 1771 4713; x_wconf 90' lang='lat' dir='ltr'><strong>se</strong></span> <span class='ocrx_word' id='word_1_388' title='bbox 1793 4667 2033 4712; x_wconf 88' lang='lat' dir='ltr'><strong>sanctum</strong></span> 
     </span>
    </p>
   </div>
   <div class='ocr_carea' id='block_1_49' title="bbox 454 4747 2036 4826">
    <p class='ocr_par' dir='ltr' id='par_1_49' title="bbox 454 4747 2036 4826">
     <span class='ocr_line' id='line_1_49' title="bbox 454 4747 2036 4826; baseline -0.012 -8"><span class='ocrx_word' id='word_1_389' title='bbox 454 4771 557 4826; x_wconf 84' lang='lat' dir='ltr'><strong>est,</strong></span> <span class='ocrx_word' id='word_1_390' title='bbox 590 4775 682 4814; x_wconf 89' lang='lat' dir='ltr'><strong>eos</strong></span> <span class='ocrx_word' id='word_1_391' title='bbox 713 4759 907 4813; x_wconf 85' lang='lat' dir='ltr'><strong>habere</strong></span> <span class='ocrx_word' id='word_1_392' title='bbox 939 4755 1275 4811; x_wconf 88' lang='lat' dir='ltr'><strong>manifestum</strong></span> <span class='ocrx_word' id='word_1_393' title='bbox 1303 4753 1390 4808; x_wconf 88' lang='lat' dir='ltr'><strong>sit.</strong></span> <span class='ocrx_word' id='word_1_394' title='bbox 1438 4753 1599 4806; x_wconf 81' lang='lat' dir='ltr'><strong>Recte</strong></span> <span class='ocrx_word' id='word_1_395' title='bbox 1629 4751 1824 4820; x_wconf 89' lang='lat' dir='ltr'><strong>itaque,</strong></span> <span class='ocrx_word' id='word_1_396' title='bbox 1857 4747 2036 4802; x_wconf 81' lang='lat' dir='ltr'><strong>Domi-</strong></span> 
     </span>
    </p>
   </div>
   <div class='ocr_carea' id='block_1_50' title="bbox 459 4841 2038 4918">
    <p class='ocr_par' dir='ltr' id='par_1_50' title="bbox 459 4841 2038 4918">
     <span class='ocr_line' id='line_1_50' title="bbox 459 4841 2038 4918; baseline -0.009 -10"><span class='ocrx_word' id='word_1_397' title='bbox 459 4871 551 4908; x_wconf 87' lang='lat' dir='ltr'><strong>nus</strong></span> <span class='ocrx_word' id='word_1_398' title='bbox 586 4869 676 4906; x_wconf 88' lang='lat' dir='ltr'><strong>nos</strong></span> <span class='ocrx_word' id='word_1_399' title='bbox 711 4853 944 4904; x_wconf 86' lang='lat' dir='ltr'><strong>admonet</strong></span> <span class='ocrx_word' id='word_1_400' title='bbox 984 4851 1036 4903; x_wconf 89' lang='lat' dir='ltr'><strong>in</strong></span> <span class='ocrx_word' id='word_1_401' title='bbox 1075 4846 1381 4918; x_wconf 78' lang='lat' dir='ltr'><strong>Evangelia,</strong></span> <span class='ocrx_word' id='word_1_402' title='bbox 1414 4861 1476 4898; x_wconf 89' lang='lat' dir='ltr'><strong>ne</strong></span> <span class='ocrx_word' id='word_1_403' title='bbox 1503 4844 1872 4897; x_wconf 79' lang='lat' dir='ltr'><strong>consentiamus</strong></span> <span class='ocrx_word' id='word_1_404' title='bbox 1907 4841 2038 4894; x_wconf 86' lang='lat' dir='ltr'><strong>male</strong></span> 
     </span>
    </p>
   </div>
   <div class='ocr_carea' id='block_1_51' title="bbox 454 4933 2038 5013">
    <p class='ocr_par' dir='ltr' id='par_1_51' title="bbox 454 4933 2038 5013">
     <span class='ocr_line' id='line_1_51' title="bbox 454 4933 2038 5013; baseline -0.01 -13"><span class='ocrx_word' id='word_1_405' title='bbox 454 4943 776 5000; x_wconf 74' lang='lat' dir='ltr'><strong>suadentibus</strong></span> <span class='ocrx_word' id='word_1_406' title='bbox 807 4942 1003 5013; x_wconf 81' lang='lat' dir='ltr'><strong>(Marc.</strong></span> <span class='ocrx_word' id='word_1_407' title='bbox 1032 4956 1122 4995; x_wconf 78' lang='lat' dir='ltr'><strong>xm</strong></span> <span class='ocrx_word' id='word_1_408' title='bbox 1144 4981 1158 5004; x_wconf 92' lang='lat'><strong>,</strong></span> <span class='ocrx_word' id='word_1_409' title='bbox 1186 4939 1286 5009; x_wconf 76' lang='lat'><strong>‘21)</strong></span> <span class='ocrx_word' id='word_1_410' title='bbox 1315 4979 1330 5003; x_wconf 93' lang='lat'><strong>,</strong></span> <span class='ocrx_word' id='word_1_411' title='bbox 1369 4936 1458 4990; x_wconf 81' lang='lat' dir='ltr'><strong>sed</strong></span> <span class='ocrx_word' id='word_1_412' title='bbox 1492 4935 1580 4989; x_wconf 85' lang='lat' dir='ltr'><strong>sub</strong></span> <span class='ocrx_word' id='word_1_413' title='bbox 1625 4933 1809 4988; x_wconf 77' lang='lat' dir='ltr'><strong>Christi</strong></span> <span class='ocrx_word' id='word_1_414' title='bbox 1837 4934 2038 4986; x_wconf 88' lang='lat' dir='ltr'><strong>nomine</strong></span> 
     </span>
    </p>
   </div>
   <div class='ocr_carea' id='block_1_52' title="bbox 455 5024 2047 5089">
    <p class='ocr_par' dir='ltr' id='par_1_52' title="bbox 455 5024 2047 5089">
     <span class='ocr_line' id='line_1_52' title="bbox 455 5024 2047 5089; baseline -0.01 0"><span class='ocrx_word' id='word_1_415' title='bbox 455 5034 827 5089; x_wconf 75' lang='lat' dir='ltr'><strong>ambulantibus</strong></span> <span class='ocrx_word' id='word_1_416' title='bbox 865 5032 1000 5086; x_wconf 82' lang='lat' dir='ltr'><strong>:scd</strong></span> <span class='ocrx_word' id='word_1_417' title='bbox 1044 5031 1094 5083; x_wconf 91' lang='lat' dir='ltr'><strong>hi</strong></span> <span class='ocrx_word' id='word_1_418' title='bbox 1139 5038 1194 5084; x_wconf 88' lang='lat' dir='ltr'><strong>et</strong></span> <span class='ocrx_word' id='word_1_419' title='bbox 1222 5029 1362 5082; x_wconf 84' lang='lat' dir='ltr'><strong>intus</strong></span> <span class='ocrx_word' id='word_1_420' title='bbox 1407 5035 1462 5079; x_wconf 88' lang='lat' dir='ltr'><strong>et</strong></span> <span class='ocrx_word' id='word_1_421' title='bbox 1509 5024 1635 5079; x_wconf 89' lang='lat' dir='ltr'><strong>foris</strong></span> <span class='ocrx_word' id='word_1_422' title='bbox 1675 5024 2047 5088; x_wconf 56' lang='lat' dir='ltr'><strong>inveniuntur,</strong></span> 
     </span>
    </p>
   </div>
   <div class='ocr_carea' id='block_1_53' title="bbox 455 5115 2036 5198">
    <p class='ocr_par' dir='ltr' id='par_1_53' title="bbox 455 5115 2036 5198">
     <span class='ocr_line' id='line_1_53' title="bbox 455 5115 2036 5198; baseline -0.009 -16"><span class='ocrx_word' id='word_1_423' title='bbox 455 5129 578 5198; x_wconf 89' lang='lat' dir='ltr'><strong>quia</strong></span> <span class='ocrx_word' id='word_1_424' title='bbox 611 5141 708 5182; x_wconf 85' lang='lat' dir='ltr'><strong>nec</strong></span> <span class='ocrx_word' id='word_1_425' title='bbox 729 5125 868 5179; x_wconf 86' lang='lat' dir='ltr'><strong>foras</strong></span> <span class='ocrx_word' id='word_1_426' title='bbox 889 5133 1086 5179; x_wconf 75' lang='lat' dir='ltr'><strong>exeunt</strong></span> <span class='ocrx_word' id='word_1_427' title='bbox 1115 5123 1210 5176; x_wconf 85' lang='lat' dir='ltr'><strong>nisi</strong></span> <span class='ocrx_word' id='word_1_428' title='bbox 1245 5122 1388 5190; x_wconf 89' lang='lat' dir='ltr'><strong>prius</strong></span> <span class='ocrx_word' id='word_1_429' title='bbox 1417 5120 1558 5174; x_wconf 88' lang='lat' dir='ltr'><strong>intus</strong></span> <span class='ocrx_word' id='word_1_430' title='bbox 1588 5116 1710 5170; x_wconf 89' lang='lat' dir='ltr'><strong>mali</strong></span> <span class='ocrx_word' id='word_1_431' title='bbox 1736 5115 1926 5170; x_wconf 80' lang='lat' dir='ltr'><strong>fuerint</strong></span> <span class='ocrx_word' id='word_1_432' title='bbox 1947 5131 1961 5180; x_wconf 89' lang='lat'><strong>;</strong></span> <span class='ocrx_word' id='word_1_433' title='bbox 1986 5125 2036 5169; x_wconf 91' lang='lat' dir='ltr'><strong>et</strong></span> 
     </span>
    </p>
   </div>
   <div class='ocr_carea' id='block_1_54' title="bbox 457 5208 2038 5290">
    <p class='ocr_par' dir='ltr' id='par_1_54' title="bbox 457 5208 2038 5290">
     <span class='ocr_line' id='line_1_54' title="bbox 457 5208 2038 5290; baseline -0.008 -17"><span class='ocrx_word' id='word_1_434' title='bbox 457 5221 642 5290; x_wconf 79' lang='lat' dir='ltr'><strong>utique.</strong></span> <span class='ocrx_word' id='word_1_435' title='bbox 661 5219 728 5272; x_wconf 92' lang='lat' dir='ltr'><strong>de</strong></span> <span class='ocrx_word' id='word_1_436' title='bbox 771 5217 912 5271; x_wconf 82' lang='lat' dir='ltr'><strong>vasis</strong></span> <span class='ocrx_word' id='word_1_437' title='bbox 943 5218 993 5269; x_wconf 91' lang='lat' dir='ltr'><strong>in</strong></span> <span class='ocrx_word' id='word_1_438' title='bbox 1021 5214 1182 5269; x_wconf 79' lang='lat' dir='ltr'><strong>dumo</strong></span> <span class='ocrx_word' id='word_1_439' title='bbox 1222 5227 1408 5282; x_wconf 85' lang='lat' dir='ltr'><strong>magna</strong></span> <span class='ocrx_word' id='word_1_440' title='bbox 1441 5211 1624 5281; x_wconf 81' lang='lat' dir='ltr'><strong>positis</strong></span> <span class='ocrx_word' id='word_1_441' title='bbox 1653 5208 1863 5262; x_wconf 89' lang='lat' dir='ltr'><strong>dicebat</strong></span> <span class='ocrx_word' id='word_1_442' title='bbox 1891 5211 2038 5276; x_wconf 74' lang='lat' dir='ltr'><strong>Apo-</strong></span> 
     </span>
    </p>
   </div>
   <div class='ocr_carea' id='block_1_55' title="bbox 455 5303 2038 5380">
    <p class='ocr_par' dir='ltr' id='par_1_55' title="bbox 455 5303 2038 5380">
     <span class='ocr_line' id='line_1_55' title="bbox 455 5303 2038 5380; baseline -0.008 -15"><span class='ocrx_word' id='word_1_443' title='bbox 455 5313 644 5375; x_wconf 87' lang='lat' dir='ltr'><strong>stolus,</strong></span> <span class='ocrx_word' id='word_1_444' title='bbox 675 5311 736 5364; x_wconf 84' lang='lat' dir='ltr'><strong>Si</strong></span> <span class='ocrx_word' id='word_1_445' title='bbox 759 5311 870 5380; x_wconf 84' lang='lat' dir='ltr'><strong>quis</strong></span> <span class='ocrx_word' id='word_1_446' title='bbox 889 5318 1055 5362; x_wconf 83' lang='lat' dir='ltr'><strong>autem</strong></span> <span class='ocrx_word' id='word_1_447' title='bbox 1086 5306 1393 5361; x_wconf 78' lang='lat' dir='ltr'><strong>mandaverit</strong></span> <span class='ocrx_word' id='word_1_448' title='bbox 1424 5304 1742 5373; x_wconf 80' lang='lat' dir='ltr'><strong>semetipsum</strong></span> <span class='ocrx_word' id='word_1_449' title='bbox 1779 5303 1841 5355; x_wconf 87' lang='lat' dir='ltr'><strong>ab</strong></span> <span class='ocrx_word' id='word_1_450' title='bbox 1867 5303 2038 5356; x_wconf 84' lang='lat' dir='ltr'><strong>istius-</strong></span> 
     </span>
    </p>
   </div>
   <div class='ocr_carea' id='block_1_56' title="bbox 457 5393 2039 5468">
    <p class='ocr_par' dir='ltr' id='par_1_56' title="bbox 457 5393 2039 5468">
     <span class='ocr_line' id='line_1_56' title="bbox 457 5393 2039 5468; baseline -0.006 -12"><span class='ocrx_word' id='word_1_451' title='bbox 457 5403 611 5468; x_wconf 83' lang='lat' dir='ltr'><strong>modi,</strong></span> <span class='ocrx_word' id='word_1_452' title='bbox 639 5404 728 5457; x_wconf 82' lang='lat' dir='ltr'><strong>erit</strong></span> <span class='ocrx_word' id='word_1_453' title='bbox 760 5417 846 5455; x_wconf 75' lang='lat' dir='ltr'><strong>sas</strong></span> <span class='ocrx_word' id='word_1_454' title='bbox 866 5402 916 5454; x_wconf 91' lang='lat' dir='ltr'><strong>in</strong></span> <span class='ocrx_word' id='word_1_455' title='bbox 944 5403 1130 5452; x_wconf 84' lang='lat' dir='ltr'><strong>honore</strong></span> <span class='ocrx_word' id='word_1_456' title='bbox 1149 5398 1540 5466; x_wconf 80' lang='lat' dir='ltr'><strong>sanctiﬁcatum,</strong></span> <span class='ocrx_word' id='word_1_457' title='bbox 1565 5395 1686 5448; x_wconf 84' lang='lat' dir='ltr'><strong>utile</strong></span> <span class='ocrx_word' id='word_1_458' title='bbox 1709 5393 1945 5461; x_wconf 87' lang='lat' dir='ltr'><strong>Domino,</strong></span> <span class='ocrx_word' id='word_1_459' title='bbox 1971 5393 2039 5447; x_wconf 87' lang='lat' dir='ltr'><strong>ad</strong></span> 
     </span>
    </p>
   </div>
   <div class='ocr_carea' id='block_1_57' title="bbox 458 5485 2036 5565">
    <p class='ocr_par' dir='ltr' id='par_1_57' title="bbox 458 5485 2036 5565">
     <span class='ocr_line' id='line_1_57' title="bbox 458 5485 2036 5565; baseline -0.004 -19"><span class='ocrx_word' id='word_1_460' title='bbox 458 5509 600 5546; x_wconf 87' lang='lat' dir='ltr'><strong>amne</strong></span> <span class='ocrx_word' id='word_1_461' title='bbox 645 5511 772 5565; x_wconf 85' lang='lat' dir='ltr'><strong>opus</strong></span> <span class='ocrx_word' id='word_1_462' title='bbox 801 5493 982 5546; x_wconf 87' lang='lat' dir='ltr'><strong>bonum</strong></span> <span class='ocrx_word' id='word_1_463' title='bbox 1027 5506 1218 5559; x_wconf 81' lang='lat' dir='ltr'><strong>semper</strong></span> <span class='ocrx_word' id='word_1_464' title='bbox 1247 5497 1501 5557; x_wconf 86' lang='lat' dir='ltr'><strong>paratum.</strong></span> <span class='ocrx_word' id='word_1_465' title='bbox 1545 5485 1821 5552; x_wconf 78' lang='lat' dir='ltr'><strong>Quomodo</strong></span> <span class='ocrx_word' id='word_1_466' title='bbox 1861 5493 2036 5539; x_wconf 87' lang='lat' dir='ltr'><strong>autem</strong></span> 
     </span>
    </p>
   </div>
   <div class='ocr_carea' id='block_1_58' title="bbox 519 5621 2043 5687">
    <p class='ocr_par' dir='ltr' id='par_1_58' title="bbox 519 5621 2043 5687">
     <span class='ocr_line' id='line_1_58' title="bbox 519 5621 2043 5687; baseline 0.003 -17"><span class='ocrx_word' id='word_1_467' title='bbox 519 5625 540 5656; x_wconf 79' lang='grc'><strong>⁸</strong></span> <span class='ocrx_word' id='word_1_468' title='bbox 561 5633 659 5687; x_wconf 76' lang='lat' dir='ltr'><strong>Am.</strong></span> <span class='ocrx_word' id='word_1_469' title='bbox 688 5631 761 5674; x_wconf 77' lang='lat' dir='ltr'><strong>Er.</strong></span> <span class='ocrx_word' id='word_1_470' title='bbox 790 5633 841 5675; x_wconf 89' lang='lat' dir='ltr'><strong>et</strong></span> <span class='ocrx_word' id='word_1_471' title='bbox 863 5625 1047 5686; x_wconf 85' lang='lat' dir='ltr'><strong>aliquot</strong></span> <span class='ocrx_word' id='word_1_472' title='bbox 1069 5631 1195 5681; x_wconf 59' lang='lat' dir='ltr'><strong>Mss,</strong></span> <span class='ocrx_word' id='word_1_473' title='bbox 1229 5629 1275 5687; x_wconf 80' lang='lat' dir='ltr'><strong>et</strong></span> <span class='ocrx_word' id='word_1_474' title='bbox 1309 5623 1377 5687; x_wconf 78' lang='lat' dir='ltr'><strong>ad</strong></span> <span class='ocrx_word' id='word_1_475' title='bbox 1397 5621 1598 5674; x_wconf 73' lang='lat' dir='ltr'><strong>salutem</strong></span> <span class='ocrx_word' id='word_1_476' title='bbox 1622 5622 1786 5682; x_wconf 81' lang='lat' dir='ltr'><strong>licere,</strong></span> <span class='ocrx_word' id='word_1_477' title='bbox 1813 5637 2043 5687; x_wconf 53' lang='lat' dir='ltr'><strong>sparteae</strong></span> 
     </span>
    </p>
   </div>
   <div class='ocr_carea' id='block_1_59' title="bbox 457 5685 2039 5758">
    <p class='ocr_par' dir='ltr' id='par_1_59' title="bbox 457 5685 2039 5758">
     <span class='ocr_line' id='line_1_59' title="bbox 457 5685 2039 5758; baseline 0.004 -26"><span class='ocrx_word' id='word_1_478' title='bbox 457 5691 545 5758; x_wconf 80' lang='lat' dir='ltr'><strong>tes.</strong></span> <span class='ocrx_word' id='word_1_479' title='bbox 561 5685 651 5758; x_wconf 76' lang='lat' dir='ltr'><strong>_Alii</strong></span> <span class='ocrx_word' id='word_1_480' title='bbox 674 5699 782 5758; x_wconf 80' lang='lat' dir='ltr'><strong>cum</strong></span> <span class='ocrx_word' id='word_1_481' title='bbox 809 5685 1022 5749; x_wconf 68' lang='lat' dir='ltr'><strong>Cyltrlatn</strong></span> <span class='ocrx_word' id='word_1_482' title='bbox 1048 5686 1339 5758; x_wconf 53' lang='lat' dir='ltr'><strong>«titionibus</strong></span> <span class='ocrx_word' id='word_1_483' title='bbox 1369 5686 1568 5758; x_wconf 70' lang='lat' dir='ltr'><strong>habent,</strong></span> <span class='ocrx_word' id='word_1_484' title='bbox 1596 5685 1872 5758; x_wconf 75' lang='lat' dir='ltr'><strong>spargentes</strong></span> <span class='ocrx_word' id='word_1_485' title='bbox 1908 5700 1927 5738; x_wconf 93' lang='lat'><strong><em>:</em></strong></span> <span class='ocrx_word' id='word_1_486' title='bbox 1951 5686 2039 5758; x_wconf 74' lang='lat' dir='ltr'><strong>sed</strong></span> 
     </span>
    </p>
   </div>
   <div class='ocr_carea' id='block_1_60' title="bbox 457 5745 2040 5815">
    <p class='ocr_par' dir='ltr' id='par_1_60' title="bbox 457 5745 2040 5815">
     <span class='ocr_line' id='line_1_60' title="bbox 457 5745 2040 5815; baseline 0.007 -25"><span class='ocrx_word' id='word_1_487' title='bbox 457 5745 650 5815; x_wconf 66' lang='lat' dir='ltr'><strong>quidam</strong></span> <span class='ocrx_word' id='word_1_488' title='bbox 675 5745 986 5815; x_wconf 50' lang='lat' dir='ltr'><strong>proiectione</strong></span> <span class='ocrx_word' id='word_1_489' title='bbox 1013 5762 1114 5811; x_wconf 83' lang='lat' dir='ltr'><strong>pro,</strong></span> <span class='ocrx_word' id='word_1_490' title='bbox 1133 5754 1177 5798; x_wconf 83' lang='lat' dir='ltr'><strong>et</strong></span> <span class='ocrx_word' id='word_1_491' title='bbox 1201 5746 1460 5798; x_wconf 81' lang='lat' dir='ltr'><strong>salutarent</strong></span> <span class='ocrx_word' id='word_1_492' title='bbox 1499 5745 1673 5811; x_wconf 73' lang='lat' dir='ltr'><strong>licere,</strong></span> <span class='ocrx_word' id='word_1_493' title='bbox 1700 5745 1880 5811; x_wconf 75' lang='lat' dir='ltr'><strong>ferunt,</strong></span> <span class='ocrx_word' id='word_1_494' title='bbox 1905 5757 1949 5801; x_wconf 87' lang='lat' dir='ltr'><strong>et</strong></span> <span class='ocrx_word' id='word_1_495' title='bbox 1973 5748 2040 5800; x_wconf 81' lang='lat' dir='ltr'><strong>ad</strong></span> 
     </span>
    </p>
   </div>
   <div class='ocr_carea' id='block_1_61' title="bbox 457 5806 903 5856">
    <p class='ocr_par' dir='ltr' id='par_1_61' title="bbox 457 5806 903 5856">
     <span class='ocr_line' id='line_1_61' title="bbox 457 5806 903 5856; baseline 0.007 -3"><span class='ocrx_word' id='word_1_496' title='bbox 457 5808 717 5856; x_wconf 83' lang='lat' dir='ltr'><strong>salutarem</strong></span> <span class='ocrx_word' id='word_1_497' title='bbox 743 5806 903 5856; x_wconf 81' lang='lat' dir='ltr'><strong>licere.</strong></span> 
     </span>
    </p>
   </div>
   <div class='ocr_carea' id='block_1_62' title="bbox 1182 346 2951 433">
    <p class='ocr_par' dir='ltr' id='par_1_62' title="bbox 1182 346 2951 433">
     <span class='ocr_line' id='line_1_62' title="bbox 1182 346 2951 433; baseline -0.015 0"><span class='ocrx_word' id='word_1_498' title='bbox 1182 379 1268 433; x_wconf 77' lang='lat' dir='ltr'><strong>ut:</strong></span> <span class='ocrx_word' id='word_1_499' title='bbox 1307 367 1639 431; x_wconf 71' lang='lat' dir='ltr'><strong>strttsuo</strong></span> <span class='ocrx_word' id='word_1_500' title='bbox 1677 356 1951 422; x_wconf 58' lang='lat' dir='ltr'><strong>contus</strong></span> <span class='ocrx_word' id='word_1_501' title='bbox 1996 346 2440 426; x_wconf 43' lang='lat' dir='ltr'><strong>oonttrtsrlts,</strong></span> <span class='ocrx_word' id='word_1_502' title='bbox 2482 358 2540 413; x_wconf 90' lang='lat' dir='ltr'><strong>s.</strong></span> <span class='ocrx_word' id='word_1_503' title='bbox 2589 354 2951 412; x_wconf 73' lang='lat' dir='ltr'><strong>AUGUSTINI</strong></span> 
     </span>
    </p>
   </div>
   <div class='ocr_carea' id='block_1_63' title="bbox 3610 351 3714 406">
    <p class='ocr_par' dir='ltr' id='par_1_63' title="bbox 3610 351 3714 406">
     <span class='ocr_line' id='line_1_63' title="bbox 3610 351 3714 406; baseline -0.077 0"><span class='ocrx_word' id='word_1_504' title='bbox 3610 351 3714 406; x_wconf 59' lang='lat'><strong>16.6</strong></span> 
     </span>
    </p>
   </div>
   <div class='ocr_carea' id='block_1_64' title="bbox 2126 463 3706 542">
    <p class='ocr_par' dir='ltr' id='par_1_64' title="bbox 2126 463 3706 542">
     <span class='ocr_line' id='line_1_64' title="bbox 2126 463 3706 542; baseline -0.006 -18"><span class='ocrx_word' id='word_1_505' title='bbox 2126 485 2185 526; x_wconf 88' lang='lat' dir='ltr'><strong>se</strong></span> <span class='ocrx_word' id='word_1_506' title='bbox 2212 472 2436 542; x_wconf 78' lang='lat' dir='ltr'><strong>quisque</strong></span> <span class='ocrx_word' id='word_1_507' title='bbox 2464 471 2534 524; x_wconf 89' lang='lat' dir='ltr'><strong>ab</strong></span> <span class='ocrx_word' id='word_1_508' title='bbox 2558 468 2816 540; x_wconf 76' lang='lat' dir='ltr'><strong>ejusmodi</strong></span> <span class='ocrx_word' id='word_1_509' title='bbox 2848 467 3100 522; x_wconf 67' lang='lat' dir='ltr'><strong>mundare</strong></span> <span class='ocrx_word' id='word_1_510' title='bbox 3127 465 3338 529; x_wconf 66' lang='lat' dir='ltr'><strong>debent,</strong></span> <span class='ocrx_word' id='word_1_511' title='bbox 3371 463 3525 535; x_wconf 74' lang='lat' dir='ltr'><strong>paulo</strong></span> <span class='ocrx_word' id='word_1_512' title='bbox 3553 479 3706 531; x_wconf 77' lang='lat' dir='ltr'><strong>snpe-</strong></span> 
     </span>
    </p>
   </div>
   <div class='ocr_carea' id='block_1_65' title="bbox 2125 554 3714 623">
    <p class='ocr_par' dir='ltr' id='par_1_65' title="bbox 2125 554 3714 623">
     <span class='ocr_line' id='line_1_65' title="bbox 2125 554 3714 623; baseline -0.007 -8"><span class='ocrx_word' id='word_1_513' title='bbox 2125 563 2234 615; x_wconf 73' lang='lat' dir='ltr'><strong>rius</strong></span> <span class='ocrx_word' id='word_1_514' title='bbox 2263 561 2494 615; x_wconf 85' lang='lat' dir='ltr'><strong>ostendit</strong></span> <span class='ocrx_word' id='word_1_515' title='bbox 2533 561 2747 620; x_wconf 79' lang='lat' dir='ltr'><strong>dicens,</strong></span> <span class='ocrx_word' id='word_1_516' title='bbox 2793 557 3010 612; x_wconf 72' lang='lat' dir='ltr'><strong>Rr‘rcdnt</strong></span> <span class='ocrx_word' id='word_1_517' title='bbox 3051 557 3111 609; x_wconf 81' lang='lat' dir='ltr'><strong>ab</strong></span> <span class='ocrx_word' id='word_1_518' title='bbox 3145 557 3407 623; x_wconf 77' lang='lat' dir='ltr'><strong>iniquitate</strong></span> <span class='ocrx_word' id='word_1_519' title='bbox 3435 554 3596 607; x_wconf 86' lang='lat' dir='ltr'><strong>omnis</strong></span> <span class='ocrx_word' id='word_1_520' title='bbox 3627 555 3714 622; x_wconf 79' lang='lat' dir='ltr'><strong>qui</strong></span> 
     </span>
    </p>
   </div>
   <div class='ocr_carea' id='block_1_66' title="bbox 2126 646 3712 718">
    <p class='ocr_par' dir='ltr' id='par_1_66' title="bbox 2126 646 3712 718">
     <span class='ocr_line' id='line_1_66' title="bbox 2126 646 3712 718; baseline -0.004 -14"><span class='ocrx_word' id='word_1_521' title='bbox 2126 655 2349 704; x_wconf 80' lang='lat' dir='ltr'><strong>nominat</strong></span> <span class='ocrx_word' id='word_1_522' title='bbox 2394 666 2570 703; x_wconf 84' lang='lat' dir='ltr'><strong>nomen</strong></span> <span class='ocrx_word' id='word_1_523' title='bbox 2618 649 2816 703; x_wconf 72' lang='lat' dir='ltr'><strong>Demini</strong></span> <span class='ocrx_word' id='word_1_524' title='bbox 2882 650 2946 718; x_wconf 86' lang='lat' dir='ltr'><strong>(ll</strong></span> <span class='ocrx_word' id='word_1_525' title='bbox 2978 648 3110 701; x_wconf 78' lang='lat' dir='ltr'><strong>Tim.</strong></span> <span class='ocrx_word' id='word_1_526' title='bbox 3146 650 3203 711; x_wconf 81' lang='lat' dir='ltr'><strong>tl,</strong></span> <span class='ocrx_word' id='word_1_527' title='bbox 3242 646 3340 707; x_wconf 70' lang='lat'><strong>21&#39;,</strong></span> <span class='ocrx_word' id='word_1_528' title='bbox 3376 646 3495 712; x_wconf 77' lang='lat' dir='ltr'><strong>l9);</strong></span> <span class='ocrx_word' id='word_1_529' title='bbox 3527 659 3593 698; x_wconf 84' lang='lat' dir='ltr'><strong>ne</strong></span> <span class='ocrx_word' id='word_1_530' title='bbox 3618 663 3712 697; x_wconf 86' lang='lat' dir='ltr'><strong>:ttt-</strong></span> 
     </span>
    </p>
   </div>
   <div class='ocr_carea' id='block_1_67' title="bbox 2125 738 3710 812">
    <p class='ocr_par' dir='ltr' id='par_1_67' title="bbox 2125 738 3710 812">
     <span class='ocr_line' id='line_1_67' title="bbox 2125 738 3710 812; baseline -0.005 -15"><span class='ocrx_word' id='word_1_531' title='bbox 2125 745 2234 798; x_wconf 74' lang='lat' dir='ltr'><strong>(iiut</strong></span> <span class='ocrx_word' id='word_1_532' title='bbox 2264 745 2312 796; x_wconf 86' lang='lat' dir='ltr'><strong>in</strong></span> <span class='ocrx_word' id='word_1_533' title='bbox 2339 745 2440 796; x_wconf 83' lang='lat' dir='ltr'><strong>line</strong></span> <span class='ocrx_word' id='word_1_534' title='bbox 2466 757 2584 795; x_wconf 73' lang='lat' dir='ltr'><strong>cum</strong></span> <span class='ocrx_word' id='word_1_535' title='bbox 2614 744 2783 812; x_wconf 83' lang='lat' dir='ltr'><strong>palea,</strong></span> <span class='ocrx_word' id='word_1_536' title='bbox 2815 743 2926 797; x_wconf 70' lang='lat' dir='ltr'><strong>sive</strong></span> <span class='ocrx_word' id='word_1_537' title='bbox 2954 753 3070 810; x_wconf 66' lang='grc' dir='ltr'>(ιιι-ιι</span> <span class='ocrx_word' id='word_1_538' title='bbox 3104 741 3226 792; x_wconf 75' lang='lat' dir='ltr'><strong>ante</strong></span> <span class='ocrx_word' id='word_1_539' title='bbox 3249 740 3314 791; x_wconf 82' lang='lat' dir='ltr'><strong>de</strong></span> <span class='ocrx_word' id='word_1_540' title='bbox 3340 738 3460 792; x_wconf 55' lang='lat' dir='ltr'><strong>aluta</strong></span> <span class='ocrx_word' id='word_1_541' title='bbox 3491 738 3574 790; x_wconf 83' lang='lat' dir='ltr'><strong>vol</strong></span> <span class='ocrx_word' id='word_1_542' title='bbox 3596 738 3710 799; x_wconf 76' lang='lat' dir='ltr'><strong>ivit,</strong></span> 
     </span>
    </p>
   </div>
   <div class='ocr_carea' id='block_1_68' title="bbox 2127 829 3714 904">
    <p class='ocr_par' dir='ltr' id='par_1_68' title="bbox 2127 829 3714 904">
     <span class='ocr_line' id='line_1_68' title="bbox 2127 829 3714 904; baseline -0.007 -15"><span class='ocrx_word' id='word_1_543' title='bbox 2127 837 2239 889; x_wconf 87' lang='lat' dir='ltr'><strong>sive</strong></span> <span class='ocrx_word' id='word_1_544' title='bbox 2261 852 2378 904; x_wconf 66' lang='lat' dir='ltr'><strong>qua:</strong></span> <span class='ocrx_word' id='word_1_545' title='bbox 2407 835 2457 887; x_wconf 89' lang='lat' dir='ltr'><strong>in</strong></span> <span class='ocrx_word' id='word_1_546' title='bbox 2487 835 2674 888; x_wconf 81' lang='lat' dir='ltr'><strong>ultimo</strong></span> <span class='ocrx_word' id='word_1_547' title='bbox 2696 829 2988 901; x_wconf 71' lang='lat' dir='ltr'><strong>Separauda</strong></span> <span class='ocrx_word' id='word_1_548' title='bbox 3019 841 3119 895; x_wconf 81' lang='lat' dir='ltr'><strong>est,</strong></span> <span class='ocrx_word' id='word_1_549' title='bbox 3156 829 3385 882; x_wconf 74' lang='lat' dir='ltr'><strong>llrcalite</strong></span> <span class='ocrx_word' id='word_1_550' title='bbox 3409 846 3438 881; x_wconf 82' lang='grc' dir='ltr'>(ι</span> <span class='ocrx_word' id='word_1_551' title='bbox 3468 833 3564 889; x_wconf 84' lang='lat' dir='ltr'><strong>m&#39;c,</strong></span> <span class='ocrx_word' id='word_1_552' title='bbox 3598 846 3680 879; x_wconf 90' lang='lat' dir='ltr'><strong>om</strong></span> <span class='ocrx_word' id='word_1_553' title='bbox 3699 858 3714 867; x_wconf 86' lang='lat'><strong>-</strong></span> 
     </span>
    </p>
   </div>
   <div class='ocr_carea' id='block_1_69' title="bbox 2127 918 3714 994">
    <p class='ocr_par' dir='ltr' id='par_1_69' title="bbox 2127 918 3714 994">
     <span class='ocr_line' id='line_1_69' title="bbox 2127 918 3714 994; baseline -0.005 -16"><span class='ocrx_word' id='word_1_554' title='bbox 2127 943 2213 978; x_wconf 85' lang='lat' dir='ltr'><strong>nes</strong></span> <span class='ocrx_word' id='word_1_555' title='bbox 2243 927 2328 994; x_wconf 88' lang='lat' dir='ltr'><strong>qui</strong></span> <span class='ocrx_word' id='word_1_556' title='bbox 2365 925 2646 994; x_wconf 81' lang='lat' dir='ltr'><strong>op’cram‘ini</strong></span> <span class='ocrx_word' id='word_1_557' title='bbox 2659 925 2983 993; x_wconf 69' lang='lat' dir='ltr'><strong>iniquitatem</strong></span> <span class='ocrx_word' id='word_1_558' title='bbox 3024 920 3245 990; x_wconf 78' lang='lat' dir='ltr'><strong>(Matth.</strong></span> <span class='ocrx_word' id='word_1_559' title='bbox 3278 936 3372 982; x_wconf 85' lang='lat' dir='ltr'><strong>vtt,</strong></span> <span class='ocrx_word' id='word_1_560' title='bbox 3399 918 3528 988; x_wconf 74' lang='lat'><strong>9.3).</strong></span> <span class='ocrx_word' id='word_1_561' title='bbox 3561 919 3714 973; x_wconf 83' lang='lat' dir='ltr'><strong>Unde</strong></span> 
     </span>
    </p>
   </div>
   <div class='ocr_carea' id='block_1_70' title="bbox 2125 1009 3714 1088">
    <p class='ocr_par' dir='ltr' id='par_1_70' title="bbox 2125 1009 3714 1088">
     <span class='ocr_line' id='line_1_70' title="bbox 2125 1009 3714 1088; baseline -0.006 -16"><span class='ocrx_word' id='word_1_562' title='bbox 2125 1029 2346 1088; x_wconf 84' lang='lat' dir='ltr'><strong>apparet</strong></span> <span class='ocrx_word' id='word_1_563' title='bbox 2375 1019 2607 1087; x_wconf 87' lang='lat' dir='ltr'><strong>quidem,</strong></span> <span class='ocrx_word' id='word_1_564' title='bbox 2647 1019 2782 1071; x_wconf 80' lang='lat' dir='ltr'><strong>sicut</strong></span> <span class='ocrx_word' id='word_1_565' title='bbox 2810 1015 2934 1068; x_wconf 74' lang='lat' dir='ltr'><strong>dit-it</strong></span> <span class='ocrx_word' id='word_1_566' title='bbox 2961 1014 3257 1084; x_wconf 81' lang='lat' dir='ltr'><strong>Cyprianus</strong></span> <span class='ocrx_word' id='word_1_567' title='bbox 3276 1052 3290 1077; x_wconf 93' lang='lat'><strong>,</strong></span> <span class='ocrx_word' id='word_1_568' title='bbox 3335 1028 3432 1064; x_wconf 88' lang='lat' dir='ltr'><strong>non</strong></span> <span class='ocrx_word' id='word_1_569' title='bbox 3459 1028 3518 1064; x_wconf 76' lang='lat' dir='ltr'><strong>ea</strong></span> <span class='ocrx_word' id='word_1_570' title='bbox 3544 1009 3714 1063; x_wconf 74' lang='lat' dir='ltr'><strong>r&#39;tatfm</strong></span> 
     </span>
    </p>
   </div>
   <div class='ocr_carea' id='block_1_71' title="bbox 2127 1102 3713 1180">
    <p class='ocr_par' dir='ltr' id='par_1_71' title="bbox 2127 1102 3713 1180">
     <span class='ocr_line' id='line_1_71' title="bbox 2127 1102 3713 1180; baseline -0.006 -17"><span class='ocrx_word' id='word_1_571' title='bbox 2127 1110 2448 1180; x_wconf 66' lang='lat' dir='ltr'><strong>Bucispicnda</strong></span> <span class='ocrx_word' id='word_1_572' title='bbox 2467 1120 2511 1162; x_wconf 82' lang='lat' dir='ltr'><strong>ct</strong></span> <span class='ocrx_word' id='word_1_573' title='bbox 2537 1108 2834 1162; x_wconf 78' lang='lat' dir='ltr'><strong>assumemln</strong></span> <span class='ocrx_word' id='word_1_574' title='bbox 2862 1122 2972 1175; x_wconf 67' lang='lat' dir='ltr'><strong>quia</strong></span> <span class='ocrx_word' id='word_1_575' title='bbox 2997 1107 3259 1174; x_wconf 80' lang='lat' dir='ltr'><strong>jactnntur</strong></span> <span class='ocrx_word' id='word_1_576' title='bbox 3296 1105 3346 1156; x_wconf 82' lang='lat' dir='ltr'><strong>in</strong></span> <span class='ocrx_word' id='word_1_577' title='bbox 3389 1102 3574 1155; x_wconf 75' lang='lat' dir='ltr'><strong>Christi</strong></span> <span class='ocrx_word' id='word_1_578' title='bbox 3616 1121 3713 1154; x_wconf 83' lang='lat' dir='ltr'><strong>no-</strong></span> 
     </span>
    </p>
   </div>
   <div class='ocr_carea' id='block_1_72' title="bbox 2127 1190 3712 1270">
    <p class='ocr_par' dir='ltr' id='par_1_72' title="bbox 2127 1190 3712 1270">
     <span class='ocr_line' id='line_1_72' title="bbox 2127 1190 3712 1270; baseline -0.006 -16"><span class='ocrx_word' id='word_1_579' title='bbox 2127 1207 2259 1254; x_wconf 87' lang='lat' dir='ltr'><strong>mine</strong></span> <span class='ocrx_word' id='word_1_580' title='bbox 2280 1243 2292 1264; x_wconf 88' lang='lat'><strong>,</strong></span> <span class='ocrx_word' id='word_1_581' title='bbox 2318 1201 2404 1253; x_wconf 81' lang='lat' dir='ltr'><strong>sed</strong></span> <span class='ocrx_word' id='word_1_582' title='bbox 2423 1215 2534 1270; x_wconf 78' lang='lat' dir='ltr'><strong>qtta&#39;</strong></span> <span class='ocrx_word' id='word_1_583' title='bbox 2554 1208 2792 1270; x_wconf 82' lang='lat' dir='ltr'><strong>geruntur</strong></span> <span class='ocrx_word' id='word_1_584' title='bbox 2817 1193 2865 1249; x_wconf 83' lang='lat' dir='ltr'><strong>in</strong></span> <span class='ocrx_word' id='word_1_585' title='bbox 2888 1197 3078 1250; x_wconf 80' lang='lat' dir='ltr'><strong>Christi</strong></span> <span class='ocrx_word' id='word_1_586' title='bbox 3101 1197 3139 1248; x_wconf 75' lang='grc' dir='ltr'>ῡι</span> <span class='ocrx_word' id='word_1_587' title='bbox 3158 1190 3324 1248; x_wconf 81' lang='lat' dir='ltr'><strong>ritate.</strong></span> <span class='ocrx_word' id='word_1_588' title='bbox 3347 1194 3450 1248; x_wconf 86' lang='lat' dir='ltr'><strong>Sed</strong></span> <span class='ocrx_word' id='word_1_589' title='bbox 3478 1190 3582 1247; x_wconf 71' lang='lat' dir='ltr'><strong>lion</strong></span> <span class='ocrx_word' id='word_1_590' title='bbox 3611 1197 3712 1246; x_wconf 86' lang='lat' dir='ltr'><strong>uti-</strong></span> 
     </span>
    </p>
   </div>
   <div class='ocr_carea' id='block_1_73' title="bbox 2128 1282 3708 1360">
    <p class='ocr_par' dir='ltr' id='par_1_73' title="bbox 2128 1282 3708 1360">
     <span class='ocr_line' id='line_1_73' title="bbox 2128 1282 3708 1360; baseline -0.003 -19"><span class='ocrx_word' id='word_1_591' title='bbox 2128 1301 2230 1360; x_wconf 83' lang='lat' dir='ltr'><strong>qn‘e</strong></span> <span class='ocrx_word' id='word_1_592' title='bbox 2258 1291 2307 1342; x_wconf 86' lang='lat' dir='ltr'><strong>in</strong></span> <span class='ocrx_word' id='word_1_593' title='bbox 2336 1290 2532 1344; x_wconf 74' lang='lat' dir='ltr'><strong>Christi</strong></span> <span class='ocrx_word' id='word_1_594' title='bbox 2564 1291 2785 1344; x_wconf 81' lang='lat' dir='ltr'><strong>veritate</strong></span> <span class='ocrx_word' id='word_1_595' title='bbox 2807 1289 3025 1355; x_wconf 60' lang='lat' dir='ltr'><strong>petitur,</strong></span> <span class='ocrx_word' id='word_1_596' title='bbox 3057 1286 3246 1338; x_wconf 77' lang='lat' dir='ltr'><strong>fundos</strong></span> <span class='ocrx_word' id='word_1_597' title='bbox 3270 1282 3536 1337; x_wconf 73' lang='lat' dir='ltr'><strong>insidiosis</strong></span> <span class='ocrx_word' id='word_1_598' title='bbox 3563 1287 3708 1337; x_wconf 74' lang='lat' dir='ltr'><strong>l&#39;ratt-</strong></span> 
     </span>
    </p>
   </div>
   <div class='ocr_carea' id='block_1_74' title="bbox 2130 1371 3714 1450">
    <p class='ocr_par' dir='ltr' id='par_1_74' title="bbox 2130 1371 3714 1450">
     <span class='ocr_line' id='line_1_74' title="bbox 2130 1371 3714 1450; baseline -0.004 -16"><span class='ocrx_word' id='word_1_599' title='bbox 2130 1383 2284 1435; x_wconf 86' lang='lat' dir='ltr'><strong>dibus</strong></span> <span class='ocrx_word' id='word_1_600' title='bbox 2329 1396 2549 1450; x_wconf 80' lang='lat' dir='ltr'><strong>rapere.</strong></span> <span class='ocrx_word' id='word_1_601' title='bbox 2598 1381 2771 1433; x_wconf 82' lang='lat' dir='ltr'><strong>usuris</strong></span> <span class='ocrx_word' id='word_1_602' title='bbox 2815 1377 3283 1447; x_wconf 80' lang='lat' dir='ltr'><strong>tmtltlplicantibus</strong></span> <span class='ocrx_word' id='word_1_603' title='bbox 3329 1374 3479 1429; x_wconf 82' lang='lat' dir='ltr'><strong>fenus</strong></span> <span class='ocrx_word' id='word_1_604' title='bbox 3517 1371 3714 1444; x_wconf 66' lang='lat' dir='ltr'><strong>angere</strong></span> 
     </span>
    </p>
   </div>
   <div class='ocr_carea' id='block_1_75' title="bbox 2131 1466 3714 1543">
    <p class='ocr_par' dir='ltr' id='par_1_75' title="bbox 2131 1466 3714 1543">
     <span class='ocr_line' id='line_1_75' title="bbox 2131 1466 3714 1543; baseline -0.003 -19"><span class='ocrx_word' id='word_1_605' title='bbox 2131 1470 2345 1543; x_wconf 75' lang='lat' dir='ltr'><strong>(Serm.</strong></span> <span class='ocrx_word' id='word_1_606' title='bbox 2389 1471 2451 1523; x_wconf 88' lang='lat' dir='ltr'><strong>de</strong></span> <span class='ocrx_word' id='word_1_607' title='bbox 2493 1469 2670 1539; x_wconf 78' lang='lat' dir='ltr'><strong>Lapsis</strong></span> <span class='ocrx_word' id='word_1_608' title='bbox 2699 1470 2738 1540; x_wconf 95' lang='lat'><strong>),</strong></span> <span class='ocrx_word' id='word_1_609' title='bbox 2786 1467 2983 1522; x_wconf 76' lang='lat' dir='ltr'><strong>s:cCttlo</strong></span> <span class='ocrx_word' id='word_1_610' title='bbox 3028 1468 3156 1520; x_wconf 75' lang='lat' dir='ltr'><strong>Solis</strong></span> <span class='ocrx_word' id='word_1_611' title='bbox 3206 1466 3380 1518; x_wconf 76' lang='lat' dir='ltr'><strong>verbis</strong></span> <span class='ocrx_word' id='word_1_612' title='bbox 3411 1467 3714 1519; x_wconf 63' lang='lat' dir='ltr'><strong>renuntiare</strong></span> 
     </span>
    </p>
   </div>
   <div class='ocr_carea' id='block_1_76' title="bbox 2135 1556 3711 1630">
    <p class='ocr_par' dir='ltr' id='par_1_76' title="bbox 2135 1556 3711 1630">
     <span class='ocr_line' id='line_1_76' title="bbox 2135 1556 3711 1630; baseline -0.004 -16"><span class='ocrx_word' id='word_1_613' title='bbox 2135 1560 2324 1630; x_wconf 78' lang='lat' dir='ltr'><strong>(Epist.</strong></span> <span class='ocrx_word' id='word_1_614' title='bbox 2356 1561 2440 1624; x_wconf 82' lang='lat' dir='ltr'><strong>ll,</strong></span> <span class='ocrx_word' id='word_1_615' title='bbox 2470 1561 2537 1612; x_wconf 88' lang='lat' dir='ltr'><strong>ad</strong></span> <span class='ocrx_word' id='word_1_616' title='bbox 2567 1556 2840 1630; x_wconf 74' lang='lat' dir='ltr'><strong>Clericos);</strong></span> <span class='ocrx_word' id='word_1_617' title='bbox 2872 1574 2989 1628; x_wconf 71' lang='lat' dir='ltr'><strong>quzc</strong></span> <span class='ocrx_word' id='word_1_618' title='bbox 3013 1556 3191 1609; x_wconf 80' lang='lat' dir='ltr'><strong>omnia</strong></span> <span class='ocrx_word' id='word_1_619' title='bbox 3221 1556 3379 1609; x_wconf 86' lang='lat' dir='ltr'><strong>etiam</strong></span> <span class='ocrx_word' id='word_1_620' title='bbox 3412 1556 3551 1610; x_wconf 88' lang='lat' dir='ltr'><strong>inttts</strong></span> <span class='ocrx_word' id='word_1_621' title='bbox 3575 1557 3711 1626; x_wconf 69' lang='lat' dir='ltr'><strong>geri,</strong></span> 
     </span>
    </p>
   </div>
   <div class='ocr_carea' id='block_1_77' title="bbox 2129 1652 3106 1722">
    <p class='ocr_par' dir='ltr' id='par_1_77' title="bbox 2129 1652 3106 1722">
     <span class='ocr_line' id='line_1_77' title="bbox 2129 1652 3106 1722; baseline -0.007 -14"><span class='ocrx_word' id='word_1_622' title='bbox 2129 1654 2258 1708; x_wconf 85' lang='lat' dir='ltr'><strong>satis</strong></span> <span class='ocrx_word' id='word_1_623' title='bbox 2289 1653 2509 1707; x_wconf 79' lang='lat' dir='ltr'><strong>idoneus</strong></span> <span class='ocrx_word' id='word_1_624' title='bbox 2537 1653 2683 1706; x_wconf 89' lang='lat' dir='ltr'><strong>testis</strong></span> <span class='ocrx_word' id='word_1_625' title='bbox 2711 1654 2821 1722; x_wconf 88' lang='lat' dir='ltr'><strong>ipse</strong></span> <span class='ocrx_word' id='word_1_626' title='bbox 2851 1652 3106 1706; x_wconf 77' lang='lat' dir='ltr'><strong>declarat.</strong></span> 
     </span>
    </p>
   </div>
   <div class='ocr_carea' id='block_1_78' title="bbox 2201 1745 3714 1835">
    <p class='ocr_par' dir='ltr' id='par_1_78' title="bbox 2201 1745 3714 1835">
     <span class='ocr_line' id='line_1_78' title="bbox 2201 1745 3714 1835; baseline -0.004 -14"><span class='ocrx_word' id='word_1_627' title='bbox 2201 1766 2425 1821; x_wconf 59' lang='lat' dir='ltr'><strong>CAPUT</strong></span> <span class='ocrx_word' id='word_1_628' title='bbox 2467 1758 2584 1821; x_wconf 74' lang='lat' dir='ltr'><strong>XV.</strong></span> <span class='ocrx_word' id='word_1_629' title='bbox 2611 1797 2677 1806; x_wconf 94' lang='lat'><strong>—</strong></span> <span class='ocrx_word' id='word_1_630' title='bbox 2704 1759 2792 1821; x_wconf 67' lang='grc' dir='ltr'><strong>Ξεξ.</strong></span> <span class='ocrx_word' id='word_1_631' title='bbox 2834 1766 2950 1821; x_wconf 77' lang='lat' dir='ltr'><strong>Ja&#39;m</strong></span> <span class='ocrx_word' id='word_1_632' title='bbox 2990 1757 3116 1819; x_wconf 76' lang='lat' dir='ltr'><strong>vero</strong></span> <span class='ocrx_word' id='word_1_633' title='bbox 3155 1745 3293 1835; x_wconf 87' lang='lat' dir='ltr'><strong>quod</strong></span> <span class='ocrx_word' id='word_1_634' title='bbox 3330 1764 3504 1819; x_wconf 87' lang='lat' dir='ltr'><strong>multis</strong></span> <span class='ocrx_word' id='word_1_635' title='bbox 3535 1764 3714 1815; x_wconf 65' lang='lat' dir='ltr'><strong>wrhfs</strong></span> 
     </span>
    </p>
   </div>
   <div class='ocr_carea' id='block_1_79' title="bbox 2133 1845 3708 1925">
    <p class='ocr_par' dir='ltr' id='par_1_79' title="bbox 2133 1845 3708 1925">
     <span class='ocr_line' id='line_1_79' title="bbox 2133 1845 3708 1925; baseline -0.001 -16"><span class='ocrx_word' id='word_1_636' title='bbox 2133 1853 2489 1925; x_wconf 79' lang='lat' dir='ltr'><strong>prosequitur,</strong></span> <span class='ocrx_word' id='word_1_637' title='bbox 2517 1872 2616 1908; x_wconf 88' lang='lat' dir='ltr'><strong>non</strong></span> <span class='ocrx_word' id='word_1_638' title='bbox 2646 1873 2790 1925; x_wconf 83' lang='lat' dir='ltr'><strong>posse</strong></span> <span class='ocrx_word' id='word_1_639' title='bbox 2813 1857 2863 1909; x_wconf 91' lang='lat' dir='ltr'><strong>in</strong></span> <span class='ocrx_word' id='word_1_640' title='bbox 2889 1855 3086 1910; x_wconf 75' lang='lat' dir='ltr'><strong>Christo</strong></span> <span class='ocrx_word' id='word_1_641' title='bbox 3111 1855 3352 1925; x_wconf 80' lang='lat' dir='ltr'><strong>baptizari</strong></span> <span class='ocrx_word' id='word_1_642' title='bbox 3379 1872 3461 1907; x_wconf 87' lang='lat' dir='ltr'><strong>cos</strong></span> <span class='ocrx_word' id='word_1_643' title='bbox 3494 1845 3577 1924; x_wconf 82' lang='lat' dir='ltr'><strong>qui</strong></span> <span class='ocrx_word' id='word_1_644' title='bbox 3608 1854 3708 1907; x_wconf 77' lang='grc' dir='ltr'><strong>Ρα-</strong></span> 
     </span>
    </p>
   </div>
   <div class='ocr_carea' id='block_1_80' title="bbox 2133 1926 3709 2018">
    <p class='ocr_par' dir='ltr' id='par_1_80' title="bbox 2133 1926 3709 2018">
     <span class='ocr_line' id='line_1_80' title="bbox 2133 1926 3709 2018; baseline -0.003 -18"><span class='ocrx_word' id='word_1_645' title='bbox 2133 1959 2257 2000; x_wconf 87' lang='lat' dir='ltr'><strong>trem</strong></span> <span class='ocrx_word' id='word_1_646' title='bbox 2287 1942 2472 2000; x_wconf 81' lang='lat' dir='ltr'><strong>Christi</strong></span> <span class='ocrx_word' id='word_1_647' title='bbox 2495 1926 2840 2017; x_wconf 64' lang='lat' dir='ltr'><strong>blasphemant</strong></span> <span class='ocrx_word' id='word_1_648' title='bbox 2867 1947 2884 2014; x_wconf 93' lang='lat'><strong>(</strong></span> <span class='ocrx_word' id='word_1_649' title='bbox 2907 1947 3072 2018; x_wconf 79' lang='lat' dir='ltr'><strong>Epist.</strong></span> <span class='ocrx_word' id='word_1_650' title='bbox 3098 1949 3166 2002; x_wconf 81' lang='grc'><strong>75</strong></span> <span class='ocrx_word' id='word_1_651' title='bbox 3189 1990 3202 2011; x_wconf 94' lang='grc'><strong>,</strong></span> <span class='ocrx_word' id='word_1_652' title='bbox 3231 1947 3299 2000; x_wconf 88' lang='lat' dir='ltr'><strong>ad</strong></span> <span class='ocrx_word' id='word_1_653' title='bbox 3323 1947 3631 2000; x_wconf 81' lang='lat' dir='ltr'><strong>Jubaiannm</strong></span> <span class='ocrx_word' id='word_1_654' title='bbox 3653 1947 3670 2016; x_wconf 93' lang='lat'><strong>)</strong></span> <span class='ocrx_word' id='word_1_655' title='bbox 3694 1962 3709 2010; x_wconf 85' lang='lat'><strong>;</strong></span> 
     </span>
    </p>
   </div>
   <div class='ocr_carea' id='block_1_81' title="bbox 2132 2023 3710 2106">
    <p class='ocr_par' dir='ltr' id='par_1_81' title="bbox 2132 2023 3710 2106">
     <span class='ocr_line' id='line_1_81' title="bbox 2132 2023 3710 2106; baseline -0.001 -14"><span class='ocrx_word' id='word_1_656' title='bbox 2132 2055 2250 2092; x_wconf 82' lang='lat' dir='ltr'><strong>cum</strong></span> <span class='ocrx_word' id='word_1_657' title='bbox 2270 2030 2362 2092; x_wconf 82' lang='lat' dir='ltr'><strong>eos</strong></span> <span class='ocrx_word' id='word_1_658' title='bbox 2383 2033 2563 2092; x_wconf 84' lang='lat' dir='ltr'><strong>errore</strong></span> <span class='ocrx_word' id='word_1_659' title='bbox 2581 2030 2950 2106; x_wconf 79' lang='lat' dir='ltr'><strong>blasphetnare</strong></span> <span class='ocrx_word' id='word_1_660' title='bbox 2972 2039 3304 2093; x_wconf 72' lang='lat' dir='ltr'><strong>manifestum</strong></span> <span class='ocrx_word' id='word_1_661' title='bbox 3323 2023 3392 2092; x_wconf 83' lang='lat' dir='ltr'><strong>sit</strong></span> <span class='ocrx_word' id='word_1_662' title='bbox 3419 2037 3546 2101; x_wconf 77' lang='lat' dir='ltr'><strong>(lion</strong></span> <span class='ocrx_word' id='word_1_663' title='bbox 3568 2039 3710 2092; x_wconf 90' lang='lat' dir='ltr'><strong>enim</strong></span> 
     </span>
    </p>
   </div>
   <div class='ocr_carea' id='block_1_82' title="bbox 2131 2111 3714 2202">
    <p class='ocr_par' dir='ltr' id='par_1_82' title="bbox 2131 2111 3714 2202">
     <span class='ocr_line' id='line_1_82' title="bbox 2131 2111 3714 2202; baseline 0.002 -20"><span class='ocrx_word' id='word_1_664' title='bbox 2131 2121 2221 2202; x_wconf 88' lang='lat' dir='ltr'><strong>qui</strong></span> <span class='ocrx_word' id='word_1_665' title='bbox 2250 2127 2455 2185; x_wconf 81' lang='lat' dir='ltr'><strong>acCedil</strong></span> <span class='ocrx_word' id='word_1_666' title='bbox 2481 2130 2546 2185; x_wconf 93' lang='lat' dir='ltr'><strong>ad</strong></span> <span class='ocrx_word' id='word_1_667' title='bbox 2582 2129 2903 2200; x_wconf 83' lang='lat' dir='ltr'><strong>Baptismum</strong></span> <span class='ocrx_word' id='word_1_668' title='bbox 2947 2116 3142 2185; x_wconf 64' lang='lat' dir='ltr'><strong>Christi</strong></span> <span class='ocrx_word' id='word_1_669' title='bbox 3171 2122 3352 2200; x_wconf 78' lang='lat' dir='ltr'><strong>aperte</strong></span> <span class='ocrx_word' id='word_1_670' title='bbox 3383 2111 3714 2200; x_wconf 73' lang='lat' dir='ltr'><strong>litaSphemat</strong></span> 
     </span>
    </p>
   </div>
   <div class='ocr_carea' id='block_1_83' title="bbox 2132 2216 3714 2291">
    <p class='ocr_par' dir='ltr' id='par_1_83' title="bbox 2132 2216 3714 2291">
     <span class='ocr_line' id='line_1_83' title="bbox 2132 2216 3714 2291; baseline -0.001 -14"><span class='ocrx_word' id='word_1_671' title='bbox 2132 2216 2341 2277; x_wconf 78' lang='lat' dir='ltr'><strong>Patrem</strong></span> <span class='ocrx_word' id='word_1_672' title='bbox 2374 2221 2606 2288; x_wconf 87' lang='lat' dir='ltr'><strong>Christi,</strong></span> <span class='ocrx_word' id='word_1_673' title='bbox 2635 2221 2727 2276; x_wconf 88' lang='lat' dir='ltr'><strong>sed</strong></span> <span class='ocrx_word' id='word_1_674' title='bbox 2759 2222 2899 2275; x_wconf 90' lang='lat' dir='ltr'><strong>aliud</strong></span> <span class='ocrx_word' id='word_1_675' title='bbox 2925 2237 3080 2291; x_wconf 87' lang='lat' dir='ltr'><strong>quam</strong></span> <span class='ocrx_word' id='word_1_676' title='bbox 3109 2217 3303 2276; x_wconf 71' lang='lat' dir='ltr'><strong>veritas</strong></span> <span class='ocrx_word' id='word_1_677' title='bbox 3329 2219 3484 2276; x_wconf 84' lang='lat' dir='ltr'><strong>docet</strong></span> <span class='ocrx_word' id='word_1_678' title='bbox 3512 2221 3579 2276; x_wconf 89' lang='lat' dir='ltr'><strong>de</strong></span> <span class='ocrx_word' id='word_1_679' title='bbox 3609 2222 3714 2276; x_wconf 80' lang='lat' dir='ltr'><strong>Pa-</strong></span> 
     </span>
    </p>
   </div>
   <div class='ocr_carea' id='block_1_84' title="bbox 2134 2301 3712 2388">
    <p class='ocr_par' dir='ltr' id='par_1_84' title="bbox 2134 2301 3712 2388">
     <span class='ocr_line' id='line_1_84' title="bbox 2134 2301 3712 2388; baseline 0.001 -19"><span class='ocrx_word' id='word_1_680' title='bbox 2134 2322 2214 2369; x_wconf 83' lang='lat' dir='ltr'><strong>lr‘e</strong></span> <span class='ocrx_word' id='word_1_681' title='bbox 2239 2314 2431 2369; x_wconf 83' lang='lat' dir='ltr'><strong>Christi</strong></span> <span class='ocrx_word' id='word_1_682' title='bbox 2472 2314 2749 2368; x_wconf 87' lang='lat' dir='ltr'><strong>sentiendo</strong></span> <span class='ocrx_word' id='word_1_683' title='bbox 2781 2301 3150 2388; x_wconf 86' lang='lat' dir='ltr'><strong>blaspltetnare</strong></span> <span class='ocrx_word' id='word_1_684' title='bbox 3178 2314 3568 2385; x_wconf 83' lang='lat' dir='ltr'><strong>coavincitur);</strong></span> <span class='ocrx_word' id='word_1_685' title='bbox 3600 2315 3712 2385; x_wconf 82' lang='lat' dir='ltr'><strong>jam</strong></span> 
     </span>
    </p>
   </div>
   <div class='ocr_carea' id='block_1_85' title="bbox 2134 2388 3714 2474">
    <p class='ocr_par' dir='ltr' id='par_1_85' title="bbox 2134 2388 3714 2474">
     <span class='ocr_line' id='line_1_85' title="bbox 2134 2388 3714 2474; baseline -0.001 -12"><span class='ocrx_word' id='word_1_686' title='bbox 2134 2400 2261 2462; x_wconf 75' lang='lat' dir='ltr'><strong>szttis</strong></span> <span class='ocrx_word' id='word_1_687' title='bbox 2294 2393 2627 2460; x_wconf 79' lang='lat' dir='ltr'><strong>ostendimus</strong></span> <span class='ocrx_word' id='word_1_688' title='bbox 2667 2392 2733 2458; x_wconf 87' lang='lat' dir='ltr'><strong>ad</strong></span> <span class='ocrx_word' id='word_1_689' title='bbox 2767 2388 3089 2473; x_wconf 65' lang='lat' dir='ltr'><strong>llaptismum</strong></span> <span class='ocrx_word' id='word_1_690' title='bbox 3117 2406 3203 2474; x_wconf 89' lang='lat' dir='ltr'><strong>qui</strong></span> <span class='ocrx_word' id='word_1_691' title='bbox 3247 2405 3422 2458; x_wconf 78' lang='lat' dir='ltr'><strong>verbis</strong></span> <span class='ocrx_word' id='word_1_692' title='bbox 3447 2407 3714 2474; x_wconf 63' lang='lat' dir='ltr'><strong>emtngeli-</strong></span> 
     </span>
    </p>
   </div>
   <div class='ocr_carea' id='block_1_86' title="bbox 2131 2495 3717 2569">
    <p class='ocr_par' dir='ltr' id='par_1_86' title="bbox 2131 2495 3717 2569">
     <span class='ocr_line' id='line_1_86' title="bbox 2131 2495 3717 2569; baseline -0.001 -15"><span class='ocrx_word' id='word_1_693' title='bbox 2131 2501 2209 2555; x_wconf 91' lang='lat' dir='ltr'><strong>eis</strong></span> <span class='ocrx_word' id='word_1_694' title='bbox 2235 2507 2599 2565; x_wconf 82' lang='lat' dir='ltr'><strong>consecratur,</strong></span> <span class='ocrx_word' id='word_1_695' title='bbox 2645 2510 2751 2552; x_wconf 89' lang='lat' dir='ltr'><strong>non</strong></span> <span class='ocrx_word' id='word_1_696' title='bbox 2782 2496 3049 2568; x_wconf 88' lang='lat' dir='ltr'><strong>pertinere</strong></span> <span class='ocrx_word' id='word_1_697' title='bbox 3075 2495 3384 2569; x_wconf 74' lang='lat' dir='ltr'><strong>cujusquam</strong></span> <span class='ocrx_word' id='word_1_698' title='bbox 3427 2495 3510 2550; x_wconf 88' lang='lat' dir='ltr'><strong>vel</strong></span> <span class='ocrx_word' id='word_1_699' title='bbox 3539 2495 3717 2557; x_wconf 79' lang='lat' dir='ltr'><strong>dantis</strong></span> 
     </span>
    </p>
   </div>
   <div class='ocr_carea' id='block_1_87' title="bbox 2135 2575 3714 2657">
    <p class='ocr_par' dir='ltr' id='par_1_87' title="bbox 2135 2575 3714 2657">
     <span class='ocr_line' id='line_1_87' title="bbox 2135 2575 3714 2657; baseline 0.002 -14"><span class='ocrx_word' id='word_1_700' title='bbox 2135 2587 2220 2645; x_wconf 78' lang='lat' dir='ltr'><strong>&#39;vcl</strong></span> <span class='ocrx_word' id='word_1_701' title='bbox 2249 2587 2555 2657; x_wconf 67' lang='lat' dir='ltr'><strong>accipientis</strong></span> <span class='ocrx_word' id='word_1_702' title='bbox 2577 2585 2815 2646; x_wconf 66' lang='lat' dir='ltr'><strong>terrerent</strong></span> <span class='ocrx_word' id='word_1_703' title='bbox 2838 2629 2852 2652; x_wconf 92' lang='lat'><strong>,</strong></span> <span class='ocrx_word' id='word_1_704' title='bbox 2882 2589 2994 2644; x_wconf 84' lang='lat' dir='ltr'><strong>sive</strong></span> <span class='ocrx_word' id='word_1_705' title='bbox 3019 2589 3085 2643; x_wconf 88' lang='lat' dir='ltr'><strong>de</strong></span> <span class='ocrx_word' id='word_1_706' title='bbox 3120 2589 3298 2656; x_wconf 79' lang='lat' dir='ltr'><strong>Patre,</strong></span> <span class='ocrx_word' id='word_1_707' title='bbox 3324 2589 3437 2645; x_wconf 88' lang='lat' dir='ltr'><strong>sive</strong></span> <span class='ocrx_word' id='word_1_708' title='bbox 3462 2588 3530 2646; x_wconf 90' lang='lat' dir='ltr'><strong>de</strong></span> <span class='ocrx_word' id='word_1_709' title='bbox 3554 2575 3714 2657; x_wconf 72' lang='lat' dir='ltr'><strong>Filio,</strong></span> 
     </span>
    </p>
   </div>
   <div class='ocr_carea' id='block_1_88' title="bbox 2133 2680 3716 2759">
    <p class='ocr_par' dir='ltr' id='par_1_88' title="bbox 2133 2680 3716 2759">
     <span class='ocr_line' id='line_1_88' title="bbox 2133 2680 3716 2759; baseline 0.001 -25"><span class='ocrx_word' id='word_1_710' title='bbox 2133 2682 2245 2759; x_wconf 88' lang='lat' dir='ltr'><strong>sive</strong></span> <span class='ocrx_word' id='word_1_711' title='bbox 2272 2681 2338 2736; x_wconf 91' lang='lat' dir='ltr'><strong>de</strong></span> <span class='ocrx_word' id='word_1_712' title='bbox 2367 2681 2565 2750; x_wconf 86' lang='lat' dir='ltr'><strong>Spiritu</strong></span> <span class='ocrx_word' id='word_1_713' title='bbox 2607 2690 2793 2736; x_wconf 88' lang='lat' dir='ltr'><strong>sancto</strong></span> <span class='ocrx_word' id='word_1_714' title='bbox 2823 2681 2975 2734; x_wconf 87' lang='lat' dir='ltr'><strong>aliter</strong></span> <span class='ocrx_word' id='word_1_715' title='bbox 3016 2680 3241 2743; x_wconf 88' lang='lat' dir='ltr'><strong>sentiat,</strong></span> <span class='ocrx_word' id='word_1_716' title='bbox 3285 2696 3441 2750; x_wconf 76' lang='lat' dir='ltr'><strong>quam</strong></span> <span class='ocrx_word' id='word_1_717' title='bbox 3481 2682 3716 2737; x_wconf 59' lang='lat' dir='ltr'><strong>caelestis</strong></span> 
     </span>
    </p>
   </div>
   <div class='ocr_carea' id='block_1_89' title="bbox 2132 2771 3717 2828">
    <p class='ocr_par' dir='ltr' id='par_1_89' title="bbox 2132 2771 3717 2828">
     <span class='ocr_line' id='line_1_89' title="bbox 2132 2771 3717 2828; baseline 0 0"><span class='ocrx_word' id='word_1_718' title='bbox 2132 2773 2373 2828; x_wconf 85' lang='lat' dir='ltr'><strong>doctrina</strong></span> <span class='ocrx_word' id='word_1_719' title='bbox 2419 2773 2668 2826; x_wconf 81' lang='lat' dir='ltr'><strong>insinuat.</strong></span> <span class='ocrx_word' id='word_1_720' title='bbox 2711 2771 2858 2826; x_wconf 84' lang='lat' dir='ltr'><strong>Multi</strong></span> <span class='ocrx_word' id='word_1_721' title='bbox 2902 2771 3042 2826; x_wconf 89' lang='lat' dir='ltr'><strong>enim</strong></span> <span class='ocrx_word' id='word_1_722' title='bbox 3082 2772 3325 2825; x_wconf 71' lang='lat' dir='ltr'><strong>carnales</strong></span> <span class='ocrx_word' id='word_1_723' title='bbox 3361 2781 3414 2826; x_wconf 92' lang='lat' dir='ltr'><strong>ct</strong></span> <span class='ocrx_word' id='word_1_724' title='bbox 3453 2773 3717 2828; x_wconf 85' lang='lat' dir='ltr'><strong>animales</strong></span> 
     </span>
    </p>
   </div>
   <div class='ocr_carea' id='block_1_90' title="bbox 2132 2857 3710 2933">
    <p class='ocr_par' dir='ltr' id='par_1_90' title="bbox 2132 2857 3710 2933">
     <span class='ocr_line' id='line_1_90' title="bbox 2132 2857 3710 2933; baseline -0.003 -14"><span class='ocrx_word' id='word_1_725' title='bbox 2132 2865 2292 2920; x_wconf 81' lang='lat' dir='ltr'><strong>etiam</strong></span> <span class='ocrx_word' id='word_1_726' title='bbox 2325 2865 2463 2918; x_wconf 83' lang='lat' dir='ltr'><strong>intus</strong></span> <span class='ocrx_word' id='word_1_727' title='bbox 2490 2857 2841 2933; x_wconf 82' lang='lat' dir='ltr'><strong>ba&#39;ptizantnr,</strong></span> <span class='ocrx_word' id='word_1_728' title='bbox 2870 2878 2991 2916; x_wconf 90' lang='lat' dir='ltr'><strong>cmn</strong></span> <span class='ocrx_word' id='word_1_729' title='bbox 3030 2874 3212 2931; x_wconf 87' lang='lat' dir='ltr'><strong>aperte</strong></span> <span class='ocrx_word' id='word_1_730' title='bbox 3240 2862 3380 2917; x_wconf 84' lang='lat' dir='ltr'><strong>dicat</strong></span> <span class='ocrx_word' id='word_1_731' title='bbox 3404 2863 3710 2932; x_wconf 74' lang='lat' dir='ltr'><strong>Apostolus.</strong></span> 
     </span>
    </p>
   </div>
   <div class='ocr_carea' id='block_1_91' title="bbox 2131 2946 3714 3025">
    <p class='ocr_par' dir='ltr' id='par_1_91' title="bbox 2131 2946 3714 3025">
     <span class='ocr_line' id='line_1_91' title="bbox 2131 2946 3714 3025; baseline -0.001 -15"><span class='ocrx_word' id='word_1_732' title='bbox 2131 2956 2383 3014; x_wconf 76' lang='lat' dir='ltr'><strong>Animulis</strong></span> <span class='ocrx_word' id='word_1_733' title='bbox 2411 2967 2577 3009; x_wconf 84' lang='lat' dir='ltr'><strong>autem</strong></span> <span class='ocrx_word' id='word_1_734' title='bbox 2619 2956 2766 3008; x_wconf 88' lang='lat' dir='ltr'><strong>homo</strong></span> <span class='ocrx_word' id='word_1_735' title='bbox 2810 2946 2910 3008; x_wconf 79' lang='lat' dir='ltr'><strong>non</strong></span> <span class='ocrx_word' id='word_1_736' title='bbox 2949 2955 3158 3025; x_wconf 78' lang='lat' dir='ltr'><strong>percipit</strong></span> <span class='ocrx_word' id='word_1_737' title='bbox 3186 2971 3299 3023; x_wconf 74' lang='lat' dir='ltr'><strong>qua:</strong></span> <span class='ocrx_word' id='word_1_738' title='bbox 3335 2965 3448 3008; x_wconf 84' lang='lat' dir='ltr'><strong>sunt</strong></span> <span class='ocrx_word' id='word_1_739' title='bbox 3489 2953 3714 3023; x_wconf 74' lang='lat' dir='ltr'><strong>Sp?ritus</strong></span> 
     </span>
    </p>
   </div>
   <div class='ocr_carea' id='block_1_92' title="bbox 2134 3045 3715 3118">
    <p class='ocr_par' dir='ltr' id='par_1_92' title="bbox 2134 3045 3715 3118">
     <span class='ocr_line' id='line_1_92' title="bbox 2134 3045 3715 3118; baseline -0.002 -17"><span class='ocrx_word' id='word_1_740' title='bbox 2134 3047 2230 3102; x_wconf 82' lang='lat' dir='ltr'><strong>Dei</strong></span> <span class='ocrx_word' id='word_1_741' title='bbox 2249 3047 2291 3118; x_wconf 91' lang='grc' dir='ltr'><strong>(Ι</strong></span> <span class='ocrx_word' id='word_1_742' title='bbox 2324 3047 2438 3101; x_wconf 89' lang='lat' dir='ltr'><strong>Cor.</strong></span> <span class='ocrx_word' id='word_1_743' title='bbox 2467 3063 2521 3111; x_wconf 89' lang='lat' dir='ltr'><strong>tt,</strong></span> <span class='ocrx_word' id='word_1_744' title='bbox 2553 3046 2632 3112; x_wconf 73' lang='lat' dir='ltr'><strong>l-l)</strong></span> <span class='ocrx_word' id='word_1_745' title='bbox 2658 3061 2672 3110; x_wconf 88' lang='lat'><strong>;</strong></span> <span class='ocrx_word' id='word_1_746' title='bbox 2701 3055 2754 3100; x_wconf 89' lang='lat' dir='ltr'><strong>et</strong></span> <span class='ocrx_word' id='word_1_747' title='bbox 2781 3055 3027 3114; x_wconf 87' lang='lat' dir='ltr'><strong>percepto</strong></span> <span class='ocrx_word' id='word_1_748' title='bbox 3049 3045 3157 3114; x_wconf 86' lang='lat' dir='ltr'><strong>jam</strong></span> <span class='ocrx_word' id='word_1_749' title='bbox 3182 3045 3451 3115; x_wconf 82' lang='lat' dir='ltr'><strong>Baptismo</strong></span> <span class='ocrx_word' id='word_1_750' title='bbox 3475 3045 3596 3099; x_wconf 89' lang='lat' dir='ltr'><strong>dicit</strong></span> <span class='ocrx_word' id='word_1_751' title='bbox 3621 3059 3715 3100; x_wconf 84' lang='lat' dir='ltr'><strong>eos</strong></span> 
     </span>
    </p>
   </div>
   <div class='ocr_carea' id='block_1_93' title="bbox 2134 3135 3713 3218">
    <p class='ocr_par' dir='ltr' id='par_1_93' title="bbox 2134 3135 3713 3218">
     <span class='ocr_line' id='line_1_93' title="bbox 2134 3135 3713 3218; baseline -0.003 -24"><span class='ocrx_word' id='word_1_752' title='bbox 2134 3139 2307 3194; x_wconf 79' lang='lat' dir='ltr'><strong>adhuc</strong></span> <span class='ocrx_word' id='word_1_753' title='bbox 2344 3137 2601 3218; x_wconf 80' lang='lat' dir='ltr'><strong>animales</strong></span> <span class='ocrx_word' id='word_1_754' title='bbox 2627 3152 2746 3192; x_wconf 86' lang='lat' dir='ltr'><strong>esse</strong></span> <span class='ocrx_word' id='word_1_755' title='bbox 2777 3135 2888 3205; x_wconf 87' lang='lat' dir='ltr'><strong>(Id.</strong></span> <span class='ocrx_word' id='word_1_756' title='bbox 2921 3152 2996 3201; x_wconf 88' lang='grc' dir='ltr'>ιιι,</span> <span class='ocrx_word' id='word_1_757' title='bbox 3035 3135 3126 3207; x_wconf 76' lang='lat'><strong>9.).</strong></span> <span class='ocrx_word' id='word_1_758' title='bbox 3166 3135 3466 3191; x_wconf 87' lang='lat' dir='ltr'><strong>Secundum</strong></span> <span class='ocrx_word' id='word_1_759' title='bbox 3496 3151 3713 3191; x_wconf 84' lang='lat' dir='ltr'><strong>sensum</strong></span> 
     </span>
    </p>
   </div>
   <div class='ocr_carea' id='block_1_94' title="bbox 2133 3227 3714 3298">
    <p class='ocr_par' dir='ltr' id='par_1_94' title="bbox 2133 3227 3714 3298">
     <span class='ocr_line' id='line_1_94' title="bbox 2133 3227 3714 3298; baseline -0.003 -14"><span class='ocrx_word' id='word_1_760' title='bbox 2133 3229 2310 3284; x_wconf 86' lang='lat' dir='ltr'><strong>autem</strong></span> <span class='ocrx_word' id='word_1_761' title='bbox 2336 3228 2605 3282; x_wconf 85' lang='lat' dir='ltr'><strong>carnalem</strong></span> <span class='ocrx_word' id='word_1_762' title='bbox 2637 3243 2738 3282; x_wconf 89' lang='lat' dir='ltr'><strong>non</strong></span> <span class='ocrx_word' id='word_1_763' title='bbox 2767 3235 2940 3298; x_wconf 88' lang='lat' dir='ltr'><strong>potest</strong></span> <span class='ocrx_word' id='word_1_764' title='bbox 2971 3227 3069 3281; x_wconf 89' lang='lat' dir='ltr'><strong>nisi</strong></span> <span class='ocrx_word' id='word_1_765' title='bbox 3098 3227 3164 3282; x_wconf 89' lang='lat' dir='ltr'><strong>de</strong></span> <span class='ocrx_word' id='word_1_766' title='bbox 3189 3227 3299 3282; x_wconf 77' lang='lat' dir='ltr'><strong>Deo</strong></span> <span class='ocrx_word' id='word_1_767' title='bbox 3319 3228 3601 3281; x_wconf 66' lang='lat' dir='ltr'><strong>carnaliter</strong></span> <span class='ocrx_word' id='word_1_768' title='bbox 3625 3241 3714 3280; x_wconf 84' lang='lat' dir='ltr'><strong>sa-</strong></span> 
     </span>
    </p>
   </div>
   <div class='ocr_carea' id='block_1_95' title="bbox 2133 3315 3714 3392">
    <p class='ocr_par' dir='ltr' id='par_1_95' title="bbox 2133 3315 3714 3392">
     <span class='ocr_line' id='line_1_95' title="bbox 2133 3315 3714 3392; baseline -0.003 -17"><span class='ocrx_word' id='word_1_769' title='bbox 2133 3337 2259 3392; x_wconf 86' lang='lat' dir='ltr'><strong>pere</strong></span> <span class='ocrx_word' id='word_1_770' title='bbox 2303 3321 2478 3376; x_wconf 88' lang='lat' dir='ltr'><strong>anima</strong></span> <span class='ocrx_word' id='word_1_771' title='bbox 2525 3321 2800 3391; x_wconf 83' lang='lat' dir='ltr'><strong>corporeis</strong></span> <span class='ocrx_word' id='word_1_772' title='bbox 2849 3321 3095 3375; x_wconf 84' lang='lat' dir='ltr'><strong>sensibus</strong></span> <span class='ocrx_word' id='word_1_773' title='bbox 3134 3318 3330 3373; x_wconf 86' lang='lat' dir='ltr'><strong>dedita.</strong></span> <span class='ocrx_word' id='word_1_774' title='bbox 3367 3318 3516 3374; x_wconf 87' lang='lat' dir='ltr'><strong>Unde</strong></span> <span class='ocrx_word' id='word_1_775' title='bbox 3563 3315 3714 3371; x_wconf 87' lang='lat' dir='ltr'><strong>tnuiti</strong></span> 
     </span>
    </p>
   </div>
   <div class='ocr_carea' id='block_1_96' title="bbox 2133 3407 3715 3482">
    <p class='ocr_par' dir='ltr' id='par_1_96' title="bbox 2133 3407 3715 3482">
     <span class='ocr_line' id='line_1_96' title="bbox 2133 3407 3715 3482; baseline -0.001 -17"><span class='ocrx_word' id='word_1_776' title='bbox 2133 3420 2255 3482; x_wconf 89' lang='lat' dir='ltr'><strong>post</strong></span> <span class='ocrx_word' id='word_1_777' title='bbox 2285 3411 2608 3482; x_wconf 73' lang='lat' dir='ltr'><strong>Baptismum</strong></span> <span class='ocrx_word' id='word_1_778' title='bbox 2639 3412 2997 3482; x_wconf 73' lang='lat' dir='ltr'><strong>proficientes,</strong></span> <span class='ocrx_word' id='word_1_779' title='bbox 3030 3419 3084 3465; x_wconf 90' lang='lat' dir='ltr'><strong>et</strong></span> <span class='ocrx_word' id='word_1_780' title='bbox 3109 3412 3339 3470; x_wconf 71' lang='lat' dir='ltr'><strong>maxime</strong></span> <span class='ocrx_word' id='word_1_781' title='bbox 3367 3411 3456 3480; x_wconf 89' lang='lat' dir='ltr'><strong>qui</strong></span> <span class='ocrx_word' id='word_1_782' title='bbox 3486 3407 3715 3464; x_wconf 78' lang='lat' dir='ltr'><strong>infantes</strong></span> 
     </span>
    </p>
   </div>
   <div class='ocr_carea' id='block_1_97' title="bbox 2134 3501 3714 3573">
    <p class='ocr_par' dir='ltr' id='par_1_97' title="bbox 2134 3501 3714 3573">
     <span class='ocr_line' id='line_1_97' title="bbox 2134 3501 3714 3573; baseline 0 -19"><span class='ocrx_word' id='word_1_783' title='bbox 2134 3505 2213 3558; x_wconf 83' lang='lat' dir='ltr'><strong>\el</strong></span> <span class='ocrx_word' id='word_1_784' title='bbox 2247 3506 2392 3573; x_wconf 89' lang='lat' dir='ltr'><strong>pueri</strong></span> <span class='ocrx_word' id='word_1_785' title='bbox 2423 3505 2668 3573; x_wconf 76' lang='lat' dir='ltr'><strong>baptizati</strong></span> <span class='ocrx_word' id='word_1_786' title='bbox 2699 3514 2841 3568; x_wconf 86' lang='lat' dir='ltr'><strong>sunt,</strong></span> <span class='ocrx_word' id='word_1_787' title='bbox 2869 3511 3067 3572; x_wconf 86' lang='lat' dir='ltr'><strong>quanto</strong></span> <span class='ocrx_word' id='word_1_788' title='bbox 3098 3503 3266 3569; x_wconf 81' lang='lat' dir='ltr'><strong>magis</strong></span> <span class='ocrx_word' id='word_1_789' title='bbox 3293 3501 3594 3555; x_wconf 87' lang='lat' dir='ltr'><strong>intellectus</strong></span> <span class='ocrx_word' id='word_1_790' title='bbox 3619 3516 3714 3556; x_wconf 89' lang='lat' dir='ltr'><strong>co-</strong></span> 
     </span>
    </p>
   </div>
   <div class='ocr_carea' id='block_1_98' title="bbox 2132 3590 3717 3656">
    <p class='ocr_par' dir='ltr' id='par_1_98' title="bbox 2132 3590 3717 3656">
     <span class='ocr_line' id='line_1_98' title="bbox 2132 3590 3717 3656; baseline -0.002 -8"><span class='ocrx_word' id='word_1_791' title='bbox 2132 3611 2246 3648; x_wconf 88' lang='lat' dir='ltr'><strong>rum</strong></span> <span class='ocrx_word' id='word_1_792' title='bbox 2273 3602 2552 3648; x_wconf 68' lang='lat' dir='ltr'><strong>set-enatur</strong></span> <span class='ocrx_word' id='word_1_793' title='bbox 2580 3602 2634 3646; x_wconf 90' lang='lat' dir='ltr'><strong>et</strong></span> <span class='ocrx_word' id='word_1_794' title='bbox 2655 3592 3001 3656; x_wconf 86' lang='lat' dir='ltr'><strong>illuntinatur,</strong></span> <span class='ocrx_word' id='word_1_795' title='bbox 3029 3591 3155 3644; x_wconf 90' lang='lat' dir='ltr'><strong>dum</strong></span> <span class='ocrx_word' id='word_1_796' title='bbox 3182 3591 3404 3643; x_wconf 90' lang='lat' dir='ltr'><strong>interior</strong></span> <span class='ocrx_word' id='word_1_797' title='bbox 3434 3590 3595 3645; x_wconf 90' lang='lat' dir='ltr'><strong>homo</strong></span> <span class='ocrx_word' id='word_1_798' title='bbox 3624 3606 3717 3646; x_wconf 57' lang='lat' dir='ltr'><strong>rec</strong></span> 
     </span>
    </p>
   </div>
   <div class='ocr_carea' id='block_1_99' title="bbox 2134 3669 3720 3756">
    <p class='ocr_par' dir='ltr' id='par_1_99' title="bbox 2134 3669 3720 3756">
     <span class='ocr_line' id='line_1_99' title="bbox 2134 3669 3720 3756; baseline 0 -20"><span class='ocrx_word' id='word_1_799' title='bbox 2134 3693 2357 3737; x_wconf 84' lang='lat' dir='ltr'><strong>novatur</strong></span> <span class='ocrx_word' id='word_1_800' title='bbox 2383 3669 2447 3737; x_wconf 90' lang='lat' dir='ltr'><strong>de</strong></span> <span class='ocrx_word' id='word_1_801' title='bbox 2474 3682 2559 3736; x_wconf 89' lang='lat' dir='ltr'><strong>die</strong></span> <span class='ocrx_word' id='word_1_802' title='bbox 2589 3682 2640 3734; x_wconf 91' lang='lat' dir='ltr'><strong>in</strong></span> <span class='ocrx_word' id='word_1_803' title='bbox 2670 3680 2810 3734; x_wconf 87' lang='lat' dir='ltr'><strong>diem</strong></span> <span class='ocrx_word' id='word_1_804' title='bbox 2840 3681 2917 3750; x_wconf 93' lang='lat' dir='ltr'><strong>(ll</strong></span> <span class='ocrx_word' id='word_1_805' title='bbox 2946 3678 3063 3756; x_wconf 84' lang='lat' dir='ltr'><strong>Cor.</strong></span> <span class='ocrx_word' id='word_1_806' title='bbox 3091 3695 3166 3746; x_wconf 88' lang='lat' dir='ltr'><strong>tv,</strong></span> <span class='ocrx_word' id='word_1_807' title='bbox 3203 3678 3267 3733; x_wconf 77' lang='grc'><strong>16</strong></span> <span class='ocrx_word' id='word_1_808' title='bbox 3288 3679 3328 3750; x_wconf 90' lang='grc'>),</span> <span class='ocrx_word' id='word_1_809' title='bbox 3355 3681 3560 3748; x_wconf 88' lang='lat' dir='ltr'><strong>priores</strong></span> <span class='ocrx_word' id='word_1_810' title='bbox 3589 3695 3720 3736; x_wconf 85' lang='lat' dir='ltr'><strong>suas</strong></span> 
     </span>
    </p>
   </div>
   <div class='ocr_carea' id='block_1_100' title="bbox 2133 3769 3719 3846">
    <p class='ocr_par' dir='ltr' id='par_1_100' title="bbox 2133 3769 3719 3846">
     <span class='ocr_line' id='line_1_100' title="bbox 2133 3769 3719 3846; baseline -0.004 -14"><span class='ocrx_word' id='word_1_811' title='bbox 2133 3777 2410 3846; x_wconf 84' lang='lat' dir='ltr'><strong>opiniones</strong></span> <span class='ocrx_word' id='word_1_812' title='bbox 2430 3816 2445 3840; x_wconf 90' lang='lat'><strong>,</strong></span> <span class='ocrx_word' id='word_1_813' title='bbox 2490 3791 2622 3846; x_wconf 87' lang='lat' dir='ltr'><strong>quas</strong></span> <span class='ocrx_word' id='word_1_814' title='bbox 2659 3773 2727 3828; x_wconf 86' lang='lat' dir='ltr'><strong>de</strong></span> <span class='ocrx_word' id='word_1_815' title='bbox 2768 3774 2876 3828; x_wconf 89' lang='lat' dir='ltr'><strong>Deo</strong></span> <span class='ocrx_word' id='word_1_816' title='bbox 2904 3771 3169 3826; x_wconf 86' lang='lat' dir='ltr'><strong>habebant</strong></span> <span class='ocrx_word' id='word_1_817' title='bbox 3196 3787 3316 3824; x_wconf 88' lang='lat' dir='ltr'><strong>cum</strong></span> <span class='ocrx_word' id='word_1_818' title='bbox 3343 3771 3454 3824; x_wconf 88' lang='lat' dir='ltr'><strong>suis</strong></span> <span class='ocrx_word' id='word_1_819' title='bbox 3484 3769 3719 3841; x_wconf 81' lang='lat' dir='ltr'><strong>phanta-</strong></span> 
     </span>
    </p>
   </div>
   <div class='ocr_carea' id='block_1_101' title="bbox 2132 3860 3718 3928">
    <p class='ocr_par' dir='ltr' id='par_1_101' title="bbox 2132 3860 3718 3928">
     <span class='ocr_line' id='line_1_101' title="bbox 2132 3860 3718 3928; baseline -0.004 -5"><span class='ocrx_word' id='word_1_820' title='bbox 2132 3869 2390 3923; x_wconf 85' lang='lat' dir='ltr'><strong>smatibtts</strong></span> <span class='ocrx_word' id='word_1_821' title='bbox 2419 3866 2842 3928; x_wconf 86' lang='lat' dir='ltr'><strong>luditicarentur,</strong></span> <span class='ocrx_word' id='word_1_822' title='bbox 2878 3860 3158 3918; x_wconf 88' lang='lat' dir='ltr'><strong>irridentes</strong></span> <span class='ocrx_word' id='word_1_823' title='bbox 3185 3871 3238 3917; x_wconf 90' lang='lat' dir='ltr'><strong>et</strong></span> <span class='ocrx_word' id='word_1_824' title='bbox 3275 3862 3604 3916; x_wconf 71' lang='lat' dir='ltr'><strong>detestantes</strong></span> <span class='ocrx_word' id='word_1_825' title='bbox 3637 3872 3718 3916; x_wconf 85' lang='lat' dir='ltr'><strong>at.-</strong></span> 
     </span>
    </p>
   </div>
   <div class='ocr_carea' id='block_1_102' title="bbox 2133 3948 3718 4030">
    <p class='ocr_par' dir='ltr' id='par_1_102' title="bbox 2133 3948 3718 4030">
     <span class='ocr_line' id='line_1_102' title="bbox 2133 3948 3718 4030; baseline -0.004 -18"><span class='ocrx_word' id='word_1_826' title='bbox 2133 3975 2236 4030; x_wconf 90' lang='lat' dir='ltr'><strong>que</strong></span> <span class='ocrx_word' id='word_1_827' title='bbox 2263 3957 2581 4014; x_wconf 78' lang='lat' dir='ltr'><strong>confitentes</strong></span> <span class='ocrx_word' id='word_1_828' title='bbox 2621 3948 2893 4025; x_wconf 77' lang='lat' dir='ltr'><strong>abjiciunt.</strong></span> <span class='ocrx_word' id='word_1_829' title='bbox 2934 3954 3043 4009; x_wconf 81' lang='lat' dir='ltr'><strong>Nec</strong></span> <span class='ocrx_word' id='word_1_830' title='bbox 3071 3965 3248 4008; x_wconf 85' lang='lat' dir='ltr'><strong>tamen</strong></span> <span class='ocrx_word' id='word_1_831' title='bbox 3277 3954 3396 4009; x_wconf 85' lang='lat' dir='ltr'><strong>ideo</strong></span> <span class='ocrx_word' id='word_1_832' title='bbox 3428 3969 3533 4008; x_wconf 92' lang='lat' dir='ltr'><strong>non</strong></span> <span class='ocrx_word' id='word_1_833' title='bbox 3563 3967 3718 4008; x_wconf 89' lang='lat' dir='ltr'><strong>acce-</strong></span> 
     </span>
    </p>
   </div>
   <div class='ocr_carea' id='block_1_103' title="bbox 2135 4033 3715 4122">
    <p class='ocr_par' dir='ltr' id='par_1_103' title="bbox 2135 4033 3715 4122">
     <span class='ocr_line' id='line_1_103' title="bbox 2135 4033 3715 4122; baseline -0.004 -18"><span class='ocrx_word' id='word_1_834' title='bbox 2135 4053 2273 4122; x_wconf 79' lang='lat' dir='ltr'><strong>pisse</strong></span> <span class='ocrx_word' id='word_1_835' title='bbox 2299 4033 2627 4118; x_wconf 84' lang='lat' dir='ltr'><strong>Baptismutn</strong></span> <span class='ocrx_word' id='word_1_836' title='bbox 2653 4046 3046 4112; x_wconf 83' lang='lat' dir='ltr'><strong>existimantur,</strong></span> <span class='ocrx_word' id='word_1_837' title='bbox 3082 4054 3175 4099; x_wconf 89' lang='lat' dir='ltr'><strong>aut</strong></span> <span class='ocrx_word' id='word_1_838' title='bbox 3205 4045 3363 4098; x_wconf 85' lang='lat' dir='ltr'><strong>talem</strong></span> <span class='ocrx_word' id='word_1_839' title='bbox 3394 4043 3715 4113; x_wconf 88' lang='lat' dir='ltr'><strong>baptismunt</strong></span> 
     </span>
    </p>
   </div>
   <div class='ocr_carea' id='block_1_104' title="bbox 2132 4136 3716 4220">
    <p class='ocr_par' dir='ltr' id='par_1_104' title="bbox 2132 4136 3716 4220">
     <span class='ocr_line' id='line_1_104' title="bbox 2132 4136 3716 4220; baseline -0.006 -22"><span class='ocrx_word' id='word_1_840' title='bbox 2132 4142 2401 4220; x_wconf 83' lang='lat' dir='ltr'><strong>accepisse</strong></span> <span class='ocrx_word' id='word_1_841' title='bbox 2429 4141 2698 4207; x_wconf 91' lang='lat' dir='ltr'><strong>dicuntur,</strong></span> <span class='ocrx_word' id='word_1_842' title='bbox 2727 4141 2896 4211; x_wconf 86' lang='lat' dir='ltr'><strong>qualis</strong></span> <span class='ocrx_word' id='word_1_843' title='bbox 2926 4139 3023 4194; x_wconf 91' lang='lat' dir='ltr'><strong>fuit</strong></span> <span class='ocrx_word' id='word_1_844' title='bbox 3051 4154 3202 4194; x_wconf 87' lang='lat' dir='ltr'><strong>error</strong></span> <span class='ocrx_word' id='word_1_845' title='bbox 3231 4139 3463 4207; x_wconf 76' lang='lat' dir='ltr'><strong>ipSltI&#39;Ulll</strong></span> <span class='ocrx_word' id='word_1_846' title='bbox 3497 4155 3510 4188; x_wconf 88' lang='lat'><strong>:</strong></span> <span class='ocrx_word' id='word_1_847' title='bbox 3543 4136 3637 4190; x_wconf 90' lang='lat' dir='ltr'><strong>sed</strong></span> <span class='ocrx_word' id='word_1_848' title='bbox 3663 4138 3716 4189; x_wconf 89' lang='lat' dir='ltr'><strong>in</strong></span> 
     </span>
    </p>
   </div>
   <div class='ocr_carea' id='block_1_105' title="bbox 2133 4229 3717 4302">
    <p class='ocr_par' dir='ltr' id='par_1_105' title="bbox 2133 4229 3717 4302">
     <span class='ocr_line' id='line_1_105' title="bbox 2133 4229 3717 4302; baseline -0.005 -12"><span class='ocrx_word' id='word_1_849' title='bbox 2133 4236 2211 4290; x_wconf 88' lang='lat' dir='ltr'><strong>eis</strong></span> <span class='ocrx_word' id='word_1_850' title='bbox 2236 4243 2288 4289; x_wconf 90' lang='lat' dir='ltr'><strong>et</strong></span> <span class='ocrx_word' id='word_1_851' title='bbox 2307 4233 2636 4289; x_wconf 88' lang='lat' dir='ltr'><strong>Sacramenti</strong></span> <span class='ocrx_word' id='word_1_852' title='bbox 2665 4233 2935 4302; x_wconf 78' lang='lat' dir='ltr'><strong>integritas</strong></span> <span class='ocrx_word' id='word_1_853' title='bbox 2973 4231 3282 4294; x_wconf 81' lang='lat' dir='ltr'><strong>honoratur,</strong></span> <span class='ocrx_word' id='word_1_854' title='bbox 3319 4239 3372 4283; x_wconf 84' lang='lat' dir='ltr'><strong>et</strong></span> <span class='ocrx_word' id='word_1_855' title='bbox 3399 4229 3591 4282; x_wconf 87' lang='lat' dir='ltr'><strong>tuentis</strong></span> <span class='ocrx_word' id='word_1_856' title='bbox 3621 4244 3717 4282; x_wconf 85' lang='lat' dir='ltr'><strong>va-</strong></span> 
     </span>
    </p>
   </div>
   <div class='ocr_carea' id='block_1_106' title="bbox 2136 4319 3718 4389">
    <p class='ocr_par' dir='ltr' id='par_1_106' title="bbox 2136 4319 3718 4389">
     <span class='ocr_line' id='line_1_106' title="bbox 2136 4319 3718 4389; baseline -0.005 -9"><span class='ocrx_word' id='word_1_857' title='bbox 2136 4327 2272 4382; x_wconf 90' lang='lat' dir='ltr'><strong>nitas</strong></span> <span class='ocrx_word' id='word_1_858' title='bbox 2293 4325 2606 4380; x_wconf 87' lang='lat' dir='ltr'><strong>cmendatur</strong></span> <span class='ocrx_word' id='word_1_859' title='bbox 2628 4340 2642 4389; x_wconf 92' lang='lat'><strong>;</strong></span> <span class='ocrx_word' id='word_1_860' title='bbox 2667 4327 2823 4378; x_wconf 88' lang='lat' dir='ltr'><strong>etiam</strong></span> <span class='ocrx_word' id='word_1_861' title='bbox 2847 4323 2890 4376; x_wconf 91' lang='lat' dir='ltr'><strong>si</strong></span> <span class='ocrx_word' id='word_1_862' title='bbox 2913 4322 3244 4386; x_wconf 82' lang='lat' dir='ltr'><strong>coolirmata,</strong></span> <span class='ocrx_word' id='word_1_863' title='bbox 3271 4331 3323 4373; x_wconf 91' lang='lat' dir='ltr'><strong>et</strong></span> <span class='ocrx_word' id='word_1_864' title='bbox 3346 4319 3569 4374; x_wconf 82' lang='lat' dir='ltr'><strong>fortasse</strong></span> <span class='ocrx_word' id='word_1_865' title='bbox 3587 4319 3718 4373; x_wconf 87' lang='lat' dir='ltr'><strong>mul-</strong></span> 
     </span>
    </p>
   </div>
   <div class='ocr_carea' id='block_1_107' title="bbox 2137 4413 3717 4488">
    <p class='ocr_par' dir='ltr' id='par_1_107' title="bbox 2137 4413 3717 4488">
     <span class='ocr_line' id='line_1_107' title="bbox 2137 4413 3717 4488; baseline -0.004 -17"><span class='ocrx_word' id='word_1_866' title='bbox 2137 4418 2203 4472; x_wconf 85' lang='lat' dir='ltr'><strong>tis</strong></span> <span class='ocrx_word' id='word_1_867' title='bbox 2219 4415 2646 4471; x_wconf 87' lang='lat' dir='ltr'><strong>contentionibus</strong></span> <span class='ocrx_word' id='word_1_868' title='bbox 2671 4414 2884 4488; x_wconf 76' lang='lat' dir='ltr'><strong>defensa</strong></span> <span class='ocrx_word' id='word_1_869' title='bbox 2906 4413 3174 4466; x_wconf 72' lang='lat' dir='ltr'><strong>calluerat.</strong></span> <span class='ocrx_word' id='word_1_870' title='bbox 3201 4413 3534 4482; x_wconf 88' lang='lat' dir='ltr'><strong>Quapropter</strong></span> <span class='ocrx_word' id='word_1_871' title='bbox 3553 4413 3717 4466; x_wconf 86' lang='lat' dir='ltr'><strong>etiam</strong></span> 
     </span>
    </p>
   </div>
   <div class='ocr_carea' id='block_1_108' title="bbox 2136 4503 3722 4576">
    <p class='ocr_par' dir='ltr' id='par_1_108' title="bbox 2136 4503 3722 4576">
     <span class='ocr_line' id='line_1_108' title="bbox 2136 4503 3722 4576; baseline -0.003 -15"><span class='ocrx_word' id='word_1_872' title='bbox 2136 4509 2169 4561; x_wconf 84' lang='lat' dir='ltr'><strong>lt</strong></span> <span class='ocrx_word' id='word_1_873' title='bbox 2190 4509 2416 4562; x_wconf 60' lang='lat' dir='ltr'><strong>creticus</strong></span> <span class='ocrx_word' id='word_1_874' title='bbox 2443 4507 2530 4576; x_wconf 90' lang='lat' dir='ltr'><strong>qui</strong></span> <span class='ocrx_word' id='word_1_875' title='bbox 2558 4504 2836 4576; x_wconf 60' lang='lat' dir='ltr'><strong>perstricue</strong></span> <span class='ocrx_word' id='word_1_876' title='bbox 2865 4503 2996 4558; x_wconf 81' lang='lat' dir='ltr'><strong>furis</strong></span> <span class='ocrx_word' id='word_1_877' title='bbox 3027 4515 3141 4566; x_wconf 88' lang='lat' dir='ltr'><strong>est,</strong></span> <span class='ocrx_word' id='word_1_878' title='bbox 3172 4505 3215 4557; x_wconf 92' lang='lat' dir='ltr'><strong>si</strong></span> <span class='ocrx_word' id='word_1_879' title='bbox 3258 4505 3580 4572; x_wconf 76' lang='lat' dir='ltr'><strong>llaptistnum</strong></span> <span class='ocrx_word' id='word_1_880' title='bbox 3613 4504 3722 4557; x_wconf 84' lang='lat' dir='ltr'><strong>illic</strong></span> 
     </span>
    </p>
   </div>
   <div class='ocr_carea' id='block_1_109' title="bbox 2135 4595 3723 4668">
    <p class='ocr_par' dir='ltr' id='par_1_109' title="bbox 2135 4595 3723 4668">
     <span class='ocr_line' id='line_1_109' title="bbox 2135 4595 3723 4668; baseline -0.003 -15"><span class='ocrx_word' id='word_1_881' title='bbox 2135 4599 2496 4668; x_wconf 80' lang='lat' dir='ltr'><strong>evangelicum</strong></span> <span class='ocrx_word' id='word_1_882' title='bbox 2521 4596 2743 4665; x_wconf 80' lang='lat' dir='ltr'><strong>accepit,</strong></span> <span class='ocrx_word' id='word_1_883' title='bbox 2766 4611 2869 4651; x_wconf 88' lang='lat' dir='ltr'><strong>non</strong></span> <span class='ocrx_word' id='word_1_884' title='bbox 2895 4597 3051 4650; x_wconf 88' lang='lat' dir='ltr'><strong>talem</strong></span> <span class='ocrx_word' id='word_1_885' title='bbox 3084 4595 3264 4665; x_wconf 87' lang='lat' dir='ltr'><strong>utique</strong></span> <span class='ocrx_word' id='word_1_886' title='bbox 3287 4595 3606 4664; x_wconf 86' lang='lat' dir='ltr'><strong>baptismum</strong></span> <span class='ocrx_word' id='word_1_887' title='bbox 3631 4608 3723 4648; x_wconf 80' lang='lat' dir='ltr'><strong>ac-</strong></span> 
     </span>
    </p>
   </div>
   <div class='ocr_carea' id='block_1_110' title="bbox 2136 4685 3722 4760">
    <p class='ocr_par' dir='ltr' id='par_1_110' title="bbox 2136 4685 3722 4760">
     <span class='ocr_line' id='line_1_110' title="bbox 2136 4685 3722 4760; baseline -0.004 -15"><span class='ocrx_word' id='word_1_888' title='bbox 2136 4691 2274 4760; x_wconf 83' lang='lat' dir='ltr'><strong>cepit</strong></span> <span class='ocrx_word' id='word_1_889' title='bbox 2315 4689 2456 4758; x_wconf 82' lang='lat' dir='ltr'><strong>quali</strong></span> <span class='ocrx_word' id='word_1_890' title='bbox 2493 4703 2678 4742; x_wconf 88' lang='lat' dir='ltr'><strong>ertore</strong></span> <span class='ocrx_word' id='word_1_891' title='bbox 2713 4694 2963 4743; x_wconf 64' lang='lat' dir='ltr'><strong>etccatur.</strong></span> <span class='ocrx_word' id='word_1_892' title='bbox 2997 4687 3064 4743; x_wconf 83' lang='lat' dir='ltr'><strong>Et</strong></span> <span class='ocrx_word' id='word_1_893' title='bbox 3107 4697 3386 4757; x_wconf 83' lang='lat' dir='ltr'><strong>propterea</strong></span> <span class='ocrx_word' id='word_1_894' title='bbox 3429 4689 3472 4741; x_wconf 90' lang='lat' dir='ltr'><strong>si</strong></span> <span class='ocrx_word' id='word_1_895' title='bbox 3527 4685 3722 4755; x_wconf 65' lang='lat' dir='ltr'><strong>resipi-</strong></span> 
     </span>
    </p>
   </div>
   <div class='ocr_carea' id='block_1_111' title="bbox 2139 4779 3720 4850">
    <p class='ocr_par' dir='ltr' id='par_1_111' title="bbox 2139 4779 3720 4850">
     <span class='ocr_line' id='line_1_111' title="bbox 2139 4779 3720 4850; baseline -0.005 -14"><span class='ocrx_word' id='word_1_896' title='bbox 2139 4795 2296 4836; x_wconf 79' lang='lat' dir='ltr'><strong>scens</strong></span> <span class='ocrx_word' id='word_1_897' title='bbox 2324 4780 2514 4834; x_wconf 86' lang='lat' dir='ltr'><strong>viderit</strong></span> <span class='ocrx_word' id='word_1_898' title='bbox 2551 4779 2955 4850; x_wconf 89' lang='lat' dir='ltr'><strong>relinquendum</strong></span> <span class='ocrx_word' id='word_1_899' title='bbox 2983 4793 3102 4834; x_wconf 87' lang='lat' dir='ltr'><strong>esse</strong></span> <span class='ocrx_word' id='word_1_900' title='bbox 3123 4779 3264 4849; x_wconf 89' lang='lat' dir='ltr'><strong>quod</strong></span> <span class='ocrx_word' id='word_1_901' title='bbox 3293 4779 3431 4833; x_wconf 85' lang='lat' dir='ltr'><strong>male</strong></span> <span class='ocrx_word' id='word_1_902' title='bbox 3455 4788 3720 4846; x_wconf 82' lang='lat' dir='ltr'><strong>tenuerat,</strong></span> 
     </span>
    </p>
   </div>
   <div class='ocr_carea' id='block_1_112' title="bbox 2140 4869 3725 4941">
    <p class='ocr_par' dir='ltr' id='par_1_112' title="bbox 2140 4869 3725 4941">
     <span class='ocr_line' id='line_1_112' title="bbox 2140 4869 3725 4941; baseline -0.002 -15"><span class='ocrx_word' id='word_1_903' title='bbox 2140 4892 2242 4928; x_wconf 88' lang='lat' dir='ltr'><strong>non</strong></span> <span class='ocrx_word' id='word_1_904' title='bbox 2271 4873 2426 4927; x_wconf 87' lang='lat' dir='ltr'><strong>simul</strong></span> <span class='ocrx_word' id='word_1_905' title='bbox 2456 4874 2501 4926; x_wconf 90' lang='lat' dir='ltr'><strong>ei</strong></span> <span class='ocrx_word' id='word_1_906' title='bbox 2533 4869 2936 4940; x_wconf 86' lang='lat' dir='ltr'><strong>relinquendum</strong></span> <span class='ocrx_word' id='word_1_907' title='bbox 2967 4878 3048 4925; x_wconf 87' lang='lat' dir='ltr'><strong>est</strong></span> <span class='ocrx_word' id='word_1_908' title='bbox 3085 4870 3281 4924; x_wconf 86' lang='lat' dir='ltr'><strong>bonum</strong></span> <span class='ocrx_word' id='word_1_909' title='bbox 3313 4869 3454 4941; x_wconf 79' lang='lat' dir='ltr'><strong>quod</strong></span> <span class='ocrx_word' id='word_1_910' title='bbox 3498 4886 3725 4939; x_wconf 81' lang='lat' dir='ltr'><strong>accepe-</strong></span> 
     </span>
    </p>
   </div>
   <div class='ocr_carea' id='block_1_113' title="bbox 2141 4963 3722 5036">
    <p class='ocr_par' dir='ltr' id='par_1_113' title="bbox 2141 4963 3722 5036">
     <span class='ocr_line' id='line_1_113' title="bbox 2141 4963 3722 5036; baseline -0.003 -14"><span class='ocrx_word' id='word_1_911' title='bbox 2141 4979 2221 5022; x_wconf 85' lang='lat' dir='ltr'><strong>rat</strong></span> <span class='ocrx_word' id='word_1_912' title='bbox 2249 4985 2261 5020; x_wconf 93' lang='lat'><strong>:</strong></span> <span class='ocrx_word' id='word_1_913' title='bbox 2290 4982 2387 5021; x_wconf 88' lang='lat' dir='ltr'><strong>nec</strong></span> <span class='ocrx_word' id='word_1_914' title='bbox 2413 4966 2533 5036; x_wconf 88' lang='lat' dir='ltr'><strong>quia</strong></span> <span class='ocrx_word' id='word_1_915' title='bbox 2555 4981 2708 5019; x_wconf 86' lang='lat' dir='ltr'><strong>error</strong></span> <span class='ocrx_word' id='word_1_916' title='bbox 2737 4964 2874 5017; x_wconf 87' lang='lat' dir='ltr'><strong>illius</strong></span> <span class='ocrx_word' id='word_1_917' title='bbox 2901 4963 3279 5033; x_wconf 87' lang='lat' dir='ltr'><strong>improbandus</strong></span> <span class='ocrx_word' id='word_1_918' title='bbox 3307 4972 3409 5028; x_wconf 85' lang='lat' dir='ltr'><strong>est,</strong></span> <span class='ocrx_word' id='word_1_919' title='bbox 3439 4971 3722 5032; x_wconf 79' lang='lat' dir='ltr'><strong>propterea</strong></span> 
     </span>
    </p>
   </div>
   <div class='ocr_carea' id='block_1_114' title="bbox 2142 5055 3725 5128">
    <p class='ocr_par' dir='ltr' id='par_1_114' title="bbox 2142 5055 3725 5128">
     <span class='ocr_line' id='line_1_114' title="bbox 2142 5055 3725 5128; baseline -0.002 -16"><span class='ocrx_word' id='word_1_920' title='bbox 2142 5060 2442 5128; x_wconf 61' lang='lat' dir='ltr'><strong>Baptismus</strong></span> <span class='ocrx_word' id='word_1_921' title='bbox 2470 5057 2665 5111; x_wconf 83' lang='lat' dir='ltr'><strong>Christi</strong></span> <span class='ocrx_word' id='word_1_922' title='bbox 2707 5057 2758 5110; x_wconf 92' lang='lat' dir='ltr'><strong>in</strong></span> <span class='ocrx_word' id='word_1_923' title='bbox 2801 5056 2888 5110; x_wconf 90' lang='lat' dir='ltr'><strong>illo</strong></span> <span class='ocrx_word' id='word_1_924' title='bbox 2915 5055 3276 5111; x_wconf 72' lang='lat' dir='ltr'><strong>exsulllandus</strong></span> <span class='ocrx_word' id='word_1_925' title='bbox 3302 5065 3402 5110; x_wconf 91' lang='lat' dir='ltr'><strong>est.</strong></span> <span class='ocrx_word' id='word_1_926' title='bbox 3431 5057 3548 5109; x_wconf 84' lang='lat' dir='ltr'><strong>Jam</strong></span> <span class='ocrx_word' id='word_1_927' title='bbox 3577 5055 3725 5110; x_wconf 80' lang='lat' dir='ltr'><strong>enim</strong></span> 
     </span>
    </p>
   </div>
   <div class='ocr_carea' id='block_1_115' title="bbox 2140 5146 3726 5219">
    <p class='ocr_par' dir='ltr' id='par_1_115' title="bbox 2140 5146 3726 5219">
     <span class='ocr_line' id='line_1_115' title="bbox 2140 5146 3726 5219; baseline -0.002 -14"><span class='ocrx_word' id='word_1_928' title='bbox 2140 5168 2210 5205; x_wconf 72' lang='lat' dir='ltr'><strong>e1</strong></span> <span class='ocrx_word' id='word_1_929' title='bbox 2238 5152 2302 5205; x_wconf 86' lang='lat' dir='ltr'><strong>iis</strong></span> <span class='ocrx_word' id='word_1_930' title='bbox 2325 5165 2458 5219; x_wconf 86' lang='lat' dir='ltr'><strong>quos</strong></span> <span class='ocrx_word' id='word_1_931' title='bbox 2485 5149 2626 5202; x_wconf 89' lang='lat' dir='ltr'><strong>intus</strong></span> <span class='ocrx_word' id='word_1_932' title='bbox 2654 5146 2911 5218; x_wconf 80' lang='lat' dir='ltr'><strong>contingit</strong></span> <span class='ocrx_word' id='word_1_933' title='bbox 2937 5147 3002 5202; x_wconf 90' lang='lat' dir='ltr'><strong>de</strong></span> <span class='ocrx_word' id='word_1_934' title='bbox 3031 5147 3143 5202; x_wconf 88' lang='lat' dir='ltr'><strong>Deo</strong></span> <span class='ocrx_word' id='word_1_935' title='bbox 3171 5147 3300 5202; x_wconf 87' lang='lat' dir='ltr'><strong>falsa</strong></span> <span class='ocrx_word' id='word_1_936' title='bbox 3322 5148 3601 5215; x_wconf 61' lang='lat' dir='ltr'><strong>opinantes</strong></span> <span class='ocrx_word' id='word_1_937' title='bbox 3626 5147 3726 5202; x_wconf 85' lang='lat' dir='ltr'><strong>ba-</strong></span> 
     </span>
    </p>
   </div>
   <div class='ocr_carea' id='block_1_116' title="bbox 2145 5238 3726 5310">
    <p class='ocr_par' dir='ltr' id='par_1_116' title="bbox 2145 5238 3726 5310">
     <span class='ocr_line' id='line_1_116' title="bbox 2145 5238 3726 5310; baseline -0.001 -16"><span class='ocrx_word' id='word_1_938' title='bbox 2145 5242 2362 5310; x_wconf 78' lang='lat' dir='ltr'><strong>ptizari,</strong></span> <span class='ocrx_word' id='word_1_939' title='bbox 2390 5241 2518 5295; x_wconf 64' lang='lat' dir='ltr'><strong>s‘atis</strong></span> <span class='ocrx_word' id='word_1_940' title='bbox 2562 5239 2738 5294; x_wconf 86' lang='lat' dir='ltr'><strong>elucet</strong></span> <span class='ocrx_word' id='word_1_941' title='bbox 2779 5239 3183 5294; x_wconf 89' lang='lat' dir='ltr'><strong>discernendam</strong></span> <span class='ocrx_word' id='word_1_942' title='bbox 3229 5254 3350 5294; x_wconf 71' lang='lat' dir='ltr'><strong>esse</strong></span> <span class='ocrx_word' id='word_1_943' title='bbox 3392 5238 3726 5294; x_wconf 79' lang='lat' dir='ltr'><strong>Sacramenti</strong></span> 
     </span>
    </p>
   </div>
   <div class='ocr_carea' id='block_1_117' title="bbox 2143 5331 3724 5400">
    <p class='ocr_par' dir='ltr' id='par_1_117' title="bbox 2143 5331 3724 5400">
     <span class='ocr_line' id='line_1_117' title="bbox 2143 5331 3724 5400; baseline -0.005 -10"><span class='ocrx_word' id='word_1_944' title='bbox 2143 5336 2415 5390; x_wconf 86' lang='lat' dir='ltr'><strong>veritatem</strong></span> <span class='ocrx_word' id='word_1_945' title='bbox 2446 5348 2475 5386; x_wconf 88' lang='lat' dir='ltr'><strong>a</strong></span> <span class='ocrx_word' id='word_1_946' title='bbox 2509 5333 2644 5386; x_wconf 90' lang='lat' dir='ltr'><strong>male</strong></span> <span class='ocrx_word' id='word_1_947' title='bbox 2685 5331 2952 5386; x_wconf 84' lang='lat' dir='ltr'><strong>credentis</strong></span> <span class='ocrx_word' id='word_1_948' title='bbox 2977 5346 3194 5395; x_wconf 87' lang='lat' dir='ltr'><strong>errore,</strong></span> <span class='ocrx_word' id='word_1_949' title='bbox 3228 5331 3470 5400; x_wconf 84' lang='lat' dir='ltr'><strong>quamvis</strong></span> <span class='ocrx_word' id='word_1_950' title='bbox 3515 5337 3724 5382; x_wconf 81' lang='lat' dir='ltr'><strong>utram-</strong></span> 
     </span>
    </p>
   </div>
   <div class='ocr_carea' id='block_1_118' title="bbox 2142 5421 3727 5500">
    <p class='ocr_par' dir='ltr' id='par_1_118' title="bbox 2142 5421 3727 5500">
     <span class='ocr_line' id='line_1_118' title="bbox 2142 5421 3727 5500; baseline -0.003 -18"><span class='ocrx_word' id='word_1_951' title='bbox 2142 5446 2244 5500; x_wconf 90' lang='lat' dir='ltr'><strong>quc</strong></span> <span class='ocrx_word' id='word_1_952' title='bbox 2272 5429 2323 5483; x_wconf 89' lang='lat' dir='ltr'><strong>in</strong></span> <span class='ocrx_word' id='word_1_953' title='bbox 2353 5427 2567 5482; x_wconf 85' lang='lat' dir='ltr'><strong>hotttinc</strong></span> <span class='ocrx_word' id='word_1_954' title='bbox 2589 5441 2693 5480; x_wconf 90' lang='lat' dir='ltr'><strong>uno</strong></span> <span class='ocrx_word' id='word_1_955' title='bbox 2713 5424 2881 5479; x_wconf 88' lang='lat' dir='ltr'><strong>valeat</strong></span> <span class='ocrx_word' id='word_1_956' title='bbox 2901 5423 3125 5479; x_wconf 85' lang='lat' dir='ltr'><strong>inveniri</strong></span> <span class='ocrx_word' id='word_1_957' title='bbox 3148 5440 3162 5486; x_wconf 87' lang='lat'><strong>;</strong></span> <span class='ocrx_word' id='word_1_958' title='bbox 3185 5433 3234 5478; x_wconf 91' lang='lat' dir='ltr'><strong>cl</strong></span> <span class='ocrx_word' id='word_1_959' title='bbox 3267 5422 3384 5478; x_wconf 86' lang='lat' dir='ltr'><strong>ideo</strong></span> <span class='ocrx_word' id='word_1_960' title='bbox 3409 5437 3530 5478; x_wconf 88' lang='lat' dir='ltr'><strong>cum</strong></span> <span class='ocrx_word' id='word_1_961' title='bbox 3561 5421 3727 5477; x_wconf 84' lang='lat' dir='ltr'><strong>etiam</strong></span> 
     </span>
    </p>
   </div>
   <div class='ocr_carea' id='block_1_119' title="bbox 2145 5516 3722 5589">
    <p class='ocr_par' dir='ltr' id='par_1_119' title="bbox 2145 5516 3722 5589">
     <span class='ocr_line' id='line_1_119' title="bbox 2145 5516 3722 5589; baseline -0.004 -12"><span class='ocrx_word' id='word_1_962' title='bbox 2145 5523 2272 5578; x_wconf 86' lang='lat' dir='ltr'><strong>foris</strong></span> <span class='ocrx_word' id='word_1_963' title='bbox 2302 5522 2354 5576; x_wconf 89' lang='lat' dir='ltr'><strong>in</strong></span> <span class='ocrx_word' id='word_1_964' title='bbox 2381 5536 2563 5577; x_wconf 88' lang='lat' dir='ltr'><strong>errore</strong></span> <span class='ocrx_word' id='word_1_965' title='bbox 2586 5519 2763 5589; x_wconf 87' lang='lat' dir='ltr'><strong>aliquo</strong></span> <span class='ocrx_word' id='word_1_966' title='bbox 2791 5519 3131 5583; x_wconf 88' lang='lat' dir='ltr'><strong>constitutus,</strong></span> <span class='ocrx_word' id='word_1_967' title='bbox 3164 5533 3291 5573; x_wconf 83' lang='lat' dir='ltr'><strong>vero</strong></span> <span class='ocrx_word' id='word_1_968' title='bbox 3315 5527 3491 5572; x_wconf 85' lang='lat' dir='ltr'><strong>tamen</strong></span> <span class='ocrx_word' id='word_1_969' title='bbox 3526 5516 3722 5573; x_wconf 85' lang='lat' dir='ltr'><strong>Sacra-</strong></span> 
     </span>
    </p>
   </div>
   <div class='ocr_carea' id='block_1_120' title="bbox 2143 5608 3728 5680">
    <p class='ocr_par' dir='ltr' id='par_1_120' title="bbox 2143 5608 3728 5680">
     <span class='ocr_line' id='line_1_120' title="bbox 2143 5608 3728 5680; baseline -0.003 -13"><span class='ocrx_word' id='word_1_970' title='bbox 2143 5623 2322 5668; x_wconf 89' lang='lat' dir='ltr'><strong>mento</strong></span> <span class='ocrx_word' id='word_1_971' title='bbox 2349 5612 2507 5666; x_wconf 89' lang='lat' dir='ltr'><strong>fuerit</strong></span> <span class='ocrx_word' id='word_1_972' title='bbox 2546 5611 2872 5680; x_wconf 81' lang='lat' dir='ltr'><strong>baptizatus,</strong></span> <span class='ocrx_word' id='word_1_973' title='bbox 2910 5624 3031 5664; x_wconf 88' lang='lat' dir='ltr'><strong>cum</strong></span> <span class='ocrx_word' id='word_1_974' title='bbox 3061 5609 3314 5665; x_wconf 79' lang='lat' dir='ltr'><strong>Ecclesia:</strong></span> <span class='ocrx_word' id='word_1_975' title='bbox 3343 5608 3582 5664; x_wconf 84' lang='lat' dir='ltr'><strong>redditur</strong></span> <span class='ocrx_word' id='word_1_976' title='bbox 3609 5609 3728 5662; x_wconf 88' lang='lat' dir='ltr'><strong>uni--</strong></span> 
     </span>
    </p>
   </div>
   <div class='ocr_carea' id='block_1_121' title="bbox 2145 5701 3734 5772">
    <p class='ocr_par' dir='ltr' id='par_1_121' title="bbox 2145 5701 3734 5772">
     <span class='ocr_line' id='line_1_121' title="bbox 2145 5701 3734 5772; baseline -0.003 -12"><span class='ocrx_word' id='word_1_977' title='bbox 2145 5705 2257 5768; x_wconf 89' lang='lat' dir='ltr'><strong>tati,</strong></span> <span class='ocrx_word' id='word_1_978' title='bbox 2287 5706 2423 5759; x_wconf 82' lang='lat' dir='ltr'><strong>sicut</strong></span> <span class='ocrx_word' id='word_1_979' title='bbox 2471 5703 2616 5758; x_wconf 73' lang='lat' dir='ltr'><strong>falsa:</strong></span> <span class='ocrx_word' id='word_1_980' title='bbox 2644 5702 2764 5756; x_wconf 83' lang='lat' dir='ltr'><strong>fidei</strong></span> <span class='ocrx_word' id='word_1_981' title='bbox 2809 5717 2930 5757; x_wconf 86' lang='lat' dir='ltr'><strong>vera</strong></span> <span class='ocrx_word' id='word_1_982' title='bbox 2979 5701 3246 5768; x_wconf 85' lang='lat' dir='ltr'><strong>succedit,</strong></span> <span class='ocrx_word' id='word_1_983' title='bbox 3287 5717 3394 5756; x_wconf 88' lang='lat' dir='ltr'><strong>non</strong></span> <span class='ocrx_word' id='word_1_984' title='bbox 3432 5702 3509 5756; x_wconf 90' lang='lat' dir='ltr'><strong>sic</strong></span> <span class='ocrx_word' id='word_1_985' title='bbox 3552 5710 3734 5772; x_wconf 73' lang='lat' dir='ltr'><strong>potest</strong></span> 
     </span>
    </p>
   </div>
   <div class='ocr_carea' id='block_1_122' title="bbox 2144 5795 3720 5868">
    <p class='ocr_par' dir='ltr' id='par_1_122' title="bbox 2144 5795 3720 5868">
     <span class='ocr_line' id='line_1_122' title="bbox 2144 5795 3720 5868; baseline 0.002 -15"><span class='ocrx_word' id='word_1_986' title='bbox 2144 5797 2304 5854; x_wconf 86' lang='lat' dir='ltr'><strong>etiam</strong></span> <span class='ocrx_word' id='word_1_987' title='bbox 2352 5812 2478 5851; x_wconf 86' lang='lat' dir='ltr'><strong>vero</strong></span> <span class='ocrx_word' id='word_1_988' title='bbox 2528 5795 2795 5866; x_wconf 79' lang='lat' dir='ltr'><strong>llaptismo</strong></span> <span class='ocrx_word' id='word_1_989' title='bbox 2832 5800 2993 5853; x_wconf 85' lang='lat' dir='ltr'><strong>verus</strong></span> <span class='ocrx_word' id='word_1_990' title='bbox 3034 5795 3333 5868; x_wconf 80' lang='lat' dir='ltr'><strong>Baptismus</strong></span> <span class='ocrx_word' id='word_1_991' title='bbox 3381 5797 3669 5852; x_wconf 84' lang='lat' dir='ltr'><strong>succedere</strong></span> <span class='ocrx_word' id='word_1_992' title='bbox 3705 5820 3720 5856; x_wconf 92' lang='lat'><strong>:</strong></span> 
     </span>
    </p>
   </div>
  </div>
