4050 6206
246 343 335 399 tua
1581 334 1780 388 LtttER
1821 332 2161 398 QUARTUS.

244 459 358 525 quia
399 456 539 511 idem
589 454 702 522 ipse
742 454 838 508 sibi
875 452 1161 506 succedere
1200 467 1301 505 non
1333 459 1538 521 potest;
1569 451 1689 521 quia
1724 465 1825 504 nec

245 549 501 602 decedere
550 556 743 616 potest.
789 545 868 599 Ad
912 544 1011 599 huc
1042 559 1171 613 ergo
1201 543 1433 598 hazretici
1488 543 1552 596 ad
1594 542 1830 596 Catholi-

245 657 355 697 Cam
387 641 603 695 veniunt
627 681 642 701 ,
676 649 728 690 ut
759 636 897 705 quod
937 652 1124 690 eorum
1170 633 1367 689 malum
1392 643 1474 690 cst
1510 634 1827 703 corrigatur,

248 750 347 788 non
369 731 511 799 quod
537 732 731 783 boumn
757 728 848 782 Dei
874 739 956 782 est
981 736 1269 796 repetatur.

312 822 538 880 CAPUT
577 820 926 875 XVl.——25.
978 820 1111 872 Dicit
1155 818 1351 888 aliquis
1388 835 1403 871 :
1447 817 1655 870 Nihilne
1704 830 1833 887 ergo

248 919 489 974 interest.
510 913 555 967 si
577 912 685 966 duo
712 911 763 964 i'n
792 925 977 964 errore
1003 909 1115 979 pari
1146 916 1306 978 atque
1331 907 1530 961 malitia
1556 906 1831 961 cotistituti

248 1008 386 1073 sint,
416 1020 517 1059 ncc
539 1004 648 1058 vita
677 1018 775 1056 nec
816 1001 978 1057 corde
1006 1010 1211 1054 mutato
1229 1040 1243 1063 ,
1275 1000 1411 1053 alius
1434 1013 1619 1053 eorum
1665 996 1796 1051 l‘oris
1814 1038 1829 1061 ,

248 1099 377 1153 alius
423 1096 568 1150 intus
592 1093 933 1164 baptizetur?
980 1092 1175 1146 Fateor
1203 1091 1464 1145 interesse
1508 1107 1522 1144 :
1565 1090 1652 1144 ille
1689 1089 1832 1143 enim

247 1190 394 1260 pejor
417 1197 502 1241 est
526 1185 617 1255 qui
644 1186 804 1240 etiam
833 1184 967 1239 foris
995 1183 1313 1249 baptizatur,
1341 1197 1446 1235 non
1472 1195 1537 1233 eo
1565 1179 1705 1250 quod
1733 1180 1829 1233 ba-

248 1281 490 1345 ptizatur,
513 1277 609 1330 sed
631 1290 696 1330 eo
720 1274 860 1344 quod
888 1273 1019 1328 loris
1052 1281 1173 1338 est;
1205 1281 1286 1327 est
1309 1271 1452 1327 enim
1481 1271 1640 1326 etiam
1671 1271 1837 1340 ipsius

245 1367 528 1423 divisionis
559 1382 660 1421 nec
690 1366 891 1420 nullum
920 1380 1019 1420 nec
1051 1380 1269 1434 parvum
1298 1364 1493 1417 malum
1528 1380 1541 1420 :
1575 1364 1620 1417 si
1651 1374 1828 1418 tamen

246 1463 332 1515 illc
354 1460 447 1530 qui
492 1460 636 1513 intus
673 1458 1003 1527 baptizatur,
1038 1473 1142 1510 non
1175 1467 1392 1526 propter
1416 1455 1630 1525 aliquod
1663 1464 1834 1511 terre-

151 1611 156 1619 .
247 1566 369 1603 num
400 1561 495 1602 aut
523 1548 817 1618 temporale
838 1545 1175 1602 eommodmn
1214 1547 1356 1601 intus
1382 1561 1502 1601 esse
1523 1546 1709 1611 voluit,
1737 1546 1833 1601 sed

245 1639 384 1709 quod
412 1641 668 1693 unitatem
694 1637 944 1692 Ecclesia:
965 1645 1074 1690 toto
1088 1637 1227 1691 'orbc
1248 1635 1453 1691 diffusa:
1478 1636 1826 1691 schismatum

246 1731 640 1785 concisionibus
661 1730 926 1799 prictulit;
959 1729 1189 1799 alioquin
1215 1729 1376 1784 etiam
1406 1729 1520 1797 ipse
1546 1729 1685 1784 inter
1711 1729 1833 1785 illos

248 1823 335 1891 qui
380 1822 514 1876 {oris
562 1831 687 1875 sunt
734 1820 1069 1890 deputandus
1118 1829 1221 1875 est.
1274 1818 1669 1875 Constituamus
1706 1834 1834 1890 ergo

248 1913 382 1969 duos
408 1914 615 1982 aliquos
643 1913 746 1966 isto
773 1912 933 1967 modo
964 1929 979 1966 :
1011 1927 1176 1966 unum
1204 1926 1391 1966 eorum
1411 1953 1427 1978 ,
1455 1912 1601 1966 vcrbi
1642 1912 1832 1982 gratia,

253 2003 305 2057 id
335 2005 539 2057 sentire
564 2002 633 2056 de
659 2000 876 2056 Christo
900 2001 1040 2071 quod
1070 2001 1329 2056 Photinus
1366 2001 1614 2069 opinatus
1634 2009 1718 2055 est
1736 2042 1751 2067 ,
1781 2010 1839 2055 et

251 2095 302 2147 in
338 2095 456 2163 ejus
494 2093 684 2147 haeresi
757 2092 1012 2162 baptizari
1065 2100 1215 2148 extra
1258 2092 1510 2147 Ecclesia:
1560 2091 1836 2147 catholica:

252 2185 715 2247 communionem;
743 2183 904 2237 alium
933 2198 1061 2238 vero
1091 2183 1191 2237 hoc
1219 2183 1358 2238 idem
1389 2183 1611 2250 sentire,
1643 2182 1738 2238 sed
1780 2183 1834 2237 in

254 2278 525 2331 Catholica
552 2276 829 2347 baptizari,
862 2276 1254 2331 existimantem
1286 2276 1454 2345 ipsam
1495 2290 1616 2331 esse
1651 2275 1838 2331 catho-

256 2368 407 2421 licam
432 2367 612 2420 lidem.
646 2366 805 2421 Istum
832 2366 1065 2422 nondum
1089 2365 1399 2421 bmreticum
1423 2366 1564 2433 dico,
1594 2366 1694 2421 nisi
1724 2382 1838 2422 ma-

252 2460 499 2515 nifestata
519 2459 621 2513 sibi
649 2458 889 2514 doctrina
911 2459 1193 2514 catholica:
1215 2459 1336 2515 fidei
1363 2460 1611 2515 resistere
1636 2461 1836 2516 malue-

256 2553 360 2615 rit,
401 2561 457 2607 et
498 2550 626 2605 illud
655 2550 794 2620 quod
844 2550 1050 2606 tenebat
1088 2550 1341 2621 elegerit;
1370 2550 1513 2621 quod
1553 2560 1834 2621 antequam

257 2641 379 2704 ﬁat,
406 2641 745 2695 manifestum
789 2650 870 2696 est
909 2642 1055 2695 illum
1086 2643 1178 2712 qui
1225 2641 1355 2696 foris
1396 2642 1689 2712 baptizatus
1717 2643 1836 2699 est’

255 2747 369 2787 esse
396 2732 657 2803 pejor-em.
706 2731 884 2801 Itaque
922 2732 974 2786 in
1005 2732 1104 2787 hoc
1132 2732 1242 2786 sola
1272 2732 1399 2786 falsa
1427 2732 1629 2802 opinio,
1660 2733 1715 2788 in
1744 2734 1838 2790 illo

256 2833 426 2877 autem
452 2824 615 2877 etiam
649 2823 760 2890 ipsa
797 2822 991 2877 divisio
1027 2821 1336 2892 corrigenda
1364 2830 1476 2883 est;
1508 2821 1603 2877 sed
1626 2822 1678 2877 in
1707 2837 1840 2877 neu-

258 2924 335 2969 tro
378 2916 618 2985 ipsorum
656 2913 990 2970 Sacramenti
1031 2913 1228 2967 veritas
1268 2910 1576 2983 repetenda.
1617 2911 1768 2981 Quod
1791 2913 1837 2967 si

254 3007 527 3074 quisquam
558 3002 701 3057 idem
727 3003 922 3058 sentiat
947 3002 1089 3073 quod
1126 3002 1225 3069 illi,
1254 3012 1308 3057 et
1335 3016 1458 3058 esse
1495 3003 1703 3058 noverit
1727 3003 1838 3059 lue-

255 3098 411 3151 resim
432 3096 505 3149 ab
527 3096 730 3150 unitate
755 3094 1017 3149 catholica
1045 3103 1343 3164 separatam
1371 3095 1462 3150 ubi
1488 3094 1592 3151 hoc
1619 3095 1839 3152 docetur

253 3195 304 3241 et
342 3187 593 3251 discitur,
626 3185 719 3241 sed
747 3185 971 3256 alicujus
1000 3186 1271 3241 szccularis
1299 3188 1647 3244 emolumenti
1677 3204 1837 3245 causa

253 3277 305 3332 in
339 3277 608 3332 catholica
655 3278 857 3332 unitate
892 3277 1145 3347 baptizari
1172 3278 1418 3343 voluerit,
1460 3280 1542 3335 vel
1572 3280 1627 3335 in
1650 3296 1714 3336 ea
1743 3281 1840 3335 ha-

257 3369 478 3437 ptizatus
517 3378 739 3437 propter
781 3367 882 3422 hoc
910 3366 1058 3423 exire
1082 3367 1207 3422 inde
1247 3368 1506 3435 noluerit;
1532 3382 1636 3425 non
1665 3371 1837 3426 solum

252 3471 528 3530 separatus
566 3457 843 3514 habendus
869 3467 984 3526 est,
1011 3473 1197 3512 verum
1238 3458 1398 3513 etiam
1424 3466 1575 3514 tanto
1609 3461 1840 3520 scelera-

255 3549 376 3613 tius,
417 3560 621 3620 quanto
647 3549 815 3619 magis
849 3548 1020 3604 errori
1049 3547 1268 3603 hmresis
1308 3558 1363 3604 et
1388 3550 1637 3606 divisioni
1664 3550 1840 3607 unita-

256 3642 318 3695 tis
342 3642 608 3697 fallaciam
648 3641 999 3695 simulationis
1035 3640 1293 3711 adiungit.
1336 3641 1694 3709 Quamobrem
1735 3635 1836 3699 cu-

250 3732 433 3802 jusque
474 3731 711 3787 hominis
736 3732 968 3801 pravitas
985 3771 1002 3798 ,
1034 3740 1234 3802 quanto
1262 3731 1613 3801 periculosior
1639 3743 1696 3787 et
1722 3741 1837 3788 tor-

257 3826 453 3880 tuosior
482 3833 600 3887 cst,
632 3832 780 3879 tanto
815 3822 1100 3877 instantius
1133 3831 1188 3877 et
1216 3823 1496 3892 operosius
1521 3821 1837 3892 corrigenda

256 3924 364 3968 est:
395 3929 500 3970 nec
523 3913 645 3968 ideo
671 3923 847 3969 tamen
877 3914 920 3968 si
949 3913 1071 3982 quid
1100 3912 1258 3967 habet
1286 3913 1569 3982 integrum,
1605 3927 1840 3982 praeser-

258 4004 344 4057 tim
376 4022 482 4058 non
515 4019 671 4058 suum
690 4045 703 4066 ,
741 4003 837 4059 sed
867 4004 985 4070 Dei,
1020 4011 1236 4073 pr0ptcr
1262 4003 1575 4073 pravitatem
1606 4002 1724 4073 ejus
1755 4004 1836 4059 vel

255 4096 452 4149 nullum
474 4094 762 4163 putandum
788 4102 891 4158 est,
915 4094 994 4148 vel
1011 4093 1201 4148 eodem
1229 4093 1387 4147 modo
1407 4093 1832 4162 vituperandum,

255 4187 332 4240 vel
361 4187 481 4254 ejus
504 4184 748 4255 pravitati
790 4184 1157 4253 tribuendum,
1188 4197 1251 4237 ac
1280 4197 1385 4236 non
1416 4183 1554 4238 illius
1585 4184 1844 4254 largitati,

254 4280 339 4347 qui
365 4279 526 4333 etiam
555 4276 835 4332 fornicauti
857 4292 886 4330 a
908 4291 967 4330 se
986 4276 1200 4340 animae,
1227 4282 1282 4330 et
1310 4274 1456 4329 eunti
1485 4285 1604 4343 post
1631 4285 1837 4330 amato-

253 4386 337 4426 res
364 4385 494 4425 suos
512 4368 661 4424 dedit
687 4383 876 4437 panem
897 4383 1073 4431 suum,
1102 4375 1156 4421 et
1179 4366 1358 4421 vinum
1380 4382 1555 4427 suum,
1584 4375 1637 4421 et
1661 4368 1834 4421 oleum

252 4476 428 4525 suum,
455 4468 513 4513 et
535 4459 639 4513 alia
672 4458 748 4513 vel
776 4457 1024 4512 alimenta
1064 4456 1146 4509 vel
1173 4463 1505 4521 ornamenta,
1529 4472 1647 4525 quia:
1678 4473 1777 4510 nec
1804 4473 1836 4512 a

254 4567 309 4606 se
335 4552 479 4620 ipsa,
513 4564 614 4603 uec
640 4548 708 4601 ab
732 4548 849 4618 ejus
875 4547 1199 4602 amatoribus
1236 4548 1283 4600 ei
1323 4557 1466 4611 sunt,
1498 4546 1592 4601 sed
1631 4549 1698 4603 ab
1734 4549 1830 4603 illo

253 4644 335 4712 qui
366 4658 488 4696 eam
516 4641 775 4693 miserans
814 4638 1010 4707 ubique
1054 4638 1220 4692 voluit
1247 4637 1312 4691 ad
1339 4654 1495 4707 quem
1530 4639 1712 4694 redeat
1739 4639 1836 4693 ad-

254 4749 472 4785 mouere
498 4730 654 4799 (Osee
681 4747 737 4794 ιι,
766 4730 903 4800 5⁵2).

318 4824 547 4879 CAPUT
590 4822 750 4878 XVII.
782 4823 957 4876 —-%.
1002 4820 1264 4891 Numquid
1288 4830 1479 4891 potest,
1513 4823 1715 4891 inquit,
1768 4825 1839 4878 vis

255 4915 500 4981 Βεντίδιιή
526 4914 692 4983 major
712 4930 816 4968 esse
849 4924 935 4965 aut
964 4915 1128 4983 potior
1167 4929 1318 4983 quam
1355 4914 1599 4984 confessio
1620 4914 1647 4966 Ρ
1686 4931 1839 4984 quam

253 5009 456 5067 νς-ςςδὶοῗ
484 5017 536 5060 ιιι
557 5008 670 5077 quis
698 5024 871 5060 coram
900 5007 1182 5059 hominibus
1225 5004 1481 5059 Christum
1518 5008 1835 5075 conﬁteatur,

251 5107 287 5147 at
319 5098 575 5166 sanguine
593 5114 684 5150 suo
710 5096 1028 5166 baptizetnr?
1050 5095 1116 5148 Et
1136 5105 1321 5160 tamen,
1353 5096 1541 5165 inquit,
1570 5114 1725 5171 neque
1744 5099 1838 5151 hoc

248 5186 516 5254 Baptistae
541 5190 777 5240 hmrctico
802 5187 1025 5253 prodest,
1054 5185 1280 5253 quamvis
1305 5184 1557 5261 Christum
1581 5188 1839 5258 confessus

245 5290 389 5329 rxtra
428 5277 705 5330 Ecclesiam
741 5278 890 5348 fuerit
929 5277 1141 5330 occisus.
1183 5277 1294 5330 lloc
1326 5277 1662 5330 verissimum
1715 5288 1834 5335 est:

244 5381 397 5420 extra
429 5369 724 5423 Ecclesiam
752 5369 948 5438 quippe
990 5368 1214 5429 occisus,
1242 5367 1557 5422 charitatem
1585 5382 1691 5423 non
1738 5369 1835 5421 ha-

247 5462 431 5517 buisse
460 5460 815 5523 convincitur,
841 5460 910 5515 de
932 5475 1034 5529 qua
1059 5459 1342 5529 Apostolus
1369 5458 1515 5521 dicit,
1551 5459 1615 5513 Et
1650 5462 1694 5514 si
1727 5470 1836 5513 tra-

246 5552 425 5605 didero
456 5567 637 5624 corpus
664 5566 831 5604 meum
872 5559 927 5605 ut
961 5550 1188 5614 ardeam,
1217 5548 1509 5603 charitatem
1536 5558 1704 5604 autem
1735 5566 1834 5604 non

366 5768 384 5798 ι
416 5766 646 5819 irritum,
674 5764 961 5826 baptizatus,
986 5761 1129 5811 aliast
1151 5762 1208 5811 ab
1243 5766 1431 5822 aliquot
1459 5759 1574 5811 Mss.

460 5839 739 5897 Parant.
788 5838 1011 5898 XLlll.

3420 345 3517 399 Πῦ

1939 451 2165 513 habeam,
2191 452 2316 505 nihil
2351 453 2470 505 mihi
2505 455 2704 522 prodest
2735 455 2774 523 (l
2828 456 2942 511 Cor.
3001 474 3114 522 xm,
3169 461 3247 527 ὃ).
3281 460 3434 527 Quod
3473 481 3521 518 δι
3614 504 3615 507 η

1940 544 2275 612 proptcrhoc
2295 546 2414 614 quia
2441 545 2671 601 chalitas
2704 551 2872 611 deest,
2909 552 3080 618 passio
3102 552 3228 605 nihil
3262 554 3517 623 prodest:

1938 649 2035 688 nec
2063 634 2166 688 illis
2191 636 2404 703 prodest
2424 652 2554 705 quos
2584 638 2633 690 iu
2668 639 2858 694 invidia
2886 642 3029 695 intus
3057 654 3110 696 et
3149 645 3520 700 malevolentia

1937 724 2051 778 sine
2076 724 2331 778 charitate
2352 726 2526 780 vivere
2546 727 2738 781 Paulus
2760 730 2906 796 dicit,
2931 732 3227 802 Cyprianus
3253 736 3471 805 espouit
3502 753 3517 789 :

1937 825 1988 868 et
2045 823 2218 869 tamen
2273 832 2455 869 verum
2502 817 2758 887 baptisma
2809 833 3028 889 possunt
3075 833 3128 877 et
3169 826 3413 893 accipere
3467 839 3522 881 et

1939 904 2165 959 tradere.
2200 905 2389 971 Salus,
2423 908 2611 976 inquit,
2647 920 2789 963 extra
2829 910 3112 966 Ecclesiam
3134 931 3233 968 non
3260 926 3353 969 est.
3392 918 3523 982 Quis

1937 997 2128 1065 negat?
2151 998 2213 1051 Et
2241 998 2361 1052 ideo
2384 1014 2733 1070 quaecumque
2761 1002 2927 1071 ipsius
2957 1003 3206 1059 Ecclesia:
3236 1006 3518 1069 habentur.

1937 1097 2083 1141 extra
2106 1087 2397 1142 Ecclesiam
2422 1106 2525 1143 non
2557 1091 2733 1146 valent
2757 1093 2822 1146 ad
2861 1095 3106 1149 salutem.
3135 1096 3238 1150 Sed
3267 1098 3407 1153 aliud
3436 1109 3523 1154 est

1938 1178 2286 1245 nouhahere,
2310 1180 2450 1234 aliud
2478 1197 2580 1235 non
2606 1183 2807 1237 utiliter
2831 1184 3048 1239 habere.
3077 1186 3179 1254 Qui
3207 1203 3311 1242 non
3341 1190 3515 1252 habet.

1937 1277 2019 1323 est
2061 1270 2405 1338 baptizandus
2433 1281 2490 1324 ut
2528 1271 2721 1327 haheat
2750 1291 2765 1329 :
2794 1276 2884 1344 qui
2942 1284 3119 1330 autem
3171 1293 3275 1333 non
3325 1281 3524 1336 utiliter

1937 1359 2116 1425 habet,
2171 1370 2223 1416 ut
2266 1363 2464 1417 utiliter
2500 1365 2693 1418 haheat
2728 1368 3092 1436 corrigendos.
3137 1369 3247 1425 Nec
3292 1372 3522 1427 adultera

1937 1461 2009 1505 est
2033 1468 2165 1519 aqua
2189 1454 2241 1507 in
2262 1454 2520 1526 Baptismo
2547 1457 2891 1512 Inereticorum
2912 1478 2932 1513 :
2953 1462 3074 1530 quia
3102 1477 3200 1517 nec
3226 1464 3338 1532 ipsa
3368 1480 3520 1520 (ειεξιτ

1938 1550 2052 1597 tura
2078 1558 2235 1612 quam
2281 1544 2421 1599 Deus
2459 1546 2713 1611 condidit,
2746 1549 2880 1602 mala
2905 1559 3007 1613 est,
3040 1566 3138 1605 nec
3171 1554 3330 1607 verba
3360 1570 3524 1609 evan-

1938 1632 2106 1701 gelica
2138 1632 2189 1687 in
2215 1635 2536 1704 quibuslibet
2564 1638 2863 1692 errantibus
2901 1640 3334 1707 reprehendenda
3373 1656 3518 1711 sunt,

1938 1721 2032 1776 sed
2055 1737 2205 1777 error
2226 1724 2436 1779 illorum
2460 1726 2511 1779 in
2542 1741 2648 1796 quo
2674 1727 2910 1782 adultera
2958 1738 3042 1784 est
3086 1733 3282 1792 anima,
3339 1735 3440 1788 etsi
3488 1750 3519 1788 a

1938 1814 2176 1884 legitimo
2203 1816 2317 1870 viro
2343 1816 2670 1872 Saeramcnti
2702 1819 2893 1873 habent
2919 1832 3309 1877 ornamentum.
3340 1825 3522 1881 Potest

1936 1905 2092 1975 igitur
2113 1907 2254 1960 nobis
2280 1917 2326 1960 et
2369 1908 2619 1962 haereticis
2661 1908 2920 1979 Baptisma
2958 1929 3065 1966 esse
3094 1930 3374 1982 commune,
3399 1931 3521 1973 cum

1939 1995 2127 2063 quibus
2146 2005 2324 2065 potest
2353 1998 2370 2029 ί
2401 2006 2455 2053 et
2478 1999 2818 2069 Evangelium
2845 2016 2965 2056 esse
2991 2016 3274 2059 commune
3296 2046 3311 2068 ,
3339 2021 3527 2075 qnam-

1938 2085 2070 2139 visa
2099 2085 2205 2141 ﬁde
2232 2096 2412 2142 nostra
2438 2103 2593 2143 error
2629 2090 2792 2145 distet
2837 2091 3048 2146 illormn
3075 2111 3086 2147 :
3109 2095 3222 2149 sive
3269 2096 3410 2149 aliud
3453 2097 3527 2153 de

1941 2174 2099 2230 Patre
2126 2175 2208 2229 vel
2237 2177 2305 2232 de
2334 2177 2469 2232 Filio
2496 2178 2578 2233 vel
2601 2179 2669 2235 de
2689 2178 2885 2250 Spiriru
2906 2193 3091 2237 sancto
3116 2186 3346 2240 sentiant
3366 2202 3524 2256 quam

1939 2265 2139 2320 veritas
2165 2265 2343 2329 habet,
2372 2269 2485 2323 sive
2521 2269 2590 2324 ab
2632 2271 2835 2326 unitate
2876 2275 3081 2342 praecisi
3125 2291 3228 2330 non
3273 2278 3526 2349 colligant

1947 2370 2067 2409 cum
2119 2353 2353 2424 Christo,
2397 2358 2490 2412 sed
2527 2370 2781 2431 spargant
2825 2363 3035 2431 (Matth.
3089 2382 3182 2432 xu,
3240 2368 3524 2439 50):quia

1943 2457 2116 2517 potest
2138 2450 2315 2516 nobis,
2346 2452 2391 2505 si
2423 2450 2686 2507 frumenta
2717 2454 2979 2509 dominica
3021 2472 3224 2526 sumus,
3257 2460 3415 2514 etiam
3444 2462 3526 2516 in-

1941 2547 2026 2593 tus
2043 2554 2165 2594 cum
2189 2542 2385 2609 avaris,
2407 2557 2527 2597 cum
2563 2545 2883 2614 raptoribus,
2909 2561 3031 2602 cum
3061 2548 3306 2613 ehriosis.
3340 2560 3393 2605 et
3418 2567 3527 2608 cic-

1943 2632 2072 2686 tcris
2110 2631 2372 2701 ejusmodi
2398 2635 2656 2704 pestibus.
2695 2636 2764 2691 de
2813 2638 3007 2706 quibus
3047 2638 3259 2705 dicitur,
3291 2641 3527 2715 Regnum

1941 2719 2037 2775 Dei
2074 2737 2175 2775 non
2214 2723 2541 2792 possidebunt
2585 2726 2625 2795 (l
2668 2724 2784 2780 Cor.
2820 2743 2893 2794 vt,
2927 2728 3036 2797 ιο),
3093 2740 3148 2784 et
3188 2731 3526 2801 Baptismatis

1941 2821 2332 2867 sacramentum
2358 2828 2477 2869 esse
2502 2829 2808 2883 commune,
2838 2826 2894 2872 et
2923 2827 3098 2873 tamen
3129 2821 3252 2875 vitia
3280 2822 3471 2892 quibus
3493 2840 3525 2880 τι

1942 2917 2108 2973 regno
2134 2903 2228 2959 Dei
2254 2916 2572 2976 separantur
2602 2922 2709 2962 non
2735 2924 2854 2965 esse
2883 2913 3205 2968 communia.

2010 2991 2237 3049 CAPUT
2276 2994 2624 3052 XVlll.—25.
2646 2997 2825 3067 Neque
2841 3000 2982 3054 enim
2998 3001 3066 3056 de
3084 3002 3213 3058 solis
3236 3002 3526 3060 haeresibns

1941 3086 2070 3143 dicit
2096 3089 2382 3159 Apostolus
2404 3131 2418 3154 ,
2451 3091 2703 3155 Quoniam
2722 3094 2811 3164 qui
2831 3094 2955 3147 talia
2979 3107 3137 3166 agunt
3154 3138 3168 3161 ,
3195 3114 3404 3168 regnum
3432 3099 3526 3155 Dei

1940 3195 2042 3233 non
2070 3180 2412 3249 possidebunt.
2434 3180 2541 3237 Sed
2585 3198 2689 3237 non
2733 3184 2908 3254 pigeat
2942 3186 3214 3255 paululum
3249 3189 3528 3248 advertere

1941 3287 2061 3341 quae
2101 3273 2257 3327 simul
2293 3284 2567 3330 enumeret
2606 3274 2941 3346 :Manifesta.
2996 3278 3186 3349 inquit,
3215 3290 3331 3335 sunt
3371 3298 3529 3351 opera

1941 3363 2126 3427 carnis,
2153 3379 2267 3433 qua:
2285 3376 2404 3420 sunt
2453 3367 2832 3436 fornicationes,
2874 3369 3221 3437 immundititr,
3281 3373 3521 3438 luxuriat,

1940 3451 2194 3508 idolorum
2233 3455 2464 3522 servitus,
2504 3457 2746 3527 veneﬁcia
2768 3499 2784 3524 ,
2820 3459 3113 3524 inimicitiaz,
3163 3465 3521 3521 contentiones.

1941 3546 2286 3602 wmulationes
2305 3590 2320 3616 ,
2349 3549 2720 3618 animositates,
2749 3551 3103 3617 dissensiones,
3137 3553 3371 3621 hereses,
3398 3556 3527 3611 invi-

1942 3636 2060 3701 diaz,
2086 3636 2364 3701 ebrietates,
2392 3640 2797 3706 comessationes,
2825 3651 2873 3694 et
2897 3642 2975 3696 his
3003 3642 3229 3707 similia;
3255 3659 3368 3714 qua;
3396 3661 3527 3714 pra!-

1943 3728 2057 3781 dico
2106 3728 2265 3795 vobis,
2315 3730 2444 3783 sicut
2489 3731 2726 3799 prwdixi,
2762 3732 3003 3801 quoniam
3043 3734 3131 3803 qui
3171 3735 3296 3787 talia
3343 3745 3523 3805 agunt,

1940 3833 2154 3886 regnum
2170 3818 2267 3872 Dei
2292 3834 2393 3872 non
2418 3818 2739 3887 possidebunt
2768 3818 2963 3890 (Colat.
2998 3838 3049 3885 v,
3078 3822 3287 3892 49-21).
3313 3824 3526 3878 Consti-

1942 3918 2154 3963 tuamus
2206 3923 2335 3979 ergo
2384 3908 2613 3980 aliquem
2663 3920 2907 3977 castum,
2957 3913 3317 3968 continentem
3349 3954 3363 3976 ,
3419 3929 3524 3970 non

1941 4015 2180 4065 avarum,
2200 4015 2306 4057 non
2336 4000 2492 4056 idolis
2518 4001 2863 4067 servientem,
2894 4001 3206 4072 hospitalem
3232 4046 3246 4067 ,
3278 4005 3524 4076 indigen-

1944 4092 2084 4147 tibus
2122 4091 2534 4157 ministrantem,
2590 4107 2695 4147 non
2737 4093 3045 4163 cujusquam
3094 4095 3384 4162 inimicam,
3417 4082 3539 4152 non‘

1942 4184 2354 4247 contentiosum,
2388 4185 2699 4250 patientem,
2732 4183 2967 4253 quietum
2989 4224 3003 4250 ,
3035 4184 3236 4239 nullum
3267 4189 3523 4243 :rmulan-

1944 4282 2073 4340 tem,
2105 4274 2233 4328 nulli
2263 4272 2609 4339 invidentem,
2637 4274 2896 4342 sobrium,
2928 4274 3201 4346 l'rugalem,
3232 4279 3325 4333 scd
3354 4279 3524 4335 ἱκετη-

1944 4365 2108 4419 ticum
2136 4382 2148 4418 :
2176 4364 2303 4417 nulli
2332 4364 2512 4434 utique
2546 4363 2764 4418 dubiqu
2806 4374 2889 4419 est
2939 4376 3155 4436 propter
3206 4368 3305 4422 hoc
3353 4370 3523 4425 solun)

1944 4454 2085 4524 quod
2127 4453 2405 4508 haereticus
2448 4462 2551 4519 est,
2597 4468 2816 4521 regnum
2867 4455 2954 4508 Dei
2990 4473 3095 4509 non
3137 4472 3522 4525 posScssurum.

1945 4545 2347 4599 Constituamus
2369 4543 2528 4597 alium
2560 4541 2956 4609 fornicatorem,
2988 4547 3317 4602 immundmn
3337 4595 3353 4610 ,
3378 4530 3525 4604 luxu.

1946 4636 2167 4699 riosum,
2209 4650 2451 4697 avarum,
2481 4634 2562 4688 vel
2600 4638 2760 4688 etiam
2798 4637 3035 4703 apertius
3075 4639 3231 4693 idolis
3263 4640 3523 4704 deditum,

1945 4725 2277 4789 veneﬁcum,
2328 4723 2739 4790 discordiosum,
2790 4727 3203 4792 contentiosum,
3251 4730 3523 4796 tumulum,

1944 4817 2265 4880 animosum,
2295 4816 2626 4879 seditiosum,
2662 4815 2918 4881 invidum,
2937 4817 3231 4885 ebriosum,
3253 4834 3525 4876 comessa-

1947 4918 2139 4974 torem,
2168 4907 2261 4961 sed
2285 4907 2606 4962 catholicum
2636 4924 2648 4960 :
2679 4907 2928 4976 namquid
2959 4919 3174 4978 propter
3210 4910 3310 4963 hoc
3351 4913 3523 4967 solum
3616 4958 3624 4966 .

1945 5000 2086 5068 quod
2118 4998 2412 5053 catholicus
2436 5006 2520 5053 est
2547 5014 2766 5067 regnum
2796 4999 2891 5052 Dei
2925 5002 3232 5067 possidebit.
3260 5017 3423 5069 agens
3450 5013 3517 5057 ta-

1947 5092 2013 5146 lia
2048 5093 2117 5146 de
2156 5092 2348 5160 quibus
2377 5091 2456 5145 sic
2497 5088 2766 5145 concludit
2801 5091 3107 5159 Apostolus,
3140 5092 3266 5156 Qua
3305 5094 3524 5161 pra'dicu

1945 5185 2101 5250 vobis,
2130 5184 2258 5237 sicut
2290 5183 2524 5253 prtudixi,
2552 5183 2789 5249 quoniam
2829 5182 2914 5251 qui
2951 5182 3073 5234 talia
3109 5195 3283 5251 agunt,
3319 5201 3456 5254 regit:
3477 5204 3526 5239 ιη

1944 5271 2041 5326 Dei
2061 5290 2160 5327 non
2192 5272 2557 5341 possidebunt?
2578 5271 2630 5326 Si
2661 5271 2759 5336 hoc
2788 5270 3033 5335 dlt'llllllS,
3068 5286 3166 5325 nos
3196 5272 3338 5340 ipsiis
3367 5278 3519 5328 scdu.

1945 5365 2133 5421 cimus.
2157 5365 2286 5419 Nam
2312 5380 2488 5419 sermo
2518 5365 2606 5418 Dei
2636 5380 2738 5418 non
2765 5379 2861 5420 nos
2882 5364 3102 5429 seducit,
3130 5364 3218 5435 qui
3246 5380 3346 5421 nec
3365 5377 3521 5435 tacet,

1947 5472 2044 5512 nec
2073 5458 2258 5526 parcit,
2292 5471 2388 5511 nec
2414 5456 2518 5510 ulla
2548 5456 2849 5511 adulatione
2877 5472 2972 5510 nos
2996 5456 3350 5528 decipit.lde0
3375 5460 3526 5528 quip.

1946 5562 2011 5617 pe
2046 5556 2099 5601 et
2127 5546 2250 5603 alibi
2276 5548 2421 5609 dicit,
2455 5545 2567 5599 Hoc
2596 5557 2761 5600 autem
2801 5547 2970 5601 scitote
2999 5558 3371 5617 cognoscentes,
3397 5565 3526 5617 quo-

2010 5766 2028 5798 ⁸
2054 5774 2133 5815 Ms.
2158 5764 2474 5823 Corbciensis,
2494 5768 2623 5824 puto.

3150 5849 3369 5922 (Stin)

2494 5914 2516 5937 ο
