4028 6202
489 347 585 400 171

489 464 625 517 nium
655 459 814 511 omnis
838 452 1128 524 fornicator,
1157 458 1241 500 aut
1266 445 1576 507 immundus,
1600 454 1686 496 aut
1713 459 1913 505 avarus,
1937 442 2070 505 quod

488 568 557 610 est
580 555 829 607 idolorum
869 545 1095 603 servitus,
1122 556 1220 593 non
1251 538 1396 592 habet
1445 536 1786 591 litereditatcm
1827 535 1877 587 in
1912 549 2066 604 regno

489 644 670 700 Utriin
687 653 731 695 et
756 639 880 691 Dei:
901 651 1046 689 nemo
1072 648 1156 686 vos
1176 630 1378 685 seducat
1401 628 1632 681 inanibus
1662 626 1818 679 verbis
1847 623 2066 694 (Ep/tes.

488 756 539 800 v,
567 738 621 800 5,
649 734 728 802 6).
758 731 871 785 Non
899 738 977 782 est
999 740 1126 796 ergo
1153 722 1291 794 quod
1320 721 1385 775 de
1425 736 1671 774 sermone
1705 719 1794 772 Dei
1828 732 2061 786 conque~

487 842 685 881 rantur.
711 823 846 876 Dicit
871 818 1106 879 omnino,
1138 824 1399 882 etaperto
1437 827 1502 866 ac
1555 811 1719 864 libere
1771 808 1918 873 dicit,
1975 823 2070 862 eos

486 918 571 987 qui
606 915 741 969 male
770 913 972 975 vivunt,
1003 908 1068 963 ad
1098 921 1316 977 regnum
1341 904 1432 958 Dei
1466 918 1570 956 non
1600 901 1881 971 pertinere-
1913 925 1953 974 μ

557 1005 778 1061 CAPUT
811 999 1113 1057 XlX.-—‘26.
1135 999 1225 1051 llis
1243 996 1400 1066 igitur
1421 993 1666 1048 omnibus
1686 991 1826 1044 vitiis
1839 991 2067 1045 cimum-

487 1109 637 1168 septo
664 1096 926 1151 catholico
955 1108 1056 1145 non
1079 1090 1376 1152 adulemnr,
1406 1101 1504 1139 nec
1531 1085 1580 1139 ei
1607 1083 1726 1152 quia
1747 1082 2068 1136 Christianus

485 1189 776 1244 eatltolicus
798 1195 902 1250 est,
943 1182 1307 1253 impunitatem
1351 1193 1510 1246 quam
1561 1174 1832 1242 Scriptura
1886 1173 2064 1225 divina

488 1297 592 1332 non
627 1277 904 1346 promittit,
952 1271 1256 1341 promittere
1303 1268 1592 1320 audeamus
1620 1282 1632 1316 :
1661 1278 1758 1316 nec
1791 1261 1836 1315 si
1865 1259 2062 1330 aliquid

491 1386 650 1423 unum
684 1368 869 1422 habeat
898 1364 1042 1418 exiis
1065 1377 1179 1432 qtae
1203 1360 1338 1414 dicta
1359 1365 1502 1420 sunt,
1532 1354 1789 1408 debemus
1817 1352 1863 1406 ei
1896 1353 2066 1406 socie-

486 1471 649 1512 tatem
677 1470 920 1526 superna:
964 1455 1103 1506 illius
1134 1451 1312 1519 patria:
1353 1445 1607 1517 polliceri.
1649 1441 1727 1498 Ad
1763 1441 2065 1497 Corinthios

484 1549 625 1600 enim
653 1545 852 1615 singula
881 1550 1176 1604 enumerat,
1199 1541 1250 1592 in
1272 1537 1461 1607 quibus
1485 1535 1704 1604 singulis
1724 1532 2059 1597 subauditur,

485 1639 624 1708 quod
675 1653 893 1707 regnum
948 1636 1037 1690 llci
1089 1650 1192 1687 non
1226 1629 1570 1701 possidebunt
1602 1645 1614 1680 :
1645 1626 1837 1691 Nolite,
1871 1624 2061 1694 inqttit,

483 1745 651 1782 errare
676 1743 865 1798 ;neque
886 1725 1234 1798 fornicatores,
1259 1737 1415 1790 neque
1435 1720 1582 1773 idolis
1598 1719 1884 1781 servientes,
1909 1731 2066 1784 neque

485 1818 721 1881 «deberi,
749 1835 903 1883 neque
927 1816 1120 1873 molles,
1151 1830 1306 1883 neque
1335 1811 1670 1864 masculorum
1695 1807 2058 1870 concubitores,

485 1926 638 1978 neque
661 1909 818 1977 fures,
847 1923 1002 1976 neque
1024 1905 1182 1967 ueuri,
1213 1919 1368 1972 neque
1392 1901 1590 1962 ebriusi,
1617 1915 1772 1968 neque
1806 1897 2059 1961 maledici,

483 2016 638 2069 neque
659 2015 864 2066 rapaces
893 2012 1100 2066 regnum
1131 1994 1217 2047 Dei
1249 1991 1568 2058 possidebunt
1603 1987 1771 2058 (ICor.
1796 1987 1926 2052 vt,9,
1953 1987 2060 2056 10).

482 2089 594 2142 Non
627 2087 718 2152 ait,
745 2086 842 2152 Qui
873 2084 1174 2138 lia-conmia
1208 2078 1812 2143 vitiasimulhabuerint,
1839 2092 2058 2146 regnum

483 2179 579 2233 Dei
619 2195 720 2232 non
760 2175 1101 2247 possidebunt
1128 2193 1138 2223 :
1172 2173 1287 2238 sed,
1315 2171 1496 2241 Neque
1524 2169 1593 2223 illi
1621 2211 1636 2235 ,
1666 2183 1835 2238 neque
1866 2168 1976 2230 illi;
2006 2175 2063 2220 ιιι

484 2272 535 2322 in
564 2269 782 2338 singulis
811 2267 910 2320 hoc.
939 2263 1225 2320 subaudias
1248 2305 1262 2326 ,
1293 2260 1432 2331 quod
1466 2258 1598 2314 nulli
1629 2273 1811 2312 eorum
1840 2271 2060 2325 regnum

485 2362 578 2416 Dei
607 2359 970 2430 possidebunt.
999 2357 1148 2411 Sicut
1168 2371 1292 2423 ergo
1321 2351 1554 2406 lueretici
1585 2365 1805 2420 regnum
1835 2348 1923 2401 Dei
1955 2363 2059 2401 non

485 2453 864 2520 possidebunt;
893 2449 968 2502 sic
993 2447 1134 2500 avari
1164 2460 1380 2514 regnum
1412 2442 1501 2496 Dei
1548 2455 1650 2493 non
1693 2438 2057 2508 possidebunt.

483 2543 590 2598 Nec
631 2541 975 2596 dubitandum
1033 2547 1115 2593 est
1168 2536 1379 2606 quidem
1427 2535 1568 2603 ipsas
1620 2547 1822 2600 pinnas,
1873 2529 2062 2598 quibus

483 2633 963 2702 ernciabunturqui
997 2646 1214 2701 regnum
1262 2629 1354 2683 Dei
1407 2642 1512 2681 non
1555 2625 1924 2696 possidebunt,
1967 2638 2061 2692 pro

482 2726 786 2781 diversitate
807 2724 1086 2779 criminum
1114 2736 1231 2776 esse
1253 2719 1508 2783 diversas,
1529 2725 1582 2770 et
1597 2716 1724 2769 alias
1750 2714 1867 2768 aliis
1886 2714 2062 2767 aerio-

484 2830 590 2877 res,
623 2824 678 2867 ιιι
704 2815 753 2867 iu
783 2815 897 2883 ipso
923 2813 1042 2881 igne
1069 2820 1268 2864 aeterno
1297 2825 1390 2877 pro
1409 2807 1710 2875 disparibus
1740 2803 2063 2874 ponderibus

460 2915 822 2974 peccatorum
851 2904 952 2957 sint
989 2901 1218 2971 disparia
1245 2907 1513 2953 tormenta
1544 2911 1840 2966 poenarum.
1881 2893 2062 2962 Neque

480 3001 624 3053 enim
657 2998 848 3052 frustra
878 2997 989 3064 ipse
1018 2994 1268 3048 Dominus
1295 2991 1438 3054 dicit,
1477 2989 1807 3043 Tolerabilius
1841 2987 1932 3040 erit
1961 2985 2061 3039 So-

483 3091 645 3144 dontis
679 3105 830 3160 quam
871 3088 1004 3140 robis
1037 3087 1087 3138 iu
1115 3085 1196 3137 die
1214 3083 1399 3149 judicii
1434 3080 1645 3152 (Matth.
1677 3095 1750 3142 tu,
1789 3077 1903 3151 24).
1952 3078 2059 3133 Sed

484 3190 659 3234 tatnen
689 3178 755 3232 ad
793 3193 894 3230 non
929 3173 1303 3244 possidendum
1332 3186 1550 3240 regnum
1581 3169 1694 3234 Dei,
1731 3169 2057 3223 tatutnntlem

484 3273 620 3326 valet
649 3286 713 3325 ex
743 3268 883 3323 vitiis
913 3267 1015 3321 illis
1044 3265 1182 3334 quod
1211 3263 1435 3333 elegeris
1464 3261 1662 3326 mitius,
1686 3269 1942 3330 Quantum
1976 3260 2059 3314 vel

485 3366 633 3433 plura
660 3362 741 3417 vel
775 3376 934 3414 umtm
980 3357 1127 3429 quod
1177 3354 1510 3425 perspexeris
1555 3353 1786 3423 gravius.
1821 3353 1884 3406 Et
1936 3353 2056 3421 quia

483 3459 560 3512 illi
597 3455 891 3527 possessuri
935 3460 1058 3506 sunt
1095 3464 1315 3518 regnum
1360 3447 1451 3501 Dei
1499 3460 1634 3515 quos
1667 3445 1733 3498 ad
1780 3443 2056 3498 dexteram

482 3547 766 3602 constituet
791 3542 1078 3612 illejudex,
1109 3554 1205 3594 nec
1233 3539 1310 3592 eis
1335 3537 1424 3604 qui
1453 3535 1518 3590 ad
1546 3535 1817 3590 dexteram
1859 3534 2058 3588 consti-

483 3642 557 3694 tui
587 3653 690 3693 non
720 3635 1082 3699 merebuntur,
1113 3629 1310 3700 aliquid
1335 3627 1478 3683 aliud
1505 3643 1664 3697 quam
1694 3627 1759 3680 ad
1786 3627 2054 3680 sinistram

479 3747 602 3787 esse
631 3729 957 3792 remanebit;
1007 3727 1149 3780 nulla
1197 3725 1398 3792 reliqua
1440 3730 1538 3776 vox
1577 3731 1678 3784 est,
1716 3735 1874 3790 quam
1920 3719 2059 3774 sicut

482 3825 618 3880 haedi
648 3823 866 3892 audiant
885 3837 947 3876 ex
979 3833 1072 3874 ore
1101 3816 1346 3886 pastoris,
1375 3813 1496 3878 nisi,
1522 3810 1600 3866 Ite
1628 3811 1679 3864 in
1718 3812 1882 3880 ignem
1909 3821 2056 3864 teter-

482 3933 620 3978 num,
651 3915 736 3984 qui
766 3924 974 3983 paratus
997 3919 1069 3964 est
1098 3907 1297 3962 diabolo
1337 3915 1380 3960 et
1419 3904 1611 3974 angelis
1653 3905 1762 3973 ejus
1797 3901 1904 3972 (Id.
1929 3917 2054 3966 xxv,

480 4007 569 4071 52,
601 4008 690 4071 35,
719 4005 808 4074 4|)
844 4022 857 4058 :
891 4004 1012 4058 licet
1043 4016 1106 4054 cx
1154 3998 1245 4053 illo
1291 3997 1429 4065 igne,
1479 3995 1616 4048 sicut
1670 3993 1798 4055 dixi,
1849 3993 2057 4046 diversa

481 4100 686 4170 possint
731 4096 973 4154 distribui
1023 4107 1118 4162 pro
1161 4089 1442 4143 criminum
1498 4085 1806 4139 diversitate
1851 4085 2054 4154 suppli-

481 4192 558 4244 cia
571 4231 584 4244 .

565 4300 788 4357 CAPUT
851 4297 1080 4353 XX.‘—-—
1115 4294 1206 4347 9.7.
1265 4291 1451 4347 Utrum
1511 4299 1685 4343 autem
1736 4288 2054 4342 catholicum

469 4393 727 4466 pessimis
753 4389 1010 4453 moribus,
1037 4384 1190 4438 alicui
1219 4383 1468 4436 hatrctico
1499 4381 1550 4434 in
1567 4379 1716 4449 cujus
1742 4377 1844 4431 vita
1867 4387 2059 4447 praeter

483 4486 533 4539 id
557 4483 694 4553 quod
724 4479 1008 4536 haereticus
1037 4485 1138 4539 est,
1173 4489 1277 4528 non
1319 4471 1595 4526 inveniunt
1633 4469 1877 4523 homines
1917 4467 2055 4537 quod

483 4573 889 4644 reprehendant,
921 4580 1230 4637 praspouere
1259 4563 1569 4626 debeamus,
1599 4575 1702 4614 non
1733 4559 1904 4612 audeo
1933 4573 2060 4627 pra:-

481 4665 700 4733 cipitare
723 4657 1065 4716 sententiam.
1087 4655 1142 4710 Si
1169 4663 1345 4708 autent
1371 4652 1490 4722 quis
1506 4652 1663 4715 dicat,
1693 4649 1817 4720 quia
1843 4649 2057 4704 haereti-

482 4769 578 4808 cus
604 4762 704 4817 est,
736 4767 839 4804 non
869 4758 1039 4818 potest
1067 4746 1166 4799 hoc
1193 4745 1366 4799 solum
1385 4757 1503 4797 esse
1523 4783 1536 4804 ,
1562 4742 1688 4811 quin
1717 4749 1770 4795 et
1798 4740 1902 4794 alia
1924 4756 2058 4794 con-

483 4854 804 4916 sequantur;
831 4841 1056 4896 carnalis
1077 4848 1158 4894 est
1187 4839 1327 4892 enim
1364 4845 1418 4890 et
1443 4834 1705 4898 animalis,
1735 4848 1799 4888 ac
1835 4848 1928 4902 per
1959 4833 2060 4886 hoc

482 4949 538 4992 et
560 4936 783 4991 :emulus
808 4935 876 4987 sit
900 4945 1122 4986 necesse
1154 4939 1254 4992 est,
1279 4938 1332 4982 et
1353 4927 1644 4992 animosus,
1663 4934 1716 4978 et
1741 4923 1975 4987 invidus,
2005 4932 2060 4976 ct

483 5033 728 5086 inimtcus
754 5027 851 5098 ipsi
877 5023 1080 5080 veritati
1103 5023 1169 5077 ab
1191 5036 1359 5091 eaque
1384 5020 1706 5073 dissentiens
1736 5034 1748 5070 :
1777 5015 2056 5084 intelligat,

481 5137 536 5179 et
563 5125 630 5178 de
660 5123 762 5177 illis
783 5119 957 5183 malis,
988 5115 1128 5187 quod
1168 5131 1331 5170 unum
1381 5111 1560 5166 mitius
1600 5111 1836 5180 elegerit,
1887 5109 2057 5163 solum

481 5221 532 5271 in
563 5229 828 5285 quoqttam
856 5226 976 5266 esse
1003 5224 1104 5263 ι.οιι
1133 5223 1308 5278 posse,
1329 5221 1387 5260 ea
1412 5206 1612 5259 scilicet
1629 5217 1785 5257 causa
1809 5201 2055 5270 quoniam

478 5306 709 5365 carnalis
741 5313 797 5361 et
819 5301 1064 5359 animalis
1089 5307 1202 5365 est,
1239 5299 1383 5353 velut
1407 5298 1709 5359 ebriositas,
1752 5311 1910 5364 quam
1953 5311 2058 5348 non

479 5399 653 5452 solum
678 5397 793 5451 sine
815 5394 1039 5449 horrore
1061 5391 1357 5450 nominare,
1376 5387 1468 5442 sed
1487 5387 1645 5441 etiam
1663 5403 1781 5439 cum
1798 5385 2060 5441 hilaritate

484 5489 664 5559 pepuli
699 5485 990 5556 prtedicare
1012 5482 1120 5552 jam
1147 5490 1560 5541 consueverunt,
1591 5478 1842 5547 numquid
1867 5479 1916 5530 in
1955 5493 2059 5547 quo

485 5582 659 5646 luerit,
690 5583 802 5635 sola
843 5593 962 5633 esse
985 5573 1216 5647 poterit?
1244 5573 1374 5641 Quis
1407 5574 1548 5626 enim
1589 5570 1831 5624 ehi-iouis
1862 5585 1963 5622 non
2005 5580 2062 5625 et

483 5672 866 5737 contentiosus,
891 5680 942 5724 et
967 5668 1257 5728 animosus,
1287 5674 1340 5719 et
1371 5665 1596 5728 invidus,
1629 5673 1682 5717 et
1712 5679 1739 5717 a
1772 5674 2062 5732 prtl'Cepltt-

483 5777 599 5817 rum
625 5762 847 5815 sanitate
879 5759 1215 5823 dissentiens,
1249 5767 1301 5813 et
1344 5756 1682 5826 arguentibus
1732 5770 1788 5809 se
1831 5758 2061 5826 graviter

1237 336 1320 389 ne
1363 332 1689 388 [MPTISMU
1727 331 1999 385 caurus
2046 327 2478 398 coxarts'ras,
2523 333 2577 384 s.
2623 311 2985 387 AUGUSTI-Nl

3659 339 3756 396 172

2182 442 2424 496 inimicus
2447 444 2469 497 ?
2493 444 2608 500 Jam
2641 461 2765 500 vero
2793 455 2848 499 nt
2877 457 2930 500 ct
2970 447 3262 502 lornicator
3303 460 3353 503 et
3397 449 3604 507 adulter
3648 472 3751 511 nun

2179 536 2265 597 sit,
2295 535 2512 592 difficile
2556 549 2638 591 est
2669 555 2681 592 :
2715 547 2887 607 potest
2918 550 3091 594 tamen
3133 557 3236 594 non
3275 556 3395 597 esse
3440 543 3752 612 haereticus;

2176 627 2316 680 sicut
2347 628 2626 682 h:rreticus
2650 639 2826 697 potest
2857 647 2959 682 non
2995 646 3114 685 esse
3145 630 3391 685 ebriosus
3419 635 3457 698 ⁸,
3487 649 3584 689 nec
3607 639 3757 693 adul-

2177 728 2258 771 ter
2280 730 2370 772 ant
2395 718 2698 783 fornicator,
2729 736 2829 774 nec
2849 721 3147 776 luxuriosus
3169 732 3261 777 aut
3285 735 3493 778 amator
3522 733 3756 796 pecunie

2174 821 2266 861 aut
2291 809 2577 875 veneficus,
2607 819 2662 864 et
2698 811 2854 864 simul
2884 810 2996 864 haec
3037 813 3214 866 omnia
3250 823 3423 882 potest
3458 832 3562 869 non
3613 834 3751 874 esse.

2173 899 2356 968 Neque
2380 901 2521 958 enim
2561 918 2721 955 unum
2753 903 2964 972 aliquod
2995 904 3178 958 vitium
3207 907 3383 960 omnia
3409 916 3599 963 cartera
3629 926 3753 964 con.

2173 1003 2485 1061 sequuntur.
2543 993 2833 1062 Propositis
2875 996 3052 1064 itaque
3092 996 3322 1062 duobus,
3356 1015 3460 1052 uno
3489 1001 3752 1056 catholico

2171 1097 2290 1136 cum
2319 1083 2400 1136 his
2440 1084 2686 1138 omnibus
2730 1086 2888 1148 vitiis,
2923 1086 3027 1139 alio
3066 1087 3319 1141 lucretico
3361 1089 3477 1144 sine
3522 1090 3585 1144 iis
3635 1110 3751 1160 qtae

2172 1183 2394 1241 possunt
2435 1191 2536 1227 non
2577 1190 2694 1229 esse
2722 1176 2773 1228 in
2823 1175 3093 1238 lueretico,
3113 1179 3350 1246 quamvis
3381 1192 3562 1235 contra
3595 1183 3749 1237 fidem

2173 1277 2276 1316 non
2304 1273 2526 1331 uterque
2554 1263 2748 1332 disptttt
2768 1275 2810 1327 t,
2838 1274 2892 1320 ct
2917 1275 3090 1320 tamen
3117 1279 3300 1322 contra
3350 1269 3504 1324 fidem
3533 1283 3750 1341 uterque

2170 1354 2331 1417 vivat,
2364 1364 2417 1409 et
2442 1371 2537 1424 spe
2565 1372 2696 1410 vana
2723 1367 2943 1427 uterque
2972 1358 3205 1426 fallatur,
3227 1373 3282 1415 et
3307 1377 3334 1413 a
3362 1361 3617 1418 charitate
3644 1367 3750 1435 spi-

2170 1446 2347 1500 rituali
2378 1456 2597 1517 uterque
2621 1448 2918 1512 dissentiat,
2952 1459 3006 1505 et
3034 1451 3104 1505 ob
3137 1452 3236 1505 hoc
3259 1462 3485 1523 uterque
3517 1455 3584 1508 ab
3610 1457 3750 1510 illius

2173 1540 2342 1594 unica:
2367 1541 2625 1595 columba:
2646 1557 2870 1611 corpore
2891 1543 3097 1597 alienus
3113 1544 3212 1598 sit:
3235 1559 3331 1598 cur
3358 1545 3408 1598 in
3433 1562 3538 1599 uno
3564 1562 3748 1600 eorum

2169 1628 2570 1685 Saeramcutum
2611 1631 2806 1687 Christi
2850 1634 3205 1702 agnoscimus,
3255 1632 3308 1688 in
3344 1635 3448 1689 alio
3477 1637 3745 1703 nolumus,

2169 1722 2317 1787 quasi
2346 1730 2438 1774 aut
2458 1720 2635 1787 hujus,
2669 1729 2760 1776 aut
2789 1721 2946 1791 lmjus
2973 1723 3076 1788 sit;
3105 1739 3222 1776 etnn
3255 1723 3306 1776 in
3341 1736 3564 1796 utroque
3607 1726 3748 1781 idem

2168 1811 2256 1877 sit,
2285 1820 2339 1864 et
2364 1813 2572 1866 nonnisi
2608 1813 2696 1868 Dei
2727 1815 2816 1876 sit,
2849 1826 2902 1867 ct
2927 1816 3170 1883 quamvis
3192 1815 3244 1868 in
3262 1816 3523 1885 pessimis,
3546 1817 3748 1872 bonum

2167 1901 2274 1954 sit?
2304 1902 2431 1958 Etsi
2464 1904 2736 1958 hominum
2764 1905 2853 1973 qui
2883 1909 2982 1958 hoc
3005 1905 3215 1970 habent,
3250 1906 3383 1959 alius
3411 1917 3493 1960 est
3518 1907 3622 1962 alio
3651 1908 3748 1962 de-

2171 1990 2354 2055 terior,
2386 2008 2488 2045 non
2522 1992 2641 2047 ideo
2673 1993 2799 2046 illud
2824 1994 2962 2063 quod
2987 1994 3179 2048 habent
3207 1995 3444 2049 deterius
3473 2005 3551 2049 est
3579 1997 3630 2050 in
3657 1999 3749 2052 illo

2166 2097 2322 2151 quam
2359 2083 2407 2135 in
2437 2084 2538 2136 isto
2565 2101 2576 2136 :
2607 2084 2727 2153 quia
2753 2100 2850 2138 nec
2888 2086 2938 2137 in
2965 2084 3172 2138 duobus
3198 2085 3476 2140 catholicis
3500 2087 3674 2151 malis,
3703 2088 3749 2141 si

2167 2189 2303 2228 unus
2329 2176 2396 2227 sit
2421 2176 2524 2228 alio
2553 2174 2810 2240 deterior,
2838 2175 3159 2230 deteriorem
3203 2177 3528 2246 Baptismum
3564 2161 3699 2249 gerit
3731 2199 3745 2233 :

2167 2280 2265 2320 nec
2289 2266 2332 2320 si
2379 2282 2513 2320 unus
2554 2282 2738 2321 eorum
2781 2266 2851 2321 sit
2881 2266 3070 2330 bonus,
3110 2267 3248 2320 alius
3292 2268 3482 2332 malus,
3509 2270 3558 2322 in
3605 2271 3751 2324 man

2166 2356 2336 2410 malus
2363 2367 2444 2411 est
2469 2357 2768 2426 Baptismus
2791 2400 2804 2420 ,
2830 2367 2884 2412 et
2914 2357 2965 2412 in
2995 2359 3131 2412 bono
3152 2359 3355 2424 bonus;
3401 2361 3494 2415 sed
3521 2362 3572 2415 in
3599 2372 3750 2418 utro—

2166 2463 2269 2516 que
2295 2447 2502 2502 bonus:
2529 2449 2663 2502 sicut
2700 2450 2876 2504 lumen
2908 2451 3038 2504 solis
3080 2451 3160 2504 vel
3185 2452 3347 2505 etiam
3376 2452 3604 2506 lucerna:
3641 2470 3751 2508 non

2169 2537 2348 2605 utique
2375 2536 2611 2592 deterius
2645 2549 2728 2592 est
2770 2539 2820 2593 in
2857 2539 3026 2593 oculis
3077 2540 3435 2597 deterioribus
3479 2560 3637 2612 quant
3693 2545 3748 2599 in

2167 2627 2476 2683 melioribus
2501 2645 2516 2694 ;
2543 2627 2636 2682 sed
2668 2629 2806 2682 idem
2837 2631 2885 2682 in
2911 2631 3169 2700 utrisque,
3194 2631 3437 2699 quamvis
3455 2647 3550 2686 eos
3581 2635 3754 2687 diver-

2165 2731 2226 2773 se
2262 2733 2358 2788 pro
2403 2718 2614 2772 illorum
2661 2719 2968 2774 diversitate
3015 2721 3100 2776 vel
3144 2721 3375 2777 lzetiticct
3418 2723 3503 2777 vel
3553 2739 3750 2778 excru-

2165 2809 2290 2864 ciet.

2237 2901 2462 2958 CAPUT
2501 2902 2642 2956 XXI.
2682 2932 2754 2944 -η
2789 2903 2877 2958 28.
2904 2902 3035 2958 Illud
3065 2919 3194 2958 sane
3222 2903 3364 2973 quod
3389 2903 3457 2959 de
3493 2904 3752 2960 catechu-

2166 2992 2336 3046 menis
2363 2993 2710 3060 objiciebatur
2740 2994 3029 3065 Cypriauo,
3056 2995 3190 3065 quod
3221 2997 3275 3048 iu
3297 2996 3537 3066 martyrio
3566 2995 3753 3064 depre-

2165 3083 2326 3148 Iteusi,
2350 3092 2395 3136 et
2417 3099 2507 3152 pro
2531 3083 2719 3138 Christi
2740 3086 2941 3138 nomine
2977 3087 3148 3146 occisi,
3177 3088 3328 3140 etiam
3356 3088 3466 3140 sine
3486 3086 3753 3156 Baptismo

2164 3185 2560 3240 coronarentur;
2581 3175 2704 3244 quid
2732 3176 2796 3230 ad
2825 3192 2936 3231 rem
2960 3179 3239 3247 pertineat,
3265 3193 3370 3232 non
3395 3181 3526 3232 satis
3554 3181 3756 3233 intelli-

2163 3279 2268 3332 go:
2297 3265 2392 3318 nisi
2424 3264 2562 3321 forte
2586 3267 2704 3336 quia
2735 3267 3005 3334 dicebant,
3051 3270 3216 3323 multo
3262 3271 3429 3340 magis
3472 3273 3757 3326 lnercticos

2164 3371 2283 3409 cum
2315 3356 2587 3426 Baptismu
2613 3357 2808 3413 Christi
2841 3375 2998 3428 posse
3028 3361 3093 3414 ad
3123 3377 3343 3430 regnum
3372 3362 3487 3431 ejus
3516 3364 3752 3427 admitti,

2163 3464 2267 3517 quo
2293 3450 2313 3480 ’
2353 3450 2721 3506 catechumeni
2753 3452 3198 3518 admitterentur;
3230 3470 3350 3508 cum
3391 3456 3504 3524 ipse
3531 3455 3754 3522 dixerit,

2165 3540 2284 3594 Nisi
2308 3545 2418 3610 quis
2443 3554 2642 3597 renatus
2670 3547 2817 3613 fuerit
2859 3561 2922 3598 ea:
2951 3562 3084 3610 aqua
3113 3556 3158 3597 et
3189 3547 3385 3615 Spiritu
3409 3589 3421 3613 ,
3454 3565 3553 3601 non
3583 3550 3758 3601 intra-

2163 3633 2229 3686 bit
2256 3635 2306 3686 in
2333 3651 2539 3704 regnum
2565 3636 2803 3687 oculorum
2834 3633 3028 3705 (Joan.
3061 3651 3113 3688 Ill
3133 3676 3148 3698 ,
3175 3637 3208 3690 5
3230 3636 3272 3706 ).
3300 3636 3411 3702 Qua
3461 3638 3509 3689 in
3549 3655 3608 3692 re
3650 3657 3762 3695 nec

2162 3739 2262 3794 ego
2299 3725 2482 3779 dubito
2524 3726 2958 3778 catt-cliumenum
2987 3725 3302 3778 catholicum
3348 3725 3524 3780 divina
3565 3727 3765 3782 chari-

2165 3826 2272 3871 tale
2307 3815 2613 3886 flagrantem
2655 3814 2901 3869 bteretico
2945 3815 3206 3884 baptizata
3241 3827 3601 3886 anteponere;
3650 3823 3757 3875 sed

2163 3910 2322 3963 etiam
2371 3910 2420 3960 in
2462 3907 2575 3976 ipsa
2618 3907 2758 3960 intus
2781 3906 3049 3960 Catholica
3084 3906 3274 3959 bonum
3303 3908 3757 3965 catechumeunm

2165 4001 2303 4052 malo
2332 4001 2593 4068 baptizan
2620 3999 2990 4068 anteponimus
3017 4016 3029 4051 :
3060 4013 3159 4053 nec
3194 3999 3312 4053 ideo
3344 4009 3518 4053 tamen
3564 4016 3757 4055 sacra-

2165 4101 2342 4146 mento
2369 4089 2706 4159 llaptismatis
2729 4132 2743 4156 ,
2775 4105 2882 4160 quo
2905 4090 3002 4143 iste
3029 4089 3261 4143 nondum
3288 4132 3302 4153 ,
3333 4091 3418 4144 ille
3438 4091 3548 4160 jam
3576 4092 3759 4145 imbu-

2165 4193 2247 4238 tus
2268 4193 2377 4247 est,
2403 4183 2623 4237 facimus
2651 4182 2892 4253 injuriam
2913 4199 2928 4246 ;
2946 4191 3037 4237 aut
3055 4183 3420 4238 cateclmmcni
3439 4198 3756 4238 sacramen-

2165 4286 2274 4328 tum
2292 4283 2624 4329 sacramento
2642 4272 2894 4342 Baptismi
2912 4271 3297 4342 praeferendum
3316 4284 3560 4342 putamus
3572 4273 3752 4339 ‘,cunt

2163 4368 2390 4437 aliquem
2403 4365 2840 4421 caleelmmenum
2855 4364 3029 4434 aliquo
3047 4364 3307 4434 baptizata
3326 4363 3616 4418 ﬁdeliorem
3633 4381 3744 4419 tne-

2164 4458 2452 4526 Iioremque
2463 4455 2847 4525 cognoscimus.
2861 4454 3045 4509 Melior
3060 4447 3455 4509 enitn'centurio
3467 4455 3750 4514 Cornelius

2166 4547 2396 4602 nondum
2437 4546 2730 4615 baptizatus
2771 4544 2989 4601 Simone
3042 4546 3327 4615 baptizata.
3379 4546 3478 4601 lste
3513 4547 3654 4601 enim
3693 4560 3756 4600 et

2163 4648 2287 4692 ante
2307 4637 2630 4707 Baptismum
2659 4645 2844 4691 sancto
2869 4636 3068 4705 Spiritu
3094 4636 3340 4705 impletus
3359 4648 3440 4690 est
3467 4636 3610 4709 (Act.
3631 4639 3706 4706 ι)
3729 4678 3748 4702 ,

2165 4729 2253 4783 ille
2267 4737 2319 4782 et
2339 4737 2457 4798 post
2469 4727 2537 4781 Ba
2547 4727 2793 4797 ptismum
2812 4727 3083 4781 immundo
3104 4728 3289 4796 spiritu
3311 4726 3519 4782 inflatus
3533 4738 3614 4782 est
3631 4723 3750 4797 (Id.

2165 4818 2962 4892 vut,l5,l8,l9).Verumtamen
2982 4817 3260 4872 Cornelius
3284 4818 3328 4872 si
3360 4817 3516 4872 etiam
3545 4816 3752 4888 Spiritu

2231 5024 2244 5054 ι
2272 5028 2337 5071 tta
2371 5024 2646 5070 constanter
2680 5024 2784 5078 Mss.
2821 5022 2875 5064 At
2913 5014 3049 5073 editi,
3073 5020 3197 5078 post,
3223 5011 3418 5078 (ti/licito
3439 5021 3537 5074 est,
3563 5014 3753 5064 habent

2163 5085 2234 5134 sie
2257 5097 2268 5132 :
2297 5083 2386 5132 sed
2409 5092 2502 5144 non
2524 5077 2842 5144 consequitur.
2873 5082 3026 5144 Potest
3048 5075 3178 5144 enim
3209 5075 3420 5126 ebriosus
3443 5089 3563 5135 esse,
3587 5083 3640 5144 et_
3655 5089 3756 5144 iter:

2164 5159 2264 5195 esse
2279 5141 2563 5209 luereticus:
2587 5137 2710 5209 sicut
2722 5144 2880 5209 potest
2900 5137 3154 5209 ltmt'eticus
3170 5150 3290 5197 esse,
3308 5144 3458 5187 etnon
3479 5151 3581 5188 esse
3595 5137 3758 5188 ebrio-

2164 5221 2263 5265 sus,
2287 5218 2375 5254 nec
2396 5203 2586 5252 adulter
2610 5207 2691 5250 aut
2711 5203 2989 5263 fomicator,
3015 5205 3111 5248 etc.

2229 5272 2248 5299 Ω

2229 5332 2250 5363 ³
2273 5274 2372 5376 iiii.
2574 5269 2826 5387 ptiiieiores
2857 5330 2980 5380 Mss,
3005 5327 3086 5371 aut
3109 5322 3447 5387 catechumeno
3467 5333 3754 5387 sacramen-

2165 5398 2265 5442 tum
2297 5387 2522 5454 Baptismi
2546 5383 2902 5454 pi'ceferendtmt
2933 5389 3195 5454 mutnntts._
3216 5387 3287 5433 sie
3311 5384 3437 5454 male
3459 5383 3755 5454 eme-ndarat

2165 5445 2568 5517 quispiatit,_cuzn
2605 5445 3034 5517 cristimaretnon
3057 5445 3197 5517 (aliud
3236 5453 3414 5508 printer
3457 5447 3756 5517 Baptisuiutn

2168 5507 2288 5565 esse
2303 5507 2634 5563 catechumeni
2659 5514 3029 5557 sacramentum.
3053 5508 3144 5554 Sed
3181 5507 3272 5556 huc
3292 5515 3650 5555 sacramentum
3675 5519 3756 5553 ca-

2167 5575 2445 5627 techumeni
2463 5572 2722 5635 proprium,
2746 5568 2872 5630 quod
2908 5569 2956 5616 in
2979 5569 3181 5635 concilio
3213 5570 3363 5635 primo
3385 5568 3756 5635 Carthaginiensi

2167 5628 2517 5689 sacramentum
2538 5628 2652 5682 salis
2675 5628 2887 5688 vodttur,
2911 5631 3144 5693 agnoseit_
3161 5628 3452 5693 Augustinus
3476 5631 3522 5677 in
3549 5628 3672 5677 libro
3689 5631 3758 5678 de

2165 5698 2517 5750 mteehizandis
2541 5693 2760 5752 nudibus,
2788 5705 2834 5739 n.
2871 5690 2963 5753 5οξ
2987 5700 3036 5740 et
3063 5693 3108 5740 in
3133 5690 3256 5741 libro
3282 5691 3312 5740 :2
3343 5691 3407 5741 de
3446 5699 3761 5742 I'ecealortun

2168 5765 2362 5822 Meritis,
2390 5773 2435 5807 ιι.
2462 5759 2538 5808 43.
