4028 6202
297 317 392 376 173

293 431 577 499 -ar.ctojam
603 436 821 495 accepto
833 425 1081 497 baptizari
1101 423 1355 479 noluisset
1377 462 1393 487 ,
1410 419 1698 488 contempti
1717 416 1848 471 tanti

291 520 610 580 Sacramenti
652 532 773 572 reus
820 516 989 570 ﬁeret.
1026 515 1158 569 Cum
1192 521 1367 567 autem
1405 510 1697 579 baptizatus
1731 518 1811 562 est
1834 546 1849 572 ,

294 630 387 668 non
412 610 592 679 utique
617 606 806 661 tltt‘litts
825 605 1220 660 Sacrautentutn
1240 617 1393 672 quant
1412 600 1597 654 Simon
1612 597 1811 666 accepit
1837 611 1852 659 ;

292 703 376 758 sed
402 702 610 756 diversa
642 697 911 752 hominum
934 693 1119 747 merita
1144 692 1242 746 sub
1264 691 1500 759 ejusdem
1525 687 1856 769 Sacramcnti

296 795 395 865 pari
424 790 702 846 sanctitate
723 786 972 841 distincta
1010 794 1132 838 sunt
1160 801 1173 837 :
1206 783 1275 837 ita
1305 798 1408 835 non
1446 789 1603 850 auget
1631 788 1721 833 aut
1760 779 1860 832 nti-

294 885 398 942 nnit
425 878 761 949 Baptisntatis
802 876 1133 931 sanctitatem
1170 873 1255 929 vel
1298 873 1493 927 bonum
1537 871 1619 926 vel
1664 870 1860 925 malum

295 974 517 1029 hominis
568 970 838 1024 nteritum.
882 965 1033 1022 Sicut
1074 972 1251 1019 autem
1299 962 1440 1017 bono
1480 961 1862 1017 catechumeno

298 1065 591 1133 Baptismus
615 1060 766 1114 deest
792 1057 857 1112 ad
891 1054 1276 1126 capessendum
1316 1069 1534 1122 regnum
1562 1051 1817 1106 caelorum
1845 1065 1862 1116 ;

295 1159 365 1211 sic
394 1154 535 1209 tnalo
565 1151 829 1220 baptizato
857 1164 981 1202 vera
1023 1147 1320 1202 conversio.
1367 1144 1465 1210 Qui
1509 1145 1647 1197 enim
1694 1141 1866 1208 dixit,

299 1246 406 1300 Nisi
430 1245 543 1313 quis
568 1250 771 1296 renatus
797 1239 946 1309 fuerit
968 1254 1030 1292 ex
1052 1254 1183 1307 aqua
1209 1245 1255 1290 et
1283 1234 1479 1305 Spiritu
1502 1277 1516 1300 ,
1543 1251 1640 1287 non
1666 1232 1870 1285 intrabit

296 1337 342 1390 in
362 1351 573 1406 regnum
592 1330 828 1386 caelorum
850 1345 868 1394 ;
891 1329 1005 1398 ipse
1028 1328 1185 1381 etiam
1210 1324 1343 1379 dixit
1368 1367 1383 1392 ,
1410 1322 1524 1377 Nisi
1546 1321 1872 1376 abundaverit

295 1425 486 1493 iustitia
513 1434 677 1477 vestra
705 1421 819 1489 plus
843 1435 992 1487 quant
1032 1416 1325 1471 Scribarum
1366 1422 1412 1467 ct
1455 1411 1829 1465 Pliarisworum
1852 1450 1868 1474 ,

302 1530 399 1568 non
446 1512 696 1566 intrabitis
737 1510 791 1562 in
833 1524 1040 1578 rrgmntt
1084 1506 1321 1559 caelorum
1362 1501 1589 1577 (Matth.
1616 1517 1650 1555 v
1675 1543 1689 1565 ,
1731 1500 1803 1554 20
1828 1500 1867 1570 ).

299 1604 571 1674 Namque,
643 1615 710 1655 ne
781 1613 966 1654 secura
1019 1605 1162 1651 esset
1215 1594 1412 1663 iustitia
1463 1591 1868 1657 catecluuncni,

300 1694 491 1749 dictum
513 1700 593 1747 est
618 1733 633 1755 ,
668 1688 783 1743 Nisi
806 1689 916 1759 quis
942 1698 1144 1741 renatus
1169 1685 1318 1755 fuerit
1341 1701 1403 1739 ea:
1422 1701 1552 1752 aqua
1574 1683 1835 1753 et'Spiritu
1854 1725 1869 1747 ,

300 1799 396 1837 non
423 1781 629 1835 intrabit
656 1780 705 1832 in
730 1794 936 1848 regnum
965 1776 1204 1829 calorum
1229 1789 1248 1827 :
1271 1787 1455 1827 rursus
1479 1814 1493 1839 ,
1525 1786 1593 1825 ne
1622 1779 1872 1841 percepto

301 1873 568 1943 Baptismo
600 1884 785 1926 secura
825 1875 965 1922 esset
1002 1864 1254 1934 iniquitas
1293 1863 1678 1935 baptizatorum
1708 1862 1748 1925 ί,
1794 1860 1874 1914 di-

300 1973 437 2018 ctum
463 1970 544 2016 est
570 2002 584 2027 ,
613 1958 730 2013 Nisi
774 1956 1102 2012 abundaverit
1136 1953 1340 2024 justitia
1370 1962 1541 2006 vestra
1575 1951 1687 2022 plus
1724 1966 1876 2021 quant

303 2053 593 2109 Scribarum
622 2060 668 2105 et
697 2048 1103 2111 Pharisaeorum,
1148 2063 1248 2099 non
1285 2043 1535 2098 iutrabitis
1573 2043 1627 2097 in
1665 2058 1875 2114 regnum

302 2145 557 2198 calorum.
585 2140 823 2195 Alterum
852 2139 965 2192 sine
990 2137 1159 2191 altero
1205 2146 1387 2205 parum
1426 2144 1546 2189 est:
1590 2141 1876 2202 utrumque

302 2235 505 2306 perﬁcit
533 2234 675 2287 illius
703 2230 1055 2301 possessionis
1092 2227 1381 2283 haeredem.
1418 2227 1566 2282 Sicut
1596 2241 1725 2297 ergo
1771 2241 1874 2281 non

302 2330 559 2384 debemus
609 2325 911 2395 improbare
946 2322 1204 2394 justitiam
1253 2320 1520 2389 hominis,
1569 2336 1686 2390 quae
1729 2320 1877 2389 prius

303 2433 413 2473 esse
439 2418 602 2488 coepit
628 2431 784 2487 quam
811 2414 1221 2484 conjungeretnr
1246 2411 1499 2467 Ecclesim
1528 2454 1543 2477 ,
1580 2410 1715 2465 sicut
1757 2424 1877 2465 ese

300 2521 532 2581 cmperat
588 2509 791 2579 justitia
841 2506 1074 2562 Cornelii
1123 2504 1428 2575 priusquam
1475 2503 1588 2572 ipse
1631 2510 1773 2556 esset
1821 2500 1875 2555 in

303 2603 452 2674 plebe
477 2601 767 2657 christiana
794 2615 810 2664 ;
837 2614 956 2668 qua:
984 2611 1153 2666 neque
1178 2595 1222 2649 si
1255 2593 1643 2663 improbaretur
1665 2633 1679 2653 ,
1709 2591 1875 2645 dixis-

302 2703 377 2748 set
398 2695 447 2748 ei
489 2691 710 2762 angelus
736 2730 751 2754 ,
798 2688 1070 2757 Acceptae'
1115 2692 1233 2740 sunt
1275 2684 1601 2753 elemosyna:
1647 2690 1785 2746 tum,
1830 2689 1877 2734 et

301 2784 547 2838 exaudin
564 2789 681 2835 sunt
716 2778 967 2833 orationes
1014 2785 1112 2829 tum
1135 2791 1155 2840 ;
1197 2788 1367 2844 neque
1409 2772 1454 2827 si
1502 2769 1768 2826 sufﬁceret
1808 2770 1876 2825 ad

301 2872 683 2945 atpossendum
711 2884 932 2940 regnum
962 2867 1218 2923 cmlorum
1247 2906 1260 2929 ,
1288 2871 1346 2918 ut
1364 2863 1427 2917 ad
1456 2864 1669 2917 Petrum
1696 2860 1877 2916 mitte-

302 2978 379 3019 ret
424 2970 732 3017 moneretur
774 2959 930 3027 (Act.
972 2972 1004 3011 κ
1029 2998 1045 3024 ,
1092 2956 1167 3020 4,
1213 2955 1274 3008 5t
1304 2996 1319 3020 ,
1348 2951 1460 3023 5):
1509 2952 1588 3006 sic
1635 2964 1741 3005 non
1795 2960 1879 3005 est

305 3052 709 3124 intprolrandum
745 3046 1108 3118 evangelicum
1153 3043 1402 3113 Baptismi
1444 3048 1831 3096 sacramentum
1859 3082 1874 3106 ,

302 3145 506 3200 etiamsi
573 3150 722 3197 extra
790 3137 1082 3194 Ecclesiam
1144 3134 1300 3189 fuerit
1361 3140 1680 3201 acceptum:
1735 3129 1875 3200 quod

306 3248 476 3290 tamen
520 3233 645 3302 quia
693 3247 797 3284 non
845 3228 1050 3299 proﬁcit
1097 3225 1162 3279 ad
1208 3225 1428 3278 salutem
1455 3263 1469 3285 ,
1501 3223 1600 3276 nisi
1651 3221 1743 3277 ille
1787 3221 1877 3290 qui

304 3327 459 3379 habet
495 3320 850 3392 integritatem
889 3316 1140 3387 Baptismi
1166 3357 1181 3380 ,
1227 3330 1319 3368 sua
1359 3328 1569 3382 quoque
1616 3313 1878 3381 pravitate

304 3426 540 3470 correcta
566 3455 580 3477 ,
626 3413 991 3481 incorporetur
1034 3406 1324 3472 Ecclesirc;
1368 3406 1446 3458 sic
1495 3404 1865 3460 haereticorum

302 3507 628 3573 corrigamus
651 3516 885 3556 errorem
907 3540 923 3564 ,
964 3507 1021 3553 ut
1059 3497 1199 3568 quod
1234 3497 1287 3551 in
1328 3494 1404 3551 eis
1429 3538 1442 3563 ,
1490 3510 1594 3550 non
1639 3511 1822 3551 eorum
1857 3535 1873 3562 ,

301 3596 389 3649 sed
415 3594 610 3648 Christi
637 3602 715 3647 est
742 3634 758 3656 ,
780 3605 1145 3661 agnoscamus.

366 3686 452 3738 CA
463 3682 597 3739 PU’I‘
616 3679 779 3736 XXII.
798 3710 866 3721 -—-
880 3678 970 3734 29.
993 3677 1244 3748 Baptismi
1263 3691 1391 3732 sane
1406 3677 1573 3731 vicem
1591 3676 1875 3746 aliquando

302 3776 524 3848 implere
556 3774 855 3844 passionem
884 3812 899 3835 ,
929 3770 995 3825 de
1020 3771 1227 3825 latrone
1256 3770 1349 3824 illo
1373 3769 1457 3824 cui
1485 3785 1587 3822 ttott
1613 3769 1877 3838 baptizato

300 3867 496 3921 dictum
549 3872 632 3918 est
658 3905 672 3930 ,
722 3860 887 3915 Hodie
932 3877 1124 3914 mecum
1171 3860 1270 3913 eris
1316 3861 1369 3913 in
1417 3858 1654 3928 paradiso
1704 3858 1873 3929 (Luc.

301 3971 428 4011 xxut
451 3997 469 4021 ,
495 3955 628 4024 45),
660 3969 765 4007 non
791 3952 907 4006 leve
935 3953 1309 4005 documentum
1355 3949 1494 4004 idem
1539 3950 1723 4005 beatus
1768 3946 1873 4020 Cy-

303 4045 517 4114 prianus
545 4043 764 4097 assumit
796 4059 808 4095 :
839 4041 977 4111 quod
1017 4041 1177 4095 etiam
1226 4049 1387 4111 atque
1431 4041 1589 4095 etiam
1633 4039 1878 4094 conside-

302 4151 422 4190 rans
448 4178 465 4201 ,
510 4135 726 4190 invenio
764 4149 867 4188 non
913 4142 1116 4186 tantum
1159 4133 1466 4202 passionem
1520 4146 1616 4200 pro
1664 4132 1878 4188 nomine

300 4224 495 4279 Christi
526 4224 579 4278 id
606 4223 745 4293 quod
776 4238 838 4277 ex
871 4222 1137 4291 Baptismo
1173 4220 1353 4275 deerat
1392 4235 1550 4289 posse
1588 4220 1834 4289 supplere
1856 4261 1872 4287 ,

299 4316 389 4369 sed
420 4315 582 4369 etiam
616 4313 770 4367 ﬁdem
798 4312 1302 4381 convcrsionemque
1332 4309 1507 4363 cordis
1530 4350 1543 4372 ,
1574 4310 1616 4362 si
1645 4309 1779 4364 forte
1805 4309 1871 4364 ad

300 4405 676 4462 celebrandum
705 4403 1009 4475 mysterium
1039 4401 1289 4470 Baptisnti
1316 4400 1367 4454 in
1389 4399 1642 4470 angustiis
1660 4407 1869 4468 tempo-

303 4516 417 4553 rum
450 4497 685 4552 snccurri
727 4510 831 4549 non
871 4501 1044 4564 potest
1071 4489 1167 4562 (a).
1209 4491 1390 4560 Neque
1428 4491 1567 4545 enim
1612 4491 1748 4544 latro
1789 4491 1876 4545 ille

304 4607 398 4660 pro
437 4591 656 4646 nomine
695 4587 891 4642 Christi
932 4585 1216 4640 cruciﬁxus
1244 4591 1326 4638 est
1350 4624 1363 4641 ,
1407 4581 1499 4637 sed
1543 4597 1639 4651 pro
1675 4581 1876 4638 meritis

304 4682 594 4735 facinorum
621 4693 837 4733 suorum
866 4693 878 4729 :
909 4690 1009 4729 nec
1035 4674 1157 4743 quia
1181 4671 1404 4726 credidit
1431 4685 1616 4740 passus
1644 4680 1726 4724 est
1745 4712 1759 4735 ,
1780 4671 1875 4727 sed

298 4773 423 4828 dum
467 4772 663 4842 patitur
694 4767 940 4824 credidit.
984 4766 1249 4833 Quantum
1298 4763 1473 4832 itaque
1508 4762 1679 4816 valeat
1715 4762 1874 4816 etiam

298 4866 414 4917 sine
441 4862 633 4916 visibili
660 4868 996 4916 sacramento
1024 4854 1276 4926 Baptismi
1304 4896 1317 4919 ,
1357 4852 1496 4923 quod
1539 4852 1613 4907 ait
1645 4854 1877 4921 Aposm-

297 4954 379 5009 lus
400 4996 415 5018 ,
451 4952 613 5007 Corde
634 4951 854 5005 creditur
888 4947 955 5000 ad
980 4946 1235 5018 justitiam
1259 4987 1274 5011 ,
1315 4961 1401 4997 ore
1431 4953 1598 4997 autent
1631 4945 1876 5014 confessio

298 5046 357 5112 ﬁt
399 5042 470 5097 ad
495 5042 707 5097 salutem
734 5040 752 5112 (
777 5040 924 5093 Rom.
952 5053 988 5091 χ
1013 5079 1028 5100 ,
1059 5035 1127 5090 10
1147 5035 1188 5107 );
1231 5035 1282 5089 in
1327 5035 1419 5087 illo
1452 5034 1659 5089 latrone
1694 5033 1876 5088 decla-

299 5142 472 5186 ratum
500 5139 600 5185 est.
635 5128 735 5183 Sed
764 5136 889 5181 tunc
908 5125 1159 5196 impletur
1183 5123 1554 5186 invisibiliter,
1572 5138 1693 5177 cum
1715 5123 1876 5177 mini-

297 5222 520 5275 sterium
578 5217 829 5289 ﬁuptismi
893 5233 997 5270 non
1049 5222 1386 5283 contemptus
1435 5215 1733 5296 religionis,
1779 5215 1876 5270 sed

298 5312 554 5367 articulus
582 5307 917 5365 necessitatis
943 5305 1196 5363 excludit.
1236 5304 1368 5359 Nam
1412 5305 1578 5359 multo
1611 5306 1779 5375 magis
1822 5306 1874 5360 in

299 5403 545 5459 Cornelio
584 5412 639 5458 et
672 5401 724 5456 in
771 5399 958 5455 amicis
998 5397 1112 5468 ejus
1136 5439 1151 5464 ,
1197 5412 1355 5467 quant
1405 5396 1458 5451 in
1502 5397 1594 5452 illo
1634 5398 1873 5467 latrone,

357 5602 373 5632 ε
400 5596 569 5648 Plures
609 5594 913 5657 Itanuscriptl
954 5593 1208 5657 omittunt,
1254 5592 1613 5659 baptizatorum.

356 5661 378 5691 ⁸
401 5666 449 5708 In
470 5668 597 5713 Mss,
621 5662 903 5721 Acceptattz,

356 5721 430 5783 (tt)
455 5715 852 5781 hRetract.,'atp.
882 5715 951 5765 18.

1610 299 1804 358 LIBER
1846 295 2185 362 (Α’Μιτιε.

3433 312 3534 367 Πι

1968 427 2146 485 posset
2174 417 2339 472 videri
2368 418 2687 491 superﬂuum
2720 431 2775 475 nt
2802 438 2936 493 aqua
2972 423 3130 478 etiam
3170 425 3499 494 tingerentur
3520 469 3535 495 ,

1967 512 2019 562 in
2050 510 2240 578 quibus
2278 509 2386 580 jant
2427 511 2625 566 donum
2662 513 2887 583 Spiritus
2926 516 3091 569 sancti
3117 557 3133 583 ,
3162 517 3300 587 quod
3329 519 3538 574 nonnisi

1968 599 2262 677 baptizatos
2289 600 2421 655 alios
2450 604 2718 673 accepisse
2755 614 2935 659 saneta
2975 606 3245 677 Scriptura
3276 591 3501 663 testatur
3528 654 3540 672 ,
3566 628 3571 635 ’

1968 675 2115 743 certo
2142 705 2349 760 quoque
2376 691 2568 747 indicio
2603 680 2743 762 and
2784 695 2889 748 illis
2935 698 3258 765 temporibus
3285 695 3541 768 c‘ongrue-

1969 778 2098 844 bat,
2131 793 2250 833 cum
2293 781 2483 850 linguis
2518 782 2892 851 loquerentur,
2933 786 3245 842 eminuerat.
3289 788 3541 858 Baptizati

1971 878 2093 923 sunt
2127 878 2301 923 tamen
2329 887 2342 924 :
2366 881 2419 925 ct
2447 872 2497 925 in
2526 872 2626 927 hoc
2650 872 2788 927 facto
2814 876 3099 943 apostolica
3122 887 3291 931 exstat
3317 883 3548 933 auctor;—

1975 968 2077 1013 tas.
2120 959 2300 1030 Usque
2342 961 2476 1017 adeo
2519 979 2676 1019 nemo
2723 965 2881 1020 debet
2924 967 2974 1020 in
3019 969 3252 1037 quolibet
3294 979 3547 1041 provectu

1974 1051 2240 1106 interioris
2268 1052 2497 1109 hominis
2522 1099 2536 1121 ,
2564 1056 2607 1110 si
2640 1057 2771 1112 forte
2795 1068 2918 1112 ante
2946 1059 3268 1129 Baptismum
3291 1079 3456 1133 usque
3477 1066 3543 1118 ad

1975 1140 2302 1210 spiritualem
2354 1144 2678 1199 intellectum
2727 1147 2812 1216 pio
2859 1148 3020 1202 corde
3062 1150 3380 1218 profecerit,
3418 1167 3547 1207 con-

1977 1243 2217 1287 temnere
2267 1233 2709 1303 Sacrame'utunt,
2773 1240 2914 1309 quod
2974 1240 3333 1296 ministrorum
3385 1258 3549 1312 opere

1974 1325 2325 1391 corporaliter
2364 1325 2682 1394 adhibetur,
2730 1329 2823 1384 sed
2860 1344 2957 1400 per
2998 1331 3097 1385 hoc
3139 1331 3276 1386 Dens
3321 1332 3550 1387 hominis

1975 1419 2428 1474 consecrationem
2458 1421 2802 1490 spiritualiter
2839 1434 3107 1492 Operatnr.
3153 1424 3261 1479 Nec
3301 1425 3372 1479 ob
3407 1426 3548 1480 aliud

1978 1508 2228 1562 existimo
2252 1525 2444 1564 munus
2474 1511 2773 1580 baptizandi
2802 1512 2990 1567 Joanni
3014 1513 3177 1569 fuisse
3199 1516 3510 1570 attributum
3532 1558 3547 1581 ,

1978 1597 2046 1651 ita
2080 1608 2134 1651 ut
2158 1599 2377 1655 Joannis
2408 1601 2700 1672 baptismus
2729 1603 3027 1671 diceretur,
3061 1606 3158 1659 nisi
3206 1613 3265 1659 ut
3299 1607 3552 1663 Dominus

1977 1687 2091 1757 ipse
2118 1693 2206 1759 qui
2235 1690 2495 1758 dederat,
2522 1707 2643 1747 cum
2670 1694 2809 1748 servi
2838 1695 3154 1763 baptismum
3178 1712 3283 1751 non
3315 1699 3521 1767 Sprevis

1977 1790 2059 1833 set
2083 1767 2323 1851 accipere
2349 1785 2366 1853 (
2392 1783 2576 1838 Matth.
2609 1800 2664 1839 tu
2687 1825 2702 1850 ,
2731 1785 2763 1840 6
2783 1827 2798 1851 ,
2829 1785 2895 1839 13
2914 1784 2957 1856 ),
2985 1787 3257 1843 dedicaret
3283 1788 3551 1844 humilita-

1977 1869 2046 1923 tis
2071 1873 2206 1925 viam
2231 1914 2247 1940 ,
2279 1883 2333 1928 et
2361 1875 2543 1943 quanti
2575 1875 2906 1953 pendendum
2932 1886 3075 1932 esset
3102 1892 3256 1932 suum
3286 1879 3550 1949 Baptisma

1978 1977 2083 2031 quo
2129 1963 2242 2033 ipse
2286 1964 2649 2036 baptizaturus
2695 1977 2840 2035 erat,
2897 1969 2987 2023 tali
3038 1969 3176 2025 facto
3221 1972 3555 2040 apertissimo.

1979 2051 2294 2109 declararet.
2326 2054 2549 2112 Videbat
2571 2057 2713 2112 enim
2738 2066 2981 2128 tanquam
3014 2060 3365 2129 peritissimus
3389 2063 3555 2117 medi-

1978 2157 2073 2197 cus
2098 2144 2282 2199 salutis
2309 2154 2556 2212 :eternze,
2600 2148 2949 2219 quorumdam
2994 2163 3099 2204 non
3138 2149 3441 2206 defuturum
3469 2161 3555 2205 tu-

1980 2249 2180 2289 morem
2207 2277 2222 2302 ,
2255 2236 2344 2305 qui
2370 2252 2491 2292 cum
2521 2237 2792 2295 intellectu
2821 2240 3063 2295 veritatis
3097 2250 3153 2297 et
3191 2243 3555 2313 probabilibus

1981 2323 2220 2379 moribus
2268 2326 2337 2380 ita
2384 2327 2774 2397 profecissent,
2815 2338 2873 2384 ut
2906 2330 3087 2403 multis
3130 2332 3404 2401 baptizatis
3448 2334 3555 2388 vita

1979 2422 2139 2484 atque
2184 2415 2421 2471 doctrina
2473 2435 2532 2474 se
2581 2434 2895 2491 prmponere
2946 2423 3166 2478 minime
3209 2424 3552 2492 dubitarent,

1978 2518 2431 2573 supervacaneum
2457 2508 2556 2563 sibi
2577 2524 2697 2565 esse
2721 2510 3001 2566 crederent
3029 2512 3281 2582 baptizari
3306 2554 3322 2579 ,
3344 2515 3556 2584 quando

1979 2594 2044 2647 ad
2074 2595 2222 2649 illum
2252 2598 2446 2652 mentis
2473 2598 2707 2655 habitum
2739 2617 2798 2656 se
2827 2604 3131 2672 pervenisse
3159 2607 3455 2673 sentirent,
3489 2608 3555 2660 ad

1979 2698 2137 2753 quem
2171 2686 2322 2740 multi
2353 2686 2600 2758 baptizati
2629 2690 2802 2747 adhuc
2828 2693 3117 2749 ascendere
3143 2707 3482 2750 conarentur.

2049 2774 2272 2831 CAPUT
2299 2775 2483 2831 XXIII.
2509 2809 2582 2819 —
2603 2780 2691 2835 50.
2718 2781 2853 2849 Quid
2898 2791 3073 2837 autent
3117 2785 3295 2840 valeat
3331 2796 3385 2840 et
3427 2788 3555 2856 quid

1979 2875 2099 2936 agat
2150 2867 2202 2921 in
2256 2869 2469 2926 homine
2520 2873 2868 2944 corporaliter
2918 2874 3151 2930 adhibita
3208 2876 3590 2943 sanctiﬁcatio,

1978 2956 2306 3015 Sacramenti
2336 2959 2356 3033 (
2383 2961 2498 3015 sine
2524 2977 2624 3032 qua
2655 2971 2831 3019 tamen
2860 2965 2950 3020 ille
2977 2966 3116 3021 latro
3141 2982 3247 3021 non
3275 2967 3404 3034 fuit,
3431 2970 3557 3039 quia

1980 3063 2082 3102 non
2111 3049 2227 3118 ejus
2255 3051 2577 3120 accipienda:
2605 3054 2850 3109 voluntas
2888 3055 3054 3110 defuit
3078 3097 3093 3120 ,
3131 3056 3225 3111 sed
3269 3073 3373 3112 non
3412 3061 3557 3114 acci-

1980 3139 2187 3209 pienda:
2227 3142 2517 3197 necessitas
2562 3143 2794 3215 adfuit),
2838 3144 3055 3201 difﬁcile
3088 3155 3173 3202 est
3204 3148 3404 3204 dicere.
3446 3149 3558 3205 Nisi

1979 3239 2155 3285 tamen
2190 3234 2473 3302 plurimum
2503 3234 2736 3301 valeret,
2770 3251 2875 3290 non
2918 3237 3057 3292 servi
3100 3239 3420 3307 baptismum
3450 3240 3558 3293 Dn-

1980 3321 2154 3377 minus
2192 3325 2503 3392 accepisset.
2532 3324 2727 3380 Verunt
2758 3327 2880 3397 quia
2929 3342 3024 3396 per
3062 3343 3120 3382 se
3161 3329 3272 3398 ipsa
3313 3329 3559 3385 conside.

1980 3414 2141 3468 rando
2183 3423 2303 3481 est,
2348 3425 2568 3486 excepta
2613 3417 2785 3471 salute
2827 3418 3056 3473 hominis
3097 3422 3181 3473 cui
3223 3419 3558 3488 perﬁciendae

1978 3505 2260 3560 adhibetur
2283 3550 2297 3571 ,
2334 3507 2463 3561 satis
2502 3508 2699 3563 indicat
2736 3509 2877 3579 quod
2924 3519 2978 3564 et
3018 3511 3068 3563 iu
3106 3511 3291 3577 malis,
3320 3519 3374 3566 et
3401 3513 3455 3567 in
3479 3514 3559 3568 eis

1978 3592 2065 3664 qui
2092 3596 2294 3651 saeculo
2320 3597 2500 3653 verbis
2519 3636 2535 3664 ,
2570 3613 2675 3652 non
2705 3598 2859 3653 factis
2887 3602 3191 3655 renuntiant
3218 3642 3233 3667 ,
3274 3603 3385 3672 ipsa
3418 3603 3557 3658 inte-

1976 3701 2069 3755 gra
2100 3696 2181 3740 est
2208 3729 2222 3751 ,
2251 3702 2371 3741 cum
2403 3688 2480 3741 illi
2525 3689 2626 3742 nisi
2667 3690 3001 3758 corrigantur
3023 3732 3038 3755 ,
3086 3693 3311 3747 salutem
3360 3693 3558 3749 habere

1960 3770 2082 3828 'non
2116 3776 2336 3843 possint.
2368 3776 2520 3831 Sicut
2544 3785 2719 3831 autem
2751 3778 2804 3831 in
2834 3778 3038 3834 latrone
3061 3819 3076 3843 ,
3102 3782 3224 3850 quia
3253 3797 3349 3851 per
3372 3796 3557 3837 neces-

1978 3867 2188 3920 sitatem
2213 3867 2567 3936 corporaliter
2588 3867 2754 3923 defuit
2775 3910 2791 3936 ,
2819 3868 3068 3938 perfecta
3105 3872 3248 3926 salus
3283 3881 3403 3935 est,
3429 3875 3579 3944 quia-

1977 3973 2075 4027 per
2102 3956 2351 4028 pietatem
2395 3959 2739 4027 spiritualiter
2781 3961 2991 4016 adfuit:
3043 3962 3120 4017 sic
3167 3971 3223 4018 et
3268 3978 3388 4018 cum
3441 3966 3552 4034 ipsa

1977 4054 2174 4118 prmsto
2201 4057 2322 4123 est,
2366 4049 2410 4103 si
2458 4064 2556 4119 per
2592 4052 2961 4106 necessitatem
3002 4051 3141 4107 desit
3177 4054 3317 4124 quod
3363 4056 3555 4111 IatrOni

1976 4140 2143 4196 adfuit
2165 4182 2181 4207 ,
2212 4141 2481 4209 perﬁcitur
2506 4143 2671 4197 salus.
2705 4143 2856 4211 Quod
2885 4143 3134 4198 traditum
3163 4153 3308 4200 tenet
3333 4146 3550 4201 univer-

1977 4230 2108 4285 sitas
2154 4230 2445 4296 Ecclesiae,
2492 4245 2612 4285 cum
2658 4233 2860 4300 parvuli
2911 4231 3139 4287 infantes
3180 4233 3552 4303 baptizantur,

1976 4319 2067 4390 qui
2099 4328 2245 4375 certe
2290 4319 2522 4374 nondum
2563 4330 2785 4389 possunt
2823 4321 2984 4376 corde
3028 4321 3248 4377 credere
3289 4323 3355 4379 ad
3392 4323 3549 4394 justi-

1978 4412 2104 4465 tiam
2130 4452 2145 4478 ,
2172 4420 2227 4466 et
2254 4426 2350 4467 ore
2374 4410 2616 4466 conﬁteri
2641 4412 2707 4467 ad
2727 4413 2950 4468 salutem
2977 4457 2991 4481 ,
3015 4413 3154 4483 quod
3183 4414 3320 4468 latro
3346 4415 3552 4484 potuit:

1894 4567 1915 4577 -
1976 4503 2102 4572 quin
2132 4503 2292 4557 etiam
2317 4501 2495 4557 ﬂendo
2520 4512 2576 4559 et
2601 4505 2860 4573 vagiendo
2884 4521 3005 4560 cum
3041 4506 3093 4560 in
3129 4507 3208 4562 eis
3242 4508 3553 4578 mysterium

1977 4593 2315 4657 celebratur,
2361 4593 2493 4663 ipsis
2543 4595 2785 4665 mysticis
2826 4596 3048 4651 vocibus
3099 4597 3448 4669 obstrepunt;
3502 4609 3558 4655 et

1979 4692 2155 4739 tamen
2206 4685 2382 4740 nullus
2431 4685 2856 4742 Christianorum
2921 4687 3122 4743 dixerit
3174 4705 3271 4746 eos
3324 4691 3561 4748 inaniter

1977 4777 2251 4846 baptizari.

2051 4887 2275 4944 CAPUT
2305 4887 2495 4943 XXIV.
2523 4919 2592 4929 —
2616 4889 2701 4943 51.
2749 4889 2817 4944 Et
2856 4890 2900 4944 si
2939 4891 3214 4962 quisquam
3257 4894 3308 4947 in
3354 4892 3453 4947 hac
3498 4910 3558 4947 re

1978 4979 2349 5035 auctoritatem
2378 4980 2608 5034 divinam
2636 4990 2872 5050 qumrat,
2914 4996 3212 5053 quanquam
3252 4983 3393 5053 quod
3439 4987 3555 5038 uni-

1977 5087 2131 5126 versa
2176 5079 2322 5126 tenet
2363 5070 2595 5126 Ecclesia
2620 5112 2636 5137 ,
2678 5086 2777 5125 nec
2818 5072 3056 5128 conciliis
3097 5074 3428 5137 institutum,
3460 5074 3555 5127 sed

1979 5174 2191 5231 semper
2219 5170 2483 5217 retentum
2511 5168 2630 5225 est,
2662 5162 2871 5216 nonnisi
2912 5164 3227 5219 auctoritate
3261 5164 3553 5234 apostolica

1980 5252 2229 5307 traditum
2260 5252 2555 5308 rectissime
2580 5251 2854 5308 creditur:
2895 5262 3070 5311 tantcn
3101 5258 3360 5310 veraciter
3381 5256 3557 5326 conji-

1980 5358 2103 5398 cere
2160 5356 2482 5412 possumus,
2531 5341 2658 5412 quid
2703 5343 2873 5399 valeat
2919 5346 2969 5399 in
3019 5347 3249 5415 parvulis
3294 5346 3550 5417 Baptismi

1979 5446 2369 5492 sacramentum
2390 5475 2405 5498 ,
2434 5449 2500 5490 ex
2527 5434 2934 5493 circumcisione
2960 5439 3137 5493 carnis
3160 5478 3173 5501 ,
3215 5453 3372 5508 quant
3410 5442 3559 5509 prior

1980 5528 2204 5599 papulas
2233 5526 2468 5595 accepit,
2497 5541 2654 5596 quam
2683 5526 2991 5597 priusquam
3015 5529 3281 5599 acciperet
3296 5530 3557 5599 justitica-

1982 5626 2065 5670 tus
2090 5624 2172 5670 est
2197 5614 2481 5670 Abraham.
2510 5616 2659 5671 Sicut
2676 5614 2954 5674 Cornelius
2974 5618 3134 5672 etiam
3161 5618 3303 5676 dono
3326 5620 3559 5693 Spiritus

1982 5706 2185 5775 sancti,
2235 5707 2534 5777 priusquam
2581 5708 2972 5779 baptizaretur,
3018 5708 3215 5768 ditatus
3255 5713 3557 5800 emunivit
