4028 6202
438 336 535 391 175

437 463 611 504 tamen
646 449 927 518 Apostolus
955 447 1019 501 de
1053 445 1166 514 ipso
1214 444 1478 498 Abraham
1501 482 1515 505 ,
1566 442 1780 511 Signum
1819 438 2010 506 occepit

433 543 858 602 (intermisimus,
921 539 1236 609 signaculum
1291 537 1504 606 justitiu:
1552 534 1710 602 ﬁdei;
1763 533 1850 601 qui
1900 531 2006 600 jam

435 635 596 686 corde
621 632 960 694 crediderat,
993 638 1041 683 et
1076 628 1385 697 deputatum
1416 625 1486 678 illi
1520 633 1631 678 erat
1662 622 1726 676 ad
1753 621 2006 690 justitiam

438 725 629 790 (Rom.
663 736 736 780 tv.
774 721 830 773 II
863 761 878 783 ,
911 720 1009 782 '5).
1053 718 1158 770 Cur
1202 733 1327 783 ergo
1371 716 1417 767 ei
1467 722 1782 782 praeceptum
1829 719 1911 765 est
1955 720 2012 763 ιιι

435 829 646 866 onmem
678 811 931 879 deinceps
959 808 1210 863 infantem
1244 806 1534 860 masculum
1566 812 1752 857 octavo
1786 801 1872 856 die
1907 802 2010 855 cir-

432 903 754 958 cumcidcret
783 901 803 973 (
830 900 956 955 Gen.
989 916 1098 954 xvu
1121 941 1134 963 ,
1168 900 1198 952 9
1227 940 1242 962 ,
1274 899 1339 951 Ill
1365 899 1403 966 ).
1429 897 1514 964 qui
1541 895 1772 948 nomium
1803 903 2010 963 poterat

432 993 594 1048 corde
623 993 844 1047 credere
867 1033 882 1058 ,
913 1000 967 1044 ut
992 991 1040 1044 ei
1083 990 1427 1058 deptttaretur
1471 987 1534 1039 ad
1580 986 1836 1056 justitiam
1862 1001 1876 1048 ;
1909 985 2008 1038 nisi

427 1085 550 1153 quia
587 1095 642 1138 et
682 1085 852 1152 ipsum
895 1099 990 1152 per
1025 1097 1082 1135 se
1129 1082 1298 1149 ipsum
1349 1087 1739 1132 sacramentum
1783 1077 2006 1130 multum

428 1179 678 1234 valebat?
699 1177 854 1244 Quod
882 1177 934 1232 in
965 1177 1072 1230 tilio
1104 1175 1268 1245 Moysi
1299 1189 1390 1242 per
1419 1172 1664 1240 angelum
1695 1169 2005 1223 manifesta-

429 1285 539 1323 tum
567 1277 650 1323 est
675 1310 689 1332 ,
721 1269 810 1334 qui
841 1284 960 1321 cum
988 1266 1161 1321 adhuc
1191 1263 1589 1318 int-ircntncisus
1626 1278 1653 1314 a
1692 1270 1862 1315 matre
1905 1261 2007 1315 fer-

428 1369 574 1412 ietur
597 1400 613 1423 ,
643 1357 888 1427 prtesenti
914 1366 968 1410 et
988 1355 1215 1409 evidenti
1246 1353 1479 1421 periculo
1505 1360 1564 1406 ut
1591 1351 2003 1405 circumcidere-

426 1461 510 1504 tnr
559 1460 800 1506 exactum
855 1459 937 1504 est
995 1448 1206 1522 (Exod.
1237 1463 1308 1510 tv,
1353 1446 1486 1518 24);
1531 1456 1585 1500 et
1640 1461 1761 1500 cum
1808 1447 2001 1500 factum

427 1550 570 1595 asset
595 1584 610 1607 ,
643 1540 860 1608 depulsa
893 1549 975 1594 est
1005 1539 1284 1608 pernicies.
1312 1536 1460 1592 Sicut
1497 1551 1624 1607 ergo
1659 1537 1709 1590 in
1741 1537 2001 1590 Abraham

429 1631 701 1699 pra‘cessit
730 1630 851 1683 lidei
880 1629 1084 1697 justitia
1109 1669 1123 1692 ,
1152 1638 1204 1682 et
1225 1628 1450 1682 accessit
1471 1627 1804 1682 circumcisio
1831 1626 2004 1696 signa-

427 1723 601 1774 culum
629 1721 846 1789 justititc
877 1719 1032 1782 fidei;
1063 1719 1130 1771 ita
1161 1718 1212 1771 in
1240 1717 1486 1776 Cornelio
1514 1717 1781 1790 prmressit
1805 1717 2000 1776 sancti-

433 1813 606 1865 licatio
635 1811 926 1883 Spiritualis
955 1810 1005 1866 in
1037 1809 1177 1865 dono
1202 1809 1432 1880 Spiritus
1462 1812 1628 1866 sancti
1654 1853 1669 1877 ,
1698 1821 1751 1866 ct
1779 1811 2001 1866 accessit

427 1901 828 1959 Sacramentum
858 1901 1276 1972 regenerationis
1305 1901 1356 1954 in
1389 1901 1594 1954 lavacro
1628 1900 1898 1969 Baptismi.
1940 1901 2002 1954 Et

427 1997 564 2050 sicut
593 1995 640 2048 itt
671 1995 816 2049 Isaac
839 2035 855 2060 ,
885 1994 972 2062 qui
1001 2002 1188 2046 octavo
1213 2008 1322 2045 suae
1351 1992 1636 2044 nativitatis
1662 1991 1747 2044 die
1772 1991 1998 2045 circum-

429 2082 571 2138 cisus
615 2093 732 2143 est.
787 2081 1062 2152 praecessit
1106 2081 1433 2151 signaculum
1479 2081 1696 2148 justitize
1745 2081 1898 2143 fidei;
1947 2090 2000 2136 et

423 2175 672 2241 quoniam
719 2173 881 2242 patris
928 2172 1086 2226 fidem
1137 2171 1370 2225 imitatus
1421 2179 1540 2233 est.
1585 2179 1764 2224 secuta
1818 2179 1901 2224 est
1945 2172 1999 2225 in

425 2273 694 2319 crescente
724 2264 834 2333 ipsa
867 2263 1067 2332 justitia
1093 2303 1107 2324 ,
1151 2263 1303 2330 cujus
1339 2261 1664 2331 signaculum
1709 2261 1760 2314 in
1802 2260 2000 2316 infante

424 2365 771 2424 praecesserat
815 2372 827 2407 :
876 2355 946 2409 ita
993 2354 1044 2408 in
1093 2353 1372 2423 baptizatis
1419 2353 1703 2407 infantibus
1751 2353 2002 2421 pra'ccdit

420 2446 835 2519 regenerationis
905 2446 1334 2506 Sacramentum;
1409 2452 1463 2497 et
1534 2443 1577 2496 si
1659 2442 1998 2497 Christianam

427 2538 692 2591 tenuerint
723 2540 968 2606 pietatem
994 2577 1008 2599 ,
1037 2545 1287 2605 sequetur
1312 2537 1470 2589 etiam
1503 2535 1553 2587 in
1581 2534 1744 2588 corde
1771 2550 1997 2589 conver-

417 2631 498 2684 sio
522 2671 536 2693 ,
564 2629 716 2698 cujus
741 2629 1050 2699 mysterium
1096 2627 1365 2696 pra'ccssit
1399 2625 1451 2680 in
1491 2641 1736 2695 corpore.
1770 2626 1828 2679 Et
1863 2629 2002 2682 sicut

422 2726 475 2774 in
505 2724 595 2776 illo
625 2724 829 2776 latrone
852 2721 990 2790 quod
1020 2736 1086 2776 ex
1115 2719 1364 2788 Baptismi
1397 2727 1731 2772 sacramento
1752 2718 2000 2774 defuerat

414 2814 700 2883 complevit
723 2812 1111 2882 Omnipotentis
1136 2811 1430 2881 benignitas
1451 2851 1465 2874 ,
1497 2810 1618 2880 quia
1651 2826 1754 2864 non
1805 2826 1996 2880 supcr-

419 2906 500 2959 hia
530 2905 612 2959 vel
641 2913 944 2973 contemptu
968 2945 984 2968 ,
1029 2901 1124 2957 sed
1169 2902 1484 2956 necessitate
1518 2900 1764 2955 defuerat
1793 2919 1804 2953 :
1838 2902 1916 2955 sic
1945 2900 1997 2956 in

411 2996 700 3048 infantibus
722 2995 810 3063 qui
833 2993 1081 3063 baptizati
1109 2992 1406 3046 moriuntur
1424 3031 1439 3058 ,
1468 2990 1656 3045 eadem
1679 2991 1846 3060 gratia
1867 2991 1998 3043 0m-

417 3085 704 3152 nipotentis
728 3085 950 3153 implere
975 3081 1241 3137 credenda
1269 3090 1384 3146 est,
1419 3080 1560 3150 quod
1590 3095 1692 3136 non
1727 3095 1792 3135 ex
1838 3080 1996 3149 impia

411 3178 693 3231 voluntate
716 3217 729 3240 ,
761 3175 855 3229 sed
887 3190 950 3230 es
978 3174 1148 3228 mtatis
1179 3173 1462 3242 indigentia
1487 3213 1502 3239 ,
1548 3187 1646 3226 nec
1678 3171 1840 3226 corde
1861 3166 1996 3227 'cre-

407 3269 550 3322 dcte
576 3267 642 3320 ad
666 3266 924 3336 justitiam
953 3273 1207 3333 possunt,
1242 3279 1342 3318 nec
1370 3279 1464 3318 ore
1492 3264 1732 3318 confiteri
1758 3263 1822 3317 ad
1853 3264 1996 3318 salu-

405 3370 546 3413 -ιιιιιι⁸
579 3359 704 3414 Ideo
728 3374 847 3412 cum
879 3356 967 3410 alii
997 3371 1092 3425 pro
1116 3357 1195 3410 eis
1222 3354 1544 3424 respondent
1569 3396 1582 3416 ,
1613 3364 1672 3408 ut
1718 3356 1998 3425 impleatur

415 3467 542 3519 erga
594 3465 688 3505 eos
741 3448 1031 3504 celebratio
1078 3427 1448 3512 Sacramenii,
1501 3447 1642 3500 valet
1696 3447 1874 3515 utique
1927 3445 1994 3500 ad

412 3558 600 3595 eorum
657 3543 1148 3605 consecrationem,
1199 3539 1322 3608 quia
1366 3538 1465 3608 ipsi
1516 3538 1841 3608 respondere
1890 3553 1994 3593 non

416 3642 657 3701 possunt.
691 3634 760 3686 At
809 3631 850 3685 si
891 3647 988 3700 pro
1031 3646 1097 3686 eo
1143 3631 1231 3700 qui
1279 3629 1602 3698 respondere
1644 3637 1816 3699 potest
1861 3630 1995 3686 alius

417 3723 765 3792 respondeat,
799 3738 902 3776 non
931 3721 1112 3776 itidem
1138 3721 1295 3774 valet.
1330 3721 1406 3774 Ex
1436 3736 1538 3791 qua
1571 3720 1751 3788 regula
1786 3720 1910 3788 illud
1941 3721 1990 3774 in

416 3815 704 3881 Evangelii)
730 3816 926 3869 dictum
957 3824 1038 3868 est
1062 3855 1076 3875 ,
1105 3813 1243 3882 quod
1271 3827 1457 3866 omnes
1475 3829 1594 3868 cum
1627 3814 1816 3882 legitur
1841 3823 1991 3867 natu-

1173 331 1264 384 DF.
1309 328 1639 384 ΒΗΤιὲΜῦ
1679 322 1945 378 (ἸΟΝΤΙΗ
1992 321 1995 373 l

2105 321 2431 388 HTISTAS,
2475 325 2510 379 S
2573 327 2933 384 AUGUSTINI
3609 329 3705 386 176

2125 437 2304 492 raliter
2338 451 2514 495 movet
2550 459 2560 491 :
2596 442 2822 496 ZEtatem
2869 446 3048 510 habet,
3103 446 3207 514 ipse
3245 462 3336 515 pro
3374 461 3426 498 se
3477 445 3717 512 loquntur

2128 529 2318 597 (Jonn.
2353 547 2399 583 tv
2430 573 2442 592 ,
2467 533 2600 598 ε21).

2191 621 2416 676 CAPUT
2447 623 2609 676 XXV.
2657 623 2800 677 —52.
2831 625 3029 690 Quibus
3062 626 3216 678 rebus
3241 626 3490 678 omnibus
3521 637 3704 681 osten-

2121 710 2262 764 ditur
2288 711 2427 766 aliud
2457 729 2575 768 esse
2618 726 3007 768 sacramentum
3051 716 3341 785 Itap‘ismi,
3387 716 3530 770 aliud
3576 733 3703 770 coo-

2119 804 2417 856 versionem
2449 805 2662 868 cordis;
2696 805 2787 860 sed
2821 807 3041 860 salutem
3089 806 3319 860 hominis
3360 822 3423 860 ex
3476 817 3702 876 utroque

2119 894 2374 964 compleri
2409 914 2421 949 :
2457 911 2555 950 nec
2581 896 2622 949 si
2657 912 2818 950 unum
2851 897 3035 950 hortnn
3064 898 3328 964 defuerit,
3363 897 3482 952 idco
3513 909 3703 966 putare

2119 985 2373 1041 debemus
2403 1002 2735 1057 consequens
2763 1002 2882 1042 esse
2913 999 2967 1042 ut
3009 997 3062 1042 et
3102 988 3327 1041 alterunt
3368 989 3546 1055 desit;
3575 992 3698 1060 quia

2118 1085 2171 1130 et
2197 1077 2322 1130 illud
2351 1077 2465 1131 sine
2495 1078 2594 1131 isto
2626 1087 2798 1146 potcSt
2826 1094 2945 1134 esse
2975 1079 3024 1132 in
3059 1078 3260 1133 infante
3283 1123 3298 1147 ,
3337 1090 3392 1134 et
3433 1080 3534 1136 hoc
3581 1082 3698 1136 sine

2118 1165 2208 1220 illo
2239 1167 2407 1235 potuit
2448 1182 2566 1221 esse
2605 1166 2656 1220 iu
2696 1167 2940 1235 latrone,
2980 1168 3280 1236 complente
3326 1170 3434 1224 Deo
3479 1171 3591 1225 sive
3642 1171 3694 1226 in

2117 1258 2208 1311 illo
2231 1299 2245 1323 ,
2275 1259 2384 1312 sive
2415 1259 2467 1312 in
2497 1260 2596 1313 isto
2623 1299 2639 1325 ,
2668 1259 2806 1330 quod
2837 1276 2939 1314 non
2967 1276 3035 1314 ex
3071 1261 3341 1315 voluntate
3383 1262 3640 1318 defuisset
3670 1283 3681 1317 :

2113 1363 2232 1403 cum
2291 1365 2416 1403 vero
2470 1366 2534 1404 ex
2583 1351 2854 1405 voluntate
2902 1351 3125 1406 alterum
3180 1352 3370 1406 horum
3421 1353 3647 1408 defuerit
3677 1397 3693 1417 ,

2111 1449 2260 1493 reatu
2289 1441 2554 1494 hominem
2587 1441 2802 1496 involvi.
2834 1442 2895 1495 Et
2924 1441 3224 1509 Baptismus
3264 1443 3479 1512 quidem
3522 1455 3694 1514 potest

2113 1529 2284 1584 inesse
2308 1530 2391 1583 ubi
2414 1532 2695 1585 conversio
2717 1531 2895 1585 cordis
2917 1531 3145 1586 defuerit
3173 1551 3186 1584 :
3209 1534 3488 1588 conversio
3511 1544 3690 1589 autem

2109 1619 2287 1673 cordis
2319 1630 2488 1689 potest
2517 1621 2729 1690 quidem
2759 1624 2932 1678 inesse
2961 1640 3066 1677 non
3099 1634 3350 1694 percepto
3380 1626 3648 1695 Baptismo
3670 1670 3686 1690 ,

2109 1712 2201 1771 sed
2245 1722 2551 1787 contempto
2592 1729 2695 1772 non
2743 1724 2937 1789 potest.
2983 1715 3164 1791 Neque
3198 1718 3339 1772 enim
3380 1719 3485 1772 ullo
3526 1721 3686 1772 modo

2109 1805 2328 1862 dicenda
2379 1823 2460 1874 est
2506 1811 2789 1864 conversio
2834 1811 3009 1865 cordis
3055 1813 3120 1864 ad
3169 1812 3373 1878 Deum,
3423 1824 3542 1865 eum
3590 1809 3684 1864 Dei

2106 1899 2505 1955 Sacramentum
2533 1902 2910 1970 contemnitur.
2955 1902 3104 1958 iuste
3146 1905 3303 1972 igitur
3339 1902 3687 1974 reprehendi-

2109 2008 2226 2046 mus
2249 2035 2262 2055 ,
2296 1993 2699 2048 anathemamus
2727 2035 2741 2057 ,
2775 1995 3101 2048 detestamur
3123 2036 3138 2058 ,
3166 1995 3535 2050 abominamur
3559 2011 3682 2064 per-

2107 2085 2409 2138 versitatem
2438 2085 2613 2138 cordis
2637 2086 3006 2139 luereticorum
3033 2103 3044 2136 :
3075 2085 3477 2139 Sacramentum
3506 2096 3680 2140 Lamen

2105 2179 2464 2245 evangelicum
2512 2195 2617 2232 non
2658 2178 2776 2232 ideo
2817 2195 2922 2232 non
2965 2179 3198 2245 habent,
3237 2179 3358 2249 quia
3410 2195 3505 2248 per
3539 2181 3680 2249 quod

2107 2269 2232 2323 utile
2259 2280 2340 2322 est
2390 2285 2496 2322 non
2542 2268 2757 2323 habent.
2803 2268 3122 2338 Quapropter
3167 2285 3281 2322 cum
3325 2269 3395 2322 ad
3440 2270 3591 2338 ﬁdem
3635 2281 3684 2322 et

2105 2362 2361 2413 veritatem
2401 2361 2600 2414 veniunt
2622 2402 2637 2424 ,
2679 2370 2724 2413 et
2765 2370 2962 2431 agentes
3002 2360 3339 2429 pmnilenliam
3372 2361 3554 2412 remi/ti
3587 2360 3684 2414 sibi

2106 2460 2309 2520 peccata
2334 2451 2605 2519 deposcunt
2631 2493 2644 2511 ,
2677 2466 2778 2503 non
2807 2466 2890 2503 eos
2919 2451 3189 2520 decipimus
3225 2466 3382 2518 neque
3419 2450 3643 2519 fallimus
3661 2491 3678 2515 ,

2105 2557 2219 2594 cum
2245 2550 2489 2593 correctos
2513 2558 2544 2592 ιι
2573 2541 2713 2594 nobis
2742 2557 2800 2592 ac
2825 2544 3123 2610 reformato:
3153 2539 3202 2592 in
3231 2555 3295 2593 eo
3323 2540 3458 2610 quod
3487 2541 3682 2608 depm-

2105 2631 2210 2684 vati
2265 2643 2422 2700 atque
2469 2632 2703 2700 perversi
2749 2640 2909 2694 sunt,
2955 2631 3023 2683 ad
3068 2646 3277 2700 regnum
3322 2632 3560 2683 (celarunt
3606 2632 3682 2684 sic

2105 2721 2385 2789 disciplinis
2409 2722 2684 2776 caelestibus
2721 2723 2975 2774 erudimus
2997 2739 3015 2786 ;
3059 2732 3116 2774 ιιι
3157 2720 3294 2790 quod
3337 2721 3386 2774 in
3428 2721 3506 2774 eis
3546 2721 3679 2775 inte-

2103 2828 2254 2883 grum
2275 2822 2357 2867 est
2379 2854 2394 2879 ,
2419 2813 2563 2866 nullo
2590 2813 2744 2866 modo
2769 2815 3024 2866 violemus
3044 2853 3058 2875 ,
3089 2828 3186 2868 nec
3210 2823 3421 2882 propter
3449 2813 3680 2866 hominis

2103 2905 2285 2958 vitium
2311 2946 2326 2971 ,
2359 2905 2401 2958 si
2429 2905 2552 2973 qttid
2585 2906 2634 2957 in
2665 2905 2877 2977 homine
2913 2904 3001 2958 Dei
3033 2913 3148 2970 cst,
3189 2905 3275 2958 vel
3314 2903 3512 2958 nullum
3538 2943 3552 2968 ,
3592 2903 3678 2957 vel

2103 2994 2350 3048 vitiosum
2381 3009 2499 3047 esse
2524 2994 2780 3047 dicamus.

2172 3084 2394 3139 CAPUT
2423 3083 2610 3138 XXVI.
2637 3114 2706 3124 —
2733 3085 2822 3140 53.
2854 3084 2969 3139 .Iam
3002 3100 3165 3154 pauca
3205 3094 3410 3141 restant
3437 3102 3501 3140 ex
3558 3087 3671 3156 epi-

2102 3176 2236 3231 stola
2263 3174 2328 3228 ad
2358 3174 2672 3228 Jubaiannm
2707 3192 2720 3227 :
2753 3175 2846 3230 sed
2876 3175 2996 3245 quia
3026 3176 3077 3230 in
3109 3176 3188 3231 cis
3208 3186 3261 3230 ct
3309 3176 3376 3231 de
3414 3179 3677 3246 prmterita

2101 3265 2354 3321 Ecclesim
2379 3267 2762 3321 consuetudine
2789 3267 2982 3321 dicitur
3003 3308 3018 3331 ,
3041 3267 3185 3322 etde
3222 3267 3487 3337 baptismo
3514 3268 3678 3322 Joan-

2101 3359 2183 3412 nis
2204 3399 2218 3421 ,
2243 3357 2385 3426 quod
2416 3358 2555 3412 solet
2586 3373 2688 3412 non
2716 3373 2932 3429 parvam
2961 3375 3176 3413 movere
3201 3359 3546 3428 quaestionem
3577 3357 3677 3412 ho-

2101 3449 2333 3506 minibus
2354 3465 2463 3503 rem
2492 3449 2819 3503 manifestam
2853 3465 3033 3517 parum
3079 3449 3514 3513 attendentibus,
3553 3448 3676 3518 quia

2095 3541 2227 3610 jussi
2255 3541 2466 3594 suntab
2493 3542 2748 3608 Apostolo
2800 3539 2849 3593 in
2890 3540 3102 3593 Christo
3133 3541 3385 3609 baptizari
3434 3541 3522 3610 qui
3576 3540 3677 3594 ba-

2098 3632 2349 3700 ptismum
2375 3629 2594 3684 Joannis
2618 3639 2934 3698 acceperant
2955 3630 3092 3698 (Act.
3126 3645 3209 3683 χιιι
3233 3671 3248 3695 ,
3280 3631 3548 3699 5-5);ηοη
3576 3647 3680 3684 ne-

2097 3721 2355 3790 gligcntcr
2382 3719 2652 3774 tractanda
2692 3730 2851 3785 sunt,
2899 3730 2953 3774 et
2982 3719 3032 3773 in
3059 3720 3304 3773 volumen
3331 3719 3471 3773 aliud
3519 3719 3679 3775 diffe-

2099 3811 2260 3863 renda
2284 3853 2293 3866 .
2324 3827 2390 3864 ne
2413 3810 2569 3876 hujus
2595 3810 2782 3863 modus
2804 3809 3182 3864 immoderatus
3200 3809 3288 3862 sit.

2941 3937 3264 3950 Ψ

1382 4013 1855 4118 LIBER
1923 4011 2693 4138 QUINTUS.

397 4222 698 4272 I‘ostremam
721 4227 908 4281 partem
933 4217 1174 4267 examinat
1193 4228 1238 4278 ei
1257 4213 1409 4266 istoIa-z
1431 4212 1642 4321 Cypriani
1661 4211 1717 4259 ad
1741 4212 2039 4270 Jubaianum,
2055 4224 2244 4261 necnon
2271 4211 2520 4274 epistolam
2546 4213 2764 4274 ejusdem
2781 4213 2840 4262 ad
2862 4214 3098 4274 Quintum,
3126 4214 3400 4276 synodicam
3427 4215 3487 4264 ad
3512 4219 3676 4266 sum}.

1481 4290 1494 4321 ι
1517 4286 1566 4321 as
1580 4274 1846 4321 etisconos.
1872 4281 1922 4321 et
1945 4273 2196 4321 epistolam
2216 4275 2276 4321 ad
2301 4277 2588 4321 reuinciunt.

1481 4273 1566 4321 das
1580 4274 1846 4335 etiscopos,
1872 4281 1922 4322 et
1945 4273 2196 4335 epistolam
2216 4275 2276 4324 ad
2301 4273 2588 4336 Pompeium;

1803 4399 2121 4455 -κοοξὲη

482 4553 704 4608 (IAI'U'I‘
733 4548 1009 4607 PRIMUM.
1036 4577 1107 4588 —
1128 4547 1176 4601 ί.
1208 4544 1457 4601 Ecclesia:
1479 4541 1754 4596 catholicae
1775 4557 1992 4596 consue-

405 4646 644 4702 tudinem
674 4643 952 4714 pristinam
982 4654 1120 4692 nnnc
1147 4636 1313 4692 teneri
1336 4676 1349 4699 ,
1381 4650 1501 4688 cum
1529 4632 1874 4687 abltmreticis
1904 4632 1984 4686 vel

405 4736 761 4792 schismaticis
789 4734 1058 4788 venientes
1083 4772 1097 4796 ,
1128 4732 1171 4784 si
1215 4726 1537 4796 evangelicis
1579 4725 1752 4779 verbis
1798 4739 1986 4778 conse-

403 4841 611 4884 cratum
638 4828 961 4895 Baptismum
1015 4828 1395 4892 perceperunt,
1439 4818 1613 4871 denuo
1659 4831 1762 4870 non
1812 4815 1985 4884 bapti-

403 4932 594 4977 zantur
617 4963 631 4985 ,
655 4920 810 4974 beato
829 4917 1094 4987 Cypriane
1117 4923 1251 4967 teste
1276 4911 1490 4964 utimur.
1523 4907 1640 4976 Ipse
1665 4907 1860 4977 quippe
1882 4906 1980 4960 sibi

407 5015 754 5086 quaestionem
809 5008 1085 5080 proposuit
1123 5021 1189 5060 ex
1227 5020 1318 5058 ore
1366 5002 1544 5070 utique
1585 5000 1833 5061 fratrum,
1872 4999 1982 5052 sive

403 5107 753 5178 quaerentium
785 5103 1092 5166 veritatem,
1135 5098 1245 5152 sive
1278 5111 1370 5166 pro
1395 5095 1615 5148 veritate
1644 5092 1978 5146 certantium.

405 5201 547 5254 Inter
575 5194 958 5264 disputationes
979 5191 1119 5246 enim
1147 5204 1302 5251 suas,
1337 5187 1523 5255 quibus
1553 5182 1761 5236 volebat
1797 5190 1980 5234 osten-

398 5291 528 5346 dere
545 5289 722 5344 denuo
737 5281 1080 5352 baptizandus
1112 5278 1407 5340 Itu't‘cticos,
1432 5275 1496 5327 de
1524 5273 1710 5342 quibus
1737 5272 1864 5324 satis
1887 5286 1981 5340 pro

404 5393 644 5452 tempore
675 5377 824 5433 libris
868 5371 1234 5444 superioribus
1283 5368 1657 5424 (liSStt‘IliIIIIIS,
1704 5363 1820 5415 ait:
1876 5362 1980 5415 Sed

401 5478 522 5530 dico
543 5475 727 5544 aliquis
748 5514 761 5532 ,
783 5467 903 5539 quid
932 5483 1050 5537 ergo
1076 5465 1159 5533 ﬁet
1190 5462 1250 5515 (le
1276 5462 1353 5513 his
1377 5458 1459 5529 qui
1499 5458 1549 5508 in
1578 5455 1883 5524 prmicritnm
1919 5453 1980 5505 de

411 5567 586 5620 lurrcsi
607 5565 672 5618 ad
701 5561 976 5617 Ecclesium
1017 5557 1263 5611 venientes
1288 5595 1302 5616 ,
1331 5554 1437 5606 sine
1467 5548 1724 5618 Buptismo
1774 5545 1980 5599 admissi

404 5666 523 5710 sunt
553 5654 742 5724 (Epist.
771 5654 868 5717 75,
897 5649 963 5702 ad
988 5641 1315 5707 Jubaianum)
1341 5643 1364 5694 ?
1402 5640 1496 5693 llic
1528 5646 1632 5692 tota
1664 5651 1819 5689 causa
1875 5634 1979 5687 Do.

400 5749 716 5801 natistarum
737 5785 753 5810 ,
775 5757 890 5796 cum
913 5739 1104 5810 quibus
1127 5735 1278 5789 nobis
1305 5733 1369 5787 de
1403 5733 1497 5786 hac
1525 5728 1818 5800 quastione
1847 5741 1978 5781 con-

2100 4540 2270 4594 flictus
2294 4549 2404 4600 est.
2433 4540 2638 4608 penitus
2678 4540 3022 4608 naufragavit.
3076 4541 3129 4594 Si
3177 4543 3318 4596 enim
3370 4559 3492 4596 vere
3522 4545 3538 4574 ι
3574 4545 3672 4597 Ba-

2103 4631 2356 4700 ptistnnm
2386 4645 2488 4684 non
2519 4631 2905 4701 habebant,qni
2926 4633 3197 4686 venientes
3221 4634 3287 4686 ab
3305 4632 3568 4688 Itzereticis
3599 4636 3670 4688 ita

2091 4724 2547 4793 suscipiebantur,
2579 4733 2633 4777 et
2667 4739 2827 4794 super
2869 4739 2961 4777 eos
2996 4733 3150 4779 erant
3186 4733 3400 4794 peccata
3435 4741 3616 4778 eorum
3653 4745 3668 4788 ;

2090 4830 2211 4869 cum
2251 4815 2699 4869 communicatum
2723 4824 2804 4868 est
2852 4815 3074 4878 talibus,
3099 4815 3210 4868 sive
3233 4816 3299 4869 ab
3327 4817 3408 4871 eis
3439 4817 3525 4885 qtti
3558 4817 3673 4870 fue-

2089 4916 2208 4962 rant
2244 4917 2367 4962 ante
2395 4908 2716 4978 Cyprianum
2740 4950 2754 4970 ,
2779 4909 2890 4960 sive
2914 4907 2980 4960 ab
3001 4907 3115 4976 ipso
3137 4908 3422 4979 ()ypriano.
3449 4925 3674 4965 necesse

2088 5008 2170 5052 est
2197 5007 2430 5052 utunum
2461 4999 2667 5052 dicatur
2693 5013 2764 5054 ex
2789 4997 3017 5063 duobus,
3043 5009 3136 5051 aut
3167 4999 3386 5066 periisse
3410 4999 3519 5069 jam
3540 5009 3672 5055 tunc

2092 5090 2383 5144 Ecclesium
2413 5090 2594 5142 talium
2639 5090 3015 5144 communione
3045 5089 3394 5155 maculatam,
3423 5101 3515 5144 aut
3560 5106 3669 5145 non

2089 5180 2279 5234 obesse
2318 5180 2561 5248 cuiquam
2604 5179 2654 5232 in
2697 5179 2896 5233 unitate
2938 5181 3267 5248 permanenti
3307 5180 3476 5234 aliena
3505 5181 3667 5236 etiam

2087 5281 2210 5324 nota
2237 5279 2470 5339 peccata.
2520 5269 2647 5322 Illud
2676 5280 2849 5324 antetn
2886 5271 3008 5338 quia
3051 5271 3228 5324 dicere
3263 5287 3366 5324 non
3408 5280 3669 5337 possunt,

2087 5363 2309 5431 periisse
2336 5371 2460 5415 tunc
2490 5360 2779 5414 Ecclesiam
2812 5362 3130 5429 contagione
3157 5359 3555 5416 communionis
3577 5375 3673 5413 ea-

2087 5470 2206 5508 rtnn
2227 5453 2312 5520 qni
2341 5452 2453 5505 sine
2484 5451 2751 5518 Baptismo
2777 5452 2841 5504 ad
2872 5467 3011 5515 eam,
3041 5451 3175 5505 sicut
3195 5451 3325 5504 dicit
3349 5451 3670 5520 Cyprianus,

2088 5544 2303 5598 admissi
2332 5551 2488 5609 sunt;
2523 5542 2752 5612 alioquin
2803 5558 2901 5597 nec
2939 5541 3197 5612 originem
3235 5557 3382 5597 suam
3419 5552 3681 5612 patorum

2151 5731 2165 5762 ¹
2193 5730 2265 5778 sic
2290 5735 2392 5778 Mss.
2422 5735 2476 5778 At
2501 5727 2634 5784 editi,
2655 5737 2834 5776 rerum.
