  <div class='ocr_page' id='page_1' title='image "/cluster/home/n/w/nwhite01/storage/ocr_20150623/43/hvd.32044096580659/094.png"; bbox 0 0 4028 6202; ppageno 0'>
   <div class='ocr_carea' id='block_1_1' title="bbox 296 394 403 447">
    <p class='ocr_par' dir='ltr' id='par_1_1' title="bbox 296 394 403 447">
     <span class='ocr_line' id='line_1_1' title="bbox 296 394 403 447; baseline -0.009 0"><span class='ocrx_word' id='word_1_1' title='bbox 296 394 403 447; x_wconf 71' lang='grc'><strong>177</strong></span> 
     </span>
    </p>
   </div>
   <div class='ocr_carea' id='block_1_2' title="bbox 285 781 1870 852">
    <p class='ocr_par' dir='ltr' id='par_1_2' title="bbox 285 781 1870 852">
     <span class='ocr_line' id='line_1_2' title="bbox 285 781 1870 852; baseline 0.003 -17"><span class='ocrx_word' id='word_1_2' title='bbox 285 797 408 835; x_wconf 83' lang='lat' dir='ltr'><strong>rum</strong></span> <span class='ocrx_word' id='word_1_3' title='bbox 436 796 651 834; x_wconf 89' lang='lat' dir='ltr'><strong>suarum</strong></span> <span class='ocrx_word' id='word_1_4' title='bbox 710 781 885 836; x_wconf 76' lang='lat' dir='ltr'><strong>fumos</strong></span> <span class='ocrx_word' id='word_1_5' title='bbox 916 781 1219 852; x_wconf 88' lang='lat' dir='ltr'><strong>jactantes,</strong></span> <span class='ocrx_word' id='word_1_6' title='bbox 1267 783 1601 838; x_wconf 64' lang='lat' dir='ltr'><strong>occasionem</strong></span> <span class='ocrx_word' id='word_1_7' title='bbox 1645 783 1870 840; x_wconf 75' lang='lat' dir='ltr'><strong>faciendi</strong></span> 
     </span>
    </p>
   </div>
   <div class='ocr_carea' id='block_1_3' title="bbox 283 870 1867 936">
    <p class='ocr_par' dir='ltr' id='par_1_3' title="bbox 283 870 1867 936">
     <span class='ocr_line' id='line_1_3' title="bbox 283 870 1867 936; baseline 0.004 -13"><span class='ocrx_word' id='word_1_8' title='bbox 283 870 591 923; x_wconf 81' lang='lat' dir='ltr'><strong>schismatis</strong></span> <span class='ocrx_word' id='word_1_9' title='bbox 613 871 941 936; x_wconf 86' lang='lat' dir='ltr'><strong>invenerant,</strong></span> <span class='ocrx_word' id='word_1_10' title='bbox 968 872 1104 927; x_wconf 90' lang='lat' dir='ltr'><strong>sicut</strong></span> <span class='ocrx_word' id='word_1_11' title='bbox 1127 872 1416 927; x_wconf 81' lang='lat' dir='ltr'><strong>Consulatu</strong></span> <span class='ocrx_word' id='word_1_12' title='bbox 1432 873 1564 927; x_wconf 89' lang='lat' dir='ltr'><strong>ordo</strong></span> <span class='ocrx_word' id='word_1_13' title='bbox 1600 873 1831 928; x_wconf 78' lang='lat' dir='ltr'><strong>declarat</strong></span> <span class='ocrx_word' id='word_1_14' title='bbox 1854 893 1867 928; x_wconf 86' lang='lat'><strong>:</strong></span> 
     </span>
    </p>
   </div>
   <div class='ocr_carea' id='block_1_4' title="bbox 282 962 1867 1033">
    <p class='ocr_par' dir='ltr' id='par_1_4' title="bbox 282 962 1867 1033">
     <span class='ocr_line' id='line_1_4' title="bbox 282 962 1867 1033; baseline 0.001 -17"><span class='ocrx_word' id='word_1_15' title='bbox 282 968 452 1016; x_wconf 82' lang='lat' dir='ltr'><strong>restat</strong></span> <span class='ocrx_word' id='word_1_16' title='bbox 481 971 538 1014; x_wconf 87' lang='grc' dir='ltr'><strong>ιιι</strong></span> <span class='ocrx_word' id='word_1_17' title='bbox 566 962 850 1027; x_wconf 82' lang='lat' dir='ltr'><strong>fateantur,</strong></span> <span class='ocrx_word' id='word_1_18' title='bbox 892 962 1035 1016; x_wconf 88' lang='lat' dir='ltr'><strong>nttlla</strong></span> <span class='ocrx_word' id='word_1_19' title='bbox 1065 963 1322 1017; x_wconf 88' lang='lat' dir='ltr'><strong>malorum</strong></span> <span class='ocrx_word' id='word_1_20' title='bbox 1351 963 1510 1016; x_wconf 86' lang='lat' dir='ltr'><strong>etiam</strong></span> <span class='ocrx_word' id='word_1_21' title='bbox 1537 965 1867 1033; x_wconf 82' lang='lat' dir='ltr'><strong>cognitorum</strong></span> 
     </span>
    </p>
   </div>
   <div class='ocr_carea' id='block_1_5' title="bbox 283 1051 1865 1122">
    <p class='ocr_par' dir='ltr' id='par_1_5' title="bbox 283 1051 1865 1122">
     <span class='ocr_line' id='line_1_5' title="bbox 283 1051 1865 1122; baseline 0.006 -21"><span class='ocrx_word' id='word_1_22' title='bbox 283 1051 371 1102; x_wconf 83' lang='lat' dir='ltr'><strong>tali</strong></span> <span class='ocrx_word' id='word_1_23' title='bbox 398 1051 776 1104; x_wconf 90' lang='lat' dir='ltr'><strong>communione</strong></span> <span class='ocrx_word' id='word_1_24' title='bbox 796 1052 1149 1106; x_wconf 84' lang='lat' dir='ltr'><strong>contaminari</strong></span> <span class='ocrx_word' id='word_1_25' title='bbox 1175 1053 1429 1107; x_wconf 89' lang='lat' dir='ltr'><strong>unitatem</strong></span> <span class='ocrx_word' id='word_1_26' title='bbox 1457 1052 1678 1108; x_wconf 76' lang='lat' dir='ltr'><strong>Christi.</strong></span> <span class='ocrx_word' id='word_1_27' title='bbox 1714 1055 1865 1122; x_wconf 83' lang='lat' dir='ltr'><strong>Quod</strong></span> 
     </span>
    </p>
   </div>
   <div class='ocr_carea' id='block_1_6' title="bbox 278 1141 1867 1207">
    <p class='ocr_par' dir='ltr' id='par_1_6' title="bbox 278 1141 1867 1207">
     <span class='ocr_line' id='line_1_6' title="bbox 278 1141 1867 1207; baseline 0.005 -11"><span class='ocrx_word' id='word_1_28' title='bbox 278 1156 403 1196; x_wconf 87' lang='lat' dir='ltr'><strong>cum</strong></span> <span class='ocrx_word' id='word_1_29' title='bbox 440 1141 566 1196; x_wconf 63' lang='lat' dir='ltr'><strong>fassi</strong></span> <span class='ocrx_word' id='word_1_30' title='bbox 613 1144 839 1207; x_wconf 79' lang='lat' dir='ltr'><strong>fuerint,</strong></span> <span class='ocrx_word' id='word_1_31' title='bbox 876 1159 980 1198; x_wconf 89' lang='lat' dir='ltr'><strong>non</strong></span> <span class='ocrx_word' id='word_1_32' title='bbox 1021 1145 1527 1200; x_wconf 66' lang='lat' dir='ltr'><strong>invenieutcausam</strong></span> <span class='ocrx_word' id='word_1_33' title='bbox 1574 1163 1672 1201; x_wconf 89' lang='lat' dir='ltr'><strong>cur</strong></span> <span class='ocrx_word' id='word_1_34' title='bbox 1714 1161 1775 1203; x_wconf 89' lang='lat' dir='ltr'><strong>se</strong></span> <span class='ocrx_word' id='word_1_35' title='bbox 1799 1150 1867 1204; x_wconf 87' lang='lat' dir='ltr'><strong>ab</strong></span> 
     </span>
    </p>
   </div>
   <div class='ocr_carea' id='block_1_7' title="bbox 283 1231 1864 1306">
    <p class='ocr_par' dir='ltr' id='par_1_7' title="bbox 283 1231 1864 1306">
     <span class='ocr_line' id='line_1_7' title="bbox 283 1231 1864 1306; baseline 0.004 -21"><span class='ocrx_word' id='word_1_36' title='bbox 283 1231 542 1286; x_wconf 73' lang='lat' dir='ltr'><strong>l-Icelesiis</strong></span> <span class='ocrx_word' id='word_1_37' title='bbox 570 1233 717 1285; x_wconf 83' lang='lat' dir='ltr'><strong>orbis</strong></span> <span class='ocrx_word' id='word_1_38' title='bbox 744 1243 1036 1300; x_wconf 88' lang='lat' dir='ltr'><strong>terrarum,</strong></span> <span class='ocrx_word' id='word_1_39' title='bbox 1059 1250 1193 1304; x_wconf 89' lang='lat' dir='ltr'><strong>quas</strong></span> <span class='ocrx_word' id='word_1_40' title='bbox 1221 1250 1315 1304; x_wconf 89' lang='lat' dir='ltr'><strong>per</strong></span> <span class='ocrx_word' id='word_1_41' title='bbox 1335 1237 1620 1306; x_wconf 75' lang='lat' dir='ltr'><strong>Apostolus</strong></span> <span class='ocrx_word' id='word_1_42' title='bbox 1657 1238 1864 1293; x_wconf 84' lang='lat' dir='ltr'><strong>institu-</strong></span> 
     </span>
    </p>
   </div>
   <div class='ocr_carea' id='block_1_8' title="bbox 279 1314 1858 1393">
    <p class='ocr_par' dir='ltr' id='par_1_8' title="bbox 279 1314 1858 1393">
     <span class='ocr_line' id='line_1_8' title="bbox 279 1314 1858 1393; baseline 0.006 -18"><span class='ocrx_word' id='word_1_43' title='bbox 279 1331 362 1375; x_wconf 86' lang='lat' dir='ltr'><strong>tas</strong></span> <span class='ocrx_word' id='word_1_44' title='bbox 398 1323 601 1391; x_wconf 71' lang='lat' dir='ltr'><strong>pariter</strong></span> <span class='ocrx_word' id='word_1_45' title='bbox 626 1323 884 1391; x_wconf 80' lang='lat' dir='ltr'><strong>legimus,</strong></span> <span class='ocrx_word' id='word_1_46' title='bbox 920 1338 1170 1393; x_wconf 87' lang='lat' dir='ltr'><strong>separare</strong></span> <span class='ocrx_word' id='word_1_47' title='bbox 1211 1325 1457 1382; x_wconf 78' lang='lat' dir='ltr'><strong>debuisse</strong></span> <span class='ocrx_word' id='word_1_48' title='bbox 1490 1314 1812 1384; x_wconf 75' lang='lat' dir='ltr'><strong>contendant</strong></span> <span class='ocrx_word' id='word_1_49' title='bbox 1844 1347 1858 1383; x_wconf 91' lang='lat'><strong>:</strong></span> 
     </span>
    </p>
   </div>
   <div class='ocr_carea' id='block_1_9' title="bbox 280 1413 1861 1485">
    <p class='ocr_par' dir='ltr' id='par_1_9' title="bbox 280 1413 1861 1485">
     <span class='ocr_line' id='line_1_9' title="bbox 280 1413 1861 1485; baseline 0.006 -20"><span class='ocrx_word' id='word_1_50' title='bbox 280 1413 401 1478; x_wconf 87' lang='lat' dir='ltr'><strong>quia</strong></span> <span class='ocrx_word' id='word_1_51' title='bbox 453 1428 629 1483; x_wconf 83' lang='lat' dir='ltr'><strong>neque</strong></span> <span class='ocrx_word' id='word_1_52' title='bbox 672 1414 745 1468; x_wconf 86' lang='lat' dir='ltr'><strong>illi</strong></span> <span class='ocrx_word' id='word_1_53' title='bbox 789 1415 1145 1485; x_wconf 82' lang='lat' dir='ltr'><strong>quorumlibet</strong></span> <span class='ocrx_word' id='word_1_54' title='bbox 1174 1417 1433 1470; x_wconf 86' lang='lat' dir='ltr'><strong>malorum</strong></span> <span class='ocrx_word' id='word_1_55' title='bbox 1482 1416 1861 1475; x_wconf 74' lang='lat' dir='ltr'><strong>cmumixtioue</strong></span> 
     </span>
    </p>
   </div>
   <div class='ocr_carea' id='block_1_10' title="bbox 279 1507 1859 1577">
    <p class='ocr_par' dir='ltr' id='par_1_10' title="bbox 279 1507 1859 1577">
     <span class='ocr_line' id='line_1_10' title="bbox 279 1507 1859 1577; baseline 0.005 -19"><span class='ocrx_word' id='word_1_56' title='bbox 279 1507 454 1574; x_wconf 77' lang='lat' dir='ltr'><strong>perire</strong></span> <span class='ocrx_word' id='word_1_57' title='bbox 484 1516 800 1575; x_wconf 88' lang='lat' dir='ltr'><strong>potuerunt,</strong></span> <span class='ocrx_word' id='word_1_58' title='bbox 828 1516 888 1561; x_wconf 88' lang='lat' dir='ltr'><strong>et</strong></span> <span class='ocrx_word' id='word_1_59' title='bbox 914 1507 997 1561; x_wconf 86' lang='lat' dir='ltr'><strong>isti</strong></span> <span class='ocrx_word' id='word_1_60' title='bbox 1024 1508 1113 1576; x_wconf 85' lang='lat' dir='ltr'><strong>qui</strong></span> <span class='ocrx_word' id='word_1_61' title='bbox 1146 1525 1250 1562; x_wconf 88' lang='lat' dir='ltr'><strong>tton</strong></span> <span class='ocrx_word' id='word_1_62' title='bbox 1280 1510 1513 1577; x_wconf 88' lang='lat' dir='ltr'><strong>perirent</strong></span> <span class='ocrx_word' id='word_1_63' title='bbox 1538 1513 1579 1564; x_wconf 89' lang='lat' dir='ltr'><strong>si</strong></span> <span class='ocrx_word' id='word_1_64' title='bbox 1604 1522 1723 1565; x_wconf 86' lang='lat' dir='ltr'><strong>eum</strong></span> <span class='ocrx_word' id='word_1_65' title='bbox 1752 1512 1859 1566; x_wconf 80' lang='lat' dir='ltr'><strong>illis</strong></span> 
     </span>
    </p>
   </div>
   <div class='ocr_carea' id='block_1_11' title="bbox 279 1597 1857 1665">
    <p class='ocr_par' dir='ltr' id='par_1_11' title="bbox 279 1597 1857 1665">
     <span class='ocr_line' id='line_1_11' title="bbox 279 1597 1857 1665; baseline 0.004 -16"><span class='ocrx_word' id='word_1_66' title='bbox 279 1597 332 1649; x_wconf 86' lang='lat' dir='ltr'><strong>in</strong></span> <span class='ocrx_word' id='word_1_67' title='bbox 358 1598 560 1650; x_wconf 80' lang='lat' dir='ltr'><strong>uuiutte</strong></span> <span class='ocrx_word' id='word_1_68' title='bbox 586 1598 946 1662; x_wconf 85' lang='lat' dir='ltr'><strong>mansissent,</strong></span> <span class='ocrx_word' id='word_1_69' title='bbox 987 1599 1285 1665; x_wconf 83' lang='lat' dir='ltr'><strong>separando</strong></span> <span class='ocrx_word' id='word_1_70' title='bbox 1310 1615 1368 1652; x_wconf 87' lang='lat' dir='ltr'><strong>se</strong></span> <span class='ocrx_word' id='word_1_71' title='bbox 1396 1601 1463 1654; x_wconf 87' lang='lat' dir='ltr'><strong>al)</strong></span> <span class='ocrx_word' id='word_1_72' title='bbox 1487 1602 1593 1665; x_wconf 85' lang='lat' dir='ltr'><strong>eis,</strong></span> <span class='ocrx_word' id='word_1_73' title='bbox 1623 1610 1676 1656; x_wconf 81' lang='lat' dir='ltr'><strong>et</strong></span> <span class='ocrx_word' id='word_1_74' title='bbox 1714 1617 1857 1656; x_wconf 86' lang='lat' dir='ltr'><strong>rum-</strong></span> 
     </span>
    </p>
   </div>
   <div class='ocr_carea' id='block_1_12' title="bbox 279 1686 1853 1761">
    <p class='ocr_par' dir='ltr' id='par_1_12' title="bbox 279 1686 1853 1761">
     <span class='ocr_line' id='line_1_12' title="bbox 279 1686 1853 1761; baseline 0.004 -20"><span class='ocrx_word' id='word_1_75' title='bbox 279 1688 454 1756; x_wconf 78' lang='lat' dir='ltr'><strong>penda</strong></span> <span class='ocrx_word' id='word_1_76' title='bbox 481 1689 749 1742; x_wconf 81' lang='lat' dir='ltr'><strong>vinculum</strong></span> <span class='ocrx_word' id='word_1_77' title='bbox 777 1689 941 1757; x_wconf 81' lang='lat' dir='ltr'><strong>pacis,</strong></span> <span class='ocrx_word' id='word_1_78' title='bbox 965 1690 1151 1758; x_wconf 74' lang='lat' dir='ltr'><strong>utique</strong></span> <span class='ocrx_word' id='word_1_79' title='bbox 1173 1691 1222 1743; x_wconf 88' lang='lat' dir='ltr'><strong>in</strong></span> <span class='ocrx_word' id='word_1_80' title='bbox 1249 1686 1535 1746; x_wconf 79' lang='lat' dir='ltr'><strong>schismate</strong></span> <span class='ocrx_word' id='word_1_81' title='bbox 1561 1694 1853 1761; x_wconf 87' lang='lat' dir='ltr'><strong>perierunt.</strong></span> 
     </span>
    </p>
   </div>
   <div class='ocr_carea' id='block_1_13' title="bbox 275 1777 1853 1849">
    <p class='ocr_par' dir='ltr' id='par_1_13' title="bbox 275 1777 1853 1849">
     <span class='ocr_line' id='line_1_13' title="bbox 275 1777 1853 1849; baseline 0.004 -19"><span class='ocrx_word' id='word_1_82' title='bbox 275 1777 688 1845; x_wconf 74' lang='lat' dir='ltr'><strong>Apertissimum</strong></span> <span class='ocrx_word' id='word_1_83' title='bbox 715 1779 858 1833; x_wconf 88' lang='lat' dir='ltr'><strong>enim</strong></span> <span class='ocrx_word' id='word_1_84' title='bbox 896 1779 1229 1849; x_wconf 78' lang='lat' dir='ltr'><strong>sacrilegium</strong></span> <span class='ocrx_word' id='word_1_85' title='bbox 1270 1782 1469 1835; x_wconf 90' lang='lat' dir='ltr'><strong>eminet</strong></span> <span class='ocrx_word' id='word_1_86' title='bbox 1508 1782 1810 1837; x_wconf 84' lang='lat' dir='ltr'><strong>schismatis</strong></span> <span class='ocrx_word' id='word_1_87' title='bbox 1839 1825 1853 1846; x_wconf 91' lang='lat'><strong>,</strong></span> 
     </span>
    </p>
   </div>
   <div class='ocr_carea' id='block_1_14' title="bbox 280 1868 1858 1939">
    <p class='ocr_par' dir='ltr' id='par_1_14' title="bbox 280 1868 1858 1939">
     <span class='ocr_line' id='line_1_14' title="bbox 280 1868 1858 1939; baseline 0.005 -18"><span class='ocrx_word' id='word_1_88' title='bbox 280 1869 323 1921; x_wconf 86' lang='lat' dir='ltr'><strong>si</strong></span> <span class='ocrx_word' id='word_1_89' title='bbox 346 1868 494 1921; x_wconf 88' lang='lat' dir='ltr'><strong>nulla</strong></span> <span class='ocrx_word' id='word_1_90' title='bbox 536 1868 634 1922; x_wconf 84' lang='lat' dir='ltr'><strong>fuit</strong></span> <span class='ocrx_word' id='word_1_91' title='bbox 669 1884 827 1923; x_wconf 87' lang='lat' dir='ltr'><strong>causa</strong></span> <span class='ocrx_word' id='word_1_92' title='bbox 873 1869 1241 1939; x_wconf 86' lang='lat' dir='ltr'><strong>scparationis.</strong></span> <span class='ocrx_word' id='word_1_93' title='bbox 1280 1870 1486 1925; x_wconf 82' lang='lat' dir='ltr'><strong>Nullam</strong></span> <span class='ocrx_word' id='word_1_94' title='bbox 1534 1888 1659 1928; x_wconf 83' lang='lat' dir='ltr'><strong>vero</strong></span> <span class='ocrx_word' id='word_1_95' title='bbox 1693 1873 1858 1929; x_wconf 66' lang='lat' dir='ltr'><strong>fuisse</strong></span> 
     </span>
    </p>
   </div>
   <div class='ocr_carea' id='block_1_15' title="bbox 272 1961 1852 2035">
    <p class='ocr_par' dir='ltr' id='par_1_15' title="bbox 272 1961 1852 2035">
     <span class='ocr_line' id='line_1_15' title="bbox 272 1961 1852 2035; baseline 0.004 -20"><span class='ocrx_word' id='word_1_96' title='bbox 272 1976 490 2015; x_wconf 61' lang='lat' dir='ltr'><strong>causam</strong></span> <span class='ocrx_word' id='word_1_97' title='bbox 535 1961 888 2032; x_wconf 79' lang='lat' dir='ltr'><strong>separationis</strong></span> <span class='ocrx_word' id='word_1_98' title='bbox 917 1971 1165 2031; x_wconf 88' lang='lat' dir='ltr'><strong>apparet,</strong></span> <span class='ocrx_word' id='word_1_99' title='bbox 1197 1963 1241 2018; x_wconf 91' lang='lat' dir='ltr'><strong>si</strong></span> <span class='ocrx_word' id='word_1_100' title='bbox 1289 1963 1412 2018; x_wconf 89' lang='lat' dir='ltr'><strong>mali</strong></span> <span class='ocrx_word' id='word_1_101' title='bbox 1465 1965 1624 2020; x_wconf 84' lang='lat' dir='ltr'><strong>etiam</strong></span> <span class='ocrx_word' id='word_1_102' title='bbox 1654 1966 1852 2035; x_wconf 79' lang='lat' dir='ltr'><strong>cogniti</strong></span> 
     </span>
    </p>
   </div>
   <div class='ocr_carea' id='block_1_16' title="bbox 273 2052 1852 2114">
    <p class='ocr_par' dir='ltr' id='par_1_16' title="bbox 273 2052 1852 2114">
     <span class='ocr_line' id='line_1_16' title="bbox 273 2052 1852 2114; baseline 0.006 -9"><span class='ocrx_word' id='word_1_103' title='bbox 273 2053 441 2106; x_wconf 82' lang='lat' dir='ltr'><strong>honos</strong></span> <span class='ocrx_word' id='word_1_104' title='bbox 471 2052 524 2106; x_wconf 86' lang='lat' dir='ltr'><strong>in</strong></span> <span class='ocrx_word' id='word_1_105' title='bbox 556 2054 761 2107; x_wconf 84' lang='lat' dir='ltr'><strong>unitate</strong></span> <span class='ocrx_word' id='word_1_106' title='bbox 789 2069 894 2107; x_wconf 91' lang='lat' dir='ltr'><strong>non</strong></span> <span class='ocrx_word' id='word_1_107' title='bbox 921 2054 1212 2109; x_wconf 87' lang='lat' dir='ltr'><strong>maculant.</strong></span> <span class='ocrx_word' id='word_1_108' title='bbox 1252 2055 1367 2110; x_wconf 86' lang='lat' dir='ltr'><strong>Non</strong></span> <span class='ocrx_word' id='word_1_109' title='bbox 1395 2072 1569 2111; x_wconf 82' lang='lat' dir='ltr'><strong>autem</strong></span> <span class='ocrx_word' id='word_1_110' title='bbox 1599 2059 1852 2114; x_wconf 85' lang='lat' dir='ltr'><strong>maculari</strong></span> 
     </span>
    </p>
   </div>
   <div class='ocr_carea' id='block_1_17' title="bbox 273 2144 1855 2216">
    <p class='ocr_par' dir='ltr' id='par_1_17' title="bbox 273 2144 1855 2216">
     <span class='ocr_line' id='line_1_17' title="bbox 273 2144 1855 2216; baseline 0.007 -20"><span class='ocrx_word' id='word_1_111' title='bbox 273 2144 542 2199; x_wconf 78' lang='lat' dir='ltr'><strong>inanitate</strong></span> <span class='ocrx_word' id='word_1_112' title='bbox 557 2145 745 2211; x_wconf 90' lang='lat' dir='ltr'><strong>bonos,</strong></span> <span class='ocrx_word' id='word_1_113' title='bbox 768 2145 927 2199; x_wconf 88' lang='lat' dir='ltr'><strong>etiam</strong></span> <span class='ocrx_word' id='word_1_114' title='bbox 951 2161 979 2199; x_wconf 89' lang='lat' dir='ltr'><strong>a</strong></span> <span class='ocrx_word' id='word_1_115' title='bbox 997 2146 1383 2216; x_wconf 80' lang='lat' dir='ltr'><strong>cognitismalis</strong></span> <span class='ocrx_word' id='word_1_116' title='bbox 1404 2149 1698 2213; x_wconf 69' lang='lat' dir='ltr'><strong>docemus’,</strong></span> <span class='ocrx_word' id='word_1_117' title='bbox 1720 2160 1855 2207; x_wconf 89' lang='lat' dir='ltr'><strong>teste</strong></span> 
     </span>
    </p>
   </div>
   <div class='ocr_carea' id='block_1_18' title="bbox 273 2234 1854 2306">
    <p class='ocr_par' dir='ltr' id='par_1_18' title="bbox 273 2234 1854 2306">
     <span class='ocr_line' id='line_1_18' title="bbox 273 2234 1854 2306; baseline 0.005 -18"><span class='ocrx_word' id='word_1_118' title='bbox 273 2234 569 2304; x_wconf 81' lang='lat' dir='ltr'><strong>Cypriane,</strong></span> <span class='ocrx_word' id='word_1_119' title='bbox 594 2238 682 2305; x_wconf 91' lang='lat' dir='ltr'><strong>qui</strong></span> <span class='ocrx_word' id='word_1_120' title='bbox 708 2236 836 2290; x_wconf 88' lang='lat' dir='ltr'><strong>dicit</strong></span> <span class='ocrx_word' id='word_1_121' title='bbox 859 2277 874 2302; x_wconf 90' lang='lat'><strong>,</strong></span> <span class='ocrx_word' id='word_1_122' title='bbox 899 2237 949 2289; x_wconf 83' lang='lat' dir='ltr'><strong>in</strong></span> <span class='ocrx_word' id='word_1_123' title='bbox 971 2237 1275 2306; x_wconf 66' lang='lat' dir='ltr'><strong>pra&#39;trritum</strong></span> <span class='ocrx_word' id='word_1_124' title='bbox 1303 2239 1366 2291; x_wconf 85' lang='lat' dir='ltr'><strong>de</strong></span> <span class='ocrx_word' id='word_1_125' title='bbox 1387 2240 1565 2294; x_wconf 59' lang='lat' dir='ltr'><strong>[tamen</strong></span> <span class='ocrx_word' id='word_1_126' title='bbox 1583 2240 1651 2293; x_wconf 84' lang='lat' dir='ltr'><strong>ad</strong></span> <span class='ocrx_word' id='word_1_127' title='bbox 1674 2240 1854 2295; x_wconf 82' lang='lat' dir='ltr'><strong>Eccle-</strong></span> 
     </span>
    </p>
   </div>
   <div class='ocr_carea' id='block_1_19' title="bbox 272 2326 1853 2402">
    <p class='ocr_par' dir='ltr' id='par_1_19' title="bbox 272 2326 1853 2402">
     <span class='ocr_line' id='line_1_19' title="bbox 272 2326 1853 2402; baseline 0.006 -24"><span class='ocrx_word' id='word_1_128' title='bbox 272 2326 394 2378; x_wconf 85' lang='lat' dir='ltr'><strong>sium</strong></span> <span class='ocrx_word' id='word_1_129' title='bbox 418 2327 706 2391; x_wconf 74' lang='lat' dir='ltr'><strong>venientes,</strong></span> <span class='ocrx_word' id='word_1_130' title='bbox 756 2328 864 2382; x_wconf 86' lang='lat' dir='ltr'><strong>sine</strong></span> <span class='ocrx_word' id='word_1_131' title='bbox 891 2326 1153 2399; x_wconf 81' lang='lat' dir='ltr'><strong>Baptisnto</strong></span> <span class='ocrx_word' id='word_1_132' title='bbox 1191 2329 1437 2385; x_wconf 83' lang='lat' dir='ltr'><strong>admissos</strong></span> <span class='ocrx_word' id='word_1_133' title='bbox 1467 2348 1486 2385; x_wconf 93' lang='lat'><strong><em>:</em></strong></span> <span class='ocrx_word' id='word_1_134' title='bbox 1512 2347 1735 2402; x_wconf 90' lang='lat' dir='ltr'><strong>quorum</strong></span> <span class='ocrx_word' id='word_1_135' title='bbox 1771 2342 1853 2387; x_wconf 88' lang='lat' dir='ltr'><strong>ta-</strong></span> 
     </span>
    </p>
   </div>
   <div class='ocr_carea' id='block_1_20' title="bbox 271 2416 1850 2496">
    <p class='ocr_par' dir='ltr' id='par_1_20' title="bbox 271 2416 1850 2496">
     <span class='ocr_line' id='line_1_20' title="bbox 271 2416 1850 2496; baseline 0.007 -27"><span class='ocrx_word' id='word_1_136' title='bbox 271 2432 391 2471; x_wconf 81' lang='lat' dir='ltr'><strong>men</strong></span> <span class='ocrx_word' id='word_1_137' title='bbox 432 2416 636 2471; x_wconf 76' lang='lat' dir='ltr'><strong>nefaria</strong></span> <span class='ocrx_word' id='word_1_138' title='bbox 668 2419 946 2489; x_wconf 80' lang='lat' dir='ltr'><strong>sacrilegia</strong></span> <span class='ocrx_word' id='word_1_139' title='bbox 977 2460 993 2487; x_wconf 92' lang='lat'><strong>,</strong></span> <span class='ocrx_word' id='word_1_140' title='bbox 1021 2435 1142 2490; x_wconf 77' lang='lat' dir='ltr'><strong>qua:</strong></span> <span class='ocrx_word' id='word_1_141' title='bbox 1187 2435 1346 2491; x_wconf 84' lang='lat' dir='ltr'><strong>super</strong></span> <span class='ocrx_word' id='word_1_142' title='bbox 1373 2438 1466 2477; x_wconf 89' lang='lat' dir='ltr'><strong>eos</strong></span> <span class='ocrx_word' id='word_1_143' title='bbox 1493 2431 1648 2478; x_wconf 86' lang='lat' dir='ltr'><strong>erant</strong></span> <span class='ocrx_word' id='word_1_144' title='bbox 1671 2467 1684 2491; x_wconf 91' lang='lat'><strong>,</strong></span> <span class='ocrx_word' id='word_1_145' title='bbox 1730 2427 1850 2496; x_wconf 85' lang='lat' dir='ltr'><strong>quia</strong></span> 
     </span>
    </p>
   </div>
   <div class='ocr_carea' id='block_1_21' title="bbox 274 2505 1853 2585">
    <p class='ocr_par' dir='ltr' id='par_1_21' title="bbox 274 2505 1853 2585">
     <span class='ocr_line' id='line_1_21' title="bbox 274 2505 1853 2585; baseline 0.008 -25"><span class='ocrx_word' id='word_1_146' title='bbox 274 2505 544 2577; x_wconf 82' lang='lat' dir='ltr'><strong>Baptismo</strong></span> <span class='ocrx_word' id='word_1_147' title='bbox 569 2508 786 2563; x_wconf 85' lang='lat' dir='ltr'><strong>dimissa</strong></span> <span class='ocrx_word' id='word_1_148' title='bbox 824 2525 931 2564; x_wconf 91' lang='lat' dir='ltr'><strong>non</strong></span> <span class='ocrx_word' id='word_1_149' title='bbox 969 2521 1156 2577; x_wconf 89' lang='lat' dir='ltr'><strong>erant,</strong></span> <span class='ocrx_word' id='word_1_150' title='bbox 1198 2514 1241 2567; x_wconf 89' lang='lat' dir='ltr'><strong>si</strong></span> <span class='ocrx_word' id='word_1_151' title='bbox 1279 2514 1513 2583; x_wconf 89' lang='lat' dir='ltr'><strong>polluere</strong></span> <span class='ocrx_word' id='word_1_152' title='bbox 1547 2526 1597 2570; x_wconf 90' lang='lat' dir='ltr'><strong>et</strong></span> <span class='ocrx_word' id='word_1_153' title='bbox 1630 2517 1853 2585; x_wconf 88' lang='lat' dir='ltr'><strong>perdere</strong></span> 
     </span>
    </p>
   </div>
   <div class='ocr_carea' id='block_1_22' title="bbox 268 2600 1850 2671">
    <p class='ocr_par' dir='ltr' id='par_1_22' title="bbox 268 2600 1850 2671">
     <span class='ocr_line' id='line_1_22' title="bbox 268 2600 1850 2671; baseline 0.006 -19"><span class='ocrx_word' id='word_1_154' title='bbox 268 2613 371 2652; x_wconf 85' lang='lat' dir='ltr'><strong>non</strong></span> <span class='ocrx_word' id='word_1_155' title='bbox 399 2607 691 2667; x_wconf 89' lang='lat' dir='ltr'><strong>potuerunt</strong></span> <span class='ocrx_word' id='word_1_156' title='bbox 727 2600 976 2671; x_wconf 76' lang='lat' dir='ltr'><strong>Ecclesiae</strong></span> <span class='ocrx_word' id='word_1_157' title='bbox 1006 2603 1339 2658; x_wconf 89' lang='lat' dir='ltr'><strong>sanctitatem</strong></span> <span class='ocrx_word' id='word_1_158' title='bbox 1361 2644 1376 2670; x_wconf 95' lang='lat'><strong>,</strong></span> <span class='ocrx_word' id='word_1_159' title='bbox 1409 2605 1549 2659; x_wconf 92' lang='lat' dir='ltr'><strong>nulla</strong></span> <span class='ocrx_word' id='word_1_160' title='bbox 1591 2607 1850 2662; x_wconf 88' lang='lat' dir='ltr'><strong>malorum</strong></span> 
     </span>
    </p>
   </div>
   <div class='ocr_carea' id='block_1_23' title="bbox 270 2690 1847 2767">
    <p class='ocr_par' dir='ltr' id='par_1_23' title="bbox 270 2690 1847 2767">
     <span class='ocr_line' id='line_1_23' title="bbox 270 2690 1847 2767; baseline 0.005 -25"><span class='ocrx_word' id='word_1_161' title='bbox 270 2698 443 2758; x_wconf 82' lang='lat' dir='ltr'><strong>potest</strong></span> <span class='ocrx_word' id='word_1_162' title='bbox 480 2690 803 2760; x_wconf 79' lang='lat' dir='ltr'><strong>contagione</strong></span> <span class='ocrx_word' id='word_1_163' title='bbox 845 2691 1037 2760; x_wconf 90' lang='lat' dir='ltr'><strong>perire.</strong></span> <span class='ocrx_word' id='word_1_164' title='bbox 1068 2693 1399 2765; x_wconf 74' lang='lat' dir='ltr'><strong>Quapropter</strong></span> <span class='ocrx_word' id='word_1_165' title='bbox 1443 2696 1488 2749; x_wconf 93' lang='lat' dir='ltr'><strong>si</strong></span> <span class='ocrx_word' id='word_1_166' title='bbox 1527 2695 1847 2767; x_wconf 84' lang='lat' dir='ltr'><strong>Cyprianum</strong></span> 
     </span>
    </p>
   </div>
   <div class='ocr_carea' id='block_1_24' title="bbox 273 2782 1847 2851">
    <p class='ocr_par' dir='ltr' id='par_1_24' title="bbox 273 2782 1847 2851">
     <span class='ocr_line' id='line_1_24' title="bbox 273 2782 1847 2851; baseline 0.004 -16"><span class='ocrx_word' id='word_1_167' title='bbox 273 2796 457 2837; x_wconf 71' lang='lat' dir='ltr'><strong>venum</strong></span> <span class='ocrx_word' id='word_1_168' title='bbox 498 2782 703 2838; x_wconf 77' lang='lat' dir='ltr'><strong>dixisse</strong></span> <span class='ocrx_word' id='word_1_169' title='bbox 745 2784 1114 2851; x_wconf 86' lang='lat' dir='ltr'><strong>consentiunt,</strong></span> <span class='ocrx_word' id='word_1_170' title='bbox 1161 2800 1227 2840; x_wconf 88' lang='lat' dir='ltr'><strong>eo</strong></span> <span class='ocrx_word' id='word_1_171' title='bbox 1276 2794 1416 2840; x_wconf 88' lang='lat' dir='ltr'><strong>teste</strong></span> <span class='ocrx_word' id='word_1_172' title='bbox 1458 2787 1742 2841; x_wconf 87' lang='lat' dir='ltr'><strong>vincuntur</strong></span> <span class='ocrx_word' id='word_1_173' title='bbox 1796 2787 1847 2841; x_wconf 87' lang='lat' dir='ltr'><strong>in</strong></span> 
     </span>
    </p>
   </div>
   <div class='ocr_carea' id='block_1_25' title="bbox 268 2874 1850 2948">
    <p class='ocr_par' dir='ltr' id='par_1_25' title="bbox 268 2874 1850 2948">
     <span class='ocr_line' id='line_1_25' title="bbox 268 2874 1850 2948; baseline 0.006 -22"><span class='ocrx_word' id='word_1_174' title='bbox 268 2874 487 2929; x_wconf 72' lang='lat' dir='ltr'><strong>crimine</strong></span> <span class='ocrx_word' id='word_1_175' title='bbox 526 2874 878 2929; x_wconf 75' lang='lat' dir='ltr'><strong>schismatis’</strong></span> <span class='ocrx_word' id='word_1_176' title='bbox 913 2892 926 2930; x_wconf 88' lang='lat'><strong>:</strong></span> <span class='ocrx_word' id='word_1_177' title='bbox 957 2875 1001 2929; x_wconf 89' lang='lat' dir='ltr'><strong>si</strong></span> <span class='ocrx_word' id='word_1_178' title='bbox 1049 2875 1372 2948; x_wconf 84' lang='lat' dir='ltr'><strong>Cyprianum</strong></span> <span class='ocrx_word' id='word_1_179' title='bbox 1418 2878 1606 2932; x_wconf 79' lang='lat' dir='ltr'><strong>falsum</strong></span> <span class='ocrx_word' id='word_1_180' title='bbox 1645 2878 1850 2935; x_wconf 78' lang='lat' dir='ltr'><strong>dixisse</strong></span> 
     </span>
    </p>
   </div>
   <div class='ocr_carea' id='block_1_26' title="bbox 267 2968 1846 3043">
    <p class='ocr_par' dir='ltr' id='par_1_26' title="bbox 267 2968 1846 3043">
     <span class='ocr_line' id='line_1_26' title="bbox 267 2968 1846 3043; baseline 0.004 -22"><span class='ocrx_word' id='word_1_181' title='bbox 267 2968 614 3036; x_wconf 81' lang='lat' dir='ltr'><strong>contendunt,</strong></span> <span class='ocrx_word' id='word_1_182' title='bbox 647 2983 714 3023; x_wconf 91' lang='lat' dir='ltr'><strong>eo</strong></span> <span class='ocrx_word' id='word_1_183' title='bbox 736 2976 871 3024; x_wconf 89' lang='lat' dir='ltr'><strong>teste</strong></span> <span class='ocrx_word' id='word_1_184' title='bbox 897 2983 1001 3023; x_wconf 89' lang='lat' dir='ltr'><strong>non</strong></span> <span class='ocrx_word' id='word_1_185' title='bbox 1029 2978 1242 3024; x_wconf 84' lang='lat' dir='ltr'><strong>utantur</strong></span> <span class='ocrx_word' id='word_1_186' title='bbox 1270 2972 1321 3025; x_wconf 91' lang='lat' dir='ltr'><strong>in</strong></span> <span class='ocrx_word' id='word_1_187' title='bbox 1351 2975 1644 3042; x_wconf 81' lang='lat' dir='ltr'><strong>quaestione</strong></span> <span class='ocrx_word' id='word_1_188' title='bbox 1664 2973 1846 3043; x_wconf 87' lang='lat' dir='ltr'><strong>Bapti-</strong></span> 
     </span>
    </p>
   </div>
   <div class='ocr_carea' id='block_1_27' title="bbox 267 3057 1237 3111">
    <p class='ocr_par' dir='ltr' id='par_1_27' title="bbox 267 3057 1237 3111">
     <span class='ocr_line' id='line_1_27' title="bbox 267 3057 1237 3111; baseline 0.008 -2"><span class='ocrx_word' id='word_1_189' title='bbox 267 3057 470 3111; x_wconf 82' lang='lat' dir='ltr'><strong>smatis.</strong></span> <span class='ocrx_word' id='word_1_190' title='bbox 1232 3100 1237 3105; x_wconf 64' lang='grc' dir='ltr'><em>ο</em></span> 
     </span>
    </p>
   </div>
   <div class='ocr_carea' id='block_1_28' title="bbox 332 3148 1848 3227">
    <p class='ocr_par' dir='ltr' id='par_1_28' title="bbox 332 3148 1848 3227">
     <span class='ocr_line' id='line_1_28' title="bbox 332 3148 1848 3227; baseline 0.007 -25"><span class='ocrx_word' id='word_1_191' title='bbox 332 3148 563 3204; x_wconf 82' lang='lat' dir='ltr'><strong>CAPUT</strong></span> <span class='ocrx_word' id='word_1_192' title='bbox 591 3148 655 3203; x_wconf 89' lang='lat' dir='ltr'><strong>ll.</strong></span> <span class='ocrx_word' id='word_1_193' title='bbox 687 3180 757 3191; x_wconf 92' lang='lat'><strong>-—</strong></span> <span class='ocrx_word' id='word_1_194' title='bbox 784 3151 839 3204; x_wconf 75' lang='grc'><strong>2.</strong></span> <span class='ocrx_word' id='word_1_195' title='bbox 869 3150 975 3207; x_wconf 90' lang='lat' dir='ltr'><strong>Sed</strong></span> <span class='ocrx_word' id='word_1_196' title='bbox 1020 3167 1158 3206; x_wconf 88' lang='lat' dir='ltr'><strong>nunc</strong></span> <span class='ocrx_word' id='word_1_197' title='bbox 1201 3153 1340 3222; x_wconf 89' lang='lat' dir='ltr'><strong>quod</strong></span> <span class='ocrx_word' id='word_1_198' title='bbox 1376 3169 1497 3209; x_wconf 89' lang='lat' dir='ltr'><strong>cum</strong></span> <span class='ocrx_word' id='word_1_199' title='bbox 1553 3154 1709 3211; x_wconf 88' lang='lat' dir='ltr'><strong>beato</strong></span> <span class='ocrx_word' id='word_1_200' title='bbox 1745 3154 1848 3227; x_wconf 82' lang='lat' dir='ltr'><strong>Cy-</strong></span> 
     </span>
    </p>
   </div>
   <div class='ocr_carea' id='block_1_29' title="bbox 267 3239 1847 3327">
    <p class='ocr_par' dir='ltr' id='par_1_29' title="bbox 267 3239 1847 3327">
     <span class='ocr_line' id='line_1_29' title="bbox 267 3239 1847 3327; baseline 0.009 -39"><span class='ocrx_word' id='word_1_201' title='bbox 267 3240 451 3306; x_wconf 82' lang='lat' dir='ltr'><strong>priane</strong></span> <span class='ocrx_word' id='word_1_202' title='bbox 478 3239 699 3295; x_wconf 84' lang='lat' dir='ltr'><strong>homine</strong></span> <span class='ocrx_word' id='word_1_203' title='bbox 730 3242 952 3311; x_wconf 85' lang='lat' dir='ltr'><strong>pacitlco</strong></span> <span class='ocrx_word' id='word_1_204' title='bbox 982 3244 1331 3299; x_wconf 81' lang='lat' dir='ltr'><strong>sermocinari</strong></span> <span class='ocrx_word' id='word_1_205' title='bbox 1358 3246 1701 3327; x_wconf 75' lang='lat' dir='ltr'><strong>instituimus,</strong></span> <span class='ocrx_word' id='word_1_206' title='bbox 1726 3264 1847 3317; x_wconf 88' lang='lat' dir='ltr'><strong>per-</strong></span> 
     </span>
    </p>
   </div>
   <div class='ocr_carea' id='block_1_30' title="bbox 265 3333 1848 3407">
    <p class='ocr_par' dir='ltr' id='par_1_30' title="bbox 265 3333 1848 3407">
     <span class='ocr_line' id='line_1_30' title="bbox 265 3333 1848 3407; baseline 0.005 -24"><span class='ocrx_word' id='word_1_207' title='bbox 265 3344 470 3399; x_wconf 85' lang='lat' dir='ltr'><strong>gamus.</strong></span> <span class='ocrx_word' id='word_1_208' title='bbox 491 3333 594 3399; x_wconf 80' lang='lat' dir='ltr'><strong>Qui</strong></span> <span class='ocrx_word' id='word_1_209' title='bbox 624 3349 747 3388; x_wconf 87' lang='lat' dir='ltr'><strong>cum</strong></span> <span class='ocrx_word' id='word_1_210' title='bbox 794 3335 894 3388; x_wconf 85' lang='lat' dir='ltr'><strong>sibi</strong></span> <span class='ocrx_word' id='word_1_211' title='bbox 929 3337 1301 3405; x_wconf 88' lang='lat' dir='ltr'><strong>opposuisset,</strong></span> <span class='ocrx_word' id='word_1_212' title='bbox 1340 3337 1481 3407; x_wconf 88' lang='lat' dir='ltr'><strong>quod</strong></span> <span class='ocrx_word' id='word_1_213' title='bbox 1521 3338 1625 3393; x_wconf 90' lang='lat' dir='ltr'><strong>dici</strong></span> <span class='ocrx_word' id='word_1_214' title='bbox 1671 3354 1701 3393; x_wconf 88' lang='lat' dir='ltr'><strong>a</strong></span> <span class='ocrx_word' id='word_1_215' title='bbox 1744 3338 1848 3392; x_wconf 60' lang='grc' dir='ltr'>Γιτι-</span> 
     </span>
    </p>
   </div>
   <div class='ocr_carea' id='block_1_31' title="bbox 266 3423 1845 3500">
    <p class='ocr_par' dir='ltr' id='par_1_31' title="bbox 266 3423 1845 3500">
     <span class='ocr_line' id='line_1_31' title="bbox 266 3423 1845 3500; baseline 0.006 -24"><span class='ocrx_word' id='word_1_216' title='bbox 266 3423 432 3478; x_wconf 86' lang='lat' dir='ltr'><strong>tribus</strong></span> <span class='ocrx_word' id='word_1_217' title='bbox 457 3436 713 3491; x_wconf 86' lang='lat' dir='ltr'><strong>noverat,</strong></span> <span class='ocrx_word' id='word_1_218' title='bbox 747 3427 880 3492; x_wconf 82' lang='lat' dir='ltr'><strong>Quid</strong></span> <span class='ocrx_word' id='word_1_219' title='bbox 895 3444 1014 3498; x_wconf 86' lang='lat' dir='ltr'><strong>ergo</strong></span> <span class='ocrx_word' id='word_1_220' title='bbox 1038 3428 1124 3497; x_wconf 75' lang='lat' dir='ltr'><strong>[iet</strong></span> <span class='ocrx_word' id='word_1_221' title='bbox 1151 3428 1213 3482; x_wconf 85' lang='lat' dir='ltr'><strong>de</strong></span> <span class='ocrx_word' id='word_1_222' title='bbox 1240 3430 1319 3482; x_wconf 83' lang='lat' dir='ltr'><strong>Itis</strong></span> <span class='ocrx_word' id='word_1_223' title='bbox 1343 3430 1429 3499; x_wconf 84' lang='lat' dir='ltr'><strong>qui</strong></span> <span class='ocrx_word' id='word_1_224' title='bbox 1450 3430 1504 3483; x_wconf 86' lang='lat' dir='ltr'><strong>in</strong></span> <span class='ocrx_word' id='word_1_225' title='bbox 1534 3431 1845 3500; x_wconf 79' lang='lat' dir='ltr'><strong>prtetcritum</strong></span> 
     </span>
    </p>
   </div>
   <div class='ocr_carea' id='block_1_32' title="bbox 265 3514 1844 3591">
    <p class='ocr_par' dir='ltr' id='par_1_32' title="bbox 265 3514 1844 3591">
     <span class='ocr_line' id='line_1_32' title="bbox 265 3514 1844 3591; baseline 0.006 -25"><span class='ocrx_word' id='word_1_226' title='bbox 265 3517 333 3567; x_wconf 84' lang='lat' dir='ltr'><strong>ad</strong></span> <span class='ocrx_word' id='word_1_227' title='bbox 373 3514 651 3571; x_wconf 81' lang='lat' dir='ltr'><strong>Ecclesium</strong></span> <span class='ocrx_word' id='word_1_228' title='bbox 676 3518 741 3571; x_wconf 83' lang='lat' dir='ltr'><strong>de</strong></span> <span class='ocrx_word' id='word_1_229' title='bbox 764 3519 943 3573; x_wconf 79' lang='lat' dir='ltr'><strong>Itwresi</strong></span> <span class='ocrx_word' id='word_1_230' title='bbox 968 3519 1216 3574; x_wconf 71' lang='lat' dir='ltr'><strong>venientes</strong></span> <span class='ocrx_word' id='word_1_231' title='bbox 1239 3562 1254 3584; x_wconf 87' lang='lat'><strong>,</strong></span> <span class='ocrx_word' id='word_1_232' title='bbox 1300 3520 1408 3574; x_wconf 83' lang='lat' dir='ltr'><strong>sine</strong></span> <span class='ocrx_word' id='word_1_233' title='bbox 1456 3520 1719 3591; x_wconf 81' lang='lat' dir='ltr'><strong>Baptismo</strong></span> <span class='ocrx_word' id='word_1_234' title='bbox 1748 3523 1844 3575; x_wconf 84' lang='lat' dir='ltr'><strong>ad-</strong></span> 
     </span>
    </p>
   </div>
   <div class='ocr_carea' id='block_1_33' title="bbox 265 3606 1844 3680">
    <p class='ocr_par' dir='ltr' id='par_1_33' title="bbox 265 3606 1844 3680">
     <span class='ocr_line' id='line_1_33' title="bbox 265 3606 1844 3680; baseline 0.007 -24"><span class='ocrx_word' id='word_1_235' title='bbox 265 3606 587 3663; x_wconf 70' lang='lat' dir='ltr'><strong>minisaut?</strong></span> <span class='ocrx_word' id='word_1_236' title='bbox 618 3607 808 3662; x_wconf 82' lang='lat' dir='ltr'><strong>Potens</strong></span> <span class='ocrx_word' id='word_1_237' title='bbox 834 3619 905 3663; x_wconf 84' lang='lat' dir='ltr'><strong>est</strong></span> <span class='ocrx_word' id='word_1_238' title='bbox 925 3652 939 3676; x_wconf 93' lang='lat'><strong>,</strong></span> <span class='ocrx_word' id='word_1_239' title='bbox 977 3610 1177 3680; x_wconf 84' lang='lat' dir='ltr'><strong>inquit,</strong></span> <span class='ocrx_word' id='word_1_240' title='bbox 1231 3610 1477 3665; x_wconf 78' lang='lat' dir='ltr'><strong>Dominus</strong></span> <span class='ocrx_word' id='word_1_241' title='bbox 1503 3613 1844 3667; x_wconf 80' lang='lat' dir='ltr'><strong>ntiserirordia</strong></span> 
     </span>
    </p>
   </div>
   <div class='ocr_carea' id='block_1_34' title="bbox 265 3698 1841 3773">
    <p class='ocr_par' dir='ltr' id='par_1_34' title="bbox 265 3698 1841 3773">
     <span class='ocr_line' id='line_1_34' title="bbox 265 3698 1841 3773; baseline 0.005 -23"><span class='ocrx_word' id='word_1_242' title='bbox 265 3713 353 3750; x_wconf 62' lang='lat' dir='ltr'><strong>sua</strong></span> <span class='ocrx_word' id='word_1_243' title='bbox 380 3698 748 3768; x_wconf 81' lang='lat' dir='ltr'><strong>indulgentiam</strong></span> <span class='ocrx_word' id='word_1_244' title='bbox 776 3699 927 3761; x_wconf 80' lang='lat' dir='ltr'><strong>dare,</strong></span> <span class='ocrx_word' id='word_1_245' title='bbox 958 3710 1004 3753; x_wconf 81' lang='lat' dir='ltr'><strong>et</strong></span> <span class='ocrx_word' id='word_1_246' title='bbox 1028 3717 1111 3754; x_wconf 85' lang='lat' dir='ltr'><strong>eos</strong></span> <span class='ocrx_word' id='word_1_247' title='bbox 1137 3702 1223 3771; x_wconf 83' lang='lat' dir='ltr'><strong>qui</strong></span> <span class='ocrx_word' id='word_1_248' title='bbox 1248 3702 1317 3754; x_wconf 85' lang='lat' dir='ltr'><strong>ad</strong></span> <span class='ocrx_word' id='word_1_249' title='bbox 1340 3700 1619 3756; x_wconf 79' lang='lat' dir='ltr'><strong>Ecclesium</strong></span> <span class='ocrx_word' id='word_1_250' title='bbox 1645 3705 1841 3773; x_wconf 76' lang='lat' dir='ltr'><strong>simpli-</strong></span> 
     </span>
    </p>
   </div>
   <div class='ocr_carea' id='block_1_35' title="bbox 265 3789 1843 3856">
    <p class='ocr_par' dir='ltr' id='par_1_35' title="bbox 265 3789 1843 3856">
     <span class='ocr_line' id='line_1_35' title="bbox 265 3789 1843 3856; baseline 0.004 -13"><span class='ocrx_word' id='word_1_251' title='bbox 265 3791 382 3843; x_wconf 70' lang='lat' dir='ltr'><strong>riter</strong></span> <span class='ocrx_word' id='word_1_252' title='bbox 400 3790 614 3843; x_wconf 84' lang='lat' dir='ltr'><strong>admissi</strong></span> <span class='ocrx_word' id='word_1_253' title='bbox 643 3791 695 3844; x_wconf 88' lang='lat' dir='ltr'><strong>in</strong></span> <span class='ocrx_word' id='word_1_254' title='bbox 724 3789 953 3845; x_wconf 78' lang='lat' dir='ltr'><strong>Ecclesia</strong></span> <span class='ocrx_word' id='word_1_255' title='bbox 982 3792 1295 3846; x_wconf 84' lang='lat' dir='ltr'><strong>dormierunt</strong></span> <span class='ocrx_word' id='word_1_256' title='bbox 1319 3833 1334 3856; x_wconf 95' lang='lat'><strong>,</strong></span> <span class='ocrx_word' id='word_1_257' title='bbox 1366 3793 1429 3845; x_wconf 85' lang='lat' dir='ltr'><strong>ab</strong></span> <span class='ocrx_word' id='word_1_258' title='bbox 1461 3793 1699 3849; x_wconf 77' lang='lat' dir='ltr'><strong>Ecclesia:</strong></span> <span class='ocrx_word' id='word_1_259' title='bbox 1735 3811 1843 3849; x_wconf 74' lang='lat' dir='ltr'><strong>sua:</strong></span> 
     </span>
    </p>
   </div>
   <div class='ocr_carea' id='block_1_36' title="bbox 264 3882 1839 3952">
    <p class='ocr_par' dir='ltr' id='par_1_36' title="bbox 264 3882 1839 3952">
     <span class='ocr_line' id='line_1_36' title="bbox 264 3882 1839 3952; baseline 0.002 -19"><span class='ocrx_word' id='word_1_260' title='bbox 264 3882 552 3935; x_wconf 72' lang='lat' dir='ltr'><strong>muneribus</strong></span> <span class='ocrx_word' id='word_1_261' title='bbox 590 3899 691 3936; x_wconf 86' lang='lat' dir='ltr'><strong>non</strong></span> <span class='ocrx_word' id='word_1_262' title='bbox 721 3898 977 3951; x_wconf 81' lang='lat' dir='ltr'><strong>separare.</strong></span> <span class='ocrx_word' id='word_1_263' title='bbox 1022 3883 1166 3937; x_wconf 87' lang='lat' dir='ltr'><strong>Bene</strong></span> <span class='ocrx_word' id='word_1_264' title='bbox 1199 3882 1414 3952; x_wconf 87' lang='lat' dir='ltr'><strong>quidem</strong></span> <span class='ocrx_word' id='word_1_265' title='bbox 1455 3884 1791 3952; x_wconf 76' lang='lat' dir='ltr'><strong>prmsumpsit</strong></span> <span class='ocrx_word' id='word_1_266' title='bbox 1823 3926 1839 3945; x_wconf 87' lang='lat'><strong>,</strong></span> 
     </span>
    </p>
   </div>
   <div class='ocr_carea' id='block_1_37' title="bbox 267 3970 1840 4046">
    <p class='ocr_par' dir='ltr' id='par_1_37' title="bbox 267 3970 1840 4046">
     <span class='ocr_line' id='line_1_37' title="bbox 267 3970 1840 4046; baseline 0.002 -19"><span class='ocrx_word' id='word_1_267' title='bbox 267 3970 402 4045; x_wconf 81' lang='lat' dir='ltr'><strong>quod</strong></span> <span class='ocrx_word' id='word_1_268' title='bbox 429 3975 667 4030; x_wconf 85' lang='lat' dir='ltr'><strong>charitas</strong></span> <span class='ocrx_word' id='word_1_269' title='bbox 689 3976 903 4031; x_wconf 85' lang='lat' dir='ltr'><strong>unitatis</strong></span> <span class='ocrx_word' id='word_1_270' title='bbox 933 3985 1113 4046; x_wconf 88' lang='lat' dir='ltr'><strong>posset</strong></span> <span class='ocrx_word' id='word_1_271' title='bbox 1132 3975 1408 4043; x_wconf 84' lang='lat' dir='ltr'><strong>cooperire</strong></span> <span class='ocrx_word' id='word_1_272' title='bbox 1448 3976 1840 4030; x_wconf 89' lang='lat' dir='ltr'><strong>multitudinem</strong></span> 
     </span>
    </p>
   </div>
   <div class='ocr_carea' id='block_1_38' title="bbox 190 4068 1842 4139">
    <p class='ocr_par' dir='ltr' id='par_1_38' title="bbox 190 4068 1842 4139">
     <span class='ocr_line' id='line_1_38' title="bbox 190 4068 1842 4139; baseline 0.001 -18"><span class='ocrx_word' id='word_1_273' title='bbox 190 4120 193 4121; x_wconf 30' lang='grc' dir='ltr'><em>ν</em></span> <span class='ocrx_word' id='word_1_274' title='bbox 266 4078 620 4139; x_wconf 75' lang='lat' dir='ltr'><strong>peccatorum.</strong></span> <span class='ocrx_word' id='word_1_275' title='bbox 649 4068 800 4136; x_wconf 82' lang='lat' dir='ltr'><strong>Quod</strong></span> <span class='ocrx_word' id='word_1_276' title='bbox 821 4069 865 4122; x_wconf 89' lang='lat' dir='ltr'><strong>si</strong></span> <span class='ocrx_word' id='word_1_277' title='bbox 895 4068 1157 4124; x_wconf 83' lang='lat' dir='ltr'><strong>habebant</strong></span> <span class='ocrx_word' id='word_1_278' title='bbox 1182 4068 1510 4138; x_wconf 85' lang='lat' dir='ltr'><strong>Baptismttm</strong></span> <span class='ocrx_word' id='word_1_279' title='bbox 1534 4108 1549 4133; x_wconf 98' lang='lat'><strong>,</strong></span> <span class='ocrx_word' id='word_1_280' title='bbox 1581 4077 1635 4122; x_wconf 90' lang='lat' dir='ltr'><strong>et</strong></span> <span class='ocrx_word' id='word_1_281' title='bbox 1662 4068 1730 4122; x_wconf 88' lang='lat' dir='ltr'><strong>ab</strong></span> <span class='ocrx_word' id='word_1_282' title='bbox 1760 4068 1842 4122; x_wconf 90' lang='lat' dir='ltr'><strong>his</strong></span> 
     </span>
    </p>
   </div>
   <div class='ocr_carea' id='block_1_39' title="bbox 264 4159 1842 4231">
    <p class='ocr_par' dir='ltr' id='par_1_39' title="bbox 264 4159 1842 4231">
     <span class='ocr_line' id='line_1_39' title="bbox 264 4159 1842 4231; baseline 0.001 -17"><span class='ocrx_word' id='word_1_283' title='bbox 264 4177 365 4215; x_wconf 89' lang='lat' dir='ltr'><strong>non</strong></span> <span class='ocrx_word' id='word_1_284' title='bbox 392 4170 540 4216; x_wconf 87' lang='lat' dir='ltr'><strong>recte</strong></span> <span class='ocrx_word' id='word_1_285' title='bbox 564 4161 895 4217; x_wconf 80' lang='lat' dir='ltr'><strong>sentiebatur</strong></span> <span class='ocrx_word' id='word_1_286' title='bbox 914 4162 1002 4231; x_wconf 85' lang='lat' dir='ltr'><strong>qui</strong></span> <span class='ocrx_word' id='word_1_287' title='bbox 1028 4175 1122 4217; x_wconf 89' lang='lat' dir='ltr'><strong>eos</strong></span> <span class='ocrx_word' id='word_1_288' title='bbox 1142 4160 1319 4216; x_wconf 92' lang='lat' dir='ltr'><strong>denuo</strong></span> <span class='ocrx_word' id='word_1_289' title='bbox 1348 4159 1694 4229; x_wconf 82' lang='lat' dir='ltr'><strong>baptizandus</strong></span> <span class='ocrx_word' id='word_1_290' title='bbox 1722 4173 1842 4215; x_wconf 88' lang='lat' dir='ltr'><strong>esse</strong></span> 
     </span>
    </p>
   </div>
   <div class='ocr_carea' id='block_1_40' title="bbox 261 4252 1837 4324">
    <p class='ocr_par' dir='ltr' id='par_1_40' title="bbox 261 4252 1837 4324">
     <span class='ocr_line' id='line_1_40' title="bbox 261 4252 1837 4324; baseline -0.004 -14"><span class='ocrx_word' id='word_1_291' title='bbox 261 4256 583 4322; x_wconf 72' lang='lat' dir='ltr'><strong>censebant,</strong></span> <span class='ocrx_word' id='word_1_292' title='bbox 614 4255 664 4309; x_wconf 93' lang='lat' dir='ltr'><strong>id</strong></span> <span class='ocrx_word' id='word_1_293' title='bbox 694 4265 927 4309; x_wconf 88' lang='lat' dir='ltr'><strong>erratum</strong></span> <span class='ocrx_word' id='word_1_294' title='bbox 953 4253 1291 4324; x_wconf 86' lang='lat' dir='ltr'><strong>cooperiebat</strong></span> <span class='ocrx_word' id='word_1_295' title='bbox 1314 4253 1531 4307; x_wconf 88' lang='lat' dir='ltr'><strong>unitatis</strong></span> <span class='ocrx_word' id='word_1_296' title='bbox 1571 4252 1802 4307; x_wconf 90' lang='lat' dir='ltr'><strong>charitas</strong></span> <span class='ocrx_word' id='word_1_297' title='bbox 1821 4293 1837 4315; x_wconf 94' lang='lat'><strong>,</strong></span> 
     </span>
    </p>
   </div>
   <div class='ocr_carea' id='block_1_41' title="bbox 263 4342 1841 4415">
    <p class='ocr_par' dir='ltr' id='par_1_41' title="bbox 263 4342 1841 4415">
     <span class='ocr_line' id='line_1_41' title="bbox 263 4342 1841 4415; baseline 0 -18"><span class='ocrx_word' id='word_1_298' title='bbox 263 4346 511 4415; x_wconf 85' lang='lat' dir='ltr'><strong>quamdiu</strong></span> <span class='ocrx_word' id='word_1_299' title='bbox 542 4346 715 4400; x_wconf 84' lang='lat' dir='ltr'><strong>inerat</strong></span> <span class='ocrx_word' id='word_1_300' title='bbox 743 4345 841 4400; x_wconf 85' lang='lat' dir='ltr'><strong>ista</strong></span> <span class='ocrx_word' id='word_1_301' title='bbox 861 4387 876 4411; x_wconf 95' lang='lat'><strong>,</strong></span> <span class='ocrx_word' id='word_1_302' title='bbox 898 4360 1001 4398; x_wconf 89' lang='lat' dir='ltr'><strong>non</strong></span> <span class='ocrx_word' id='word_1_303' title='bbox 1027 4344 1285 4398; x_wconf 89' lang='lat' dir='ltr'><strong>diabolica</strong></span> <span class='ocrx_word' id='word_1_304' title='bbox 1316 4343 1576 4398; x_wconf 85' lang='lat' dir='ltr'><strong>dissensio</strong></span> <span class='ocrx_word' id='word_1_305' title='bbox 1599 4385 1614 4408; x_wconf 91' lang='lat'><strong>,</strong></span> <span class='ocrx_word' id='word_1_306' title='bbox 1642 4342 1734 4398; x_wconf 90' lang='lat' dir='ltr'><strong>sed</strong></span> <span class='ocrx_word' id='word_1_307' title='bbox 1751 4342 1841 4397; x_wconf 86' lang='lat' dir='ltr'><strong>hu-</strong></span> 
     </span>
    </p>
   </div>
   <div class='ocr_carea' id='block_1_42' title="bbox 262 4435 1839 4506">
    <p class='ocr_par' dir='ltr' id='par_1_42' title="bbox 262 4435 1839 4506">
     <span class='ocr_line' id='line_1_42' title="bbox 262 4435 1839 4506; baseline 0.001 -17"><span class='ocrx_word' id='word_1_308' title='bbox 262 4452 412 4489; x_wconf 80' lang='lat' dir='ltr'><strong>utana</strong></span> <span class='ocrx_word' id='word_1_309' title='bbox 448 4437 703 4499; x_wconf 89' lang='lat' dir='ltr'><strong>tentatio;</strong></span> <span class='ocrx_word' id='word_1_310' title='bbox 734 4435 905 4491; x_wconf 90' lang='lat' dir='ltr'><strong>donec</strong></span> <span class='ocrx_word' id='word_1_311' title='bbox 934 4436 1046 4504; x_wconf 87' lang='lat' dir='ltr'><strong>eis,</strong></span> <span class='ocrx_word' id='word_1_312' title='bbox 1093 4437 1229 4491; x_wconf 88' lang='lat' dir='ltr'><strong>sicut</strong></span> <span class='ocrx_word' id='word_1_313' title='bbox 1263 4436 1391 4491; x_wconf 89' lang='lat' dir='ltr'><strong>dicit</strong></span> <span class='ocrx_word' id='word_1_314' title='bbox 1419 4436 1706 4506; x_wconf 82' lang='lat' dir='ltr'><strong>Apostolus</strong></span> <span class='ocrx_word' id='word_1_315' title='bbox 1730 4477 1746 4500; x_wconf 93' lang='lat'><strong>,</strong></span> <span class='ocrx_word' id='word_1_316' title='bbox 1792 4437 1839 4491; x_wconf 87' lang='lat' dir='ltr'><strong>si</strong></span> 
     </span>
    </p>
   </div>
   <div class='ocr_carea' id='block_1_43' title="bbox 261 4525 1835 4597">
    <p class='ocr_par' dir='ltr' id='par_1_43' title="bbox 261 4525 1835 4597">
     <span class='ocr_line' id='line_1_43' title="bbox 261 4525 1835 4597; baseline 0.002 -20"><span class='ocrx_word' id='word_1_317' title='bbox 261 4527 382 4596; x_wconf 85' lang='lat' dir='ltr'><strong>quid</strong></span> <span class='ocrx_word' id='word_1_318' title='bbox 414 4526 571 4580; x_wconf 90' lang='lat' dir='ltr'><strong>aliter</strong></span> <span class='ocrx_word' id='word_1_319' title='bbox 599 4525 875 4595; x_wconf 86' lang='lat' dir='ltr'><strong>sapiebant</strong></span> <span class='ocrx_word' id='word_1_320' title='bbox 907 4526 1158 4581; x_wconf 88' lang='lat' dir='ltr'><strong>Dominus</strong></span> <span class='ocrx_word' id='word_1_321' title='bbox 1184 4528 1446 4582; x_wconf 88' lang='lat' dir='ltr'><strong>revelaret</strong></span> <span class='ocrx_word' id='word_1_322' title='bbox 1474 4526 1835 4597; x_wconf 81' lang='lat' dir='ltr'><strong>(I’hilipp.ttt,</strong></span> 
     </span>
    </p>
   </div>
   <div class='ocr_carea' id='block_1_44' title="bbox 263 4616 1836 4688">
    <p class='ocr_par' dir='ltr' id='par_1_44' title="bbox 263 4616 1836 4688">
     <span class='ocr_line' id='line_1_44' title="bbox 263 4616 1836 4688; baseline 0.001 -17"><span class='ocrx_word' id='word_1_323' title='bbox 263 4619 373 4685; x_wconf 72' lang='grc'><strong>15).</strong></span> <span class='ocrx_word' id='word_1_324' title='bbox 405 4617 474 4670; x_wconf 85' lang='lat' dir='ltr'><strong>Et</strong></span> <span class='ocrx_word' id='word_1_325' title='bbox 501 4616 623 4672; x_wconf 86' lang='lat' dir='ltr'><strong>ideo</strong></span> <span class='ocrx_word' id='word_1_326' title='bbox 640 4633 722 4670; x_wconf 76' lang='lat' dir='ltr'><strong>va:</strong></span> <span class='ocrx_word' id='word_1_327' title='bbox 752 4617 870 4671; x_wconf 88' lang='lat' dir='ltr'><strong>istis</strong></span> <span class='ocrx_word' id='word_1_328' title='bbox 888 4617 975 4685; x_wconf 89' lang='lat' dir='ltr'><strong>qui</strong></span> <span class='ocrx_word' id='word_1_329' title='bbox 1006 4632 1103 4687; x_wconf 90' lang='lat' dir='ltr'><strong>per</strong></span> <span class='ocrx_word' id='word_1_330' title='bbox 1127 4618 1437 4688; x_wconf 77' lang='lat' dir='ltr'><strong>sacrilegam</strong></span> <span class='ocrx_word' id='word_1_331' title='bbox 1464 4619 1836 4688; x_wconf 68' lang='lat' dir='ltr'><strong>pnecisionetn</strong></span> 
     </span>
    </p>
   </div>
   <div class='ocr_carea' id='block_1_45' title="bbox 259 4706 1840 4776">
    <p class='ocr_par' dir='ltr' id='par_1_45' title="bbox 259 4706 1840 4776">
     <span class='ocr_line' id='line_1_45' title="bbox 259 4706 1840 4776; baseline 0.003 -16"><span class='ocrx_word' id='word_1_332' title='bbox 259 4707 325 4760; x_wconf 82' lang='lat' dir='ltr'><strong>ah</strong></span> <span class='ocrx_word' id='word_1_333' title='bbox 346 4707 551 4761; x_wconf 88' lang='lat' dir='ltr'><strong>unitate</strong></span> <span class='ocrx_word' id='word_1_334' title='bbox 574 4706 837 4774; x_wconf 88' lang='lat' dir='ltr'><strong>disrupti,</strong></span> <span class='ocrx_word' id='word_1_335' title='bbox 878 4707 921 4760; x_wconf 90' lang='lat' dir='ltr'><strong>si</strong></span> <span class='ocrx_word' id='word_1_336' title='bbox 949 4716 1002 4762; x_wconf 90' lang='lat' dir='ltr'><strong>et</strong></span> <span class='ocrx_word' id='word_1_337' title='bbox 1042 4706 1180 4776; x_wconf 86' lang='lat' dir='ltr'><strong>apud</strong></span> <span class='ocrx_word' id='word_1_338' title='bbox 1222 4717 1393 4761; x_wconf 85' lang='lat' dir='ltr'><strong>noset</strong></span> <span class='ocrx_word' id='word_1_339' title='bbox 1418 4709 1555 4776; x_wconf 88' lang='lat' dir='ltr'><strong>apttd</strong></span> <span class='ocrx_word' id='word_1_340' title='bbox 1596 4710 1714 4764; x_wconf 88' lang='lat' dir='ltr'><strong>illos</strong></span> <span class='ocrx_word' id='word_1_341' title='bbox 1756 4721 1840 4764; x_wconf 79' lang='lat' dir='ltr'><strong>est</strong></span> 
     </span>
    </p>
   </div>
   <div class='ocr_carea' id='block_1_46' title="bbox 261 4799 1837 4868">
    <p class='ocr_par' dir='ltr' id='par_1_46' title="bbox 261 4799 1837 4868">
     <span class='ocr_line' id='line_1_46' title="bbox 261 4799 1837 4868; baseline 0.004 -17"><span class='ocrx_word' id='word_1_342' title='bbox 261 4800 587 4868; x_wconf 81' lang='lat' dir='ltr'><strong>haptismus,</strong></span> <span class='ocrx_word' id='word_1_343' title='bbox 618 4799 948 4868; x_wconf 87' lang='lat' dir='ltr'><strong>rchaptizant</strong></span> <span class='ocrx_word' id='word_1_344' title='bbox 982 4817 994 4853; x_wconf 93' lang='lat'><strong>:</strong></span> <span class='ocrx_word' id='word_1_345' title='bbox 1027 4800 1069 4853; x_wconf 92' lang='lat' dir='ltr'><strong>si</strong></span> <span class='ocrx_word' id='word_1_346' title='bbox 1110 4806 1287 4854; x_wconf 88' lang='lat' dir='ltr'><strong>autem</strong></span> <span class='ocrx_word' id='word_1_347' title='bbox 1330 4800 1381 4854; x_wconf 93' lang='lat' dir='ltr'><strong>in</strong></span> <span class='ocrx_word' id='word_1_348' title='bbox 1408 4800 1681 4855; x_wconf 84' lang='lat' dir='ltr'><strong>Catholica</strong></span> <span class='ocrx_word' id='word_1_349' title='bbox 1723 4803 1837 4857; x_wconf 86' lang='lat' dir='ltr'><strong>sola</strong></span> 
     </span>
    </p>
   </div>
   <div class='ocr_carea' id='block_1_47' title="bbox 259 4889 1836 4961">
    <p class='ocr_par' dir='ltr' id='par_1_47' title="bbox 259 4889 1836 4961">
     <span class='ocr_line' id='line_1_47' title="bbox 259 4889 1836 4961; baseline 0.003 -19"><span class='ocrx_word' id='word_1_350' title='bbox 259 4897 371 4955; x_wconf 86' lang='lat' dir='ltr'><strong>est,</strong></span> <span class='ocrx_word' id='word_1_351' title='bbox 402 4904 504 4944; x_wconf 87' lang='lat' dir='ltr'><strong>nec</strong></span> <span class='ocrx_word' id='word_1_352' title='bbox 548 4890 838 4959; x_wconf 85' lang='lat' dir='ltr'><strong>haptizant.</strong></span> <span class='ocrx_word' id='word_1_353' title='bbox 880 4890 1005 4945; x_wconf 80' lang='lat' dir='ltr'><strong>Sive</strong></span> <span class='ocrx_word' id='word_1_354' title='bbox 1028 4903 1157 4961; x_wconf 76' lang='lat' dir='ltr'><strong>ergo</strong></span> <span class='ocrx_word' id='word_1_355' title='bbox 1197 4889 1528 4959; x_wconf 85' lang='lat' dir='ltr'><strong>rebaptizent</strong></span> <span class='ocrx_word' id='word_1_356' title='bbox 1564 4891 1677 4946; x_wconf 90' lang='lat' dir='ltr'><strong>sive</strong></span> <span class='ocrx_word' id='word_1_357' title='bbox 1731 4908 1836 4947; x_wconf 92' lang='lat' dir='ltr'><strong>non</strong></span> 
     </span>
    </p>
   </div>
   <div class='ocr_carea' id='block_1_48' title="bbox 262 4977 1839 5049">
    <p class='ocr_par' dir='ltr' id='par_1_48' title="bbox 262 4977 1839 5049">
     <span class='ocr_line' id='line_1_48' title="bbox 262 4977 1839 5049; baseline 0.004 -18"><span class='ocrx_word' id='word_1_358' title='bbox 262 4977 535 5047; x_wconf 76' lang='lat' dir='ltr'><strong>baptizent</strong></span> <span class='ocrx_word' id='word_1_359' title='bbox 554 5020 569 5040; x_wconf 92' lang='lat'><strong>,</strong></span> <span class='ocrx_word' id='word_1_360' title='bbox 598 4995 705 5031; x_wconf 89' lang='lat' dir='ltr'><strong>non</strong></span> <span class='ocrx_word' id='word_1_361' title='bbox 746 4989 873 5033; x_wconf 89' lang='lat' dir='ltr'><strong>sunt</strong></span> <span class='ocrx_word' id='word_1_362' title='bbox 899 4980 950 5033; x_wconf 80' lang='lat' dir='ltr'><strong>in</strong></span> <span class='ocrx_word' id='word_1_363' title='bbox 981 4979 1194 5033; x_wconf 88' lang='lat' dir='ltr'><strong>vinculo</strong></span> <span class='ocrx_word' id='word_1_364' title='bbox 1225 4980 1369 5049; x_wconf 87' lang='lat' dir='ltr'><strong>pacis</strong></span> <span class='ocrx_word' id='word_1_365' title='bbox 1395 4998 1407 5033; x_wconf 91' lang='lat'><strong>:</strong></span> <span class='ocrx_word' id='word_1_366' title='bbox 1440 4979 1578 5035; x_wconf 89' lang='lat' dir='ltr'><strong>unde</strong></span> <span class='ocrx_word' id='word_1_367' title='bbox 1622 4982 1839 5037; x_wconf 90' lang='lat' dir='ltr'><strong>cuilibet</strong></span> 
     </span>
    </p>
   </div>
   <div class='ocr_carea' id='block_1_49' title="bbox 258 5070 1836 5130">
    <p class='ocr_par' dir='ltr' id='par_1_49' title="bbox 258 5070 1836 5130">
     <span class='ocr_line' id='line_1_49' title="bbox 258 5070 1836 5130; baseline 0.004 -6"><span class='ocrx_word' id='word_1_368' title='bbox 258 5071 484 5124; x_wconf 80' lang='lat' dir='ltr'><strong>istorum</strong></span> <span class='ocrx_word' id='word_1_369' title='bbox 515 5070 719 5125; x_wconf 75' lang='lat' dir='ltr'><strong>vulneri</strong></span> <span class='ocrx_word' id='word_1_370' title='bbox 751 5070 1037 5126; x_wconf 89' lang='lat' dir='ltr'><strong>adhibeant</strong></span> <span class='ocrx_word' id='word_1_371' title='bbox 1068 5071 1407 5126; x_wconf 88' lang='lat' dir='ltr'><strong>medicinam.</strong></span> <span class='ocrx_word' id='word_1_372' title='bbox 1440 5072 1549 5128; x_wconf 88' lang='lat' dir='ltr'><strong>Nos</strong></span> <span class='ocrx_word' id='word_1_373' title='bbox 1589 5081 1764 5128; x_wconf 87' lang='lat' dir='ltr'><strong>autem</strong></span> <span class='ocrx_word' id='word_1_374' title='bbox 1793 5077 1836 5130; x_wconf 91' lang='lat' dir='ltr'><strong>si</strong></span> 
     </span>
    </p>
   </div>
   <div class='ocr_carea' id='block_1_50' title="bbox 259 5160 1838 5231">
    <p class='ocr_par' dir='ltr' id='par_1_50' title="bbox 259 5160 1838 5231">
     <span class='ocr_line' id='line_1_50' title="bbox 259 5160 1838 5231; baseline 0.004 -17"><span class='ocrx_word' id='word_1_375' title='bbox 259 5161 326 5214; x_wconf 80' lang='lat' dir='ltr'><strong>ad</strong></span> <span class='ocrx_word' id='word_1_376' title='bbox 358 5160 650 5216; x_wconf 80' lang='lat' dir='ltr'><strong>Ecclesiam</strong></span> <span class='ocrx_word' id='word_1_377' title='bbox 694 5161 812 5216; x_wconf 89' lang='lat' dir='ltr'><strong>sine</strong></span> <span class='ocrx_word' id='word_1_378' title='bbox 859 5161 1126 5231; x_wconf 86' lang='lat' dir='ltr'><strong>Baptismo</strong></span> <span class='ocrx_word' id='word_1_379' title='bbox 1151 5163 1507 5225; x_wconf 81' lang='lat' dir='ltr'><strong>admittimus.</strong></span> <span class='ocrx_word' id='word_1_380' title='bbox 1538 5164 1593 5218; x_wconf 90' lang='lat' dir='ltr'><strong>in</strong></span> <span class='ocrx_word' id='word_1_381' title='bbox 1618 5181 1683 5220; x_wconf 89' lang='lat' dir='ltr'><strong>eo</strong></span> <span class='ocrx_word' id='word_1_382' title='bbox 1738 5182 1838 5220; x_wconf 91' lang='lat' dir='ltr'><strong>nn-</strong></span> 
     </span>
    </p>
   </div>
   <div class='ocr_carea' id='block_1_51' title="bbox 260 5258 1842 5330">
    <p class='ocr_par' dir='ltr' id='par_1_51' title="bbox 260 5258 1842 5330">
     <span class='ocr_line' id='line_1_51' title="bbox 260 5258 1842 5330; baseline 0.001 -17"><span class='ocrx_word' id='word_1_383' title='bbox 260 5273 412 5315; x_wconf 81' lang='lat' dir='ltr'><strong>merc</strong></span> <span class='ocrx_word' id='word_1_384' title='bbox 468 5273 652 5314; x_wconf 88' lang='lat' dir='ltr'><strong>sumus</strong></span> <span class='ocrx_word' id='word_1_385' title='bbox 676 5258 699 5291; x_wconf 82' lang='grc'>⁸</span> <span class='ocrx_word' id='word_1_386' title='bbox 722 5258 915 5328; x_wconf 86' lang='lat' dir='ltr'><strong>quibus</strong></span> <span class='ocrx_word' id='word_1_387' title='bbox 939 5258 1236 5330; x_wconf 76' lang='lat' dir='ltr'><strong>Cyprianus</strong></span> <span class='ocrx_word' id='word_1_388' title='bbox 1258 5269 1476 5329; x_wconf 88' lang='lat' dir='ltr'><strong>propter</strong></span> <span class='ocrx_word' id='word_1_389' title='bbox 1504 5261 1722 5315; x_wconf 76' lang='lat' dir='ltr'><strong>unitatis</strong></span> <span class='ocrx_word' id='word_1_390' title='bbox 1749 5278 1842 5316; x_wconf 54' lang='lat' dir='ltr'><strong>cum</strong></span> 
     </span>
    </p>
   </div>
   <div class='ocr_carea' id='block_1_52' title="bbox 260 5350 1837 5423">
    <p class='ocr_par' dir='ltr' id='par_1_52' title="bbox 260 5350 1837 5423">
     <span class='ocr_line' id='line_1_52' title="bbox 260 5350 1837 5423; baseline 0.001 -17"><span class='ocrx_word' id='word_1_391' title='bbox 260 5350 487 5406; x_wconf 75' lang='lat' dir='ltr'><strong>stodizm</strong></span> <span class='ocrx_word' id='word_1_392' title='bbox 526 5351 727 5422; x_wconf 82' lang='lat' dir='ltr'><strong>ignosci</strong></span> <span class='ocrx_word' id='word_1_393' title='bbox 758 5365 914 5421; x_wconf 88' lang='lat' dir='ltr'><strong>posse</strong></span> <span class='ocrx_word' id='word_1_394' title='bbox 960 5352 1315 5421; x_wconf 81' lang='lat' dir='ltr'><strong>praesumpsit.</strong></span> <span class='ocrx_word' id='word_1_395' title='bbox 1365 5351 1420 5406; x_wconf 90' lang='lat' dir='ltr'><strong>Si</strong></span> <span class='ocrx_word' id='word_1_396' title='bbox 1461 5363 1636 5409; x_wconf 89' lang='lat' dir='ltr'><strong>autem</strong></span> <span class='ocrx_word' id='word_1_397' title='bbox 1682 5354 1837 5423; x_wconf 87' lang='lat' dir='ltr'><strong>(sicut</strong></span> 
     </span>
    </p>
   </div>
   <div class='ocr_carea' id='block_1_53' title="bbox 328 5556 1713 5628">
    <p class='ocr_par' dir='ltr' id='par_1_53' title="bbox 328 5556 1713 5628">
     <span class='ocr_line' id='line_1_53' title="bbox 328 5556 1713 5628; baseline 0.004 -24"><span class='ocrx_word' id='word_1_398' title='bbox 328 5557 558 5628; x_wconf 48' lang='lat' dir='ltr'><strong>ffliqpot</strong></span> <span class='ocrx_word' id='word_1_399' title='bbox 580 5556 976 5628; x_wconf 75' lang='lat' dir='ltr'><strong>Mss.,docemur.</strong></span> <span class='ocrx_word' id='word_1_400' title='bbox 1043 5622 1054 5628; x_wconf 32' lang='grc' dir='ltr'><strong><em>Δ</em></strong></span> <span class='ocrx_word' id='word_1_401' title='bbox 1295 5616 1306 5628; x_wconf 43' lang='grc'><em>,</em></span> <span class='ocrx_word' id='word_1_402' title='bbox 1437 5616 1448 5628; x_wconf 42' lang='grc'><strong><em>⁸</em></strong></span> <span class='ocrx_word' id='word_1_403' title='bbox 1503 5620 1513 5628; x_wconf 89' lang='lat'>_</span> <span class='ocrx_word' id='word_1_404' title='bbox 1671 5618 1713 5628; x_wconf 45' lang='grc' dir='ltr'><strong><em>η</em></strong></span> 
     </span>
    </p>
   </div>
   <div class='ocr_carea' id='block_1_54' title="bbox 325 5617 1839 5688">
    <p class='ocr_par' dir='ltr' id='par_1_54' title="bbox 325 5617 1839 5688">
     <span class='ocr_line' id='line_1_54' title="bbox 325 5617 1839 5688; baseline 0.001 -20"><span class='ocrx_word' id='word_1_405' title='bbox 325 5620 348 5651; x_wconf 82' lang='grc'>³</span> <span class='ocrx_word' id='word_1_406' title='bbox 369 5617 504 5678; x_wconf 77' lang='lat' dir='ltr'><strong>Editi,</strong></span> <span class='ocrx_word' id='word_1_407' title='bbox 533 5633 590 5669; x_wconf 86' lang='lat' dir='ltr'><strong>eo</strong></span> <span class='ocrx_word' id='word_1_408' title='bbox 627 5627 741 5688; x_wconf 74' lang='lat' dir='ltr'><strong>teste</strong></span> <span class='ocrx_word' id='word_1_409' title='bbox 766 5617 1114 5688; x_wconf 53' lang='lat' dir='ltr'><strong>convolutatur</strong></span> <span class='ocrx_word' id='word_1_410' title='bbox 1154 5631 1254 5688; x_wconf 62' lang='lat' dir='ltr'><strong>esse</strong></span> <span class='ocrx_word' id='word_1_411' title='bbox 1287 5617 1337 5667; x_wconf 83' lang='lat' dir='ltr'><strong>in</strong></span> <span class='ocrx_word' id='word_1_412' title='bbox 1375 5617 1573 5688; x_wconf 74' lang='lat' dir='ltr'><strong>crimine</strong></span> <span class='ocrx_word' id='word_1_413' title='bbox 1611 5618 1839 5669; x_wconf 60' lang='lat' dir='ltr'><strong>schisma-</strong></span> 
     </span>
    </p>
   </div>
   <div class='ocr_carea' id='block_1_55' title="bbox 262 5672 1671 5742">
    <p class='ocr_par' dir='ltr' id='par_1_55' title="bbox 262 5672 1671 5742">
     <span class='ocr_line' id='line_1_55' title="bbox 262 5672 1671 5742; baseline 0.001 -16"><span class='ocrx_word' id='word_1_414' title='bbox 262 5672 343 5726; x_wconf 75' lang='lat' dir='ltr'><strong>tt&#39;s.</strong></span> <span class='ocrx_word' id='word_1_415' title='bbox 386 5690 441 5730; x_wconf 81' lang='grc' dir='ltr'>Αι</span> <span class='ocrx_word' id='word_1_416' title='bbox 472 5672 798 5742; x_wconf 82' lang='lat' dir='ltr'><strong>manuscripti,</strong></span> <span class='ocrx_word' id='word_1_417' title='bbox 822 5681 1013 5735; x_wconf 82' lang='lat' dir='ltr'><strong>omisso,</strong></span> <span class='ocrx_word' id='word_1_418' title='bbox 1037 5692 1154 5733; x_wconf 74' lang='lat' dir='ltr'><strong>esse,</strong></span> <span class='ocrx_word' id='word_1_419' title='bbox 1182 5680 1377 5737; x_wconf 78' lang='lat' dir='ltr'><strong>habent,</strong></span> <span class='ocrx_word' id='word_1_420' title='bbox 1403 5680 1671 5731; x_wconf 83' lang='lat' dir='ltr'><strong>vincuntur.</strong></span> 
     </span>
    </p>
   </div>
   <div class='ocr_carea' id='block_1_56' title="bbox 326 5741 1420 5798">
    <p class='ocr_par' dir='ltr' id='par_1_56' title="bbox 326 5741 1420 5798">
     <span class='ocr_line' id='line_1_56' title="bbox 326 5741 1420 5798; baseline -0.003 -7"><span class='ocrx_word' id='word_1_421' title='bbox 326 5743 349 5775; x_wconf 81' lang='grc'>³</span> <span class='ocrx_word' id='word_1_422' title='bbox 373 5742 536 5791; x_wconf 75' lang='lat' dir='ltr'><strong>Plures</strong></span> <span class='ocrx_word' id='word_1_423' title='bbox 559 5751 685 5798; x_wconf 66' lang='lat' dir='ltr'><strong>Mss,</strong></span> <span class='ocrx_word' id='word_1_424' title='bbox 705 5741 753 5790; x_wconf 73' lang='lat' dir='ltr'><strong>et</strong></span> <span class='ocrx_word' id='word_1_425' title='bbox 775 5741 824 5790; x_wconf 84' lang='lat' dir='ltr'><strong>in</strong></span> <span class='ocrx_word' id='word_1_426' title='bbox 846 5754 1011 5789; x_wconf 74' lang='lat' dir='ltr'><strong>eorum</strong></span> <span class='ocrx_word' id='word_1_427' title='bbox 1027 5753 1222 5790; x_wconf 73' lang='lat' dir='ltr'><strong>munero</strong></span> <span class='ocrx_word' id='word_1_428' title='bbox 1243 5754 1420 5791; x_wconf 84' lang='lat' dir='ltr'><strong>sumus.</strong></span> 
     </span>
    </p>
   </div>
   <div class='ocr_carea' id='block_1_57' title="bbox 326 5801 1073 5867">
    <p class='ocr_par' dir='ltr' id='par_1_57' title="bbox 326 5801 1073 5867">
     <span class='ocr_line' id='line_1_57' title="bbox 326 5801 1073 5867; baseline -0.003 -16"><span class='ocrx_word' id='word_1_429' title='bbox 326 5802 401 5864; x_wconf 78' lang='grc' dir='ltr'><strong>(α)</strong></span> <span class='ocrx_word' id='word_1_430' title='bbox 424 5804 536 5854; x_wconf 82' lang='lat' dir='ltr'><strong>vide</strong></span> <span class='ocrx_word' id='word_1_431' title='bbox 561 5802 703 5867; x_wconf 74' lang='lat' dir='ltr'><strong>infra,</strong></span> <span class='ocrx_word' id='word_1_432' title='bbox 726 5802 810 5853; x_wconf 85' lang='lat' dir='ltr'><strong>lib.</strong></span> <span class='ocrx_word' id='word_1_433' title='bbox 836 5802 883 5864; x_wconf 86' lang='lat'><strong>7,</strong></span> <span class='ocrx_word' id='word_1_434' title='bbox 906 5816 1010 5863; x_wconf 82' lang='lat' dir='ltr'><strong>cap.</strong></span> <span class='ocrx_word' id='word_1_435' title='bbox 1028 5801 1073 5850; x_wconf 76' lang='lat'><strong>‘2.</strong></span> 
     </span>
    </p>
   </div>
   <div class='ocr_carea' id='block_1_58' title="bbox 1636 376 2190 458">
    <p class='ocr_par' dir='ltr' id='par_1_58' title="bbox 1636 376 2190 458">
     <span class='ocr_line' id='line_1_58' title="bbox 1636 376 2190 458; baseline 0.013 -11"><span class='ocrx_word' id='word_1_436' title='bbox 1636 392 1834 448; x_wconf 73' lang='lat' dir='ltr'><strong>ttat-.u</strong></span> <span class='ocrx_word' id='word_1_437' title='bbox 1873 376 2190 458; x_wconf 70' lang='lat' dir='ltr'><strong>QUINTUS.</strong></span> 
     </span>
    </p>
   </div>
   <div class='ocr_carea' id='block_1_59' title="bbox 286 507 1877 580">
    <p class='ocr_par' dir='ltr' id='par_1_59' title="bbox 286 507 1877 580">
     <span class='ocr_line' id='line_1_59' title="bbox 286 507 1877 580; baseline 0.003 -23"><span class='ocrx_word' id='word_1_438' title='bbox 286 521 570 566; x_wconf 67' lang='lat' dir='ltr'><strong>asserere.</strong></span> <span class='ocrx_word' id='word_1_439' title='bbox 607 508 654 559; x_wconf 84' lang='lat' dir='ltr'><strong>si</strong></span> <span class='ocrx_word' id='word_1_440' title='bbox 674 516 800 562; x_wconf 88' lang='lat' dir='ltr'><strong>tunc</strong></span> <span class='ocrx_word' id='word_1_441' title='bbox 829 508 983 576; x_wconf 87' lang='lat' dir='ltr'><strong>periit</strong></span> <span class='ocrx_word' id='word_1_442' title='bbox 1010 507 1284 574; x_wconf 84' lang='lat' dir='ltr'><strong>Ecclesia;</strong></span> <span class='ocrx_word' id='word_1_443' title='bbox 1311 509 1561 579; x_wconf 84' lang='lat' dir='ltr'><strong>quoniam</strong></span> <span class='ocrx_word' id='word_1_444' title='bbox 1592 509 1877 580; x_wconf 83' lang='lat' dir='ltr'><strong>plusquam</strong></span> 
     </span>
    </p>
   </div>
   <div class='ocr_carea' id='block_1_60' title="bbox 292 597 1878 671">
    <p class='ocr_par' dir='ltr' id='par_1_60' title="bbox 292 597 1878 671">
     <span class='ocr_line' id='line_1_60' title="bbox 292 597 1878 671; baseline 0.003 -22"><span class='ocrx_word' id='word_1_445' title='bbox 292 597 645 666; x_wconf 74' lang='lat' dir='ltr'><strong>quadraginta</strong></span> <span class='ocrx_word' id='word_1_446' title='bbox 674 597 800 650; x_wconf 90' lang='lat' dir='ltr'><strong>anni</strong></span> <span class='ocrx_word' id='word_1_447' title='bbox 828 599 1105 653; x_wconf 87' lang='lat' dir='ltr'><strong>suntinter</strong></span> <span class='ocrx_word' id='word_1_448' title='bbox 1127 598 1376 671; x_wconf 85' lang='lat' dir='ltr'><strong>Cypriani</strong></span> <span class='ocrx_word' id='word_1_449' title='bbox 1398 600 1697 669; x_wconf 84' lang='lat' dir='ltr'><strong>passionem</strong></span> <span class='ocrx_word' id='word_1_450' title='bbox 1723 611 1776 654; x_wconf 92' lang='lat' dir='ltr'><strong>ct</strong></span> <span class='ocrx_word' id='word_1_451' title='bbox 1797 602 1878 653; x_wconf 87' lang='lat' dir='ltr'><strong>di-</strong></span> 
     </span>
    </p>
   </div>
   <div class='ocr_carea' id='block_1_61' title="bbox 283 688 1877 765">
    <p class='ocr_par' dir='ltr' id='par_1_61' title="bbox 283 688 1877 765">
     <span class='ocr_line' id='line_1_61' title="bbox 283 688 1877 765; baseline 0.003 -23"><span class='ocrx_word' id='word_1_452' title='bbox 283 692 532 744; x_wconf 65' lang='lat' dir='ltr'><strong>vinorum</strong></span> <span class='ocrx_word' id='word_1_453' title='bbox 566 692 810 745; x_wconf 80' lang='lat' dir='ltr'><strong>codicum</strong></span> <span class='ocrx_word' id='word_1_454' title='bbox 828 692 1159 746; x_wconf 77' lang='lat' dir='ltr'><strong>exustioncm</strong></span> <span class='ocrx_word' id='word_1_455' title='bbox 1189 688 1287 765; x_wconf 91' lang='lat' dir='ltr'><strong>(a),</strong></span> <span class='ocrx_word' id='word_1_456' title='bbox 1310 693 1448 748; x_wconf 89' lang='lat' dir='ltr'><strong>unde</strong></span> <span class='ocrx_word' id='word_1_457' title='bbox 1477 694 1560 747; x_wconf 88' lang='lat' dir='ltr'><strong>isti</strong></span> <span class='ocrx_word' id='word_1_458' title='bbox 1589 693 1877 747; x_wconf 74' lang='lat' dir='ltr'><strong>caluntnia~</strong></span> 
     </span>
    </p>
   </div>
   <div class='ocr_carea' id='block_1_62' title="bbox 3458 424 3556 478">
    <p class='ocr_par' dir='ltr' id='par_1_62' title="bbox 3458 424 3556 478">
     <span class='ocr_line' id='line_1_62' title="bbox 3458 424 3556 478; baseline 0 -2"><span class='ocrx_word' id='word_1_459' title='bbox 3458 424 3556 478; x_wconf 60' lang='lat'><strong>€73</strong></span> 
     </span>
    </p>
   </div>
   <div class='ocr_carea' id='block_1_63' title="bbox 1985 510 3554 599">
    <p class='ocr_par' dir='ltr' id='par_1_63' title="bbox 1985 510 3554 599">
     <span class='ocr_line' id='line_1_63' title="bbox 1985 510 3554 599; baseline 0.022 -40"><span class='ocrx_word' id='word_1_460' title='bbox 1985 510 2094 579; x_wconf 83' lang='lat' dir='ltr'><strong>jam</strong></span> <span class='ocrx_word' id='word_1_461' title='bbox 2122 555 2135 580; x_wconf 90' lang='lat'><strong>,</strong></span> <span class='ocrx_word' id='word_1_462' title='bbox 2179 527 2231 568; x_wconf 89' lang='lat' dir='ltr'><strong>ut</strong></span> <span class='ocrx_word' id='word_1_463' title='bbox 2261 518 2514 586; x_wconf 73' lang='lat' dir='ltr'><strong>arbitror,</strong></span> <span class='ocrx_word' id='word_1_464' title='bbox 2544 538 2605 577; x_wconf 77' lang='lat' dir='ltr'><strong>ev</strong></span> <span class='ocrx_word' id='word_1_465' title='bbox 2638 524 2717 579; x_wconf 87' lang='lat' dir='ltr'><strong>his</strong></span> <span class='ocrx_word' id='word_1_466' title='bbox 2758 543 2875 597; x_wconf 68' lang='lat' dir='ltr'><strong>qtae</strong></span> <span class='ocrx_word' id='word_1_467' title='bbox 2910 529 2960 582; x_wconf 87' lang='lat' dir='ltr'><strong>in</strong></span> <span class='ocrx_word' id='word_1_468' title='bbox 3011 533 3377 599; x_wconf 72' lang='lat' dir='ltr'><strong>superioribus</strong></span> <span class='ocrx_word' id='word_1_469' title='bbox 3408 539 3554 593; x_wconf 83' lang='lat' dir='ltr'><strong>libris</strong></span> 
     </span>
    </p>
   </div>
   <div class='ocr_carea' id='block_1_64' title="bbox 1983 601 3553 697">
    <p class='ocr_par' dir='ltr' id='par_1_64' title="bbox 1983 601 3553 697">
     <span class='ocr_line' id='line_1_64' title="bbox 1983 601 3553 697; baseline 0.017 -42"><span class='ocrx_word' id='word_1_470' title='bbox 1983 601 2213 659; x_wconf 78' lang='lat' dir='ltr'><strong>diximus</strong></span> <span class='ocrx_word' id='word_1_471' title='bbox 2231 647 2244 671; x_wconf 91' lang='lat'><strong>,</strong></span> <span class='ocrx_word' id='word_1_472' title='bbox 2281 611 2614 667; x_wconf 82' lang='lat' dir='ltr'><strong>nutttilestum</strong></span> <span class='ocrx_word' id='word_1_473' title='bbox 2642 616 2741 686; x_wconf 77' lang='lat' dir='ltr'><strong>c.~:t)</strong></span> <span class='ocrx_word' id='word_1_474' title='bbox 2767 618 2924 673; x_wconf 88' lang='lat' dir='ltr'><strong>etiam</strong></span> <span class='ocrx_word' id='word_1_475' title='bbox 2950 621 2998 674; x_wconf 87' lang='lat' dir='ltr'><strong>in</strong></span> <span class='ocrx_word' id='word_1_476' title='bbox 3042 622 3407 680; x_wconf 81' lang='lat' dir='ltr'><strong>luereticnrum</strong></span> <span class='ocrx_word' id='word_1_477' title='bbox 3438 644 3553 697; x_wconf 53' lang='lat' dir='ltr'><strong>perc</strong></span> 
     </span>
    </p>
   </div>
   <div class='ocr_carea' id='block_1_65' title="bbox 1982 697 3550 788">
    <p class='ocr_par' dir='ltr' id='par_1_65' title="bbox 1982 697 3550 788">
     <span class='ocr_line' id='line_1_65' title="bbox 1982 697 3550 788; baseline 0.018 -41"><span class='ocrx_word' id='word_1_478' title='bbox 1982 697 2232 752; x_wconf 87' lang='lat' dir='ltr'><strong>versitate</strong></span> <span class='ocrx_word' id='word_1_479' title='bbox 2258 710 2431 770; x_wconf 88' lang='lat' dir='ltr'><strong>potest</strong></span> <span class='ocrx_word' id='word_1_480' title='bbox 2467 719 2585 759; x_wconf 88' lang='lat' dir='ltr'><strong>esse</strong></span> <span class='ocrx_word' id='word_1_481' title='bbox 2622 709 2893 763; x_wconf 81' lang='lat' dir='ltr'><strong>Christiani</strong></span> <span class='ocrx_word' id='word_1_482' title='bbox 2935 713 3188 781; x_wconf 76' lang='lat' dir='ltr'><strong>Baptisttti</strong></span> <span class='ocrx_word' id='word_1_483' title='bbox 3235 717 3507 788; x_wconf 70' lang='lat' dir='ltr'><strong>integr-ints</strong></span> <span class='ocrx_word' id='word_1_484' title='bbox 3537 740 3550 783; x_wconf 87' lang='lat'><strong>;</strong></span> 
     </span>
    </p>
   </div>
   <div class='ocr_carea' id='block_1_66' title="bbox 1979 785 3555 870">
    <p class='ocr_par' dir='ltr' id='par_1_66' title="bbox 1979 785 3555 870">
     <span class='ocr_line' id='line_1_66' title="bbox 1979 785 3555 870; baseline 0.016 -32"><span class='ocrx_word' id='word_1_485' title='bbox 1979 785 2022 839; x_wconf 89' lang='lat' dir='ltr'><strong>si</strong></span> <span class='ocrx_word' id='word_1_486' title='bbox 2045 787 2131 855; x_wconf 83' lang='lat' dir='ltr'><strong>qui</strong></span> <span class='ocrx_word' id='word_1_487' title='bbox 2166 793 2490 859; x_wconf 88' lang='lat' dir='ltr'><strong>temporibus</strong></span> <span class='ocrx_word' id='word_1_488' title='bbox 2511 795 2613 850; x_wconf 86' lang='lat' dir='ltr'><strong>illis</strong></span> <span class='ocrx_word' id='word_1_489' title='bbox 2642 799 3123 870; x_wconf 75' lang='lat' dir='ltr'><strong>rcltaptizavcrunt,</strong></span> <span class='ocrx_word' id='word_1_490' title='bbox 3157 822 3254 861; x_wconf 90' lang='lat' dir='ltr'><strong>nec</strong></span> <span class='ocrx_word' id='word_1_491' title='bbox 3282 785 3455 863; x_wconf 78' lang='lat' dir='ltr'><strong>tamen</strong></span> <span class='ocrx_word' id='word_1_492' title='bbox 3485 813 3555 863; x_wconf 85' lang='lat' dir='ltr'><strong>ab</strong></span> 
     </span>
    </p>
   </div>
   <div class='ocr_carea' id='block_1_67' title="bbox 1980 877 3550 957">
    <p class='ocr_par' dir='ltr' id='par_1_67' title="bbox 1980 877 3550 957">
     <span class='ocr_line' id='line_1_67' title="bbox 1980 877 3550 957; baseline 0.018 -28"><span class='ocrx_word' id='word_1_493' title='bbox 1980 877 2195 933; x_wconf 84' lang='lat' dir='ltr'><strong>unitatis</strong></span> <span class='ocrx_word' id='word_1_494' title='bbox 2246 884 2557 954; x_wconf 84' lang='lat' dir='ltr'><strong>compagine</strong></span> <span class='ocrx_word' id='word_1_495' title='bbox 2606 902 2984 955; x_wconf 60' lang='lat' dir='ltr'><strong>recesserunt,</strong></span> <span class='ocrx_word' id='word_1_496' title='bbox 3038 898 3223 951; x_wconf 82' lang='lat' dir='ltr'><strong>eadem</strong></span> <span class='ocrx_word' id='word_1_497' title='bbox 3269 899 3550 957; x_wconf 80' lang='lat' dir='ltr'><strong>dilectione</strong></span> 
     </span>
    </p>
   </div>
   <div class='ocr_carea' id='block_1_68' title="bbox 1976 969 3549 1063">
    <p class='ocr_par' dir='ltr' id='par_1_68' title="bbox 1976 969 3549 1063">
     <span class='ocr_line' id='line_1_68' title="bbox 1976 969 3549 1063; baseline 0.017 -45"><span class='ocrx_word' id='word_1_498' title='bbox 1976 969 2121 1036; x_wconf 80' lang='lat' dir='ltr'><strong>pacis</strong></span> <span class='ocrx_word' id='word_1_499' title='bbox 2153 982 2435 1039; x_wconf 85' lang='lat' dir='ltr'><strong>potuerunt</strong></span> <span class='ocrx_word' id='word_1_500' title='bbox 2459 978 2525 1031; x_wconf 84' lang='lat' dir='ltr'><strong>ad</strong></span> <span class='ocrx_word' id='word_1_501' title='bbox 2555 982 2763 1037; x_wconf 76' lang='lat' dir='ltr'><strong>veniam</strong></span> <span class='ocrx_word' id='word_1_502' title='bbox 2795 986 3091 1055; x_wconf 79' lang='lat' dir='ltr'><strong>pertinere,</strong></span> <span class='ocrx_word' id='word_1_503' title='bbox 3123 1007 3221 1059; x_wconf 83' lang='lat' dir='ltr'><strong>qua</strong></span> <span class='ocrx_word' id='word_1_504' title='bbox 3253 990 3549 1063; x_wconf 82' lang='lat' dir='ltr'><strong>Cyprianus</strong></span> 
     </span>
    </p>
   </div>
   <div class='ocr_carea' id='block_1_69' title="bbox 1973 1057 3549 1139">
    <p class='ocr_par' dir='ltr' id='par_1_69' title="bbox 1973 1057 3549 1139">
     <span class='ocr_line' id='line_1_69' title="bbox 1973 1057 3549 1139; baseline 0.019 -30"><span class='ocrx_word' id='word_1_505' title='bbox 1973 1057 2132 1112; x_wconf 88' lang='lat' dir='ltr'><strong>etiam</strong></span> <span class='ocrx_word' id='word_1_506' title='bbox 2164 1061 2279 1116; x_wconf 90' lang='lat' dir='ltr'><strong>sine</strong></span> <span class='ocrx_word' id='word_1_507' title='bbox 2307 1064 2574 1134; x_wconf 74' lang='lat' dir='ltr'><strong>Baptismo</strong></span> <span class='ocrx_word' id='word_1_508' title='bbox 2598 1069 2859 1127; x_wconf 81' lang='lat' dir='ltr'><strong>admissos</strong></span> <span class='ocrx_word' id='word_1_509' title='bbox 2879 1075 2946 1128; x_wconf 90' lang='lat' dir='ltr'><strong>ab</strong></span> <span class='ocrx_word' id='word_1_510' title='bbox 2974 1057 3221 1133; x_wconf 66' lang='lat' dir='ltr'><strong>Ecclesim</strong></span> <span class='ocrx_word' id='word_1_511' title='bbox 3243 1057 3549 1139; x_wconf 66' lang='lat' dir='ltr'><strong>ruunt-ribus</strong></span> 
     </span>
    </p>
   </div>
   <div class='ocr_carea' id='block_1_70' title="bbox 1970 1153 3547 1230">
    <p class='ocr_par' dir='ltr' id='par_1_70' title="bbox 1970 1153 3547 1230">
     <span class='ocr_line' id='line_1_70' title="bbox 1970 1153 3547 1230; baseline 0.017 -27"><span class='ocrx_word' id='word_1_512' title='bbox 1970 1162 2077 1204; x_wconf 84' lang='lat' dir='ltr'><strong>non</strong></span> <span class='ocrx_word' id='word_1_513' title='bbox 2127 1153 2363 1219; x_wconf 86' lang='lat' dir='ltr'><strong>potuisse</strong></span> <span class='ocrx_word' id='word_1_514' title='bbox 2396 1161 2629 1228; x_wconf 88' lang='lat' dir='ltr'><strong>separari</strong></span> <span class='ocrx_word' id='word_1_515' title='bbox 2674 1171 2917 1219; x_wconf 87' lang='lat' dir='ltr'><strong>testatur.</strong></span> <span class='ocrx_word' id='word_1_516' title='bbox 2957 1168 3120 1222; x_wconf 83' lang='lat' dir='ltr'><strong>Porro</strong></span> <span class='ocrx_word' id='word_1_517' title='bbox 3150 1171 3193 1223; x_wconf 75' lang='lat' dir='ltr'><strong>si</strong></span> <span class='ocrx_word' id='word_1_518' title='bbox 3247 1188 3430 1227; x_wconf 89' lang='lat' dir='ltr'><strong>verum</strong></span> <span class='ocrx_word' id='word_1_519' title='bbox 3465 1189 3547 1230; x_wconf 88' lang='lat' dir='ltr'><strong>est</strong></span> 
     </span>
    </p>
   </div>
   <div class='ocr_carea' id='block_1_71' title="bbox 1969 1241 3541 1331">
    <p class='ocr_par' dir='ltr' id='par_1_71' title="bbox 1969 1241 3541 1331">
     <span class='ocr_line' id='line_1_71' title="bbox 1969 1241 3541 1331; baseline 0.018 -40"><span class='ocrx_word' id='word_1_520' title='bbox 1969 1241 2108 1308; x_wconf 84' lang='lat' dir='ltr'><strong>apud</strong></span> <span class='ocrx_word' id='word_1_521' title='bbox 2137 1241 2413 1301; x_wconf 82' lang='lat' dir='ltr'><strong>luereticos</strong></span> <span class='ocrx_word' id='word_1_522' title='bbox 2438 1258 2490 1303; x_wconf 91' lang='lat' dir='ltr'><strong>et</strong></span> <span class='ocrx_word' id='word_1_523' title='bbox 2528 1249 2896 1309; x_wconf 85' lang='lat' dir='ltr'><strong>schismaticos</strong></span> <span class='ocrx_word' id='word_1_524' title='bbox 2940 1272 3042 1311; x_wconf 89' lang='lat' dir='ltr'><strong>non</strong></span> <span class='ocrx_word' id='word_1_525' title='bbox 3066 1275 3182 1314; x_wconf 82' lang='lat' dir='ltr'><strong>esse</strong></span> <span class='ocrx_word' id='word_1_526' title='bbox 3219 1262 3541 1331; x_wconf 71' lang='lat' dir='ltr'><strong>Baptinntnn</strong></span> 
     </span>
    </p>
   </div>
   <div class='ocr_carea' id='block_1_72' title="bbox 1967 1328 3546 1424">
    <p class='ocr_par' dir='ltr' id='par_1_72' title="bbox 1967 1328 3546 1424">
     <span class='ocr_line' id='line_1_72' title="bbox 1967 1328 3546 1424; baseline 0.019 -42"><span class='ocrx_word' id='word_1_527' title='bbox 1967 1328 2196 1397; x_wconf 84' lang='lat' dir='ltr'><strong>Christi,</strong></span> <span class='ocrx_word' id='word_1_528' title='bbox 2237 1344 2434 1403; x_wconf 88' lang='lat' dir='ltr'><strong>quanto</strong></span> <span class='ocrx_word' id='word_1_529' title='bbox 2494 1340 2671 1396; x_wconf 91' lang='lat' dir='ltr'><strong>minus</strong></span> <span class='ocrx_word' id='word_1_530' title='bbox 2708 1343 2961 1400; x_wconf 84' lang='lat' dir='ltr'><strong>obessent</strong></span> <span class='ocrx_word' id='word_1_531' title='bbox 3012 1349 3062 1401; x_wconf 89' lang='lat' dir='ltr'><strong>itt</strong></span> <span class='ocrx_word' id='word_1_532' title='bbox 3118 1328 3319 1407; x_wconf 77' lang='lat' dir='ltr'><strong>unitate</strong></span> <span class='ocrx_word' id='word_1_533' title='bbox 3362 1358 3546 1424; x_wconf 83' lang='lat' dir='ltr'><strong>positis</strong></span> 
     </span>
    </p>
   </div>
   <div class='ocr_carea' id='block_1_73' title="bbox 1966 1419 3548 1502">
    <p class='ocr_par' dir='ltr' id='par_1_73' title="bbox 1966 1419 3548 1502">
     <span class='ocr_line' id='line_1_73' title="bbox 1966 1419 3548 1502; baseline 0.02 -31"><span class='ocrx_word' id='word_1_534' title='bbox 1966 1419 2140 1475; x_wconf 90' lang='lat' dir='ltr'><strong>aliena</strong></span> <span class='ocrx_word' id='word_1_535' title='bbox 2188 1437 2399 1492; x_wconf 88' lang='lat' dir='ltr'><strong>peccata</strong></span> <span class='ocrx_word' id='word_1_536' title='bbox 2422 1470 2434 1491; x_wconf 91' lang='lat'><strong>,</strong></span> <span class='ocrx_word' id='word_1_537' title='bbox 2482 1431 2526 1483; x_wconf 90' lang='lat' dir='ltr'><strong>si</strong></span> <span class='ocrx_word' id='word_1_538' title='bbox 2562 1431 2628 1485; x_wconf 91' lang='lat' dir='ltr'><strong>ad</strong></span> <span class='ocrx_word' id='word_1_539' title='bbox 2674 1434 2933 1490; x_wconf 85' lang='lat' dir='ltr'><strong>unitatem</strong></span> <span class='ocrx_word' id='word_1_540' title='bbox 2970 1440 3305 1497; x_wconf 62' lang='lat' dir='ltr'><strong>uenientibus</strong></span> <span class='ocrx_word' id='word_1_541' title='bbox 3343 1453 3397 1498; x_wconf 89' lang='lat' dir='ltr'><strong>et</strong></span> <span class='ocrx_word' id='word_1_542' title='bbox 3429 1446 3548 1502; x_wconf 88' lang='lat' dir='ltr'><strong>sine</strong></span> 
     </span>
    </p>
   </div>
   <div class='ocr_carea' id='block_1_74' title="bbox 1968 1508 3539 1599">
    <p class='ocr_par' dir='ltr' id='par_1_74' title="bbox 1968 1508 3539 1599">
     <span class='ocr_line' id='line_1_74' title="bbox 1968 1508 3539 1599; baseline 0.018 -37"><span class='ocrx_word' id='word_1_543' title='bbox 1968 1508 2235 1580; x_wconf 85' lang='lat' dir='ltr'><strong>Baptisnto</strong></span> <span class='ocrx_word' id='word_1_544' title='bbox 2263 1516 2510 1572; x_wconf 85' lang='lat' dir='ltr'><strong>admissis</strong></span> <span class='ocrx_word' id='word_1_545' title='bbox 2540 1525 2871 1579; x_wconf 72' lang='lat' dir='ltr'><strong>solverentur</strong></span> <span class='ocrx_word' id='word_1_546' title='bbox 2916 1537 2969 1581; x_wconf 92' lang='lat' dir='ltr'><strong>et</strong></span> <span class='ocrx_word' id='word_1_547' title='bbox 3017 1532 3248 1599; x_wconf 77' lang='lat' dir='ltr'><strong>propria.</strong></span> <span class='ocrx_word' id='word_1_548' title='bbox 3280 1534 3411 1588; x_wconf 83' lang='lat' dir='ltr'><strong>Nam</strong></span> <span class='ocrx_word' id='word_1_549' title='bbox 3451 1537 3494 1589; x_wconf 90' lang='lat' dir='ltr'><strong>si</strong></span> <span class='ocrx_word' id='word_1_550' title='bbox 3526 1579 3539 1595; x_wconf 92' lang='lat'><strong>.</strong></span> 
     </span>
    </p>
   </div>
   <div class='ocr_carea' id='block_1_75' title="bbox 1966 1603 3540 1693">
    <p class='ocr_par' dir='ltr' id='par_1_75' title="bbox 1966 1603 3540 1693">
     <span class='ocr_line' id='line_1_75' title="bbox 1966 1603 3540 1693; baseline 0.017 -41"><span class='ocrx_word' id='word_1_551' title='bbox 1966 1608 2099 1654; x_wconf 78' lang='lat' dir='ltr'><strong>teSte</strong></span> <span class='ocrx_word' id='word_1_552' title='bbox 2127 1603 2420 1673; x_wconf 85' lang='lat' dir='ltr'><strong>Cypriane,</strong></span> <span class='ocrx_word' id='word_1_553' title='bbox 2456 1611 2672 1666; x_wconf 86' lang='lat' dir='ltr'><strong>unitatis</strong></span> <span class='ocrx_word' id='word_1_554' title='bbox 2701 1614 2968 1670; x_wconf 73' lang='lat' dir='ltr'><strong>vinculum</strong></span> <span class='ocrx_word' id='word_1_555' title='bbox 2999 1628 3200 1674; x_wconf 86' lang='lat' dir='ltr'><strong>tantum</strong></span> <span class='ocrx_word' id='word_1_556' title='bbox 3234 1623 3389 1688; x_wconf 85' lang='lat' dir='ltr'><strong>valet,</strong></span> <span class='ocrx_word' id='word_1_557' title='bbox 3408 1640 3540 1693; x_wconf 81' lang='lat' dir='ltr'><strong>quo-</strong></span> 
     </span>
    </p>
   </div>
   <div class='ocr_carea' id='block_1_76' title="bbox 1961 1693 3540 1780">
    <p class='ocr_par' dir='ltr' id='par_1_76' title="bbox 1961 1693 3540 1780">
     <span class='ocr_line' id='line_1_76' title="bbox 1961 1693 3540 1780; baseline 0.016 -35"><span class='ocrx_word' id='word_1_558' title='bbox 1961 1693 2122 1747; x_wconf 83' lang='lat' dir='ltr'><strong>modo</strong></span> <span class='ocrx_word' id='word_1_559' title='bbox 2144 1707 2361 1764; x_wconf 88' lang='lat' dir='ltr'><strong>possent</strong></span> <span class='ocrx_word' id='word_1_560' title='bbox 2403 1699 2520 1754; x_wconf 71' lang='lat' dir='ltr'><strong>ludi</strong></span> <span class='ocrx_word' id='word_1_561' title='bbox 2561 1704 2747 1758; x_wconf 77' lang='lat' dir='ltr'><strong>alienis</strong></span> <span class='ocrx_word' id='word_1_562' title='bbox 2785 1710 3051 1774; x_wconf 77' lang='lat' dir='ltr'><strong>peccatis,</strong></span> <span class='ocrx_word' id='word_1_563' title='bbox 3101 1713 3189 1780; x_wconf 89' lang='lat' dir='ltr'><strong>qui</strong></span> <span class='ocrx_word' id='word_1_564' title='bbox 3233 1714 3436 1768; x_wconf 86' lang='lat' dir='ltr'><strong>nollent</strong></span> <span class='ocrx_word' id='word_1_565' title='bbox 3470 1717 3540 1771; x_wconf 87' lang='lat' dir='ltr'><strong>ab</strong></span> 
     </span>
    </p>
   </div>
   <div class='ocr_carea' id='block_1_77' title="bbox 1963 1784 3538 1879">
    <p class='ocr_par' dir='ltr' id='par_1_77' title="bbox 1963 1784 3538 1879">
     <span class='ocr_line' id='line_1_77' title="bbox 1963 1784 3538 1879; baseline 0.015 -44"><span class='ocrx_word' id='word_1_566' title='bbox 1963 1784 2163 1840; x_wconf 89' lang='lat' dir='ltr'><strong>unitate</strong></span> <span class='ocrx_word' id='word_1_567' title='bbox 2190 1789 2460 1859; x_wconf 87' lang='lat' dir='ltr'><strong>recedere,</strong></span> <span class='ocrx_word' id='word_1_568' title='bbox 2488 1793 2530 1846; x_wconf 90' lang='lat' dir='ltr'><strong>si</strong></span> <span class='ocrx_word' id='word_1_569' title='bbox 2560 1795 2718 1849; x_wconf 88' lang='lat' dir='ltr'><strong>etiam</strong></span> <span class='ocrx_word' id='word_1_570' title='bbox 2749 1813 2852 1851; x_wconf 90' lang='lat' dir='ltr'><strong>non</strong></span> <span class='ocrx_word' id='word_1_571' title='bbox 2881 1799 3126 1868; x_wconf 86' lang='lat' dir='ltr'><strong>baptizati</strong></span> <span class='ocrx_word' id='word_1_572' title='bbox 3158 1816 3387 1873; x_wconf 78' lang='lat' dir='ltr'><strong>peccatis</strong></span> <span class='ocrx_word' id='word_1_573' title='bbox 3417 1824 3538 1879; x_wconf 80' lang='lat' dir='ltr'><strong>pro-</strong></span> 
     </span>
    </p>
   </div>
   <div class='ocr_carea' id='block_1_78' title="bbox 1963 1875 3535 1955">
    <p class='ocr_par' dir='ltr' id='par_1_78' title="bbox 1963 1875 3535 1955">
     <span class='ocr_line' id='line_1_78' title="bbox 1963 1875 3535 1955; baseline 0.018 -29"><span class='ocrx_word' id='word_1_574' title='bbox 1963 1875 2091 1944; x_wconf 90' lang='lat' dir='ltr'><strong>priis</strong></span> <span class='ocrx_word' id='word_1_575' title='bbox 2112 1891 2215 1930; x_wconf 91' lang='lat' dir='ltr'><strong>non</strong></span> <span class='ocrx_word' id='word_1_576' title='bbox 2247 1881 2482 1948; x_wconf 85' lang='lat' dir='ltr'><strong>perirent</strong></span> <span class='ocrx_word' id='word_1_577' title='bbox 2506 1924 2522 1950; x_wconf 92' lang='lat'><strong>,</strong></span> <span class='ocrx_word' id='word_1_578' title='bbox 2551 1884 2642 1955; x_wconf 87' lang='lat' dir='ltr'><strong>qui</strong></span> <span class='ocrx_word' id='word_1_579' title='bbox 2670 1886 2737 1940; x_wconf 91' lang='lat' dir='ltr'><strong>ad</strong></span> <span class='ocrx_word' id='word_1_580' title='bbox 2761 1902 2878 1942; x_wconf 89' lang='lat' dir='ltr'><strong>eam</strong></span> <span class='ocrx_word' id='word_1_581' title='bbox 2905 1891 3101 1946; x_wconf 91' lang='lat' dir='ltr'><strong>vellent</strong></span> <span class='ocrx_word' id='word_1_582' title='bbox 3128 1909 3190 1948; x_wconf 77' lang='lat' dir='ltr'><strong>ev</strong></span> <span class='ocrx_word' id='word_1_583' title='bbox 3226 1875 3431 1952; x_wconf 64' lang='lat' dir='ltr'><strong>lia-rest</strong></span> <span class='ocrx_word' id='word_1_584' title='bbox 3449 1915 3535 1955; x_wconf 85' lang='lat' dir='ltr'><strong>ae-</strong></span> 
     </span>
    </p>
   </div>
   <div class='ocr_carea' id='block_1_79' title="bbox 1959 1966 2187 2022">
    <p class='ocr_par' dir='ltr' id='par_1_79' title="bbox 1959 1966 2187 2022">
     <span class='ocr_line' id='line_1_79' title="bbox 1959 1966 2187 2022; baseline 0.013 -3"><span class='ocrx_word' id='word_1_585' title='bbox 1959 1966 2148 2022; x_wconf 87' lang='lat' dir='ltr'><strong>eedero</strong></span> <span class='ocrx_word' id='word_1_586' title='bbox 2162 1969 2187 2022; x_wconf 78' lang='lat' dir='ltr'><strong>‘l</strong></span> 
     </span>
    </p>
   </div>
   <div class='ocr_carea' id='block_1_80' title="bbox 2029 2058 3531 2151">
    <p class='ocr_par' dir='ltr' id='par_1_80' title="bbox 2029 2058 3531 2151">
     <span class='ocr_line' id='line_1_80' title="bbox 2029 2058 3531 2151; baseline 0.018 -42"><span class='ocrx_word' id='word_1_587' title='bbox 2029 2058 2252 2151; x_wconf 74' lang='lat' dir='ltr'><strong>CAPUT</strong></span> <span class='ocrx_word' id='word_1_588' title='bbox 2282 2061 2365 2117; x_wconf 76' lang='lat' dir='ltr'><strong>lll’.</strong></span> <span class='ocrx_word' id='word_1_589' title='bbox 2391 2095 2463 2105; x_wconf 94' lang='lat'><strong><em>—</em></strong></span> <span class='ocrx_word' id='word_1_590' title='bbox 2491 2068 2541 2123; x_wconf 76' lang='lat'><strong>5.</strong></span> <span class='ocrx_word' id='word_1_591' title='bbox 2570 2069 2718 2136; x_wconf 82' lang='lat' dir='ltr'><strong>Quod</strong></span> <span class='ocrx_word' id='word_1_592' title='bbox 2749 2080 2923 2126; x_wconf 88' lang='lat' dir='ltr'><strong>autem</strong></span> <span class='ocrx_word' id='word_1_593' title='bbox 2949 2074 3184 2147; x_wconf 81' lang='lat' dir='ltr'><strong>adjungit</strong></span> <span class='ocrx_word' id='word_1_594' title='bbox 3213 2078 3531 2151; x_wconf 81' lang='lat' dir='ltr'><strong>Cyprianus,</strong></span> 
     </span>
    </p>
   </div>
   <div class='ocr_carea' id='block_1_81' title="bbox 1957 2149 3531 2238">
    <p class='ocr_par' dir='ltr' id='par_1_81' title="bbox 1957 2149 3531 2238">
     <span class='ocr_line' id='line_1_81' title="bbox 1957 2149 3531 2238; baseline 0.016 -37"><span class='ocrx_word' id='word_1_595' title='bbox 1957 2154 2011 2202; x_wconf 89' lang='lat' dir='ltr'><strong>et</strong></span> <span class='ocrx_word' id='word_1_596' title='bbox 2034 2149 2197 2217; x_wconf 88' lang='lat' dir='ltr'><strong>dicit,</strong></span> <span class='ocrx_word' id='word_1_597' title='bbox 2221 2151 2340 2208; x_wconf 78' lang='lat' dir='ltr'><strong>Non</strong></span> <span class='ocrx_word' id='word_1_598' title='bbox 2368 2165 2531 2212; x_wconf 76' lang='lat' dir='ltr'><strong>tamen</strong></span> <span class='ocrx_word' id='word_1_599' title='bbox 2557 2162 2674 2230; x_wconf 80' lang='lat' dir='ltr'><strong>quia</strong></span> <span class='ocrx_word' id='word_1_600' title='bbox 2715 2164 2988 2227; x_wconf 81' lang='lat' dir='ltr'><strong>aliquando</strong></span> <span class='ocrx_word' id='word_1_601' title='bbox 3016 2179 3239 2222; x_wconf 83' lang='lat' dir='ltr'><strong>erratum</strong></span> <span class='ocrx_word' id='word_1_602' title='bbox 3261 2149 3389 2238; x_wconf 22' lang='lat' dir='ltr'><strong>Vest,</strong></span> <span class='ocrx_word' id='word_1_603' title='bbox 3416 2173 3531 2226; x_wconf 81' lang='lat' dir='ltr'><strong>ideo</strong></span> 
     </span>
    </p>
   </div>
   <div class='ocr_carea' id='block_1_82' title="bbox 1956 2246 3530 2325">
    <p class='ocr_par' dir='ltr' id='par_1_82' title="bbox 1956 2246 3530 2325">
     <span class='ocr_line' id='line_1_82' title="bbox 1956 2246 3530 2325; baseline 0.015 -34"><span class='ocrx_word' id='word_1_604' title='bbox 1956 2250 2153 2310; x_wconf 80' lang='lat' dir='ltr'><strong>semper</strong></span> <span class='ocrx_word' id='word_1_605' title='bbox 2175 2246 2447 2299; x_wconf 83' lang='lat' dir='ltr'><strong>errandum</strong></span> <span class='ocrx_word' id='word_1_606' title='bbox 2470 2259 2540 2301; x_wconf 77' lang='lat' dir='ltr'><strong>est</strong></span> <span class='ocrx_word' id='word_1_607' title='bbox 2565 2265 2583 2302; x_wconf 90' lang='lat'><strong><em>:</em></strong></span> <span class='ocrx_word' id='word_1_608' title='bbox 2603 2268 2716 2304; x_wconf 81' lang='lat' dir='ltr'><strong>rum</strong></span> <span class='ocrx_word' id='word_1_609' title='bbox 2746 2255 2906 2324; x_wconf 76' lang='lat' dir='ltr'><strong>magis</strong></span> <span class='ocrx_word' id='word_1_610' title='bbox 2942 2257 3265 2325; x_wconf 41' lang='lat' dir='ltr'><strong>sapientibus.</strong></span> <span class='ocrx_word' id='word_1_611' title='bbox 3293 2272 3339 2314; x_wconf 84' lang='lat' dir='ltr'><strong>et</strong></span> <span class='ocrx_word' id='word_1_612' title='bbox 3371 2260 3530 2315; x_wconf 82' lang='lat' dir='ltr'><strong>Deum</strong></span> 
     </span>
    </p>
   </div>
   <div class='ocr_carea' id='block_1_83' title="bbox 1958 2328 3530 2419">
    <p class='ocr_par' dir='ltr' id='par_1_83' title="bbox 1958 2328 3530 2419">
     <span class='ocr_line' id='line_1_83' title="bbox 1958 2328 3530 2419; baseline 0.017 -39"><span class='ocrx_word' id='word_1_613' title='bbox 1958 2328 2238 2386; x_wconf 72' lang='lat' dir='ltr'><strong>(iacentibus</strong></span> <span class='ocrx_word' id='word_1_614' title='bbox 2266 2347 2539 2407; x_wconf 79' lang='lat' dir='ltr'><strong>congruat,</strong></span> <span class='ocrx_word' id='word_1_615' title='bbox 2569 2341 2835 2410; x_wconf 77' lang='lat' dir='ltr'><strong>patefacta:</strong></span> <span class='ocrx_word' id='word_1_616' title='bbox 2858 2353 2902 2397; x_wconf 81' lang='lat' dir='ltr'><strong>ct</strong></span> <span class='ocrx_word' id='word_1_617' title='bbox 2927 2359 3197 2419; x_wconf 74' lang='lat' dir='ltr'><strong>perspectw</strong></span> <span class='ocrx_word' id='word_1_618' title='bbox 3233 2352 3426 2404; x_wconf 78' lang='lat' dir='ltr'><strong>veritati</strong></span> <span class='ocrx_word' id='word_1_619' title='bbox 3463 2353 3530 2406; x_wconf 88' lang='lat' dir='ltr'><strong>li-</strong></span> 
     </span>
    </p>
   </div>
   <div class='ocr_carea' id='block_1_84' title="bbox 1956 2421 3534 2511">
    <p class='ocr_par' dir='ltr' id='par_1_84' title="bbox 1956 2421 3534 2511">
     <span class='ocr_line' id='line_1_84' title="bbox 1956 2421 3534 2511; baseline 0.015 -37"><span class='ocrx_word' id='word_1_620' title='bbox 1956 2421 2127 2477; x_wconf 59' lang='lat' dir='ltr'><strong>benter</strong></span> <span class='ocrx_word' id='word_1_621' title='bbox 2163 2434 2314 2498; x_wconf 86' lang='lat' dir='ltr'><strong>atque</strong></span> <span class='ocrx_word' id='word_1_622' title='bbox 2363 2432 2711 2487; x_wconf 83' lang='lat' dir='ltr'><strong>incunctanter</strong></span> <span class='ocrx_word' id='word_1_623' title='bbox 2760 2436 2991 2507; x_wconf 77' lang='lat' dir='ltr'><strong>obsequi,</strong></span> <span class='ocrx_word' id='word_1_624' title='bbox 3023 2456 3173 2508; x_wconf 86' lang='lat' dir='ltr'><strong>quam</strong></span> <span class='ocrx_word' id='word_1_625' title='bbox 3216 2444 3534 2511; x_wconf 78' lang='lat' dir='ltr'><strong>pertinaciter</strong></span> 
     </span>
    </p>
   </div>
   <div class='ocr_carea' id='block_1_85' title="bbox 1954 2515 3530 2601">
    <p class='ocr_par' dir='ltr' id='par_1_85' title="bbox 1954 2515 3530 2601">
     <span class='ocr_line' id='line_1_85' title="bbox 1954 2515 3530 2601; baseline 0.015 -37"><span class='ocrx_word' id='word_1_626' title='bbox 1954 2521 2104 2582; x_wconf 81' lang='lat' dir='ltr'><strong>atque</strong></span> <span class='ocrx_word' id='word_1_627' title='bbox 2126 2515 2371 2571; x_wconf 76' lang='lat' dir='ltr'><strong>obstinate</strong></span> <span class='ocrx_word' id='word_1_628' title='bbox 2396 2532 2571 2574; x_wconf 76' lang='lat' dir='ltr'><strong>contra</strong></span> <span class='ocrx_word' id='word_1_629' title='bbox 2599 2525 2780 2593; x_wconf 79' lang='lat' dir='ltr'><strong>fratres</strong></span> <span class='ocrx_word' id='word_1_630' title='bbox 2809 2535 2854 2578; x_wconf 82' lang='lat' dir='ltr'><strong>et</strong></span> <span class='ocrx_word' id='word_1_631' title='bbox 2894 2533 3268 2586; x_wconf 74' lang='lat' dir='ltr'><strong>consacerdotes</strong></span> <span class='ocrx_word' id='word_1_632' title='bbox 3295 2549 3386 2601; x_wconf 86' lang='lat' dir='ltr'><strong>pro</strong></span> <span class='ocrx_word' id='word_1_633' title='bbox 3425 2534 3530 2587; x_wconf 61' lang='lat' dir='ltr'><strong>Ita!-</strong></span> 
     </span>
    </p>
   </div>
   <div class='ocr_carea' id='block_1_86' title="bbox 1952 2604 3531 2693">
    <p class='ocr_par' dir='ltr' id='par_1_86' title="bbox 1952 2604 3531 2693">
     <span class='ocr_line' id='line_1_86' title="bbox 1952 2604 3531 2693; baseline 0.016 -39"><span class='ocrx_word' id='word_1_634' title='bbox 1952 2604 2120 2658; x_wconf 84' lang='lat' dir='ltr'><strong>ren&#39;cis</strong></span> <span class='ocrx_word' id='word_1_635' title='bbox 2175 2608 2417 2663; x_wconf 83' lang='lat' dir='ltr'><strong>reluctari</strong></span> <span class='ocrx_word' id='word_1_636' title='bbox 2446 2625 2466 2665; x_wconf 87' lang='lat'><strong><em>:</em></strong></span> <span class='ocrx_word' id='word_1_637' title='bbox 2495 2614 2777 2669; x_wconf 83' lang='lat' dir='ltr'><strong>verissime</strong></span> <span class='ocrx_word' id='word_1_638' title='bbox 2814 2615 2943 2671; x_wconf 88' lang='lat' dir='ltr'><strong>dicit</strong></span> <span class='ocrx_word' id='word_1_639' title='bbox 2967 2659 2983 2685; x_wconf 92' lang='lat'><strong>,</strong></span> <span class='ocrx_word' id='word_1_640' title='bbox 3014 2634 3114 2675; x_wconf 91' lang='lat' dir='ltr'><strong>nec</strong></span> <span class='ocrx_word' id='word_1_641' title='bbox 3162 2622 3313 2677; x_wconf 83' lang='lat' dir='ltr'><strong>alteri</strong></span> <span class='ocrx_word' id='word_1_642' title='bbox 3359 2625 3531 2693; x_wconf 83' lang='lat' dir='ltr'><strong>potius</strong></span> 
     </span>
    </p>
   </div>
   <div class='ocr_carea' id='block_1_87' title="bbox 1951 2696 3529 2780">
    <p class='ocr_par' dir='ltr' id='par_1_87' title="bbox 1951 2696 3529 2780">
     <span class='ocr_line' id='line_1_87' title="bbox 1951 2696 3529 2780; baseline 0.018 -39"><span class='ocrx_word' id='word_1_643' title='bbox 1951 2707 2109 2762; x_wconf 87' lang='lat' dir='ltr'><strong>quam</strong></span> <span class='ocrx_word' id='word_1_644' title='bbox 2140 2696 2239 2750; x_wconf 89' lang='lat' dir='ltr'><strong>sibi</strong></span> <span class='ocrx_word' id='word_1_645' title='bbox 2265 2699 2612 2770; x_wconf 85' lang='lat' dir='ltr'><strong>adversatur,</strong></span> <span class='ocrx_word' id='word_1_646' title='bbox 2651 2705 2741 2774; x_wconf 90' lang='lat' dir='ltr'><strong>qui</strong></span> <span class='ocrx_word' id='word_1_647' title='bbox 2772 2709 2977 2763; x_wconf 80' lang='lat' dir='ltr'><strong>resistit</strong></span> <span class='ocrx_word' id='word_1_648' title='bbox 3018 2712 3366 2780; x_wconf 66' lang='lat' dir='ltr'><strong>apertiSsimm</strong></span> <span class='ocrx_word' id='word_1_649' title='bbox 3394 2716 3529 2769; x_wconf 81' lang='lat' dir='ltr'><strong>veri-</strong></span> 
     </span>
    </p>
   </div>
   <div class='ocr_carea' id='block_1_88' title="bbox 1954 2783 3527 2874">
    <p class='ocr_par' dir='ltr' id='par_1_88' title="bbox 1954 2783 3527 2874">
     <span class='ocr_line' id='line_1_88' title="bbox 1954 2783 3527 2874; baseline 0.017 -40"><span class='ocrx_word' id='word_1_650' title='bbox 1954 2783 2066 2836; x_wconf 78' lang='lat' dir='ltr'><strong>tati.</strong></span> <span class='ocrx_word' id='word_1_651' title='bbox 2095 2784 2198 2840; x_wconf 88' lang='lat' dir='ltr'><strong>Sed</strong></span> <span class='ocrx_word' id='word_1_652' title='bbox 2227 2802 2322 2858; x_wconf 89' lang='lat' dir='ltr'><strong>per</strong></span> <span class='ocrx_word' id='word_1_653' title='bbox 2344 2789 2428 2842; x_wconf 88' lang='lat' dir='ltr'><strong>illa</strong></span> <span class='ocrx_word' id='word_1_654' title='bbox 2451 2807 2569 2861; x_wconf 76' lang='lat' dir='ltr'><strong>quae</strong></span> <span class='ocrx_word' id='word_1_655' title='bbox 2601 2802 2706 2849; x_wconf 88' lang='lat' dir='ltr'><strong>tam</strong></span> <span class='ocrx_word' id='word_1_656' title='bbox 2737 2797 2899 2851; x_wconf 90' lang='lat' dir='ltr'><strong>multa</strong></span> <span class='ocrx_word' id='word_1_657' title='bbox 2922 2800 3031 2868; x_wconf 86' lang='lat' dir='ltr'><strong>jam</strong></span> <span class='ocrx_word' id='word_1_658' title='bbox 3069 2802 3326 2869; x_wconf 74' lang='lat' dir='ltr'><strong>diximus,</strong></span> <span class='ocrx_word' id='word_1_659' title='bbox 3356 2820 3527 2874; x_wconf 87' lang='lat' dir='ltr'><strong>quan-</strong></span> 
     </span>
    </p>
   </div>
   <div class='ocr_carea' id='block_1_89' title="bbox 1954 2875 3527 2961">
    <p class='ocr_par' dir='ltr' id='par_1_89' title="bbox 1954 2875 3527 2961">
     <span class='ocr_line' id='line_1_89' title="bbox 1954 2875 3527 2961; baseline 0.013 -33"><span class='ocrx_word' id='word_1_660' title='bbox 1954 2880 2063 2929; x_wconf 83' lang='lat' dir='ltr'><strong>tum</strong></span> <span class='ocrx_word' id='word_1_661' title='bbox 2108 2875 2374 2946; x_wconf 84' lang='lat' dir='ltr'><strong>arbitror,</strong></span> <span class='ocrx_word' id='word_1_662' title='bbox 2404 2880 2600 2951; x_wconf 85' lang='lat' dir='ltr'><strong>liquido</strong></span> <span class='ocrx_word' id='word_1_663' title='bbox 2637 2896 2888 2955; x_wconf 88' lang='lat' dir='ltr'><strong>apparet,</strong></span> <span class='ocrx_word' id='word_1_664' title='bbox 2917 2898 2970 2943; x_wconf 86' lang='lat' dir='ltr'><strong>et</strong></span> <span class='ocrx_word' id='word_1_665' title='bbox 3006 2899 3207 2947; x_wconf 83' lang='lat' dir='ltr'><strong>certum</strong></span> <span class='ocrx_word' id='word_1_666' title='bbox 3261 2904 3376 2961; x_wconf 83' lang='lat' dir='ltr'><strong>est,</strong></span> <span class='ocrx_word' id='word_1_667' title='bbox 3422 2896 3527 2948; x_wconf 84' lang='lat' dir='ltr'><strong>Ba-</strong></span> 
     </span>
    </p>
   </div>
   <div class='ocr_carea' id='block_1_90' title="bbox 1950 2965 3520 3050">
    <p class='ocr_par' dir='ltr' id='par_1_90' title="bbox 1950 2965 3520 3050">
     <span class='ocr_line' id='line_1_90' title="bbox 1950 2965 3520 3050; baseline 0.013 -33"><span class='ocrx_word' id='word_1_668' title='bbox 1950 2965 2201 3035; x_wconf 82' lang='lat' dir='ltr'><strong>ptismum</strong></span> <span class='ocrx_word' id='word_1_669' title='bbox 2230 2968 2422 3025; x_wconf 86' lang='lat' dir='ltr'><strong>Christi</strong></span> <span class='ocrx_word' id='word_1_670' title='bbox 2453 2989 2551 3027; x_wconf 88' lang='lat' dir='ltr'><strong>nec</strong></span> <span class='ocrx_word' id='word_1_671' title='bbox 2580 2975 2951 3033; x_wconf 69' lang='lat' dir='ltr'><strong>Itazreticorum</strong></span> <span class='ocrx_word' id='word_1_672' title='bbox 2979 2983 3353 3050; x_wconf 85' lang='lat' dir='ltr'><strong>perversitate,</strong></span> <span class='ocrx_word' id='word_1_673' title='bbox 3400 3000 3520 3037; x_wconf 91' lang='lat' dir='ltr'><strong>cum</strong></span> 
     </span>
    </p>
   </div>
   <div class='ocr_carea' id='block_1_91' title="bbox 1950 3056 3524 3136">
    <p class='ocr_par' dir='ltr' id='par_1_91' title="bbox 1950 3056 3524 3136">
     <span class='ocr_line' id='line_1_91' title="bbox 1950 3056 3524 3136; baseline 0.013 -27"><span class='ocrx_word' id='word_1_674' title='bbox 1950 3056 2088 3124; x_wconf 89' lang='lat' dir='ltr'><strong>apud</strong></span> <span class='ocrx_word' id='word_1_675' title='bbox 2115 3071 2209 3111; x_wconf 90' lang='lat' dir='ltr'><strong>eos</strong></span> <span class='ocrx_word' id='word_1_676' title='bbox 2231 3058 2387 3113; x_wconf 87' lang='lat' dir='ltr'><strong>datur</strong></span> <span class='ocrx_word' id='word_1_677' title='bbox 2413 3071 2466 3115; x_wconf 88' lang='lat' dir='ltr'><strong>et</strong></span> <span class='ocrx_word' id='word_1_678' title='bbox 2485 3065 2737 3128; x_wconf 88' lang='lat' dir='ltr'><strong>sumitur,</strong></span> <span class='ocrx_word' id='word_1_679' title='bbox 2775 3081 2931 3136; x_wconf 87' lang='lat' dir='ltr'><strong>posse</strong></span> <span class='ocrx_word' id='word_1_680' title='bbox 2951 3070 3150 3124; x_wconf 89' lang='lat' dir='ltr'><strong>violari.</strong></span> <span class='ocrx_word' id='word_1_681' title='bbox 3182 3072 3285 3127; x_wconf 89' lang='lat' dir='ltr'><strong>Sed</strong></span> <span class='ocrx_word' id='word_1_682' title='bbox 3314 3085 3369 3127; x_wconf 89' lang='lat' dir='ltr'><strong>ut</strong></span> <span class='ocrx_word' id='word_1_683' title='bbox 3403 3089 3524 3128; x_wconf 90' lang='lat' dir='ltr'><strong>ecr-</strong></span> 
     </span>
    </p>
   </div>
   <div class='ocr_carea' id='block_1_92' title="bbox 1952 3149 3522 3230">
    <p class='ocr_par' dir='ltr' id='par_1_92' title="bbox 1952 3149 3522 3230">
     <span class='ocr_line' id='line_1_92' title="bbox 1952 3149 3522 3230; baseline 0.012 -30"><span class='ocrx_word' id='word_1_684' title='bbox 1952 3153 2061 3200; x_wconf 90' lang='lat' dir='ltr'><strong>tnnt</strong></span> <span class='ocrx_word' id='word_1_685' title='bbox 2124 3149 2357 3204; x_wconf 90' lang='lat' dir='ltr'><strong>nondum</strong></span> <span class='ocrx_word' id='word_1_686' title='bbox 2412 3154 2516 3217; x_wconf 87' lang='lat' dir='ltr'><strong>sit;</strong></span> <span class='ocrx_word' id='word_1_687' title='bbox 2580 3156 2769 3211; x_wconf 85' lang='lat' dir='ltr'><strong>saltem</strong></span> <span class='ocrx_word' id='word_1_688' title='bbox 2835 3159 3011 3214; x_wconf 82' lang='lat' dir='ltr'><strong>adhuc</strong></span> <span class='ocrx_word' id='word_1_689' title='bbox 3079 3176 3199 3218; x_wconf 83' lang='lat' dir='ltr'><strong>esse</strong></span> <span class='ocrx_word' id='word_1_690' title='bbox 3265 3162 3522 3230; x_wconf 87' lang='lat' dir='ltr'><strong>dubium,</strong></span> 
     </span>
    </p>
   </div>
   <div class='ocr_carea' id='block_1_93' title="bbox 1950 3234 3524 3324">
    <p class='ocr_par' dir='ltr' id='par_1_93' title="bbox 1950 3234 3524 3324">
     <span class='ocr_line' id='line_1_93' title="bbox 1950 3234 3524 3324; baseline 0.014 -36"><span class='ocrx_word' id='word_1_691' title='bbox 1950 3238 2186 3307; x_wconf 87' lang='lat' dir='ltr'><strong>quisquis</strong></span> <span class='ocrx_word' id='word_1_692' title='bbox 2208 3256 2269 3293; x_wconf 86' lang='lat' dir='ltr'><strong>ea</strong></span> <span class='ocrx_word' id='word_1_693' title='bbox 2299 3258 2418 3309; x_wconf 83' lang='lat' dir='ltr'><strong>qua:</strong></span> <span class='ocrx_word' id='word_1_694' title='bbox 2441 3242 2581 3298; x_wconf 89' lang='lat' dir='ltr'><strong>dicta</strong></span> <span class='ocrx_word' id='word_1_695' title='bbox 2606 3256 2759 3313; x_wconf 89' lang='lat' dir='ltr'><strong>sunt,</strong></span> <span class='ocrx_word' id='word_1_696' title='bbox 2786 3234 2945 3303; x_wconf 85' lang='lat' dir='ltr'><strong>etiam</strong></span> <span class='ocrx_word' id='word_1_697' title='bbox 2997 3252 3230 3308; x_wconf 88' lang='lat' dir='ltr'><strong>renitens</strong></span> <span class='ocrx_word' id='word_1_698' title='bbox 3256 3255 3524 3324; x_wconf 75' lang='lat' dir='ltr'><strong>cogitave-</strong></span> 
     </span>
    </p>
   </div>
   <div class='ocr_carea' id='block_1_94' title="bbox 1950 3327 3523 3409">
    <p class='ocr_par' dir='ltr' id='par_1_94' title="bbox 1950 3327 3523 3409">
     <span class='ocr_line' id='line_1_94' title="bbox 1950 3327 3523 3409; baseline 0.014 -28"><span class='ocrx_word' id='word_1_699' title='bbox 1950 3327 2053 3394; x_wconf 90' lang='lat' dir='ltr'><strong>rit,</strong></span> <span class='ocrx_word' id='word_1_700' title='bbox 2082 3330 2386 3387; x_wconf 83' lang='lat' dir='ltr'><strong>conﬁtetur.</strong></span> <span class='ocrx_word' id='word_1_701' title='bbox 2419 3333 2531 3390; x_wconf 87' lang='lat' dir='ltr'><strong>Non</strong></span> <span class='ocrx_word' id='word_1_702' title='bbox 2552 3351 2680 3408; x_wconf 78' lang='lat' dir='ltr'><strong>ergo</strong></span> <span class='ocrx_word' id='word_1_703' title='bbox 2700 3342 3050 3409; x_wconf 77' lang='lat' dir='ltr'><strong>apertissimre</strong></span> <span class='ocrx_word' id='word_1_704' title='bbox 3077 3345 3285 3401; x_wconf 82' lang='lat' dir='ltr'><strong>veritati</strong></span> <span class='ocrx_word' id='word_1_705' title='bbox 3316 3349 3523 3402; x_wconf 83' lang='lat' dir='ltr'><strong>resisti-</strong></span> 
     </span>
    </p>
   </div>
   <div class='ocr_carea' id='block_1_95' title="bbox 1951 3422 3523 3503">
    <p class='ocr_par' dir='ltr' id='par_1_95' title="bbox 1951 3422 3523 3503">
     <span class='ocr_line' id='line_1_95' title="bbox 1951 3422 3523 3503; baseline 0.014 -30"><span class='ocrx_word' id='word_1_706' title='bbox 1951 3435 2097 3487; x_wconf 89' lang='lat' dir='ltr'><strong>mus;</strong></span> <span class='ocrx_word' id='word_1_707' title='bbox 2125 3422 2217 3477; x_wconf 88' lang='lat' dir='ltr'><strong>sed</strong></span> <span class='ocrx_word' id='word_1_708' title='bbox 2245 3435 2337 3479; x_wconf 88' lang='lat' dir='ltr'><strong>aut</strong></span> <span class='ocrx_word' id='word_1_709' title='bbox 2366 3441 2461 3495; x_wconf 92' lang='lat' dir='ltr'><strong>pro</strong></span> <span class='ocrx_word' id='word_1_710' title='bbox 2487 3429 2761 3485; x_wconf 80' lang='lat' dir='ltr'><strong>manifesta</strong></span> <span class='ocrx_word' id='word_1_711' title='bbox 2795 3435 3018 3490; x_wconf 80' lang='lat' dir='ltr'><strong>veritate</strong></span> <span class='ocrx_word' id='word_1_712' title='bbox 3039 3444 3306 3490; x_wconf 77' lang='lat' dir='ltr'><strong>certamus</strong></span> <span class='ocrx_word' id='word_1_713' title='bbox 3326 3483 3340 3503; x_wconf 89' lang='lat'><strong>,</strong></span> <span class='ocrx_word' id='word_1_714' title='bbox 3385 3440 3523 3495; x_wconf 81' lang='lat' dir='ltr'><strong>sicut</strong></span> 
     </span>
    </p>
   </div>
   <div class='ocr_carea' id='block_1_96' title="bbox 1949 3512 3523 3599">
    <p class='ocr_par' dir='ltr' id='par_1_96' title="bbox 1949 3512 3523 3599">
     <span class='ocr_line' id='line_1_96' title="bbox 1949 3512 3523 3599; baseline 0.012 -35"><span class='ocrx_word' id='word_1_715' title='bbox 1949 3524 2050 3580; x_wconf 75' lang='lat' dir='ltr'><strong>ego</strong></span> <span class='ocrx_word' id='word_1_716' title='bbox 2070 3512 2353 3580; x_wconf 74' lang='lat' dir='ltr'><strong>existimo;</strong></span> <span class='ocrx_word' id='word_1_717' title='bbox 2409 3525 2502 3571; x_wconf 88' lang='lat' dir='ltr'><strong>aut</strong></span> <span class='ocrx_word' id='word_1_718' title='bbox 2543 3527 2690 3574; x_wconf 86' lang='lat' dir='ltr'><strong>certe</strong></span> <span class='ocrx_word' id='word_1_719' title='bbox 2715 3560 2727 3584; x_wconf 95' lang='lat'><strong>,</strong></span> <span class='ocrx_word' id='word_1_720' title='bbox 2779 3522 2916 3576; x_wconf 91' lang='lat' dir='ltr'><strong>sicut</strong></span> <span class='ocrx_word' id='word_1_721' title='bbox 2952 3536 3170 3592; x_wconf 64' lang='lat' dir='ltr'><strong>poesuttt</strong></span> <span class='ocrx_word' id='word_1_722' title='bbox 3221 3538 3405 3596; x_wconf 87' lang='lat' dir='ltr'><strong>putare</strong></span> <span class='ocrx_word' id='word_1_723' title='bbox 3434 3532 3523 3599; x_wconf 89' lang='lat' dir='ltr'><strong>qui</strong></span> 
     </span>
    </p>
   </div>
   <div class='ocr_carea' id='block_1_97' title="bbox 1950 3601 3518 3685">
    <p class='ocr_par' dir='ltr' id='par_1_97' title="bbox 1950 3601 3518 3685">
     <span class='ocr_line' id='line_1_97' title="bbox 1950 3601 3518 3685; baseline 0.014 -32"><span class='ocrx_word' id='word_1_724' title='bbox 1950 3601 2182 3655; x_wconf 87' lang='lat' dir='ltr'><strong>nondum</strong></span> <span class='ocrx_word' id='word_1_725' title='bbox 2204 3603 2356 3658; x_wconf 87' lang='lat' dir='ltr'><strong>istam</strong></span> <span class='ocrx_word' id='word_1_726' title='bbox 2378 3608 2722 3676; x_wconf 61' lang='lat' dir='ltr'><strong>quaestionem</strong></span> <span class='ocrx_word' id='word_1_727' title='bbox 2765 3612 2993 3667; x_wconf 85' lang='lat' dir='ltr'><strong>solutam</strong></span> <span class='ocrx_word' id='word_1_728' title='bbox 3021 3630 3141 3671; x_wconf 88' lang='lat' dir='ltr'><strong>esse</strong></span> <span class='ocrx_word' id='word_1_729' title='bbox 3166 3618 3518 3685; x_wconf 86' lang='lat' dir='ltr'><strong>arbitrantur,</strong></span> 
     </span>
    </p>
   </div>
   <div class='ocr_carea' id='block_1_98' title="bbox 1949 3690 3523 3764">
    <p class='ocr_par' dir='ltr' id='par_1_98' title="bbox 1949 3690 3523 3764">
     <span class='ocr_line' id='line_1_98' title="bbox 1949 3690 3523 3764; baseline 0.013 -20"><span class='ocrx_word' id='word_1_730' title='bbox 1949 3690 2122 3747; x_wconf 89' lang='lat' dir='ltr'><strong>adhuc</strong></span> <span class='ocrx_word' id='word_1_731' title='bbox 2167 3696 2454 3762; x_wconf 71' lang='lat' dir='ltr'><strong>quaerimus</strong></span> <span class='ocrx_word' id='word_1_732' title='bbox 2482 3699 2780 3755; x_wconf 88' lang='lat' dir='ltr'><strong>veritatem.</strong></span> <span class='ocrx_word' id='word_1_733' title='bbox 2838 3702 2905 3757; x_wconf 82' lang='lat' dir='ltr'><strong>Et</strong></span> <span class='ocrx_word' id='word_1_734' title='bbox 2935 3705 3052 3758; x_wconf 87' lang='lat' dir='ltr'><strong>ideo</strong></span> <span class='ocrx_word' id='word_1_735' title='bbox 3092 3707 3134 3759; x_wconf 87' lang='lat' dir='ltr'><strong>si</strong></span> <span class='ocrx_word' id='word_1_736' title='bbox 3172 3708 3329 3763; x_wconf 87' lang='lat' dir='ltr'><strong>aliter</strong></span> <span class='ocrx_word' id='word_1_737' title='bbox 3354 3725 3415 3763; x_wconf 89' lang='lat' dir='ltr'><strong>se</strong></span> <span class='ocrx_word' id='word_1_738' title='bbox 3439 3727 3523 3764; x_wconf 81' lang='lat' dir='ltr'><strong>res</strong></span> 
     </span>
    </p>
   </div>
   <div class='ocr_carea' id='block_1_99' title="bbox 1948 3780 3521 3867">
    <p class='ocr_par' dir='ltr' id='par_1_99' title="bbox 1948 3780 3521 3867">
     <span class='ocr_line' id='line_1_99' title="bbox 1948 3780 3521 3867; baseline 0.013 -34"><span class='ocrx_word' id='word_1_739' title='bbox 1948 3780 2107 3834; x_wconf 87' lang='lat' dir='ltr'><strong>habet</strong></span> <span class='ocrx_word' id='word_1_740' title='bbox 2131 3798 2288 3851; x_wconf 88' lang='lat' dir='ltr'><strong>quam</strong></span> <span class='ocrx_word' id='word_1_741' title='bbox 2314 3799 2412 3838; x_wconf 91' lang='lat' dir='ltr'><strong>nos</strong></span> <span class='ocrx_word' id='word_1_742' title='bbox 2436 3786 2661 3841; x_wconf 86' lang='lat' dir='ltr'><strong>dicimus</strong></span> <span class='ocrx_word' id='word_1_743' title='bbox 2683 3830 2697 3852; x_wconf 92' lang='lat'><strong>,</strong></span> <span class='ocrx_word' id='word_1_744' title='bbox 2725 3791 2909 3844; x_wconf 80' lang='lat' dir='ltr'><strong>eadem</strong></span> <span class='ocrx_word' id='word_1_745' title='bbox 2937 3795 3274 3863; x_wconf 90' lang='lat' dir='ltr'><strong>simplicitate</strong></span> <span class='ocrx_word' id='word_1_746' title='bbox 3299 3801 3521 3867; x_wconf 85' lang='lat' dir='ltr'><strong>suseipi-</strong></span> 
     </span>
    </p>
   </div>
   <div class='ocr_carea' id='block_1_100' title="bbox 1947 3871 3514 3953">
    <p class='ocr_par' dir='ltr' id='par_1_100' title="bbox 1947 3871 3514 3953">
     <span class='ocr_line' id='line_1_100' title="bbox 1947 3871 3514 3953; baseline 0.013 -30"><span class='ocrx_word' id='word_1_747' title='bbox 1947 3886 2069 3924; x_wconf 89' lang='lat' dir='ltr'><strong>tnus</strong></span> <span class='ocrx_word' id='word_1_748' title='bbox 2092 3871 2160 3923; x_wconf 90' lang='lat' dir='ltr'><strong>ab</strong></span> <span class='ocrx_word' id='word_1_749' title='bbox 2189 3871 2451 3927; x_wconf 81' lang='lat' dir='ltr'><strong>luereticis</strong></span> <span class='ocrx_word' id='word_1_750' title='bbox 2494 3875 2787 3943; x_wconf 85' lang='lat' dir='ltr'><strong>baptizatos</strong></span> <span class='ocrx_word' id='word_1_751' title='bbox 2809 3920 2825 3944; x_wconf 96' lang='lat'><strong>,</strong></span> <span class='ocrx_word' id='word_1_752' title='bbox 2860 3895 2963 3949; x_wconf 85' lang='lat' dir='ltr'><strong>qua</strong></span> <span class='ocrx_word' id='word_1_753' title='bbox 3004 3885 3361 3953; x_wconf 86' lang='lat' dir='ltr'><strong>suscipiebant</strong></span> <span class='ocrx_word' id='word_1_754' title='bbox 3398 3891 3411 3919; x_wconf 90' lang='grc'>¹</span> <span class='ocrx_word' id='word_1_755' title='bbox 3440 3890 3514 3943; x_wconf 91' lang='lat' dir='ltr'><strong>illi</strong></span> 
     </span>
    </p>
   </div>
   <div class='ocr_carea' id='block_1_101' title="bbox 1947 3962 3521 4046">
    <p class='ocr_par' dir='ltr' id='par_1_101' title="bbox 1947 3962 3521 4046">
     <span class='ocr_line' id='line_1_101' title="bbox 1947 3962 3521 4046; baseline 0.015 -35"><span class='ocrx_word' id='word_1_756' title='bbox 1947 3973 2083 4028; x_wconf 87' lang='lat' dir='ltr'><strong>quos</strong></span> <span class='ocrx_word' id='word_1_757' title='bbox 2104 3969 2319 4029; x_wconf 86' lang='lat' dir='ltr'><strong>propter</strong></span> <span class='ocrx_word' id='word_1_758' title='bbox 2338 3962 2590 4019; x_wconf 83' lang='lat' dir='ltr'><strong>unitatem</strong></span> <span class='ocrx_word' id='word_1_759' title='bbox 2612 3965 2911 4036; x_wconf 84' lang='lat' dir='ltr'><strong>Cyprianus</strong></span> <span class='ocrx_word' id='word_1_760' title='bbox 2929 3971 2995 4024; x_wconf 88' lang='lat' dir='ltr'><strong>ad</strong></span> <span class='ocrx_word' id='word_1_761' title='bbox 3024 3976 3229 4028; x_wconf 88' lang='lat' dir='ltr'><strong>veniam</strong></span> <span class='ocrx_word' id='word_1_762' title='bbox 3253 3979 3521 4046; x_wconf 77' lang='lat' dir='ltr'><strong>pertinere</strong></span> 
     </span>
    </p>
   </div>
   <div class='ocr_carea' id='block_1_102' title="bbox 1948 4051 3517 4133">
    <p class='ocr_par' dir='ltr' id='par_1_102' title="bbox 1948 4051 3517 4133">
     <span class='ocr_line' id='line_1_102' title="bbox 1948 4051 3517 4133; baseline 0.017 -33"><span class='ocrx_word' id='word_1_763' title='bbox 1948 4052 2303 4121; x_wconf 71' lang='lat' dir='ltr'><strong>prmsumpsit.</strong></span> <span class='ocrx_word' id='word_1_764' title='bbox 2349 4051 2405 4108; x_wconf 88' lang='lat' dir='ltr'><strong>Si</strong></span> <span class='ocrx_word' id='word_1_765' title='bbox 2447 4064 2623 4111; x_wconf 91' lang='lat' dir='ltr'><strong>autem</strong></span> <span class='ocrx_word' id='word_1_766' title='bbox 2656 4059 2954 4128; x_wconf 81' lang='lat' dir='ltr'><strong>Baptisntus</strong></span> <span class='ocrx_word' id='word_1_767' title='bbox 2996 4062 3231 4133; x_wconf 86' lang='lat' dir='ltr'><strong>Christi,</strong></span> <span class='ocrx_word' id='word_1_768' title='bbox 3277 4070 3415 4124; x_wconf 89' lang='lat' dir='ltr'><strong>sicut</strong></span> <span class='ocrx_word' id='word_1_769' title='bbox 3457 4089 3517 4127; x_wconf 87' lang='lat' dir='ltr'><strong>ea</strong></span> 
     </span>
    </p>
   </div>
   <div class='ocr_carea' id='block_1_103' title="bbox 1946 4140 3518 4231">
    <p class='ocr_par' dir='ltr' id='par_1_103' title="bbox 1946 4140 3518 4231">
     <span class='ocr_line' id='line_1_103' title="bbox 1946 4140 3518 4231; baseline 0.017 -43"><span class='ocrx_word' id='word_1_770' title='bbox 1946 4154 2065 4208; x_wconf 67' lang='lat' dir='ltr'><strong>qua:</strong></span> <span class='ocrx_word' id='word_1_771' title='bbox 2085 4140 2195 4209; x_wconf 88' lang='lat' dir='ltr'><strong>jam</strong></span> <span class='ocrx_word' id='word_1_772' title='bbox 2221 4143 2384 4197; x_wconf 90' lang='lat' dir='ltr'><strong>multa</strong></span> <span class='ocrx_word' id='word_1_773' title='bbox 2402 4144 2540 4200; x_wconf 89' lang='lat' dir='ltr'><strong>dicta</strong></span> <span class='ocrx_word' id='word_1_774' title='bbox 2567 4159 2690 4203; x_wconf 89' lang='lat' dir='ltr'><strong>sunt</strong></span> <span class='ocrx_word' id='word_1_775' title='bbox 2717 4150 2970 4217; x_wconf 88' lang='lat' dir='ltr'><strong>indicant,</strong></span> <span class='ocrx_word' id='word_1_776' title='bbox 2994 4157 3117 4209; x_wconf 88' lang='lat' dir='ltr'><strong>etin</strong></span> <span class='ocrx_word' id='word_1_777' title='bbox 3146 4173 3250 4212; x_wconf 89' lang='lat' dir='ltr'><strong>non</strong></span> <span class='ocrx_word' id='word_1_778' title='bbox 3271 4159 3469 4231; x_wconf 79' lang='lat' dir='ltr'><strong>integra</strong></span> <span class='ocrx_word' id='word_1_779' title='bbox 3502 4169 3518 4195; x_wconf 66' lang='grc' dir='ltr'><strong>ε</strong></span> 
     </span>
    </p>
   </div>
   <div class='ocr_carea' id='block_1_104' title="bbox 1947 4229 3514 4313">
    <p class='ocr_par' dir='ltr' id='par_1_104' title="bbox 1947 4229 3514 4313">
     <span class='ocr_line' id='line_1_104' title="bbox 1947 4229 3514 4313; baseline 0.014 -32"><span class='ocrx_word' id='word_1_780' title='bbox 1947 4229 2032 4283; x_wconf 82' lang='lat' dir='ltr'><strong>vel</strong></span> <span class='ocrx_word' id='word_1_781' title='bbox 2064 4229 2190 4298; x_wconf 80' lang='lat' dir='ltr'><strong>vita,</strong></span> <span class='ocrx_word' id='word_1_782' title='bbox 2219 4232 2302 4285; x_wconf 86' lang='lat' dir='ltr'><strong>vel</strong></span> <span class='ocrx_word' id='word_1_783' title='bbox 2329 4232 2433 4288; x_wconf 83' lang='lat' dir='ltr'><strong>ﬁde</strong></span> <span class='ocrx_word' id='word_1_784' title='bbox 2451 4275 2467 4300; x_wconf 95' lang='lat'><strong>,</strong></span> <span class='ocrx_word' id='word_1_785' title='bbox 2491 4236 2604 4292; x_wconf 85' lang='lat' dir='ltr'><strong>sive</strong></span> <span class='ocrx_word' id='word_1_786' title='bbox 2626 4253 2808 4293; x_wconf 87' lang='lat' dir='ltr'><strong>eorum</strong></span> <span class='ocrx_word' id='word_1_787' title='bbox 2839 4244 2927 4311; x_wconf 89' lang='lat' dir='ltr'><strong>qtti</strong></span> <span class='ocrx_word' id='word_1_788' title='bbox 2955 4244 3199 4300; x_wconf 84' lang='lat' dir='ltr'><strong>videntur</strong></span> <span class='ocrx_word' id='word_1_789' title='bbox 3217 4263 3335 4304; x_wconf 82' lang='lat' dir='ltr'><strong>esse</strong></span> <span class='ocrx_word' id='word_1_790' title='bbox 3354 4229 3514 4313; x_wconf 74' lang='lat' dir='ltr'><strong>intus,</strong></span> 
     </span>
    </p>
   </div>
   <div class='ocr_carea' id='block_1_105' title="bbox 1946 4321 3517 4409">
    <p class='ocr_par' dir='ltr' id='par_1_105' title="bbox 1946 4321 3517 4409">
     <span class='ocr_line' id='line_1_105' title="bbox 1946 4321 3517 4409; baseline 0.015 -37"><span class='ocrx_word' id='word_1_791' title='bbox 1946 4331 2046 4373; x_wconf 89' lang='lat' dir='ltr'><strong>nec</strong></span> <span class='ocrx_word' id='word_1_792' title='bbox 2070 4327 2247 4373; x_wconf 89' lang='lat' dir='ltr'><strong>tamen</strong></span> <span class='ocrx_word' id='word_1_793' title='bbox 2298 4321 2363 4375; x_wconf 88' lang='lat' dir='ltr'><strong>ad</strong></span> <span class='ocrx_word' id='word_1_794' title='bbox 2389 4324 2559 4378; x_wconf 78' lang='lat' dir='ltr'><strong>unica:</strong></span> <span class='ocrx_word' id='word_1_795' title='bbox 2602 4327 2744 4381; x_wconf 91' lang='lat' dir='ltr'><strong>illius</strong></span> <span class='ocrx_word' id='word_1_796' title='bbox 2772 4331 3035 4387; x_wconf 72' lang='lat' dir='ltr'><strong>columbae</strong></span> <span class='ocrx_word' id='word_1_797' title='bbox 3074 4337 3310 4391; x_wconf 85' lang='lat' dir='ltr'><strong>membra</strong></span> <span class='ocrx_word' id='word_1_798' title='bbox 3354 4344 3517 4409; x_wconf 89' lang='lat' dir='ltr'><strong>perti-</strong></span> 
     </span>
    </p>
   </div>
   <div class='ocr_carea' id='block_1_106' title="bbox 1946 4410 3518 4497">
    <p class='ocr_par' dir='ltr' id='par_1_106' title="bbox 1946 4410 3518 4497">
     <span class='ocr_line' id='line_1_106' title="bbox 1946 4410 3518 4497; baseline 0.014 -34"><span class='ocrx_word' id='word_1_799' title='bbox 1946 4418 2107 4475; x_wconf 89' lang='lat' dir='ltr'><strong>neut,</strong></span> <span class='ocrx_word' id='word_1_800' title='bbox 2135 4410 2247 4465; x_wconf 89' lang='lat' dir='ltr'><strong>sive</strong></span> <span class='ocrx_word' id='word_1_801' title='bbox 2285 4426 2469 4466; x_wconf 89' lang='lat' dir='ltr'><strong>eorum</strong></span> <span class='ocrx_word' id='word_1_802' title='bbox 2497 4415 2685 4483; x_wconf 87' lang='lat' dir='ltr'><strong>quisic</strong></span> <span class='ocrx_word' id='word_1_803' title='bbox 2721 4419 2788 4473; x_wconf 90' lang='lat' dir='ltr'><strong>ad</strong></span> <span class='ocrx_word' id='word_1_804' title='bbox 2816 4437 2935 4476; x_wconf 89' lang='lat' dir='ltr'><strong>eam</strong></span> <span class='ocrx_word' id='word_1_805' title='bbox 2966 4439 3071 4479; x_wconf 88' lang='lat' dir='ltr'><strong>non</strong></span> <span class='ocrx_word' id='word_1_806' title='bbox 3118 4432 3420 4497; x_wconf 82' lang='lat' dir='ltr'><strong>pertinent,</strong></span> <span class='ocrx_word' id='word_1_807' title='bbox 3462 4444 3518 4485; x_wconf 92' lang='lat' dir='ltr'><strong>nt</strong></span> 
     </span>
    </p>
   </div>
   <div class='ocr_carea' id='block_1_107' title="bbox 1945 4500 3514 4589">
    <p class='ocr_par' dir='ltr' id='par_1_107' title="bbox 1945 4500 3514 4589">
     <span class='ocr_line' id='line_1_107' title="bbox 1945 4500 3514 4589; baseline 0.016 -38"><span class='ocrx_word' id='word_1_808' title='bbox 1945 4500 2103 4553; x_wconf 86' lang='lat' dir='ltr'><strong>etiam</strong></span> <span class='ocrx_word' id='word_1_809' title='bbox 2127 4510 2310 4570; x_wconf 88' lang='lat' dir='ltr'><strong>aperte</strong></span> <span class='ocrx_word' id='word_1_810' title='bbox 2335 4500 2460 4558; x_wconf 80' lang='lat' dir='ltr'><strong>foris</strong></span> <span class='ocrx_word' id='word_1_811' title='bbox 2481 4505 2589 4559; x_wconf 89' lang='lat' dir='ltr'><strong>sint</strong></span> <span class='ocrx_word' id='word_1_812' title='bbox 2609 4547 2625 4572; x_wconf 95' lang='lat'><strong>,</strong></span> <span class='ocrx_word' id='word_1_813' title='bbox 2652 4518 2827 4576; x_wconf 87' lang='lat' dir='ltr'><strong>potest</strong></span> <span class='ocrx_word' id='word_1_814' title='bbox 2857 4527 2980 4567; x_wconf 83' lang='lat' dir='ltr'><strong>esse</strong></span> <span class='ocrx_word' id='word_1_815' title='bbox 3004 4515 3249 4586; x_wconf 82' lang='lat' dir='ltr'><strong>integer;</strong></span> <span class='ocrx_word' id='word_1_816' title='bbox 3276 4521 3366 4589; x_wconf 87' lang='lat' dir='ltr'><strong>qui</strong></span> <span class='ocrx_word' id='word_1_817' title='bbox 3393 4537 3514 4576; x_wconf 86' lang='lat' dir='ltr'><strong>emo</strong></span> 
     </span>
    </p>
   </div>
   <div class='ocr_carea' id='block_1_108' title="bbox 1850 4588 3520 4680">
    <p class='ocr_par' dir='ltr' id='par_1_108' title="bbox 1850 4588 3520 4680">
     <span class='ocr_line' id='line_1_108' title="bbox 1850 4588 3520 4680; baseline 0.016 -40"><span class='ocrx_word' id='word_1_818' title='bbox 1850 4600 1859 4613; x_wconf 63' lang='grc' dir='ltr'><strong><em>ί</em></strong></span> <span class='ocrx_word' id='word_1_819' title='bbox 1947 4588 2050 4643; x_wconf 89' lang='lat' dir='ltr'><strong>illis</strong></span> <span class='ocrx_word' id='word_1_820' title='bbox 2080 4593 2405 4661; x_wconf 88' lang='lat' dir='ltr'><strong>temporibus</strong></span> <span class='ocrx_word' id='word_1_821' title='bbox 2433 4596 2779 4666; x_wconf 86' lang='lat' dir='ltr'><strong>repetebant,</strong></span> <span class='ocrx_word' id='word_1_822' title='bbox 2801 4602 3044 4658; x_wconf 87' lang='lat' dir='ltr'><strong>eamdem</strong></span> <span class='ocrx_word' id='word_1_823' title='bbox 3070 4609 3274 4661; x_wconf 88' lang='lat' dir='ltr'><strong>veniam</strong></span> <span class='ocrx_word' id='word_1_824' title='bbox 3298 4588 3520 4680; x_wconf 73' lang='lat' dir='ltr'><strong>promer</strong></span> 
     </span>
    </p>
   </div>
   <div class='ocr_carea' id='block_1_109' title="bbox 1934 4680 3519 4772">
    <p class='ocr_par' dir='ltr' id='par_1_109' title="bbox 1934 4680 3519 4772">
     <span class='ocr_line' id='line_1_109' title="bbox 1934 4680 3519 4772; baseline 0.015 -38"><span class='ocrx_word' id='word_1_825' title='bbox 1934 4680 2255 4738; x_wconf 76' lang='lat' dir='ltr'><strong>cbaritatem</strong></span> <span class='ocrx_word' id='word_1_826' title='bbox 2282 4684 2497 4739; x_wconf 86' lang='lat' dir='ltr'><strong>unitatis</strong></span> <span class='ocrx_word' id='word_1_827' title='bbox 2524 4688 2883 4756; x_wconf 86' lang='lat' dir='ltr'><strong>merebantur,</strong></span> <span class='ocrx_word' id='word_1_828' title='bbox 2903 4706 3060 4762; x_wconf 83' lang='lat' dir='ltr'><strong>quam</strong></span> <span class='ocrx_word' id='word_1_829' title='bbox 3083 4702 3339 4755; x_wconf 82' lang='lat' dir='ltr'><strong>meruisse</strong></span> <span class='ocrx_word' id='word_1_830' title='bbox 3362 4717 3519 4772; x_wconf 72' lang='grc' dir='ltr'>ιιι-«ηι-</span> 
     </span>
    </p>
   </div>
   <div class='ocr_carea' id='block_1_110' title="bbox 1946 4775 3517 4860">
    <p class='ocr_par' dir='ltr' id='par_1_110' title="bbox 1946 4775 3517 4860">
     <span class='ocr_line' id='line_1_110' title="bbox 1946 4775 3517 4860; baseline 0.013 -32"><span class='ocrx_word' id='word_1_831' title='bbox 1946 4783 2026 4829; x_wconf 87' lang='lat' dir='ltr'><strong>ter</strong></span> <span class='ocrx_word' id='word_1_832' title='bbox 2046 4775 2305 4845; x_wconf 87' lang='lat' dir='ltr'><strong>ejusmodi</strong></span> <span class='ocrx_word' id='word_1_833' title='bbox 2332 4779 2644 4833; x_wconf 88' lang='lat' dir='ltr'><strong>cbaritatent</strong></span> <span class='ocrx_word' id='word_1_834' title='bbox 2666 4783 2892 4838; x_wconf 87' lang='lat' dir='ltr'><strong>credidit</strong></span> <span class='ocrx_word' id='word_1_835' title='bbox 2918 4786 3215 4856; x_wconf 89' lang='lat' dir='ltr'><strong>Cyprianus</strong></span> <span class='ocrx_word' id='word_1_836' title='bbox 3239 4807 3353 4855; x_wconf 84' lang='lat' dir='ltr'><strong>eos,</strong></span> <span class='ocrx_word' id='word_1_837' title='bbox 3384 4810 3517 4860; x_wconf 66' lang='lat' dir='ltr'><strong>quos</strong></span> 
     </span>
    </p>
   </div>
   <div class='ocr_carea' id='block_1_111' title="bbox 1945 4868 3520 4953">
    <p class='ocr_par' dir='ltr' id='par_1_111' title="bbox 1945 4868 3520 4953">
     <span class='ocr_line' id='line_1_111' title="bbox 1945 4868 3520 4953; baseline 0.008 -31"><span class='ocrx_word' id='word_1_838' title='bbox 1945 4868 2061 4923; x_wconf 84' lang='lat' dir='ltr'><strong>sine</strong></span> <span class='ocrx_word' id='word_1_839' title='bbox 2086 4869 2358 4939; x_wconf 87' lang='lat' dir='ltr'><strong>Baptismo</strong></span> <span class='ocrx_word' id='word_1_840' title='bbox 2377 4871 2639 4929; x_wconf 87' lang='lat' dir='ltr'><strong>admissos</strong></span> <span class='ocrx_word' id='word_1_841' title='bbox 2666 4890 2787 4930; x_wconf 85' lang='lat' dir='ltr'><strong>esse</strong></span> <span class='ocrx_word' id='word_1_842' title='bbox 2813 4877 3104 4933; x_wconf 84' lang='lat' dir='ltr'><strong>arbitratus</strong></span> <span class='ocrx_word' id='word_1_843' title='bbox 3123 4889 3224 4934; x_wconf 89' lang='lat' dir='ltr'><strong>est.</strong></span> <span class='ocrx_word' id='word_1_844' title='bbox 3255 4883 3342 4937; x_wconf 90' lang='lat' dir='ltr'><strong>Isti</strong></span> <span class='ocrx_word' id='word_1_845' title='bbox 3391 4875 3520 4953; x_wconf 62' lang='lat' dir='ltr'><strong>ergo</strong></span> 
     </span>
    </p>
   </div>
   <div class='ocr_carea' id='block_1_112' title="bbox 1944 4962 3517 5038">
    <p class='ocr_par' dir='ltr' id='par_1_112' title="bbox 1944 4962 3517 5038">
     <span class='ocr_line' id='line_1_112' title="bbox 1944 4962 3517 5038; baseline 0.008 -22"><span class='ocrx_word' id='word_1_846' title='bbox 1944 4963 2034 5031; x_wconf 83' lang='lat' dir='ltr'><strong>qui</strong></span> <span class='ocrx_word' id='word_1_847' title='bbox 2059 4963 2200 5018; x_wconf 90' lang='lat' dir='ltr'><strong>nulla</strong></span> <span class='ocrx_word' id='word_1_848' title='bbox 2223 4962 2483 5018; x_wconf 82' lang='lat' dir='ltr'><strong>existente</strong></span> <span class='ocrx_word' id='word_1_849' title='bbox 2509 4980 2666 5020; x_wconf 88' lang='lat' dir='ltr'><strong>causa</strong></span> <span class='ocrx_word' id='word_1_850' title='bbox 2696 4966 3149 5038; x_wconf 86' lang='lat' dir='ltr'><strong>(quandoquidem</strong></span> <span class='ocrx_word' id='word_1_851' title='bbox 3168 5013 3186 5035; x_wconf 91' lang='lat'><strong>,</strong></span> <span class='ocrx_word' id='word_1_852' title='bbox 3215 4973 3352 5027; x_wconf 89' lang='lat' dir='ltr'><strong>sicut</strong></span> <span class='ocrx_word' id='word_1_853' title='bbox 3378 4975 3517 5028; x_wconf 84' lang='lat' dir='ltr'><strong>idem</strong></span> 
     </span>
    </p>
   </div>
   <div class='ocr_carea' id='block_1_113' title="bbox 1945 5048 3519 5124">
    <p class='ocr_par' dir='ltr' id='par_1_113' title="bbox 1945 5048 3519 5124">
     <span class='ocr_line' id='line_1_113' title="bbox 1945 5048 3519 5124; baseline 0.006 -15"><span class='ocrx_word' id='word_1_854' title='bbox 1945 5054 2243 5124; x_wconf 83' lang='lat' dir='ltr'><strong>Cyprianus</strong></span> <span class='ocrx_word' id='word_1_855' title='bbox 2266 5054 2533 5117; x_wconf 85' lang='lat' dir='ltr'><strong>ostendit,</strong></span> <span class='ocrx_word' id='word_1_856' title='bbox 2565 5057 2687 5110; x_wconf 89' lang='lat' dir='ltr'><strong>mali</strong></span> <span class='ocrx_word' id='word_1_857' title='bbox 2715 5048 2946 5112; x_wconf 56' lang='lat' dir='ltr'><strong>bouis&#39;in</strong></span> <span class='ocrx_word' id='word_1_858' title='bbox 2976 5060 3178 5116; x_wconf 89' lang='lat' dir='ltr'><strong>unitate</strong></span> <span class='ocrx_word' id='word_1_859' title='bbox 3200 5063 3390 5119; x_wconf 87' lang='lat' dir='ltr'><strong>obesse</strong></span> <span class='ocrx_word' id='word_1_860' title='bbox 3413 5082 3519 5119; x_wconf 88' lang='lat' dir='ltr'><strong>non</strong></span> 
     </span>
    </p>
   </div>
   <div class='ocr_carea' id='block_1_114' title="bbox 1946 5126 3525 5223">
    <p class='ocr_par' dir='ltr' id='par_1_114' title="bbox 1946 5126 3525 5223">
     <span class='ocr_line' id='line_1_114' title="bbox 1946 5126 3525 5223; baseline 0.007 -23"><span class='ocrx_word' id='word_1_861' title='bbox 1946 5145 2188 5217; x_wconf 86' lang='lat' dir='ltr'><strong>possunt)</strong></span> <span class='ocrx_word' id='word_1_862' title='bbox 2214 5160 2272 5201; x_wconf 88' lang='lat' dir='ltr'><strong>se</strong></span> <span class='ocrx_word' id='word_1_863' title='bbox 2288 5148 2356 5201; x_wconf 89' lang='lat' dir='ltr'><strong>ab</strong></span> <span class='ocrx_word' id='word_1_864' title='bbox 2370 5147 2606 5216; x_wconf 83' lang='lat' dir='ltr'><strong>ejusdem</strong></span> <span class='ocrx_word' id='word_1_865' title='bbox 2634 5150 2848 5205; x_wconf 88' lang='lat' dir='ltr'><strong>unitatis</strong></span> <span class='ocrx_word' id='word_1_866' title='bbox 2863 5126 3125 5208; x_wconf 75' lang='lat' dir='ltr'><strong>cbaritate</strong></span> <span class='ocrx_word' id='word_1_867' title='bbox 3146 5155 3496 5223; x_wconf 69' lang='lat' dir='ltr'><strong>prateideruut</strong></span> <span class='ocrx_word' id='word_1_868' title='bbox 3512 5205 3525 5221; x_wconf 86' lang='grc'><em>,</em></span> 
     </span>
    </p>
   </div>
   <div class='ocr_carea' id='block_1_115' title="bbox 1946 5238 3521 5314">
    <p class='ocr_par' dir='ltr' id='par_1_115' title="bbox 1946 5238 3521 5314">
     <span class='ocr_line' id='line_1_115' title="bbox 1946 5238 3521 5314; baseline 0.006 -22"><span class='ocrx_word' id='word_1_869' title='bbox 1946 5238 2118 5292; x_wconf 87' lang='lat' dir='ltr'><strong>locum</strong></span> <span class='ocrx_word' id='word_1_870' title='bbox 2139 5238 2313 5291; x_wconf 87' lang='lat' dir='ltr'><strong>omnis</strong></span> <span class='ocrx_word' id='word_1_871' title='bbox 2339 5238 2507 5293; x_wconf 77' lang='lat' dir='ltr'><strong>venia:</strong></span> <span class='ocrx_word' id='word_1_872' title='bbox 2539 5239 2886 5307; x_wconf 84' lang='lat' dir='ltr'><strong>perdiderunt</strong></span> <span class='ocrx_word' id='word_1_873' title='bbox 2914 5260 2930 5298; x_wconf 94' lang='lat'><strong>:</strong></span> <span class='ocrx_word' id='word_1_874' title='bbox 2960 5253 3014 5298; x_wconf 88' lang='lat' dir='ltr'><strong>et</strong></span> <span class='ocrx_word' id='word_1_875' title='bbox 3041 5246 3129 5312; x_wconf 88' lang='lat' dir='ltr'><strong>qui</strong></span> <span class='ocrx_word' id='word_1_876' title='bbox 3162 5246 3277 5314; x_wconf 88' lang='lat' dir='ltr'><strong>ipso</strong></span> <span class='ocrx_word' id='word_1_877' title='bbox 3316 5248 3521 5302; x_wconf 84' lang='lat' dir='ltr'><strong>scelere</strong></span> 
     </span>
    </p>
   </div>
   <div class='ocr_carea' id='block_1_116' title="bbox 1946 5329 3517 5403">
    <p class='ocr_par' dir='ltr' id='par_1_116' title="bbox 1946 5329 3517 5403">
     <span class='ocr_line' id='line_1_116' title="bbox 1946 5329 3517 5403; baseline 0.006 -21"><span class='ocrx_word' id='word_1_878' title='bbox 1946 5329 2245 5384; x_wconf 87' lang='lat' dir='ltr'><strong>schismatis</strong></span> <span class='ocrx_word' id='word_1_879' title='bbox 2277 5330 2595 5396; x_wconf 89' lang='lat' dir='ltr'><strong>interirent,</strong></span> <span class='ocrx_word' id='word_1_880' title='bbox 2636 5332 2843 5387; x_wconf 65' lang='lat' dir='ltr'><strong>etianni</strong></span> <span class='ocrx_word' id='word_1_881' title='bbox 2891 5344 3013 5403; x_wconf 88' lang='lat' dir='ltr'><strong>post</strong></span> <span class='ocrx_word' id='word_1_882' title='bbox 3053 5336 3381 5391; x_wconf 80' lang='lat' dir='ltr'><strong>Catholicam</strong></span> <span class='ocrx_word' id='word_1_883' title='bbox 3412 5354 3517 5391; x_wconf 82' lang='lat' dir='ltr'><strong>non</strong></span> 
     </span>
    </p>
   </div>
   <div class='ocr_carea' id='block_1_117' title="bbox 1947 5419 3516 5495">
    <p class='ocr_par' dir='ltr' id='par_1_117' title="bbox 1947 5419 3516 5495">
     <span class='ocr_line' id='line_1_117' title="bbox 1947 5419 3516 5495; baseline 0.007 -23"><span class='ocrx_word' id='word_1_884' title='bbox 1947 5419 2375 5488; x_wconf 79' lang='lat' dir='ltr'><strong>rebaptizarent;</strong></span> <span class='ocrx_word' id='word_1_885' title='bbox 2418 5432 2619 5489; x_wconf 88' lang='lat' dir='ltr'><strong>quanto</strong></span> <span class='ocrx_word' id='word_1_886' title='bbox 2661 5424 2918 5493; x_wconf 88' lang='lat' dir='ltr'><strong>supplicio</strong></span> <span class='ocrx_word' id='word_1_887' title='bbox 2946 5426 3089 5495; x_wconf 80' lang='lat' dir='ltr'><strong>digni</strong></span> <span class='ocrx_word' id='word_1_888' title='bbox 3135 5436 3288 5489; x_wconf 86' lang='lat' dir='ltr'><strong>sunt,</strong></span> <span class='ocrx_word' id='word_1_889' title='bbox 3320 5429 3407 5494; x_wconf 84' lang='lat' dir='ltr'><strong>qui</strong></span> <span class='ocrx_word' id='word_1_890' title='bbox 3437 5431 3516 5483; x_wconf 69' lang='lat' dir='ltr'><strong>vel</strong></span> 
     </span>
    </p>
   </div>
   <div class='ocr_carea' id='block_1_118' title="bbox 1947 5509 3521 5582">
    <p class='ocr_par' dir='ltr' id='par_1_118' title="bbox 1947 5509 3521 5582">
     <span class='ocr_line' id='line_1_118' title="bbox 1947 5509 3521 5582; baseline 0.01 -22"><span class='ocrx_word' id='word_1_891' title='bbox 1947 5509 2085 5576; x_wconf 84' lang='lat' dir='ltr'><strong>quod</strong></span> <span class='ocrx_word' id='word_1_892' title='bbox 2107 5523 2200 5563; x_wconf 85' lang='lat' dir='ltr'><strong>eos</strong></span> <span class='ocrx_word' id='word_1_893' title='bbox 2230 5524 2334 5563; x_wconf 89' lang='lat' dir='ltr'><strong>non</strong></span> <span class='ocrx_word' id='word_1_894' title='bbox 2362 5511 2559 5567; x_wconf 83' lang='lat' dir='ltr'><strong>habere</strong></span> <span class='ocrx_word' id='word_1_895' title='bbox 2585 5512 2881 5582; x_wconf 83' lang='lat' dir='ltr'><strong>Cyprianus</strong></span> <span class='ocrx_word' id='word_1_896' title='bbox 2901 5515 3127 5570; x_wconf 75' lang='lat' dir='ltr'><strong>afﬁrmat</strong></span> <span class='ocrx_word' id='word_1_897' title='bbox 3147 5557 3161 5582; x_wconf 92' lang='lat'><strong>,</strong></span> <span class='ocrx_word' id='word_1_898' title='bbox 3205 5517 3521 5576; x_wconf 83' lang='lat' dir='ltr'><strong>habentibus</strong></span> 
     </span>
    </p>
   </div>
   <div class='ocr_carea' id='block_1_119' title="bbox 2013 5681 2904 5745">
    <p class='ocr_par' dir='ltr' id='par_1_119' title="bbox 2013 5681 2904 5745">
     <span class='ocr_line' id='line_1_119' title="bbox 2013 5681 2904 5745; baseline 0.009 -18"><span class='ocrx_word' id='word_1_899' title='bbox 2013 5682 2027 5711; x_wconf 76' lang='grc'><strong><em>³</em></strong></span> <span class='ocrx_word' id='word_1_900' title='bbox 2057 5688 2241 5745; x_wconf 50' lang='grc' dir='ltr'><strong>Ιιίιλᾷςς.</strong></span> <span class='ocrx_word' id='word_1_901' title='bbox 2267 5688 2320 5729; x_wconf 80' lang='lat' dir='ltr'><strong>At</strong></span> <span class='ocrx_word' id='word_1_902' title='bbox 2344 5681 2478 5745; x_wconf 81' lang='lat' dir='ltr'><strong>editi,</strong></span> <span class='ocrx_word' id='word_1_903' title='bbox 2510 5684 2904 5745; x_wconf 63' lang='lat' dir='ltr'><strong>suscipirlmttur.</strong></span> 
     </span>
    </p>
   </div>
   <div class='ocr_carea' id='block_1_120' title="bbox 2012 5742 3519 5816">
    <p class='ocr_par' dir='ltr' id='par_1_120' title="bbox 2012 5742 3519 5816">
     <span class='ocr_line' id='line_1_120' title="bbox 2012 5742 3519 5816; baseline 0.01 -30"><span class='ocrx_word' id='word_1_904' title='bbox 2012 5744 2031 5771; x_wconf 65' lang='grc'><strong>9</strong></span> <span class='ocrx_word' id='word_1_905' title='bbox 2057 5743 2190 5797; x_wconf 74' lang='grc' dir='ltr'><strong>1·Ῐι]ἰιί,</strong></span> <span class='ocrx_word' id='word_1_906' title='bbox 2224 5751 2269 5816; x_wconf 55' lang='lat' dir='ltr'><strong>et</strong></span> <span class='ocrx_word' id='word_1_907' title='bbox 2293 5757 2383 5793; x_wconf 77' lang='lat' dir='ltr'><strong>non</strong></span> <span class='ocrx_word' id='word_1_908' title='bbox 2415 5742 3100 5811; x_wconf 53' lang='lat' dir='ltr'><strong>intryrafondssa1articula.</strong></span> <span class='ocrx_word' id='word_1_909' title='bbox 3135 5751 3202 5812; x_wconf 87' lang='lat' dir='ltr'><strong>in,</strong></span> <span class='ocrx_word' id='word_1_910' title='bbox 3229 5766 3336 5816; x_wconf 79' lang='lat' dir='ltr'><strong>quze</strong></span> <span class='ocrx_word' id='word_1_911' title='bbox 3363 5765 3438 5805; x_wconf 75' lang='lat' dir='ltr'><strong>est</strong></span> <span class='ocrx_word' id='word_1_912' title='bbox 3476 5756 3519 5804; x_wconf 79' lang='lat' dir='ltr'><strong>ia</strong></span> 
     </span>
    </p>
   </div>
   <div class='ocr_carea' id='block_1_121' title="bbox 1950 5810 2296 5864">
    <p class='ocr_par' dir='ltr' id='par_1_121' title="bbox 1950 5810 2296 5864">
     <span class='ocr_line' id='line_1_121' title="bbox 1950 5810 2296 5864; baseline 0 -15"><span class='ocrx_word' id='word_1_913' title='bbox 1950 5816 2182 5851; x_wconf 81' lang='lat' dir='ltr'><strong>ntauttset&#39;t</strong></span> <span class='ocrx_word' id='word_1_914' title='bbox 2189 5810 2296 5864; x_wconf 82' lang='lat' dir='ltr'><strong>ptis.</strong></span> 
     </span>
    </p>
   </div>
  </div>
