4028 6202
443 366 540 419 I70

437 484 711 538 catholicis
757 481 883 536 dare
909 489 1168 534 conantur
1187 518 1201 540 ,
1236 480 1341 543 vel,
1363 479 1499 533 sicut
1527 479 1638 548 ipsa
1678 492 1764 532 res
1791 477 2015 531 manife-

439 586 568 636 stat,
590 574 729 644 quod
762 583 814 626 et
840 571 936 642 ipsi
967 570 1182 634 habent,
1214 586 1318 622 non
1349 569 1545 624 habere
1571 568 2018 624 Catholimmcri-

439 666 747 720 mittantur?

509 754 732 809 CAPUT
773 753 858 804 ιν.
888 783 958 792 -
984 753 1039 806 4.
1065 749 1168 807 Sed
1204 751 1325 821 quia
1355 765 1513 813 nunc,
1554 759 1610 804 ut
1635 750 1814 805 dicere
1840 765 2016 820 cmpe-

444 864 576 910 ram,
615 863 733 901 cum
770 847 1014 918 Cypriani
1044 846 1234 900 litteris
1275 843 1617 899 sermocinari
1658 843 2012 907 instituimus;

445 953 568 998 non,
601 946 659 990 ut
687 937 935 1004 arbitror,
968 938 1127 991 etiam
1159 936 1253 1001 illi,
1281 936 1326 990 si
1352 934 1582 998 adesset,
1624 933 1832 987 viderer
1859 936 2017 991 verti-

444 1031 631 1082 uuciler
656 1039 804 1098 atque
845 1028 1088 1084 obstinate
1125 1038 1299 1082 contra
1341 1028 1522 1096 fratres
1563 1038 1608 1080 et
1645 1027 2020 1080 consacerdotes

445 1138 532 1183 pro
560 1120 803 1173 lueretiris
831 1119 1067 1172 rcluctari
1087 1161 1101 1184 ,
1147 1134 1266 1172 cum
1298 1119 1561 1187 acciperet
1600 1127 1741 1172 tanta
1779 1118 1872 1170 ista
1901 1133 2020 1187 quae

445 1228 475 1263 n
501 1227 540 1264 is
561 1220 797 1273 moveut,
821 1212 1098 1265 enretiam
1124 1211 1260 1279 apud
1291 1210 1568 1264 luereticos
1590 1211 1640 1264 in
1667 1226 1762 1264 suo
1789 1210 2020 1279 maligno

444 1318 625 1356 errore
662 1317 972 1370 perversos,
1010 1303 1336 1372 Baptismum
1366 1313 1538 1356 tamen
1585 1301 1780 1357 Christi
1821 1318 1916 1372 per
1959 1316 2019 1357 se

447 1393 615 1459 ipsum
664 1393 1161 1447 reverendissimum
1209 1394 1225 1424 ¹
1263 1401 1420 1461 atque
1461 1392 1852 1447 sanctissimum
1900 1407 2019 1448 esse

447 1497 603 1549 posse
628 1482 925 1536 credamus.
968 1482 1210 1552 Cumque
1234 1491 1286 1536 et
1317 1484 1428 1551 ipse
1459 1491 1712 1548 testetur,
1743 1483 1894 1552 cujus
1920 1497 2020 1537 no-

449 1575 529 1626 bis
557 1572 910 1626 testimonium
940 1572 1189 1642 ponderis
1220 1573 1394 1643 magni
1429 1583 1543 1637 est,
1583 1574 1661 1627 sic
1698 1588 1791 1628 eos
1815 1573 2022 1628 admitti

447 1665 501 1718 in
531 1663 852 1732 prmteritum
894 1663 1080 1718 solitos
1111 1683 1124 1718 :
1155 1663 1394 1734 quisquis
1437 1667 1551 1732 ejus
1587 1678 1837 1718 sermone
1877 1679 2024 1718 com-

447 1764 619 1810 motus
644 1797 659 1822 ,
698 1756 976 1810 ltazreticos
1012 1756 1186 1808 denuo
1224 1755 1566 1824 baptizandos
1591 1769 1712 1810 esse
1738 1770 1843 1808 non
1870 1754 2025 1809 dubi-

448 1857 554 1912 tat;
587 1863 681 1902 eos
707 1848 896 1915 quibus
936 1847 1036 1901 hoc
1063 1854 1282 1914 promer
1325 1854 1469 1899 tanta
1506 1862 1624 1914 qua:
1651 1846 2023 1900 contradicun-

449 1949 553 2003 tur,
586 1939 816 1992 nondum
851 1951 1159 2007 persuasum
1187 1946 1288 2002 est,
1323 1937 1453 1990 tales
1481 1951 1600 1990 esse
1623 1936 1860 2006 deputet,
1889 1952 2022 2005 qua-

450 2031 526 2084 les
557 2030 606 2083 in
637 2029 961 2100 praeteritum
1003 2027 1240 2091 fuerunt,
1282 2028 1369 2096 qui
1407 2026 1698 2096 baptizatos
1741 2025 1792 2080 in
1835 2027 2021 2080 haeresi

449 2123 562 2176 solo
591 2122 805 2191 proprio
843 2135 1025 2175 errore
1060 2129 1300 2173 correcto
1329 2117 1638 2186 simpliciter
1669 2116 2020 2181 admiSerunt,

449 2223 501 2266 et
525 2229 644 2265 cum
671 2213 745 2265 eis
778 2227 871 2279 per
895 2211 1110 2264 unitatis
1135 2209 1398 2263 vinculum
1425 2208 1553 2262 salvi
1575 2223 1694 2263 esse
1719 2217 2020 2278 potuerunt.

448 2302 694 2370 Quisquis
711 2313 885 2356 autem
907 2312 957 2355 et
979 2301 1046 2354 de
1063 2299 1326 2369 praeterita
1347 2299 1598 2354 Ecclesia:
1618 2298 2020 2362 consuetudine,

453 2403 506 2446 et
534 2392 598 2446 de
626 2391 920 2461 posteriore
950 2392 1138 2445 robore
1161 2389 1378 2458 plenarii
1401 2389 1632 2455 coocilii,
1655 2399 1708 2442 et
1736 2398 1814 2443 tot
1835 2390 2024 2443 tantis-

449 2503 554 2554 que
599 2465 898 2540 sanctarum
943 2484 1332 2552 Scripturarutn
1379 2481 1732 2548 testimoniis,
1763 2490 1817 2536 et
1861 2481 2024 2551 ipsius

448 2578 694 2650 Cypriani
726 2579 906 2631 multis
931 2577 1264 2631 documentis
1284 2619 1297 2640 ,
1334 2583 1388 2630 et
1417 2574 1707 2644 perspicuis
1731 2574 2026 2628 rationibus

451 2669 706 2732 veritatis,
738 2668 980 2738 intelligit
1007 2667 1200 2722 Christi
1234 2668 1558 2738 Baptismum
1591 2666 1764 2721 verbis
1788 2681 2024 2734 evange-

451 2760 565 2814 licis
589 2767 955 2813 consecratum
989 2774 1092 2812 non
1121 2758 1230 2812 ﬁeri
1252 2759 1531 2828 cujuslibet
1556 2755 1786 2811 hominis
1811 2773 2027 2826 perver-

448 2851 604 2903 sitate
634 2864 982 2919 perversum;
1027 2849 1214 2902 eodem
1262 2848 1476 2902 unitatis
1515 2847 1724 2901 vinculo
1771 2847 2027 2918 intelligat

449 2940 625 2992 salvos
646 2954 764 2993 esse
789 2939 1044 3008 potuisse,
1068 2939 1260 3008 quibus
1285 2937 1424 2992 aliud
1452 2937 1597 2990 salva
1623 2936 1880 2992 eltaritate
1900 2945 2027 2992 tunc

449 3031 616 3084 visum
653 3040 736 3085 est
769 3048 781 3083 :
817 3045 879 3084 ac
911 3046 1003 3098 per
1031 3029 1132 3082 hoc
1159 3029 1319 3082 simul
1355 3037 1564 3097 oportet
1595 3027 1850 3096 intelligat
1875 3067 1889 3093 ,
1932 3041 2026 3081 eos

447 3137 581 3191 quos
611 3121 753 3176 nulla
779 3122 997 3184 zizania,
1032 3121 1170 3174 nulla
1203 3121 1348 3189 palea
1369 3161 1384 3186 ,
1417 3121 1459 3174 si
1492 3120 1588 3188 ipsi
1618 3119 1876 3173 frumenta
1899 3135 2026 3185 esse

447 3213 780 3279 voluissent,
818 3214 869 3266 in
915 3212 1169 3267 societate
1200 3212 1453 3266 Ecclesia:
1498 3220 1610 3265 toto
1651 3212 1780 3266 orbe
1815 3211 2025 3268 diffusa:

449 3311 695 3371 poterant
735 3303 1001 3356 maculare
1025 3344 1038 3365 ,
1067 3310 1121 3355 et
1147 3302 1265 3357 ideo
1294 3302 1434 3356 nulla
1461 3301 1720 3357 existente
1752 3319 1908 3358 causa
1938 3304 2024 3358 di-

447 3393 604 3446 .vortii
644 3395 664 3424 '
701 3407 760 3446 se
800 3392 867 3445 ab
908 3392 1096 3447 eodem
1137 3393 1351 3448 unitatis
1395 3393 1606 3447 vinculo
1644 3393 2021 3463 disruperunt;

455 3485 728 3553 quodlibet
757 3485 964 3538 illorum
991 3485 1219 3539 duorum
1260 3500 1442 3538 verum
1473 3485 1571 3549 sit,
1613 3485 1725 3539 sive
1754 3484 1892 3554 quod
1923 3484 2025 3555 Cy-

456 3573 672 3644 pi‘ianus
701 3584 822 3629 tunc
852 3579 1045 3638 sensit,
1073 3575 1186 3630 sive
1213 3575 1353 3645 quod
1391 3575 1679 3630 Catholica:
1708 3575 2025 3629 universitas

450 3667 590 3722 unde
618 3668 708 3722 ille
734 3683 839 3722 non
868 3668 1090 3722 recessit
1114 3668 1368 3734 obtinuit;
1389 3668 1515 3722 foris
1537 3668 1869 3737 apertissime
1897 3683 2024 3722 con-

446 3761 659 3814 stitutos
688 3761 739 3814 itt
769 3760 1050 3814 manifesto
1075 3759 1351 3829 sacrilegio
1377 3757 1676 3814 schismatis
1703 3759 1878 3813 salvos
1905 3774 2025 3814 esse

448 3865 554 3905 non
583 3866 757 3920 posse,
782 3860 834 3904 et
860 3851 1035 3904 omnia
1055 3867 1173 3921 qme
1197 3851 1392 3905 habent
1410 3852 1477 3905 de
1498 3850 1688 3904 divinis
1709 3850 2025 3904 Sacramen-

445 3942 516 3997 tis
543 3951 597 3996 et
631 3942 950 3996 liberalitate.
979 3943 1134 3995 unius
1164 3941 1384 4010 legitimi
1423 3942 1564 4005 viri,
1605 3941 1852 4011 quamdiu
1894 3943 2024 3995 tales

447 4041 589 4096 sunt,
623 4031 688 4086 ad
717 4047 901 4086 eorum
931 4031 1294 4086 confusionem
1323 4032 1496 4099 potius
1523 4043 1678 4100 quam
1703 4031 1770 4085 ad
1797 4032 2022 4085 salutem

445 4125 642 4180 valere.

514 4213 740 4268 CAPUT
778 4213 842 4267 V.
881 4243 954 4254 ——
981 4215 1034 4267 5.
1064 4211 1320 4278 Quocirca
1346 4212 1551 4267 etiamsi
1591 4228 1719 4268 vere
1747 4223 2024 4284 propterea

448 4305 652 4358 vellent
676 4303 909 4358 haeretici
940 4311 1182 4358 correclo
1207 4320 1388 4358 errore
1408 4305 1588 4359 venire
1611 4305 1676 4360 ad
1704 4306 2020 4373 Ecelesiam,

446 4395 569 4463 quia
613 4404 859 4464 putarent
899 4411 957 4450 se
983 4394 1307 4464 Baptismum
1339 4411 1442 4449 non
1475 4396 1670 4451 habere
1709 4397 1806 4451 nisi
1844 4397 1893 4450 in
1924 4396 2022 4452 Ca-

445 4486 639 4540 tholica
661 4485 998 4554 acciperent;
1029 4501 1126 4539 nec
1151 4487 1227 4540 sic
1250 4487 1326 4541 eis
1353 4487 1669 4542 deberemus
1695 4487 1759 4540 ad
1792 4488 2026 4541 iteratio-

451 4592 572 4630 nem
600 4576 852 4645 Baptismi
883 4577 1217 4642 consentire,
1244 4577 1338 4631 sed
1370 4579 1545 4646 potius
1570 4577 1793 4632 docendi
1821 4587 2020 4645 essent,

449 4685 548 4725 nec
616 4670 970 4739 integritatem
1046 4671 1296 4738 Baptismi
1368 4670 1619 4739 prodesse
1694 4672 2022 4740 perversitati

447 4774 656 4825 eormn,
681 4761 724 4813 si
749 4761 938 4828 corrigi
962 4761 1155 4814 nollent
1178 4777 1193 4823 ;
1224 4777 1319 4814 nec
1339 4776 1520 4813 eorum
1548 4763 1890 4829 perversitate
1913 4762 2026 4815 vio-

451 4855 612 4908 latum
637 4852 796 4908 fuisse
819 4854 1077 4923 integrum
1106 4854 1392 4922 Baptisma,
1420 4855 1672 4923 quamdiu
1701 4854 1889 4923 corrigi
1923 4870 2021 4908 no-

401 4929 413 4992 ξ
449 4945 694 5007 luerunt;
730 4958 826 4997 nec
851 4945 969 5012 quia
995 4945 1186 5014 corrigi
1212 4944 1416 5009 volunt,
1449 4945 1638 5000 melius
1667 4945 1718 4998 in
1745 4947 1820 4999 eis
1850 4945 2024 5013 Bapti-

398 5020 404 5025 .
445 5051 558 5090 sma
597 5035 710 5090 fieri
746 5053 758 5087 :
794 5034 885 5089 sed
925 5022 1130 5104 ipsos°a
1172 5035 1500 5104 malignitate
1537 5036 1811 5090 discedere
1835 5076 1850 5101 ,
1898 5035 2022 5090 illttd

448 5136 624 5181 autem
656 5127 889 5196 incipere
914 5126 1021 5194 jam
1053 5126 1308 5195 prodesse
1335 5126 1400 5180 ad
1429 5127 1674 5193 salutem,
1707 5127 1845 5195 quod
1879 5127 2023 5195 prius

445 5227 618 5273 merat
641 5219 706 5270 ad
739 5217 1048 5288 perniciem.
1079 5217 1201 5271 llaec
1225 5219 1368 5272 enim
1397 5217 1682 5280 discentes,
1713 5227 1768 5272 et
1796 5218 2021 5272 salutem

443 5311 496 5365 in
531 5309 794 5365 catholica
818 5309 1022 5363 unitate
1047 5309 1444 5377 desiderabnnt,
1476 5319 1530 5363 et
1557 5324 1709 5364 smun
1737 5325 1856 5365 esse
1881 5313 2021 5380 quod

445 5402 642 5457 Christi
670 5409 753 5456 est
781 5415 885 5454 non
914 5400 1326 5466 existimabunt,
1355 5410 1408 5456 et
1446 5401 1682 5455 veritatis
1710 5402 2024 5457 Sacramen-

449 5503 581 5556 ttnn,
610 5492 850 5563 quamvis
877 5493 928 5544 in
955 5507 1014 5546 se
1045 5493 1294 5562 positum,
1327 5507 1445 5546 cum
1472 5508 1654 5548 errore
1682 5494 1894 5563 proprio
1917 5509 2021 5549 non

447 5585 760 5639 miscebunt.

512 5739 525 5767 ²
557 5743 652 5782 Am.
679 5745 724 5785 et
749 5744 876 5795 Mss,
902 5738 1345 5790 reverentissimum.

509 5799 529 5828 ι
553 5805 667 5858 tox,
695 5797 897 5860 divortii,
919 5805 1055 5850 abest
1075 5815 1100 5850 a
1125 5804 1286 5864 proba:
1313 5807 1438 5851 notae
1460 5809 1562 5850 Mss.

1181 357 1266 410 DE
1310 355 1644 410 BAPTISMO
1681 354 1952 410 CONTRA
1988 351 2437 422 DONATISTAS,
2480 359 2535 414 S.
2581 360 2942 416 AUGUSTINI

3586 367 3690 421 180

2197 478 2249 531 6.
2296 478 2410 534 Iluc
2441 482 2665 546 accedit,
2707 483 2830 552 quia
2875 484 2952 539 sic
2997 483 3238 539 homines
3273 486 3476 541 occulta
3520 489 3702 544 nescio

2122 583 2223 638 qua
2255 568 2596 639 inspiratione
2627 573 2718 626 Dei
2748 573 3077 629 detestantur
3097 617 3110 639 ,
3141 577 3184 630 si
3218 578 3338 644 quis
3369 579 3558 632 iterum
3598 580 3698 634 Ba-

2125 662 2374 729 ptismum
2405 665 2656 734 accipiat,
2695 681 2853 736 quem
2882 667 3197 736 ubicumque
3234 669 3658 740 jamacccperat
3678 714 3698 740 ,

2125 759 2182 804 ut
2230 751 2387 806 iidem
2431 754 2527 822 ipsi
2571 755 2807 811 haeretici
2859 771 2981 812 cum
3031 759 3151 812 inde
3195 760 3502 828 disputant,
3553 761 3702 817 fron-

2127 852 2230 895 tem
2281 841 2596 912 conl’ricent,
2652 855 2706 900 et
2755 862 2923 917 prope
2968 864 3155 904 omnes
3205 866 3392 905 eorum
3444 853 3561 909 laici
3611 855 3703 922 qui

2124 932 2260 1000 apud
2315 948 2408 989 eos
2465 935 2934 1006 inveteraverunt,
2990 948 3046 994 et
3103 940 3398 995 animosam
3467 945 3704 1010 pertina-

2123 1023 2259 1078 ciam
2299 1024 2554 1080 adversus
2596 1026 2922 1083 Catholicam
2967 1042 3348 1100 conceperunt,
3388 1032 3490 1086 hoc
3529 1034 3702 1087 solum

2126 1114 2234 1169 illic
2271 1115 2371 1170 sibi
2413 1114 2698 1186 displicere
2727 1117 2994 1174 fateantur
3021 1136 3035 1173 :
3067 1129 3122 1174 et
3160 1121 3308 1175 tuulti
3352 1122 3442 1190 qui
3488 1133 3705 1191 propter

2125 1203 2464 1274 adipiscenda
2507 1208 2679 1278 aliqua
2709 1210 2986 1264 commoda
3025 1211 3295 1265 smcularia
3321 1254 3336 1278 ,
3379 1213 3461 1265 vel
3499 1214 3703 1267 incom-

2124 1293 2282 1348 moda
2309 1294 2608 1360 devitanda,
2650 1299 2873 1352 transire
2897 1298 2962 1353 ad
3001 1314 3095 1355 eos
3124 1301 3326 1366 volunt,
3360 1302 3580 1366 occultis
3608 1319 3703 1356 co-

2124 1385 2336 1440 natibus
2378 1386 2652 1453 ambiant,
2696 1397 2753 1442 ut
2782 1387 2882 1442 hoc
2919 1389 2998 1444 eis
3040 1391 3189 1459 quasi
3226 1391 3476 1459 peculiari
3516 1402 3569 1448 et
3607 1392 3703 1446 do-

2126 1474 2347 1529 mestico
2405 1476 2664 1531 beneﬁcio
2702 1487 3023 1547 praestetur,
3072 1495 3140 1534 ne
3182 1479 3606 1549 rebaptizentur;
3647 1490 3703 1537 et

2128 1565 2368 1618 nonnulli
2420 1568 2630 1621 caneris
2680 1583 2864 1622 eorum
2924 1572 3074 1622 vanis
3129 1571 3398 1624 erroribus
3448 1581 3503 1626 ct
3554 1571 3703 1626 falsis

2127 1657 2588 1713 criminationibus
2616 1659 2871 1714 adversus
2907 1660 3223 1715 catholicam
3265 1662 3556 1718 Ecclesiam
3582 1679 3703 1720 cre-

2128 1747 2335 1814 dentes,
2365 1748 2469 1804 hoc
2494 1765 2600 1803 uno
2625 1761 2962 1814 revocentur,
2995 1761 3052 1805 ut
3079 1752 3157 1806 eis
3186 1753 3376 1807 sociari
3419 1755 3602 1820 nolint,
3635 1770 3706 1810 ne

2127 1839 2442 1909 rebaptizari
2468 1851 2740 1910 cogantur.
2770 1841 2935 1909 Quem
2959 1858 3194 1907 sensum,
3222 1842 3494 1898 hominum
3523 1847 3702 1900 omnia

2130 1932 2340 2000 penitus
2365 1931 2525 1986 corda
2565 1943 2908 2001 occupantem
2939 1933 3022 1988 isti
3054 1934 3340 1988 Donatista:
3370 1944 3702 2002 metuentes,

2128 2010 2428 2076 maluerunt
2467 2023 2704 2093 recipere
2737 2024 3064 2093 Baptismum
3090 2025 3177 2094 qui
3205 2024 3344 2095 apud
3369 2026 3706 2082 Maximiani-

2127 2124 2237 2168 stas
2261 2130 2394 2183 quos
2415 2115 2794 2170 damnaverant
2818 2117 2972 2171 datus
2995 2125 3095 2183 est,
3123 2127 3178 2174 et
3203 2133 3268 2173 eo
3296 2119 3452 2173 modo
3481 2121 3579 2174 sibi
3603 2121 3706 2175 lin-

2126 2223 2256 2278 guas
2284 2208 2594 2279 praecidere,
2623 2218 2678 2263 et
2705 2225 2797 2262 ora
2838 2211 3074 2280 oppilare
3097 2253 3112 2277 ,
3155 2228 3313 2281 quam
3343 2211 3519 2267 denuo
3545 2213 3708 2283 bapti-

2128 2317 2250 2354 zare
2281 2310 2357 2354 tot
2396 2299 2640 2354 homines
2685 2300 2982 2354 Mustitanm
3013 2302 3028 2332 ¹
3056 2310 3108 2354 ct
3138 2303 3462 2357 Assuritatue
3491 2313 3540 2358 et
3581 2305 3706 2358 alia-

2129 2407 2244 2444 rum
2275 2391 2540 2459 plcbium,
2569 2407 2700 2460 quas
2727 2406 2846 2444 eum
2887 2391 3154 2452 Felieiauo
3197 2401 3251 2447 et
3294 2393 3610 2448 Praetextato
3650 2404 3709 2449 et.

2127 2480 2336 2534 caeteris
2361 2495 2391 2533 a
2419 2495 2479 2534 se
2502 2479 2770 2535 damnatis
2798 2491 2852 2535 et
2887 2479 2951 2536 ad
2987 2495 3045 2536 se
3075 2482 3417 2538 redeuntibus
3456 2499 3708 2554 suscepe-

2128 2580 2270 2624 runt.
3709 2631 3722 2646 ι

2198 2662 2424 2718 CAPUT
2463 2663 2552 2718 Vl.
2583 2694 2652 2704 -—
2677 2665 2729 2718 7.
2760 2663 2891 2719 Cum
2916 2665 3056 2718 enim
3084 2664 3184 2719 hoc
3213 2681 3331 2719 raro
3356 2666 3411 2719 ﬁt
3445 2666 3496 2719 in
3527 2667 3710 2736 singu-

2128 2755 2192 2809 lis
2212 2797 2226 2821 ,
2254 2756 2391 2812 inter
2415 2757 2579 2811 multa
2605 2759 2770 2828 spatia
2797 2759 3026 2812 locorum
3070 2768 3126 2812 et
3155 2769 3444 2828 temporum
3465 2800 3479 2824 ,
3515 2759 3710 2814 horror

2129 2847 2250 2902 facti
2282 2865 2385 2902 non
2413 2851 2482 2903 ita
2510 2851 2736 2905 sentitur
2763 2868 2775 2902 :
2808 2850 2854 2905 si
2893 2861 3067 2905 autem
3107 2862 3321 2919 repente
3357 2851 3710 2906 conveniren-

2129 2948 2213 2993 tur
2236 2955 2368 3009 quos
2397 2956 2490 3008 per
2515 2949 2618 2994 tam
2641 2940 2852 3010 longum
2881 2949 3108 3010 tempus,
3138 2942 3248 2995 sive
3279 2941 3582 3009 urgentibus
3609 2957 3708 3010 pe-

2128 3031 2306 3083 riculis
2345 3031 2565 3092 mortis,
2597 3033 2708 3086 sive
2740 3047 2833 3100 per
2868 3031 3228 3086 solemnitatcs
3270 3031 3549 3086 Paschales
3587 3047 3707 3086 mc-

2129 3121 2318 3174 morati
2345 3121 2744 3198 ngimianistw
2775 3123 3168 3192 baptizaverant
3188 3165 3202 3186 ,
3240 3133 3294 3177 et
3323 3124 3400 3176 eis
3438 3122 3710 3177 diceretur

2129 3223 2184 3265 ut
2215 3213 2401 3266 iterum
2435 3215 2844 3282 haptizarentur,
2876 3215 3123 3283 quoniam
3151 3214 3201 3268 id
3228 3214 3366 3283 quod
3395 3215 3445 3267 in
3485 3213 3710 3267 sacrile-

2127 3303 2213 3373 gio
2238 3303 2537 3358 schismatis
2561 3312 2876 3373 acceperant
2894 3305 3024 3358 nihil
3047 3314 3217 3368 esset;
3251 3304 3300 3358 id
3327 3304 3537 3373 quidem
3565 3302 3716 3357 dice-

2127 3405 2274 3449 retur
2299 3396 2437 3465 quod
2464 3412 2558 3451 eos
2589 3397 2871 3466 pertinacia
2903 3399 2981 3451 sui
3013 3399 3210 3452 erroris
3251 3397 3429 3451 dicere
3455 3404 3709 3465 cogeret,

2129 3496 2179 3539 ul
2212 3495 2427 3554 possent
2463 3488 2830 3556 qualicumque
2868 3487 2994 3540 falsa
3024 3489 3205 3539 umbra
3231 3487 3544 3540 constantim-
3572 3501 3710 3539 cou-

2131 3587 2206 3630 Ira
2233 3577 2460 3631 calorem
2489 3578 2724 3630 veritatis
2751 3592 2858 3630 sua:
2887 3577 3095 3629 duritia:
3123 3578 3347 3644 rigorem
3375 3577 3716 3646 glaciemque

2127 3677 2408 3735 contegere
2441 3684 2453 3719 :
2485 3667 2577 3721 sed
2604 3667 2722 3735 quia
2761 3667 2859 3719 hoc
2899 3667 2972 3720 illi
3025 3665 3162 3719 ferre
3206 3683 3308 3718 non
3357 3676 3606 3734 possent,
3654 3676 3716 3722 et

2126 3758 2264 3829 quod
2299 3759 2351 3812 in
2383 3767 2485 3812 tam
2511 3759 2692 3812 multis
2719 3757 3016 3811 hominibus
3045 3758 3213 3821 lieret,
3244 3773 3340 3810 nec
3365 3757 3460 3825 ipsi
3485 3769 3718 3825 possent

2128 3851 2354 3906 tolerare
2390 3852 2477 3918 qui
2511 3850 2774 3915 facerent,
2808 3849 3096 3918 precsertim
3135 3848 3256 3916 quia
3295 3848 3450 3901 iidem
3485 3848 3583 3916 ipsi
3613 3864 3716 3903 eos

2130 3942 2179 3994 in
2228 3952 2374 4011 parte
2415 3941 2666 3995 Primiani
2715 3941 3138 4010 rebaptizareut,
3191 3939 3279 4009 qui
3325 3955 3417 3994 eos
3458 3940 3509 3992 in
3557 3951 3715 4009 parte

2128 4033 2426 4087 Maximiani
2453 4033 2561 4102 jam
2592 4034 3004 4102 baptizaveraut,
3032 4043 3275 4101 receptus
3298 4040 3378 4084 est
3407 4032 3714 4099 Baptismus

2130 4125 2371 4189 illorum,
2418 4132 2472 4177 cl
2497 4124 2821 4194 interceptus
2848 4124 3040 4196 typlms
3079 4124 3318 4177 istorum.
3366 4123 3512 4190 Quod
3559 4125 3715 4176 nullo

2128 4215 2288 4269 modo
2311 4216 2569 4284 eligerent
2601 4216 2734 4280 lteri,
2767 4217 2862 4268 nisi
2894 4215 3119 4284 amplius
3148 4215 3246 4268 sibi
3268 4214 3534 4269 achrsari
3563 4216 3716 4268 arbi-

2130 4316 2395 4361 trarentur
2434 4307 2707 4360 horrorem
2759 4307 3030 4360 hominum
3073 4305 3140 4359 de
3184 4307 3368 4360 iterata
3411 4307 3662 4359 tinctione
3693 4347 3711 4369 ,

2127 4413 2284 4468 quant
2315 4397 2794 4452 considerationem
2829 4397 2896 4450 de
2937 4398 3137 4465 perdita
3180 4398 3507 4452 tlcl‘eurione.
3552 4398 3712 4463 Quod

2129 4505 2233 4542 non
2262 4488 2380 4542 ideo
2405 4488 2666 4554 dixerim,
2711 4490 2831 4556 quia
2873 4488 3104 4543 lnunano
3130 4505 3288 4544 sensu
3325 4491 3578 4544 deterreri
3610 4493 3712 4547 de-

2129 4582 2362 4646 buimus,
2396 4581 2439 4633 si
2467 4579 2534 4634 ab
2561 4580 3116 4635 lltl'l‘cliCiSA'CItiCttLCS
3144 4581 3320 4636 denuo
3343 4583 3589 4652 baptizari
3621 4601 3719 4638 ve-

2129 4673 2258 4726 ritas
2287 4681 2504 4742 cogeret
2535 4690 2546 4726 :
2578 4672 2672 4727 sed
2714 4673 2832 4741 quia
2865 4683 3079 4727 sanctus
3125 4673 3424 4744 Cyprianus
3455 4675 3526 4727 ait
3551 4715 3563 4734 .
3614 4675 3716 4729 hoc

2127 4763 2236 4832 ipso
2265 4765 2424 4832 magis
2453 4763 2711 4816 ltwreticos
2736 4763 2803 4815 ad
2830 4765 3166 4816 ncccssitatem
3194 4767 3420 4818 veniendi
3449 4766 3586 4833 adigi
3613 4785 3714 4835 p0-

2131 4855 2302 4918 tnisse,
2333 4855 2375 4908 si
2407 4871 2582 4908 rursus
2610 4857 2662 4907 in
2691 4851 2948 4908 Catholica
2989 4854 3397 4925 baptizarentur;
3431 4868 3718 4927 propterea

2128 4961 2548 5001 commemorare
2581 4947 2723 5000 volui
2749 4957 2976 5017 quantus
3005 4963 3138 5015 pene
3167 4948 3219 5001 in
3252 4949 3487 5001 omnium
3519 4949 3719 5001 memi-

2129 5037 2230 5091 bus
2258 5038 2414 5108 hujus
2447 5039 2570 5092 facti
2599 5038 2788 5093 horror
2814 5038 3037 5092 insideat
3057 5079 3070 5103 ,
3105 5055 3262 5107 quem
3291 5039 3541 5093 divinitus
3572 5039 3714 5092 iutu-

2129 5146 2245 5184 sum
2269 5147 2386 5186 esse
2404 5130 2739 5195 crediderim,
2764 5139 2819 5184 ttt
2841 5131 3095 5185 adversus
3115 5131 3378 5200 quaslibet
3398 5131 3715 5200 disputatio-

2130 5240 2225 5277 nos
2267 5239 2397 5293 quas
2435 5223 2625 5277 infirmi
2667 5223 2933 5279 discutere
2970 5232 3268 5293 nequeunt,
3322 5223 3548 5280 horrore
3597 5223 3723 5292 ipso

2129 5313 2365 5366 Ecclesia
2395 5312 2712 5367 muniretur.

2199 5403 2424 5458 CAPUT
2469 5403 2574 5457 Vll.
2604 5433 2675 5442 —
2702 5404 2754 5458 8.
2783 5401 2923 5458 Sane
2957 5404 3114 5458 verba
3159 5404 3271 5474 ipsa
3309 5402 3561 5474 Cypriani
3589 5418 3722 5460 (um

2132 5495 2358 5561 intueor,
2390 5495 2680 5549 admoneor
2703 5496 2943 5564 quzedam
2969 5497 3188 5550 multum
3212 5495 3508 5550 necessaria
3535 5495 3722 5550 dicere

2195 5747 2208 5772 ι
2238 5740 2370 5798 Editi,
2395 5739 2516 5799 loco,
2547 5739 2826 5794 Mnstilame.
2853 5743 3116 5800 habebant,
3144 5742 3447 5800 Mttstimme:
3469 5752 3522 5796 et
3569 5745 3723 5804 intra,

2135 5811 2422 5864 Prwtexato,
2449 5817 2551 5865 pro,
2581 5811 2881 5854 I'rwtcxmto.
2920 5807 3143 5869 Castigati
3188 5814 3298 5856 sunt
3325 5821 3386 5855 ex
3413 5813 3521 5860 Mss.
