4028 6202
312 368 403 424 tst
1284 376 1287 377 ν
1458 336 1471 343 ’
1670 368 1868 425 LIBER
1907 372 2220 440 QUINTUS.

301 478 616 537 dirimenda:
638 476 942 549 huiusmodi
968 478 1266 548 qumstioui.
1299 478 1433 532 Nam
1460 480 1504 535 si
1529 481 1740 535 viderint
1758 524 1772 545 ,
1802 482 1882 536 in-

302 573 434 641 quit,
455 571 661 643 judicio
690 579 736 626 et
760 570 1004 624 sententia
1032 579 1202 623 nostra
1230 570 1284 623 id
1312 570 1509 625 decerni
1537 581 1584 625 et
1609 575 1778 636 statui,
1814 575 1889 627 uti

307 662 565 732 Baptisma
578 658 783 732 jusluni
805 668 854 714 et
881 660 1156 730 legitimum
1181 671 1511 731 computetur,
1538 680 1637 733 quo
1665 664 1770 718 illic
1794 663 1886 717 bu-

305 754 598 823 plisantur;
623 751 866 822 putabunt
891 767 945 805 se
973 749 1250 804 Ecclesium
1275 768 1472 821 quoque
1492 762 1541 806 et
1568 765 1746 807 caetero
1770 771 1884 807 nm-

304 859 422 897 nera
451 842 694 896 Ecclesia
715 844 857 913 juste
880 851 926 895 et
955 840 1173 912 legitime
1210 843 1482 912 possidere.
1510 842 1624 898 Non
1654 846 1744 908 ait,
1780 847 1884 899 Pu-

305 937 488 989 tabant
513 950 572 989 se
599 950 823 988 munera
857 934 1108 989 Ecclesiae
1148 933 1456 1002 possidere;
1505 937 1597 990 sed
1621 976 1636 1002 ,
1676 938 1813 1008 jus‘e
1838 946 1886 991 et

303 1027 520 1097 legitime
540 1025 818 1096 possidere.
842 1025 947 1079 Nos
968 1035 1144 1080 autem
1165 1026 1489 1093 Baptismum
1505 1042 1598 1081 eos
1616 1044 1721 1081 nou
1745 1029 1885 1097 justo

300 1126 349 1171 et
374 1116 612 1185 legitime
639 1114 911 1186 possidere
934 1115 1276 1169 concedimus
1307 1132 1321 1167 :
1349 1132 1453 1169 non
1486 1116 1757 1185 possidere
1784 1132 1883 1172 att-

301 1216 405 1261 tem
434 1222 540 1261 non
572 1222 855 1277 possumus
891 1206 1101 1269 dicere,
1131 1221 1253 1261 cum
1282 1207 1681 1262 Sacratnentum
1707 1209 1882 1264 domi-,-

298 1300 475 1352 nicmn
506 1299 562 1352 in
589 1298 911 1376 evangelicis
937 1298 1114 1352 verbis
1141 1299 1529 1369 cognoscimus.
1554 1299 1879 1370 Baptismqu

297 1405 427 1460 ergo
474 1390 770 1459 legitimum
816 1389 1033 1452 habent.
1085 1389 1178 1444 sed
1227 1406 1336 1444 non
1381 1390 1615 1459 legitime
1661 1391 1877 1447 habent.

294 1480 546 1550 Quisquis
572 1480 715 1534 enim
746 1495 867 1535 eum
895 1488 949 1535 et
983 1481 1037 1534 in
1080 1481 1277 1535 unitate
1303 1480 1564 1535 catholica
1587 1523 1601 1548 ,
1631 1492 1682 1536 et
1710 1496 1776 1537 eo
1800 1482 1881 1535 di-

293 1586 398 1641 gne
425 1570 618 1625 vivens
656 1571 850 1635 habet,
893 1580 947 1625 et
985 1570 1276 1638 legitimum
1307 1579 1363 1625 et
1401 1571 1634 1641 legitime
1674 1571 1827 1626 habet
1862 1591 1877 1627 :

293 1665 538 1732 quisquis
559 1671 740 1717 autem
770 1663 854 1717 vel
883 1663 935 1716 in
962 1662 1072 1733 ipsa
1100 1662 1374 1716 Catholica
1400 1663 1536 1716 sicut
1556 1663 1702 1732 palea
1732 1678 1869 1718 com-

294 1757 461 1809 mixta
501 1754 770 1808 frumento
790 1794 807 1819 ,
834 1753 916 1808 vel
955 1765 1104 1808 extra
1133 1754 1271 1808 sicut
1298 1753 1447 1823 palea
1477 1763 1636 1808 vento
1671 1754 1875 1809 sublata

294 1848 476 1915 habet,
502 1849 642 1904 hunc
667 1848 994 1917 Baptismum
1023 1847 1314 1916 legitimum
1340 1847 1555 1917 quidem
1580 1847 1759 1909 habet,
1781 1848 1875 1903 sed

292 1954 400 1994 non
426 1939 681 2008 legitime.
724 1938 798 1993 Ita
828 1939 969 1993 enim
999 1938 1160 1993 habet
1198 1938 1645 2009 quemadmodum
1672 1939 1871 1993 utitur:

292 2045 397 2084 non
419 2038 600 2083 autem
624 2029 858 2100 legitime
885 2028 1049 2082 utitur
1068 2028 1156 2097 qui
1182 2042 1248 2083 eo
1268 2036 1454 2082 contra
1479 2027 1650 2097 legem
1675 2028 1871 2094 utitur;

292 2119 434 2189 quod
464 2118 592 2173 iacit
615 2119 790 2173 omnis
814 2120 905 2190 qui
924 2119 1220 2189 baptizatus
1242 2118 1447 2189 perdite
1474 2119 1621 2183 vivit,
1650 2118 1765 2174 sive
1794 2119 1875 2173 in-

295 2222 398 2276 tus,
425 2212 541 2265 sive
567 2210 717 2265 foris.

356 2302 591 2359 CAPUT
635 2301 768 2357 VIII.
794 2332 865 2342 -—
889 2302 942 2357 9.
973 2301 1309 2372 Quapropter
1333 2301 1471 2356 sicut
1500 2300 1567 2355 de
1595 2300 1711 2371 lege
1738 2299 1873 2354 dixit

295 2394 596 2462 Apostolus,
618 2392 761 2447 Bona
771 2402 844 2446 est
867 2393 970 2458 (ex,
991 2394 1036 2445 si
1047 2393 1160 2463 quis
1179 2408 1237 2446 ea
1255 2393 1473 2463 legitime
1491 2400 1662 2445 utatur
1677 2390 1721 2461 (l
1739 2391 1868 2445 Tim.

295 2499 349 2548 tt,
370 2482 457 2553 8);
490 2484 562 2537 ita
583 2483 650 2538 de
671 2483 941 2552 Baptismo
966 2491 1111 2537 recte
1136 2482 1313 2537 dicere
1342 2497 1624 2552 possumus
1647 2524 1662 2546 ,
1693 2482 1872 2537 Bonus

293 2588 372 2633 est
392 2579 715 2649 Baptismus,
734 2581 777 2632 si
799 2579 997 2648 quiseo
1020 2577 1254 2647 legitime
1282 2586 1477 2631 utatur.
1512 2576 1575 2630 Et
1601 2575 1738 2631 sicut
1765 2590 1870 2629 non

292 2672 554 2726 iaciebant
578 2680 705 2726 tunc
719 2679 778 2724 ut
796 2671 878 2725 lex
899 2670 1038 2725 bona
1067 2685 1174 2724 non
1197 2676 1359 2734 esset,
1383 2677 1473 2722 aut
1487 2668 1706 2724 omnino
1725 2669 1869 2722 nulla

292 2770 449 2825 esset,
482 2761 573 2831 qui
599 2777 661 2816 ea
691 2776 797 2816 non
829 2761 1063 2830 legitime
1088 2760 1406 2825 utebantur;
1433 2760 1512 2816 sic
1537 2760 1683 2814 nullo
1710 2759 1871 2814 modo

292 2851 409 2907 facit
438 2862 498 2908 ut
525 2853 829 2923 Ilaptismus
851 2853 1025 2908 bonus
1050 2867 1156 2907 non
1183 2853 1286 2916 sit,
1330 2861 1421 2905 aut
1445 2862 1499 2905 ιιι
1526 2852 1743 2905 omnino
1770 2850 1872 2927 Ba-

291 2944 514 3011 ptismus
535 2958 642 2997 non
664 2944 752 3009 sit,
781 2943 1021 3013 quisquis
1047 2957 1132 3009 eo,
1160 2947 1272 2996 sive
1301 2943 1421 3012 quia
1445 2942 1495 2996 iu
1519 2940 1728 3004 haeresi,
1757 2941 1871 2996 sive

288 3036 408 3106 quia
432 3036 486 3089 in
513 3036 761 3105 pessimis
778 3035 1015 3090 moribus
1039 3034 1189 3101 vivit,
1211 3049 1317 3089 non
1340 3034 1572 3105 legitime
1594 3034 1773 3088 utitur.
1802 3033 1872 3088 Et

285 3126 405 3181 ideo
428 3140 555 3181 cum
598 3125 682 3180 vel
722 3125 788 3180 ad
814 3124 1069 3180 unitatem
1110 3124 1425 3179 catholicam
1445 3164 1462 3192 ,
1498 3123 1582 3177 vel
1610 3123 1677 3178 ad
1707 3123 1869 3178 vitam

286 3225 433 3273 tanto
457 3217 805 3272 Sacramento
837 3216 1050 3288 dignam
1078 3217 1408 3272 convertitur
1429 3258 1445 3283 ,
1474 3230 1580 3271 non
1605 3214 1747 3270 aliud
1775 3215 1870 3270 ha-

285 3310 476 3378 ptisma
503 3308 690 3378 incipit
718 3307 918 3363 habere
945 3308 1238 3378 legitimum
1264 3349 1277 3370 ,
1306 3305 1400 3362 sed
1430 3305 1559 3361 illud
1582 3306 1753 3376 ipsum
1784 3306 1869 3360 in-

285 3400 413 3468 cipit
457 3398 660 3454 habere
704 3398 961 3468 legitime.
1006 3398 1118 3453 Nec
1151 3398 1400 3453 remissio
1440 3396 1867 3452 irrevocabilium

286 3497 627 3558 peccatorum
654 3489 998 3559 consequitur
1016 3487 1306 3558 Baptisma,
1334 3487 1436 3542 nisi
1464 3502 1568 3542 non
1594 3486 1764 3540 solum
1792 3486 1869 3541 Ie-

287 3583 554 3651 gitimnm,
590 3581 687 3636 sed
715 3582 874 3636 etiam
901 3581 1136 3653 legitime
1162 3579 1421 3635 habeatur
1450 3598 1465 3635 :
1492 3594 1591 3634 nec
1621 3588 1795 3633 tamen
1821 3578 1867 3633 si

291 3676 522 3745 lqitime
552 3689 660 3728 non
697 3673 996 3738 habebitur,
1022 3681 1078 3728 et
1101 3681 1313 3742 peccata
1339 3672 1423 3727 vel
1450 3686 1557 3726 non
1586 3671 1866 3726 remitten-

290 3775 394 3831 tur,
435 3765 522 3820 vel
552 3763 775 3820 remissa
800 3763 1222 3833 replicahuutur,
1251 3771 1530 3832 propterea
1556 3761 1640 3816 vel
1668 3761 1865 3814 malum

290 3856 369 3909 vel
400 3856 607 3909 nullum
634 3854 734 3909 erit
762 3855 814 3908 in
853 3854 1117 3923 baptizato
1154 3853 1410 3923 Baptismi
1453 3860 1864 3907 sacramentum.

289 3945 433 4001 Sicut
474 3947 621 4001 enim
661 3944 844 4012 ludas,
871 3946 956 3999 cui
984 3944 1276 4000 buccellam
1307 3942 1524 3998 tradidit
1564 3943 1823 3999 Dominus
1845 3983 1861 4008 ,

288 4052 389 4090 non
413 4037 615 4090 malum
641 4034 971 4105 accipiendo,
993 4034 1088 4090 sed
1113 4034 1249 4088 male
1269 4032 1578 4103 accipiendo
1602 4033 1777 4088 locum
1809 4034 1865 4090 in

283 4143 342 4181 se
367 4127 585 4181 diabolo
613 4126 837 4195 prmbuit
862 4123 1037 4196 (Joan.
1073 4139 1187 4189 xm,
1214 4120 1341 4196 27);
1367 4124 1445 4178 sic
1477 4122 1692 4193 indigne
1715 4122 1864 4191 quis-

283 4234 385 4289 que
408 4233 632 4273 sumens
660 4217 980 4272 dominicum
1020 4214 1422 4271 Sacrameutum
1459 4230 1563 4269 non
1604 4214 1770 4270 efﬁcit
1806 4219 1866 4269 ut

284 4310 401 4377 quia
430 4310 548 4378 ipse
586 4307 759 4363 malus
786 4315 887 4371 est,
920 4305 1116 4360 malum
1142 4304 1241 4372 sit,
1268 4312 1360 4358 aut
1394 4304 1514 4374 quia
1544 4318 1650 4358 non
1678 4302 1747 4357 ad
1772 4318 1862 4358 sa-

286 4400 446 4452 lutem
472 4398 689 4466 accipit,
719 4396 849 4451 nihil
872 4396 1158 4465 acceperit.
1185 4394 1393 4467 Corpus
1411 4394 1551 4451 enim
1576 4394 1783 4449 Domini
1808 4403 1864 4450 et

286 4490 501 4559 sanguis
532 4487 741 4542 Domini
787 4486 1133 4541 nihilominus
1173 4495 1288 4541 erat
1323 4487 1484 4541 etiam
1528 4486 1633 4540 illis
1670 4485 1862 4554 quibus

283 4580 495 4635 dicebat
536 4578 859 4647 Apostolus,
902 4578 1000 4643 Qui
1042 4578 1314 4631 manducet
1357 4577 1579 4647 indigne,
1606 4576 1862 4648 judicium

288 4672 371 4723 tibi
400 4670 678 4723 manducet
703 4679 748 4722 et
776 4668 892 4722 bibit
917 4668 959 4738 (I
999 4666 1117 4723 Cor.
1146 4684 1223 4733 XI,
1266 4665 1379 4739 29).
1419 4667 1532 4720 Non
1558 4681 1689 4737 ergo
1716 4676 1862 4737 quata-

282 4772 398 4816 rant
425 4763 477 4816 in
504 4759 779 4816 Catholica
802 4759 1038 4816 hmretici
1063 4760 1206 4830 quod
1235 4760 1449 4824 habent,
1471 4759 1565 4814 sed
1587 4759 1726 4827 quod
1752 4774 1861 4814 non

284 4852 498 4913 habent,
530 4852 582 4906 id
604 4859 703 4915 est,
733 4850 892 4905 ﬁnem
920 4851 1194 4920 pratcepti,
1219 4850 1335 4905 sine
1360 4864 1468 4918 quo
1492 4849 1654 4904 multa
1677 4859 1860 4905 sancta

286 4942 466 4998 haberi
497 4949 745 5012 possunt,
773 4939 869 4994 sed
900 4940 1154 5008 prodesse
1186 4956 1291 4994 non
1323 4949 1564 5008 possunt.
1595 4938 1742 4994 Finis
1765 4956 1861 4993 au-

284 5042 380 5085 tem
407 5031 646 5101 pracepti
668 5042 741 5084 est
769 5030 992 5083 eltaritas
1020 5031 1082 5083 de
1101 5030 1254 5084 corde
1279 5046 1405 5095 puro
1422 5071 1437 5097 ,
1468 5041 1517 5085 et
1554 5030 1858 5085 conscientia

282 5125 431 5188 bona,
461 5133 509 5176 et
538 5124 642 5191 fide
667 5138 770 5176 non
807 5122 925 5189 [icta
954 5122 997 5191 (I
1022 5120 1156 5175 Tim.
1188 5137 1226 5187 ι,
1255 5120 1333 5191 5).
1358 5121 1577 5176 Lavacri
1607 5137 1734 5177 vero
1758 5122 1859 5177 Sa-

280 5224 615 5268 cramentum
663 5228 773 5268 non
817 5221 875 5267 ut
918 5212 1166 5278 habeant,
1210 5213 1254 5267 si
1301 5213 1410 5281 jatn
1465 5214 1654 5269 eodem
1701 5214 1855 5283 ipso,

282 5306 525 5369 quamvis
566 5307 620 5359 in
672 5305 889 5368 haeresi,
915 5305 1061 5359 tincti
1111 5316 1269 5370 sunt;
1319 5306 1412 5360 sed
1467 5316 1524 5369 ut
1575 5308 1860 5363 salubriter

280 5396 553 5462 habeant,
590 5396 658 5451 ad
687 5395 977 5452 Catholica:
1013 5396 1268 5450 unitatem
1296 5397 1680 5467 veritatemque
1706 5397 1858 5454 festi-

279 5497 424 5540 ιιρηι.

350 5576 575 5634 CAPUT
615 5577 706 5633 l.\'.
750 5609 821 5629 ν·-
866 5579 949 5634 IO.
987 5578 1104 5635 Jam
1138 5594 1274 5633 nunc
1301 5578 1366 5633 dc
1392 5580 1659 5649 Baptismo
1688 5581 1855 5637 Joan-

277 5670 364 5723 nis
412 5671 701 5725 videndum
740 5680 825 5726 est
859 5671 984 5741 quid
1026 5671 1248 5725 dicatur.
1295 5670 1588 5741 Baptizatus
1637 5676 1780 5728 enim
1823 5692 1854 5729 α

272 5756 444 5811 I’aulu
480 5778 563 5815 eos
587 5764 796 5833 qnijmn
827 5763 1070 5827 baptismi!
1097 5761 1310 5817 Joannis
1338 5764 1575 5832 baptismi
1601 5766 1808 5835 fuissent
1837 5811 1849 5832 ,

3474 408 3573 462 189.

1999 487 2208 581 legimus
2237 492 2288 544 in
2336 495 2534 553 Actibus
2564 502 2916 571 Apostolorum
2947 510 3078 581 (τισι.
3119 528 3210 566 tux
3237 553 3254 577 ,
3282 515 3438 581 ὃδὴ
3470 536 3571 572 non

1994 579 2062 667 ob
2087 580 2249 645 aliud,
2285 584 2384 639 nisi
2404 590 2523 658 quia
2552 592 2771 650 Joannis
2793 579 3084 667 baptistans
3112 617 3215 657 non
3247 603 3343 659 fuit
3374 579 3570 664 Christi

1992 665 2310 739 Baptisntus,
2342 678 2433 731 sed
2460 678 2648 736 Joanui
2671 700 2699 737 a
2730 686 2943 742 Christo
2969 705 3276 761 concessus,
3301 699 3388 765 qui
3409 698 3571 753 Joan-

1996 762 2076 813 nis
2104 765 2316 833 proprie
2345 769 2632 837 diceretur,
2660 777 2792 832 sicut
2834 780 2970 834 idem
2994 782 3226 841 Joannes
3260 762 3412 855 dicit,
3448 790 3569 846 Non

1993 863 2158 951 potest
2179 856 2330 951 [tanta
2357 864 2583 931 occipere
2610 869 2901 939 quidquam,
2939 874 3039 928 nisi
3062 879 3233 932 datum
3255 883 3407 951 fuerit
3438 885 3485 937 ei
3510 886 3570 939 de

1990 944 2113 998 caelo
2140 947 2320 1017 (Joan.
2348 968 2425 1017 Ill,
2450 955 2542 1030 ‘27)
2600 960 2664 1014 Et
2689 978 2754 1016 ne
2785 963 3002 1021 forsitan
3033 969 3131 1025 hoc
3165 944 3297 1029 εἰς’-ιι
3332 976 3437 1029 lico
3468 978 3568 1033 I’a-

1991 1047 2074 1135 tre
2100 1041 2339 1135 accipere
2367 1046 2666 1114 videretur,
2698 1064 2754 1108 ut
2780 1072 2810 1111 a
2851 1055 2983 1113 Filio
3014 1076 3125 1117 non
3168 1066 3429 1135 acciperet
3457 1111 3470 1131 ,
3502 1070 3568 1124 de

1991 1129 2105 1229 ipso
2121 1132 2331 1229 Christo
2354 1138 2641 1198 identidem
2663 1145 2882 1215 loquens
2908 1152 3003 1219 ait,
3029 1152 3142 1209 Nos
3172 1129 3342 1212 tutan-rs
3372 1160 3434 1213 de
3459 1129 3567 1229 ple-

1988 1221 2212 1316 nitudine
2237 1227 2345 1295 ejus
2369 1235 2649 1301 accepimus
2679 1235 2785 1307 (Id.
2812 1255 2847 1305 ι,
2882 1240 2989 1312 lii).
3018 1245 3237 1316 Accepit
3262 1258 3436 1304 autem
3459 1221 3568 1308 hoc

1985 1312 2216 1372 Joannes
2241 1330 2400 1375 certae
2429 1323 2844 1394 dispensationis
2872 1335 3060 1402 gratia,
3091 1312 3198 1391 non
3227 1340 3317 1394 ditt
3345 1356 3563 1397 mansu-

1986 1422 2121 1473 rum,
2149 1411 2241 1466 sed
2269 1423 2520 1483 quantum
2550 1421 2677 1475 satis
2700 1434 2841 1480 esset
2869 1426 2935 1481 ad
2963 1429 3250 1497 parandam
3288 1433 3428 1488 viam
3463 1436 3567 1489 Do-

1984 1499 2148 1594 mino,
2175 1503 2326 1570 cuius
2354 1522 2473 1562 eum
2505 1526 2624 1566 esse
2648 1529 3030 1583 prteeursorem
3063 1523 3360 1590 oportebat.
3393 1526 3563 1594 Qtntm

1984 1590 2069 1687 ille
2097 1592 2369 1650 humiliter
2394 1597 2730 1670 ingressurus
2755 1648 2770 1671 ,
2799 1616 2851 1662 ct
2877 1624 2935 1662 se
2977 1609 3246 1668 humiliter
3274 1590 3560 1687 sr-queutes

2086 1684 2449 1744 excellentiam
2491 1691 2829 1759 deducturus,
2859 1699 2996 1754 sicut
3037 1703 3205 1758 servis
3231 1680 3393 1773 pedes
3436 1709 3560 1763 Iatit

1987 1768 2322 1870 (Im-initi,
2347 1780 2422 1847 5),
2450 1781 2519 1833 ita
2543 1785 2680 1838 servi
2711 1786 2973 1856 baptismo
2999 1792 3123 1860 litigi
3152 1768 3317 1850 vni-nil
3341 1796 3553 1870 (Matth.

1980 1877 2056 1959 tu,
2091 1864 2379 1959 I5).Sicnt
2413 1872 2553 1925 enim
2596 1888 2655 1928 se
2682 1877 2901 1944 subjecit
2942 1881 3163 1948 pedibus
3204 1864 3387 1941 eorum
3425 1905 3558 1959 quos

1979 1954 2093 2023 ipse
2121 1958 2397 2028 dirigebat,
2424 1963 2501 2017 sic
2526 1963 2748 2021 Joannis
2776 1972 2980 2026 muneri
3011 1976 3152 2044 quod
3182 1977 3295 2044 ipse
3320 1954 3557 2035 donave-

1978 2056 2058 2101 rat
2091 2065 2104 2101 :
2140 2059 2195 2102 ut
2224 2051 2579 2123 intelligerent
2615 2071 2800 2115 omnes
2820 2101 2833 2125 ,
2870 2073 3070 2131 quanto
3098 2069 3360 2136 superbia:
3389 2074 3555 2125 sarri-

1976 2139 2116 2209 logio
2140 2143 2364 2214 quisque
2390 2158 2758 2206 contemneret
2800 2154 3060 2224 baptisma
3089 2160 3228 2228 quod
3269 2179 3299 2216 a
3334 2163 3560 2219 Omnino

1976 2229 2198 2323 deberet
2240 2235 2500 2305 accipere,
2550 2242 2766 2310 quando
2810 2245 2922 2315 ipse
2965 2246 3221 2306 Dominus
3262 2255 3554 2323 accepisset

1976 2322 2116 2391 quod
2147 2318 2322 2393 servo,
2354 2338 2409 2381 ut
2440 2333 2711 2401 preprium
2739 2335 2866 2391 dare
2894 2349 3094 2408 posset,
3133 2342 3248 2411 ipse
3285 2318 3550 2413 prmstite-

1977 2423 2058 2467 rat
2086 2433 2099 2468 :
2133 2425 2327 2473 etcum
2355 2418 2610 2486 Joannes,
2639 2441 2746 2495 quo
2775 2443 2934 2482 nemo
2962 2434 3264 2488 exsurrexit
3301 2436 3471 2506 major
3501 2439 3553 2492 in

1978 2506 2114 2595 natis
2145 2509 2426 2566 mulierum
2464 2513 2584 2595 }(Id.
2628 2532 2721 2584 ιι,
2768 2518 2858 2589 Η)
2885 2562 2899 2583 .
2948 2530 3149 2578 tantum
3195 2527 3554 2583 testimonium

1976 2592 2188 2651 Christo
2218 2592 2543 2671 perhiberet,
2576 2614 2632 2659 ut
2657 2607 2927 2664 solvenda:
2947 2612 3189 2681 corrigiae
3210 2616 3552 2674 calceameuti

1975 2686 2090 2776 ejus
2119 2701 2178 2741 se
2202 2688 2457 2747 fateretur
2481 2693 2753 2767 indignum
2783 2699 2957 2770 (Joan.
2993 2719 3043 2768 t,
3074 2704 3168 2776 27)
3187 2748 3203 2767 ,
3232 2707 3473 2764 Christus
3498 2720 3557 2766 et

1975 2775 2292 2847 baptismum
2319 2784 2435 2854 ejus
2459 2787 2767 2857 accipiendo
2788 2790 3114 2851 humillimus
3143 2775 3284 2853 inter
3309 2799 3550 2857 homines

1972 2865 2317 2936 inveniretur,
2342 2882 2396 2927 et
2424 2874 2686 2944 baptismo
2709 2879 2823 2950 ejus
2852 2882 3025 2937 locum
3053 2884 3344 2943 auferendo
3369 2891 3385 2922 ¹
3409 2891 3551 2947 Deus

1973 2957 2261 3016 altissimus
2302 2963 2642 3034 crederetur,
2687 2968 2825 3025 idem
2867 2970 2887 3003 ¹
2918 2972 3229 3034 humilitatis
3269 2979 3455 3036 doctor
3496 2993 3550 3038 et

1973 3050 2299 3107 celsitudinis
2327 3052 2502 3111 dator.

2046 3142 2132 3196 ll.
2163 3141 2301 3199 Nulli
2340 3147 2481 3202 enim
2510 3148 2892 3221 Prophetarum
2913 3197 2926 3221 ,
2959 3157 3088 3212 nulli
3125 3174 3341 3229 prorsus
3373 3162 3548 3220 homi-

1971 3247 2097 3287 num
2126 3233 2177 3289 in
2205 3234 2490 3307 Scriptnris
2514 3240 2706 3297 divinis
2732 3243 2954 3316 legimus
2977 3262 3287 3306 concessum
3300 3269 3437 3320 esse,
3453 3256 3552 3311 bu-

1973 3324 2171 3392 ptizare
2211 3327 2261 3380 in
2297 3343 2430 3398 aqua
2467 3332 2789 3400 poenitentia:
2818 3336 2870 3390 in
2901 3339 3264 3417 remissionem
3300 3355 3549 3414 peccato-

1972 3430 2109 3477 rum,
2136 3417 2277 3486 quod
2306 3418 2494 3475 Joanni
2519 3436 2828 3480 concessum
2854 3436 2939 3482 est
2963 3446 2976 3482 ε
3002 3444 3103 3500 qua
3133 3432 3355 3489 mirabili
3381 3438 3546 3505 gratia

1970 3511 2300 3578 suspendens
2328 3514 2380 3567 iu
2410 3530 2469 3570 se
2497 3515 2657 3571 corda
2686 3519 2999 3588 populorum
3019 3563 3034 3587 ,
3066 3524 3202 3579 viam
3232 3539 3550 3598 prmpararet

1972 3598 2024 3652 in
2045 3599 2124 3653 eis
2144 3600 2217 3655 illi
2239 3617 2393 3671 quem
2419 3618 2477 3658 se
2501 3614 2644 3660 tanto
2671 3609 2981 3676 prmdicaret
3000 3628 3119 3668 esse
3142 3616 3417 3687 majorem.
3442 3618 3548 3674 Sed

1971 3690 2226 3746 Dominus
2252 3691 2408 3749 Jesus
2433 3694 2671 3751 Christus
2700 3699 2789 3753 tali
2817 3698 3088 3770 Baptismo
3114 3706 3333 3761 mundat
3360 3707 3548 3766 Ecc'e~

1969 3778 2121 3845 siam,
2152 3795 2259 3849 quo
2286 3792 2502 3851 accepto
2529 3785 2733 3839 nullum
2760 3788 2982 3844 alterum
3014 3794 3314 3862 requiratur
3340 3814 3356 3850 :
3381 3796 3546 3853 Joan-

1970 3885 2065 3922 ιιι-ε
2092 3879 2266 3922 autem
2298 3872 2384 3923 tali
2414 3872 2672 3941 baptismo
2702 3879 3067 3946 praetingebal,
3090 3897 3199 3951 quo
3222 3893 3439 3953 accepto
3460 3900 3546 3941 cs-

1969 3968 2050 4013 sct
2077 3959 2341 4030 Baptisms
2375 3962 2533 4016 etiam
2569 3963 2889 4021 dominicum
2928 3972 3320 4039 necessarium;
3353 3990 3457 4029 non
3490 3988 3546 4031 ut

1968 4049 2097 4105 illud
2123 4060 2409 4121 repetatur.
2433 4054 2524 4108 sed
2547 4065 2603 4110 ut
2622 4057 2699 4111 eis
2716 4058 2804 4127 qui
2826 4058 3140 4130 baptismum
3165 4063 3383 4120 Joannis
3403 4082 3545 4122 acce-

1968 4150 2174 4211 perant,
2199 4142 2357 4198 etiam
2381 4143 2578 4201 Christi
2604 4146 2918 4217 Baptisntus,
2943 4151 3027 4207 cui
3051 4153 3186 4209 viam
3213 4159 3545 4226 praeparabat

1970 4230 2088 4300 ille,
2121 4233 2435 4291 traderetur.
2468 4238 2524 4293 Si
2561 4239 2703 4294 enim
2732 4241 2924 4297 Christi
2961 4242 3231 4301 humilitas
3266 4261 3541 4303 common.

1966 4324 2138 4381 danda
2178 4342 2285 4381 non
2318 4337 2491 4397 esset,
2523 4345 2620 4385 nec
2654 4332 2917 4401 baptismo
2948 4333 3167 4392 Joannis
3194 4351 3325 4406 opus
3351 4352 3494 4395 esset
3526 4359 3539 4393 :

1967 4433 2176 4473 rursum
2196 4421 2241 4475 si
2267 4421 2317 4474 in
2340 4420 2544 4477 Joanne
2567 4422 2688 4478 linis
2711 4435 2872 4491 esset,
2901 4435 3019 4495 post
3042 4426 3258 4483 Joannis
3282 4415 3541 4499 baptisma

1965 4510 2159 4567 Christi
2188 4513 2507 4583 Baptismate
2530 4528 2663 4583 opus
2690 4531 2798 4569 non
2818 4524 2977 4571 esset.
3004 4517 3108 4573 Sed
3133 4519 3252 4590 quia
3280 4521 3397 4589 ﬁnis
3420 4522 3545 4593 legis

1964 4605 2225 4673 Christus,
2262 4608 2332 4661 ad
2354 4608 2604 4679 justitiam
2635 4610 2772 4663 omni
2798 4610 3017 4665 credenti
3045 4610 3217 4682 (Rom.
3247 4627 3310 4677 κ,
3337 4613 3392 4684 4)
3426 4632 3441 4666 :
3473 4616 3542 4669 ab

1966 4700 2058 4755 illo
2090 4699 2509 4755 demonstratum
2538 4709 2622 4756 est
2648 4701 2715 4755 ad
2749 4716 2903 4771 quem
2939 4714 3274 4775 pergeretur;
3304 4706 3371 4761 ad
3402 4707 3542 4761 hunc

1964 4809 2086 4849 cum
2126 4803 2436 4864 perventum
2477 4795 2663 4859 luerit,
2707 4806 3105 4865 permaneretur
3122 4798 3164 4853 ⁸.
3204 4799 3346 4855 Idem
3386 4801 3543 4871 igitur

1964 4886 2199 4943 Joannes
2221 4896 2275 4943 et
2299 4887 2662 4944 celsitudinem
2692 4889 2893 4942 Domini
2924 4889 3245 4958 praedicavit,
3272 4894 3391 4947 dum
3418 4907 3539 4947 eum

1964 4977 2064 5032 sibi
2100 4977 2257 5048 longe
2291 4979 2609 5047 praeposuit;
2638 4986 2691 5032 et
2720 4977 3065 5035 humilitatem
3086 5023 3100 5046 ,
3129 4996 3248 5036 cum
3277 4998 3396 5037 eum
3425 4991 3539 5036 tau-

1964 5083 2121 5138 quam
2163 5068 2402 5123 inl‘tmum
2446 5069 2745 5139 baptizavit.
2782 5068 2890 5126 Sed
2927 5071 2971 5124 si
3008 5071 3237 5127 Joannes
3270 5072 3539 5127 Christum

1963 5160 2134 5214 solum
2160 5158 2509 5229 baptizasset,
2539 5161 2774 5216 melioris
2796 5160 3040 5231 baptismi
3064 5163 3296 5217 Joannes
3320 5161 3534 5230 dispen-

1965 5264 2108 5306 sator
2134 5252 2295 5306 fuisse
2330 5262 2603 5322 putaretur
2626 5267 2730 5322 quo
2765 5255 2877 5322 ipse
2902 5253 3144 5309 Christus
3169 5258 3312 5310 Solus
3345 5258 3541 5310 tinctus

1964 5352 2104 5397 esset
2125 5383 2141 5406 ,
2173 5358 2328 5411 quam
2359 5342 2553 5397 Christi
2581 5352 2663 5397 est
2689 5359 2793 5413 quo
2826 5342 3105 5399 ΟΙιΓίδιὶειιιί
3144 5348 3414 5415 tinguntur
3440 5362 3455 5396 τ
3485 5356 3539 5399 et

1964 5448 2177 5501 rursus,
2209 5435 2253 5489 si
2291 5448 2476 5489 omnes
2515 5433 2657 5505 prius
2693 5434 2955 5503 baptismo
2989 5436 3237 5498 Joannis,
3267 5445 3320 5490 et
3348 5434 3541 5492 deinde

2028 5654 2041 5683 ¹
2071 5658 2165 5709 En,
2186 5652 2442 5715 oﬂ‘erendo.
2470 5651 2615 5713 Lugd.
2643 5659 2692 5715 et
2718 5659 2853 5712 ven.,
2881 5654 3137 5715 nutriendo.
3236 5661 3291 5701 Μ.

2027 5717 2046 5746 ³
2068 5715 2169 5762 Sola
2192 5712 2296 5762 I‘erc
2319 5713 2469 5762 editio
2493 5712 2620 5771 Inv,
2637 5712 2692 5762 id
2715 5720 2801 5763 est.

2027 5776 2048 5807 ³
2082 5787 2178 5824 All].
2226 5782 2298 5823 Er.
2350 5783 2400 5824 et
2441 5773 2620 5837 aliquot
2663 5775 2967 5836 tuanuscripti
2999 5809 3016 5835 ,
3062 5782 3382 5838 pernumctur.
