4028 6202
448 353 462 401 'I
479 352 544 403 ῗλῦ

435 467 625 520 (inisti
666 460 917 533 baptizari
959 461 1258 527 oporteret,
1300 449 1472 504 minus
1511 446 1700 518 plenus
1736 443 2017 512 minusque

437 560 696 626 pet-fectus
721 552 914 608 Christi
947 548 1245 617 Baptismus
1270 543 1461 596 merito
1486 539 1773 599 videretur,
1801 535 1886 604 qui
1914 549 2018 586 non

437 652 702 700 mittet-rm
739 645 802 697 ad
843 642 1085 697 salutem.
1118 635 1378 705 Quocirca
1414 641 1468 687 et
1503 631 1765 700 baptismo
1803 626 2021 681 Joannis

441 743 729 805 baptizatus
759 743 839 788 est
871 733 1146 794 Dominus,
1179 737 1233 781 ut
1260 725 1519 796 superbas
1549 720 1818 775 hominum
1848 717 2020 770 cervi-

439 847 526 882 et-s
553 830 616 882 ad
647 828 875 880 salutare
902 839 1054 877 suum
1085 820 1349 889 Baptisma
1376 817 1645 878 flecteret;
1669 821 1722 866 et
1747 826 1849 864 non
1877 810 2023 862 solus

441 926 454 977 i
482 923 529 973 lo
560 920 872 986 baptismate
903 918 1097 967 tinctus
1127 920 1224 975 est,
1259 925 1325 964 ne
1352 909 1452 962 hoc
1480 907 1594 976 ipso
1625 902 1869 972 superius
1897 897 2024 952 illud

440 1011 764 1072 ostenderet,
789 1007 928 1078 quod
955 1020 1018 1060 eo
1043 1004 1187 1059 solus
1215 1003 1328 1070 ipse
1357 997 1608 1068 baptizari
1641 992 1945 1053 meruisset;
1973 997 2027 1042 et

443 1107 576 1158 ultra
615 1101 738 1156 illud
777 1112 1119 1169 perseverare
1158 1110 1262 1148 non
1304 1091 1457 1150 sivit,
1492 1104 1557 1142 ne
1597 1086 1698 1139 hoc
1730 1097 1890 1136 unum
1923 1094 2026 1149 quo

446 1199 554 1261 ipse
584 1194 828 1261 baptizat,
861 1190 1092 1258 indigere
1119 1183 1449 1255 piarcedentc
1472 1180 1639 1232 altero
1667 1175 1953 1228 videretur.

515 1283 741 1339 C.-\PUT
773 1282 838 1336 Χ.
870 1311 936 1320 ——
967 1279 1048 1331 12.
1077 1279 1268 1343 Qumro
1298 1275 1490 1340 itaque,
1514 1271 1556 1322 si
1587 1267 1844 1338 baptismo
1870 1263 2029 1317 Joan-

392 1419 402 1426 -
449 1385 528 1432 u's
549 1386 767 1445 peccata
799 1370 1218 1427 dimittebantur,
1253 1365 1374 1434 quid
1405 1362 1628 1429 :unplius
1659 1367 1909 1428 praestare
1939 1370 2032 1422 po-

455 1471 544 1524 tuit
581 1466 875 1535 Baptismus
907 1460 1096 1513 Christi
1126 1459 1202 1511 eis
1232 1472 1362 1522 quos
1393 1451 1663 1520 apostolus
1697 1449 1885 1501 Paulus
1918 1453 2034 1512 post

451 1562 769 1625 baptismum
797 1555 1014 1611 Joannis
1041 1551 1234 1605 Christi
1267 1546 1534 1615 Baptismo
1561 1543 1716 1595 voluit
1749 1537 2033 1608 baptizari?

450 1654 504 1706 Si
529 1665 701 1706 autem
725 1648 941 1705 Joannis
968 1647 1229 1714 baptismo
1255 1657 1357 1694 non
1380 1638 1778 1692 dimittebantur
1798 1638 2033 1700 peccata,

454 1756 756 1798 utrumnam
795 1739 1040 1792 meliores
1079 1741 1233 1787 erant
1265 1731 1470 1783 Joanne
1503 1724 1748 1797 Cypriani
1785 1719 2036 1788 tempori-

457 1835 576 1897 bus,
607 1832 671 1885 de
698 1830 886 1899 quibus
917 1828 1029 1893 ipse
1057 1823 1183 1877 dicit
1211 1819 1346 1890 quod
1382 1815 1570 1871 fundos
1601 1813 1866 1866 insidiosis
1898 1809 2039 1862 frau-

457 1928 611 1980 dibus
641 1922 949 1990 rapiebant,
982 1927 1033 1970 et
1064 1913 1238 1969 usuris
1268 1907 1737 1979 multiplicantibus
1764 1904 1913 1956 fenus
1941 1916 2038 1953 au-

458 2021 653 2088 gebant
677 2017 868 2086 (Serm.
898 2014 959 2065 de
984 2005 1208 2080 Lapsis),
1235 2005 1427 2076 quibus
1455 2011 1628 2055 tamen
1657 1997 2041 2065 baptizantibus

463 2113 618 2168 fiebat
643 2084 887 2165 remissio
913 2098 1288 2174 peccatorum?
1314 2099 1392 2151 An
1415 2093 1535 2164 quia
1558 2105 1650 2146 eos
1671 2089 1843 2142 unitas
1870 2084 2044 2139 Eccle-

463 2206 554 2259 sia:
581 2199 830 2256 tenebat?
861 2195 992 2262 Quid
1023 2191 1181 2262 ergo?
1208 2189 1440 2244 Joannes
1468 2198 1572 2237 non
1599 2191 1711 2236 erat
1740 2180 1790 2232 iu
1822 2178 2041 2236 unitate,

463 2297 664 2350 amietts
687 2293 773 2347 ille
793 2288 994 2359 sponsi,
1016 2286 1116 2338 vim
1140 2280 1419 2337 dominicm
1443 2281 1783 2348 praeparator,
1807 2279 1859 2323 et
1881 2269 2045 2337 ipsius

470 2385 674 2442 Domini
705 2357 1036 2452 baptizatorji
1067 2375 1194 2442 Quis
1226 2373 1326 2426 hoc
1354 2365 1784 2424 dementissimus
1815 2357 2045 2413 dixerit?

465 2481 796 2550 Quapropter
821 2484 1116 2544 quanquam
1144 2468 1213 2520 ita
1232 2462 1443 2520 credam
1471 2458 1767 2528 baptizassc
1789 2454 2044 2508 Joannem

469 2573 520 2625 in
560 2583 695 2639 aqua
733 2561 1060 2636 pmttitentia‘.
1094 2559 1146 2612 in
1182 2553 1550 2610 remissionem
1589 2555 1922 2616 peccatorum
1945 2583 1960 2607 ,
1991 2551 2050 2596 ut

468 2661 535 2714 ab
561 2633 625 2713 eo
656 2633 931 2724 baptizatis
958 2652 1009 2705 in
1038 2664 1131 2719 spe
1161 2645 1556 2702 remitterentur
1597 2646 1808 2706 peccata
1830 2677 1843 2699 ,
1875 2633 2046 2701 reipsa

469 2765 596 2806 vero
633 2749 685 2802 in
725 2723 926 2799 Ilotnini
959 2740 1230 2810 Baptismo
1260 2731 1308 2788 id
1342 2734 1490 2786 Iieret
1520 2749 1532 2782 :
1564 2729 1701 2782 sicut
1727 2723 2051 2780 resurrectio

469 2857 588 2914 qua:
616 2845 950 2908 exspectatur
977 2834 1029 2887 in
1061 2832 1218 2884 finem
1245 2842 1340 2896 spe
1367 2826 1417 2877 in
1449 2821 1600 2876 nobis
1627 2819 1761 2874 facta
1787 2826 1885 2880 est,
1916 2815 2053 2869 sicut

470 2910 596 2989 dicit
623 2929 907 3001 Apostolus
925 2969 939 2990 ,
972 2925 1105 2992 Quia
1138 2919 1290 2976 simul
1316 2934 1407 2971 nos
1432 2913 1660 2968 excitavit
1678 2953 1692 2977 ,
1721 2919 1766 2963 et
1795 2910 1943 2962 simul
1969 2924 2051 2960 se-

473 3029 589 3081 dere
616 2997 728 3094 [erit
762 3023 812 3072 in
841 3015 1116 3071 cmlestibus
1144 3010 1364 3081 (Ephes.
1399 3023 1470 3065 ιι,
1503 3003 1604 3073 6);
1635 3011 1687 3055 et
1723 3000 1863 3054 idem
1891 2997 2051 3062 dicit,

476 3121 582 3187 Spe
601 3092 730 3170 enim
753 3112 876 3166 salvi
896 3109 1017 3181 facti
1039 3122 1209 3161 sumus
1234 3103 1407 3175 (Rom.
1430 3115 1542 3154 vui.
1569 3095 1659 3166 24)
1690 3113 1702 3148 :
1727 3109 1845 3148 nam
1869 3101 1920 3144 et
1943 3092 2055 3160 ipse

475 3184 707 3267 Joannes
733 3218 851 3258 eum
883 3201 1042 3262 dicat,
1074 3196 1182 3267 Ego
1211 3193 1408 3263 quidem
1436 3189 1632 3257 bnptizo
1658 3202 1741 3240 ros
1770 3186 1820 3238 iu
1851 3200 1981 3254 aqua
2003 3184 2056 3236 in

477 3298 816 3372 pmuiteutiam
837 3296 852 3326 ¹
871 3336 886 3359 ,
917 3293 969 3346 in
999 3289 1339 3344 remissionem
1374 3294 1686 3352 peccatorum
1718 3277 1936 3347 (Matth.
1969 3291 2053 3340 ut,

477 3364 538 3447 II
561 3393 579 3460 )
604 3407 618 3454 ;
651 3387 926 3443 Dominum
954 3381 1142 3436 videns
1169 3378 1274 3443 ait,
1305 3373 1438 3427 Ecce
1474 3372 1644 3442 Agnus
1673 3368 1806 3432 Dei,
1839 3381 1948 3419 ecce
1973 3364 2058 3434 qui

477 3458 608 3538 tollit
636 3490 837 3551 peccata
864 3474 1038 3530 mundi
1069 3471 1258 3544 (Joau.
1291 3484 1329 3531 ι,
1359 3466 1461 3532 29)
1493 3483 1505 3516 :
1538 3473 1710 3516 tamen
1744 3475 1810 3513 ne
1838 3458 2060 3527 quisque

477 3571 763 3629 contendat
783 3569 940 3622 etiam
965 3566 1016 3618 in
1043 3561 1303 3632 baptismo
1321 3554 1540 3612 Joannis
1561 3551 1776 3605 dimissa
1799 3563 1915 3602 esse
1939 3559 2060 3614 pec-

478 3674 616 3726 cata,
640 3661 732 3716 sed
754 3660 979 3728 aliquam
1006 3653 1316 3722 ampliorent
1339 3643 1807 3706 sanctiﬁcationem
1830 3639 1908 3693 eis
1927 3650 2060 3706 quos

481 3756 634 3826 jussit
660 3727 854 3807 Paulus
877 3748 1052 3802 denuo
1083 3741 1330 3813 baptizari
1365 3739 1499 3810 (Act.
1530 3750 1644 3797 xix,
1674 3729 1808 3802 5-5),
1839 3745 1932 3799 per
1957 3727 2060 3780 Ba-

483 3824 731 3921 ptismum
764 3842 958 3897 Christi
990 3855 1108 3894 esse
1136 3837 1404 3898 collatam,
1439 3847 1543 3885 non
1575 3845 1672 3899 ago
1701 3824 2023 3896 pugnaciter.

553 3937 775 3996 CAPUT
796 3933 887 3990 XI.
910 3963 981 3972 —
1008 3931 1094 3985 I5.
1124 3927 1253 3982 Illud
1277 3925 1416 3980 enim
1443 3921 1582 3992 quod
1604 3919 1670 3974 ad
1696 3934 1807 3973 rem
1835 3929 2064 3986 praesen-

485 4043 593 4089 tem
633 4029 862 4084 maximc
901 4023 1164 4094 pertinet,
1195 4015 1501 4072 intueudmn
1532 4021 1613 4065 est
1639 4011 1881 4078 (quoquo
1909 4004 2065 4059 modo

487 4139 545 4179 3e
581 4122 774 4176 habeat
808 4116 1068 4186 baptisma
1107 4107 1361 4169 Joannis,
1391 4118 1512 4157 cum
1547 4116 1667 4154 eum
1705 4099 1771 4153 ad
1812 4098 2064 4151 unitatem

489 4213 683 4269 (ΠΜ-ἰηιί
716 4209 981 4278 pertinere
1010 4198 1347 4255 manifestum
1386 4194 1523 4261 sit),
1553 4207 1671 4261 qua:
1699 4204 1858 4244 causa
1885 4187 2068 4241 fecerit

490 4316 548 4357 ut
575 4310 692 4372 post
717 4300 973 4355 Joannem
1002 4299 1242 4346 sanctum
1271 4283 1524 4354 baptizari
1555 4282 1798 4336 homines
1823 4287 2071 4347 oportue-

491 4369 596 4458 rit,
635 4401 689 4446 et
725 4399 844 4458 post
879 4386 1156 4454 episc0pos
1195 4393 1382 4432 avaros
1423 4391 1527 4428 non
1562 4371 1873 4443 oportuerit.
1906 4369 2072 4423 Nemo

491 4486 632 4538 cnim
664 4490 820 4550 negat
846 4475 988 4547 quod
1028 4473 1078 4526 in
1118 4485 1246 4541 agro
1281 4467 1546 4523 dominico
1583 4465 1811 4518 Joannes
1841 4461 2070 4514 triticum

492 4586 606 4632 erat
629 4615 643 4637 ,
672 4582 759 4636 et,
791 4569 834 4623 si
866 4567 1091 4635 amplius
1118 4577 1223 4617 nou
1253 4567 1454 4629 potest,
1484 4559 1536 4610 in
1565 4556 1803 4609 ubertate
1829 4560 2070 4606 centena.

495 4669 626 4723 Item
659 4677 817 4718 nemo
843 4654 1350 4723 dubitat,avarttiam
1373 4692 1387 4710 ,
1414 4666 1530 4719 qua:
1560 4657 1641 4702 est
1671 4645 1930 4699 idolorum
1959 4658 2076 4696 ser-

495 4762 637 4812 vitus
657 4798 671 4821 ,
701 4757 752 4809 in
783 4766 955 4808 messe
982 4749 1244 4803 dominica
1275 4747 1410 4798 inter
1439 4742 1617 4811 paleas
1657 4738 1943 4794 numerari.
1973 4735 2078 4788 Cur

498 4865 625 4918 ergo
657 4855 775 4916 post
803 4843 1032 4897 triticum
1061 4840 1376 4908 baptizatur,
1404 4843 1458 4887 et
1484 4841 1602 4902 post
1627 4831 1828 4900 paleam
1854 4844 1958 4881 non
1988 4825 2080 4878 ba-

499 4915 764 5011 ptizatur?
792 4933 848 4990 Si
880 4941 1154 5002 propterea
1185 4925 1374 4979 Paulus
1403 4932 1520 4991 post
1549 4920 1805 4974 Joannem
1845 4915 2081 4984 baptiza-

500 5007 609 5098 ιιι,
641 5029 763 5092 quia
800 5024 1003 5080 Joanne
1036 5018 1222 5074 melior
1251 5024 1396 5076 erat;
1429 5028 1521 5065 cur
1561 5026 1663 5064 non
1702 5017 1756 5064 et
1788 5007 2082 5078 Cyprianus

502 5134 620 5193 post
647 5123 972 5175 feneratores
996 5125 1120 5166 suos
1147 5109 1374 5176 collegas
1404 5102 1706 5173 baptizavit,
1737 5101 1925 5170 quibus
1953 5099 2081 5150 ultra

503 5211 953 5282 comparationem
994 5203 1178 5258 melior
1213 5200 1362 5252 erat?
1399 5195 1452 5248 Si
1493 5203 1769 5263 propterea
1807 5200 1924 5259 post
1954 5188 2085 5241 tales

503 5307 732 5373 collegas
753 5298 1050 5371 Cyprianus
1071 5308 1176 5346 non
1205 5287 1504 5359 baptizavit,
1530 5286 1650 5354 quia
1673 5285 1721 5336 iu
1749 5282 1944 5335 unitate
1965 5295 2081 5334 cum

509 5399 598 5452 illo
628 5372 810 5457 erant;
843 5402 942 5443 nec
971 5394 1085 5454 post
1111 5383 1366 5437 Joannem
1400 5377 1580 5431 debuit
1606 5374 1818 5435 Paulus,
1848 5372 1967 5440 quia
1998 5386 2089 5423 ea-

508 5463 627 5542 dem
669 5487 865 5540 unitate
907 5475 1334 5533 Continebatur'.
1377 5470 1457 5522 An
1498 5467 1628 5519 forte
1671 5463 1996 5517 l'raudatores
2035 5470 2088 5514 ct

511 5595 726 5648 rapaces
754 5577 816 5631 ad
849 5571 1106 5629 columbm
1138 5568 1275 5620 illius
1315 5564 1477 5617 unice
1519 5558 1754 5614 membra
1796 5555 2086 5624 pertinent,

579 5739 591 5765 ι
622 5736 692 5782 sic
715 5734 936 5792 plerique
959 5738 1058 5774 vss.
1077 5733 1135 5792 .Al.
1154 5722 1296 5792 editi,
1323 5719 1368 5768 in
1395 5732 1517 5781 aqua
1537 5713 1839 5780 pa‘uilmtitt'.

577 5800 592 5828 ι
625 5807 718 5843 λιιι.
750 5803 798 5841 et
820 5785 938 5853 Mss,
967 5785 1331 5838 retu‘t’uriaatttu'.

1142 340 1227 393 DE
1261 333 1592 391 BAPTISMO
1631 326 1900 385 comma
1942 321 2384 387 ooatt'rtsras,
2429 323 2484 377 s.
2531 322 2890 379 AUGUSTINI

3607 323 3711 377 I85

2129 447 2179 490 et
2203 437 2290 490 ille
2311 453 2414 490 non
2441 439 2667 506 pertinet
2687 439 2770 492 cui
2794 447 3024 506 [Mtteslas
3046 439 3157 507 ipsa
3185 439 3389 493 Domini
3412 440 3536 494 Jcsu
3559 440 3708 494 Chri-

2128 531 2193 583 sti
2226 544 2318 598 per
2346 529 2603 582 columba:
2641 530 2872 596 speciem
2913 530 3107 598 Spiritu
3147 540 3330 584 sancto
3359 530 3715 586 descendente

2130 629 2416 673 monstrata
2440 631 2518 674 est
2542 619 2750 688 (.llattlt.
2774 637 2850 685 ut,
2877 620 2960 682 I6,
2983 629 3027 673 et
3051 619 3208 674 Joan.
3234 621 3282 683 I,
3308 620 3434 687 55)?
3459 621 3567 674 Imo
3587 638 3713 674 veru

2132 711 2220 765 ille
2260 712 2440 765 intime
2481 712 2742 779 pertinet,
2778 712 2860 765 isti
2902 727 3026 764 vero
3064 712 3144 766 vel
3184 713 3460 765 occasione
3495 713 3720 780 alicujus

2133 804 2363 858 scandali
2387 846 2400 866 ,
2435 804 2515 858 rel
2560 803 2742 858 ultima
2783 804 3123 858 ventilatione
3156 823 3182 854 ιι
3221 805 3395 858 tritico
3435 805 3715 874 separandi

2134 910 2460 963 nequaquam
2490 897 2753 963 pertinent
2783 905 2870 949 :et
2895 905 3067 948 tamen
3091 906 3206 962 post
3230 897 3371 948 illum
3397 897 3715 963 baptizatum

2134 995 2214 1040 est
2234 1028 2246 1046 .
2278 996 2395 1054 post
2425 987 2552 1041 istos
2582 1003 2684 1039 non
2717 987 3032 1055 baptizatur.
3065 990 3192 1051 Qum.
3233 987 3389 1055 igitur
3412 1005 3567 1042 causa
3595 1001 3697 1042 est.

2135 1080 2233 1132 nisi
2261 1080 2382 1148 quia
2413 1079 2676 1146 Baptisma
2706 1078 2844 1145 quod
2886 1079 3001 1130 illos
3036 1080 3192 1146 jussit
3219 1079 3414 1132 Paulus
3442 1081 3710 1147 accipere,

2137 1187 2239 1225 non
2279 1174 2378 1224 hoc
2411 1179 2524 1224 erat
2553 1170 2690 1239 quod
2725 1186 2817 1238 per
2841 1169 3097 1224 Joannem
3127 1170 3391 1223 dabatur?
3421 1170 3487 1224 Et
3517 1171 3707 1224 ideoiu

2135 1263 2320 1318 eadem
2349 1263 2460 1331 ipsa
2483 1264 2682 1315 unitate
2708 1261 2976 1326 Ecclesitc,
3009 1262 3307 1329 Baptismus
3329 1261 3524 1316 Christi
3551 1264 3592 1315 si
3625 1265 3716 1316 ba-

2138 1356 2366 1424 ptizante
2407 1354 2704 1409 feneratore
2740 1353 3003 1417 tradatur,
3037 1355 3197 1421 repeti
3240 1369 3341 1407 non
3374 1365 3546 1422 potest
3576 1373 3588 1406 :
3623 1357 3714 1408 ba-

2140 1447 2390 1515 ptismum
2423 1455 2599 1500 autem
2630 1446 2850 1500 Joannis
2882 1446 3040 1500 etiam
3082 1447 3149 1498 ab
3190 1446 3304 1513 ipso
3339 1445 3542 1500 Joanne
3577 1451 3713 1500 acci-

2141 1537 2346 1604 pientes
2365 1576 2378 1599 ,
2410 1545 2594 1604 postea
2620 1534 2814 1589 Christi
2845 1535 3113 1603 Baptismo
3141 1535 3393 1603 baptizari
3422 1537 3718 1604 oportebat.

2211 1626 2437 1682 CAPUT
2476 1627 2590 1680 XII.
2623 1655 2694 1665 —-
2723 1627 2808 1680 I4.
2841 1625 3066 1680 Proinde
3097 1641 3310 1695 possum
3340 1636 3395 1681 et
3421 1643 3518 1696 ego
3550 1629 3722 1682 verbis

2143 1728 2297 1774 utens
2325 1720 2488 1789 ipsius
2513 1720 2651 1774 beati
2678 1719 2926 1790 Cypriani
2952 1719 3014 1772 ad
3044 1718 3314 1787 cujusdam
3339 1721 3573 1774 miraculi
3594 1736 3728 1773 con-

2144 1810 2519 1865 siderationem
2544 1810 2868 1864 audientium
2895 1809 3053 1864 corda
3081 1819 3410 1872 convertere,
3438 1811 3480 1862 si
3506 1809 3677 1864 dicam
3707 1828 3721 1863 :

2145 1899 2247 1952 Ille
2271 1898 2496 1953 Joannes
2529 1901 2692 1970 major
2720 1901 2847 1953 inter
2881 1899 3159 1971 Prophetas
3185 1900 3381 1954 habitus
3397 1915 3416 1962 ;
3444 1901 3530 1954 ille
3557 1901 3725 1953 diuina

2147 1993 2310 2060 gratia
2339 1991 2504 2044 adhuc
2535 1991 2586 2044 in
2616 2001 2754 2045 utero
2783 1992 2955 2045 matris
2984 1991 3249 2060 impletus;
3277 1991 3365 2044 ille
3389 1991 3520 2045 Elia:
3544 1993 3726 2061 spiritu

2148 2093 2194 2136 et
2231 2084 2408 2136 virtute
2439 2083 2715 2148 subnixus,
2750 2083 2836 2151 qui
2875 2100 2974 2136 non
3013 2083 3327 2137 adversarius
3369 2082 3608 2146 Domini,
3640 2086 3726 2136 sed

2149 2191 2431 2244 prcecursor
2457 2191 2515 2226 ac
2542 2175 2838 2242 prwdicator
2859 2175 2984 2244 fuit;
3005 2175 3089 2244 qui
3119 2173 3389 2226 Dominum
3412 2191 3512 2226 non
3535 2185 3726 2226 tantum

2150 2267 2308 2320 verbis
2349 2267 2698 2335 prwuuutiavit
2721 2308 2736 2331 ,
2775 2267 2863 2318 sed
2897 2275 2941 2318 et
2978 2266 3136 2318 oculis
3168 2265 3416 2327 ostendit;
3445 2266 3530 2334 qui
3563 2266 3725 2333 ἔρδων

2150 2360 2404 2416 Christum
2431 2377 2521 2430 per
2553 2376 2698 2428 quem
2735 2359 3053 2424 baptizaretur
3089 2358 3254 2410 caueri
3272 2397 3287 2420 ,
3319 2357 3625 2424 baptizavit;
3653 2357 3732 2408 sic

2152 2452 2418 2520 baptizare
2449 2468 2552 2503 non
2584 2450 2796 2510 meruit,
2829 2460 2884 2501 ut
2914 2457 3030 2517 post
3058 2463 3179 2501 eum
3211 2462 3313 2499 non
3343 2447 3735 2515 baptizarentur

2153 2542 2242 2610 qui
2268 2541 2335 2594 ab
2363 2555 2426 2595 eo
2458 2540 2661 2595 fuerant
2692 2539 2935 2608 baptizati
2969 2557 2981 2592 :
3009 2548 3062 2591 et
3089 2547 3205 2605 post
3232 2551 3440 2602 avaros,
3473 2535 3737 2589 fraudator

2153 2647 2261 2698 res,
2286 2647 2521 2701 rapaces,
2546 2631 2888 2694 feneratores,
2913 2646 3067 2684 nemo
3087 2645 3399 2700 quemquam
3425 2629 3473 2681 in
3501 2629 3736 2682 Ecclesia

2155 2723 2525 2792 baptizandum
2553 2721 2799 2792 putabit?
2829 2721 3013 2774 Nonne
3041 2735 3159 2772 cum
3196 2719 3307 2772 lucc
3338 2719 3593 2772 imidiose
3622 2719 3739 2771 cla-

2157 2829 2393 2880 marero,
2417 2814 2767 2882 reapondetur
2787 2811 2915 2865 mihi
2941 2828 2953 2863 :
2977 2809 3114 2876 Quid
3141 2812 3241 2862 hoc
3266 2809 3528 2876 indignum
3557 2816 3737 2876 putas,

2158 2905 2306 2974 quasi
2334 2915 2426 2958 aut
2451 2904 2684 2958 Joannes
2709 2903 3066 2956 exhonoratus
3093 2899 3190 2964 sit,
3225 2908 3314 2952 attt
3343 2914 3532 2951 avarus
3563 2897 3737 2951 bono—

2158 2996 2341 3051 ratus?
2370 2995 2474 3049 Sed
2511 2995 2650 3048 illius
2680 2994 3000 3063 Baptismum
3034 3007 3138 3046 non
3169 2992 3401 3060 oportuit
3429 2989 3643 3055 iterari,
3669 2989 3738 3042 de

2159 3105 2263 3159 quo
2292 3089 2428 3144 idem
2464 3088 2695 3142 Joannes
2719 3089 2826 3153 ait,
2856 3087 2955 3140 Hic
2983 3096 3052 3141 est
3089 3087 3174 3156 qui
3202 3085 3423 3153 baptizut
3455 3085 3506 3137 iu
3542 3082 3748 3151 Spiritu

2157 3191 2331 3236 sancto
2361 3179 2550 3249 (Joan.
2577 3195 2624 3244 ι,
2655 3178 2781 3250 55).
2816 3180 2916 3234 Per
2947 3179 3233 3247 quemlibet
3265 3178 3403 3231 enim
3442 3175 3742 3228 ministrum

2161 3274 2332 3337 detur,
2366 3273 2502 3326 illius
2526 3279 2608 3326 est
2633 3271 2934 3341 Baptismus
2962 3270 3028 3325 de
3053 3285 3157 3338 quo
3185 3270 3381 3322 dictum
3411 3277 3513 3331 est,
3549 3265 3642 3319 llic
3667 3275 3747 3317 est

2161 3366 2244 3433 qui
2270 3365 2505 3434 baptizat.
2536 3363 2638 3419 Sed
2669 3378 2840 3432 neque
2873 3363 3036 3430 ipsius
3065 3347 3294 3416 Joannis
3323 3360 3608 3427 baptisnttts
3639 3358 3749 3410 itc-

2165 3467 2310 3512 ratus
2335 3469 2444 3524 est,
2476 3474 2596 3511 cum
2636 3459 2700 3510 ab
2742 3474 2806 3511 eo
2846 3459 3135 3526 baptizatos
3165 3455 3416 3523 baptizari
3449 3455 3499 3507 iu
3530 3451 3752 3506 Christo

2167 3549 2359 3602 Paulus
2398 3548 2667 3616 apostolus
2703 3547 2879 3614 jussit.
2921 3546 3068 3611 Quod
3098 3547 3235 3598 enim
3268 3545 3334 3597 ab
3362 3545 3533 3596 amico
3561 3544 3753 3609 sponsi

2167 3657 2272 3695 nou
2298 3648 2643 3708 acceperant,
2675 3637 2774 3690 hoc
2801 3638 2866 3691 ab
2895 3638 3006 3704 ipso
3036 3650 3232 3703 sponso
3269 3635 3508 3703 aecipere
3539 3635 3756 3687 debue~

2167 3741 2322 3796 runt,
2350 3731 2416 3783 de
2442 3745 2546 3798 quo
2574 3729 2663 3782 ille
2687 3728 2887 3782 amicus
2916 3727 3154 3790 dixerat,
3187 3723 3284 3777 llic
3313 3733 3383 3777 est
3411 3724 3494 3792 qui
3521 3722 3758 3791 baptimt

2167 3827 2221 3879 in
2252 3824 2446 3891 Spiritu
2473 3831 2664 3876 sancto.

2241 3916 2464 3971 CAPUT
2498 3914 2631 3969 Xlll.
2653 3944 2724 3954 -—
2746 3914 2832 3967 I5.
2858 3913 3066 3967 Poterat
3092 3911 3252 3973 enim,
3275 3910 3318 3962 si
3345 3909 3616 3971 voluisset,
3644 3909 3760 3961 Do-

2171 4009 2347 4062 minus
2382 4008 2539 4062 Jesus
2578 4004 2829 4072 Baptismi
2862 4005 2942 4057 sui
2981 4012 3298 4073 potestatem
3328 4001 3454 4055 dare
3481 4001 3635 4054 alicui
3665 4003 3758 4055 vel

2173 4101 2432 4171 aliquibus
2457 4099 2738 4169 pr:ecipuis
2761 4098 2928 4151 servis
2953 4098 3083 4162 suis,
3107 4112 3239 4166 quos
3257 4096 3364 4164 jam
3389 4094 3594 4148 fecisset
3614 4095 3760 4146 ami-

2175 4208 2266 4248 cos
2301 4206 2446 4252 suos,
2479 4190 2724 4258 qualibus
2751 4192 2842 4253 ait,
2869 4188 2992 4241 Jam
3021 4205 3119 4241 nou
3150 4204 3233 4241 vos
3261 4187 3424 4239 dicam
3451 4201 3632 4245 senos,
3663 4185 3760 4238 sed

2177 4285 2363 4336 arnicas
2389 4283 2405 4353 (
2427 4282 2532 4344 Ιώ,
2566 4297 2658 4344 xv,
2696 4281 2790 4347 I5)
2825 4295 2838 4332 :
2874 4290 2928 4332 ιιι
2955 4277 3396 4347 quemadmodum
3431 4292 3520 4344 per
3551 4275 3758 4342 virgam

2177 4374 2451 4428 florentem
2490 4373 2883 4426 demonstratus
2918 4381 3001 4424 est
3041 4372 3216 4423 Aaron
3261 4369 3506 4422 sacerdos
3549 4365 3758 4434 (Nam.

2177 4481 2284 4520 xru
2303 4506 2318 4530 ,
2347 4465 2444 4531 8),
2473 4461 2539 4516 ita
2574 4463 2623 4514 in
2650 4462 2765 4529 ejus
2795 4460 3026 4514 Ecclesia
3053 4459 3141 4512 ubi
3175 4460 3318 4528 plura
3342 4470 3395 4512 et
3424 4458 3619 4525 majora
3651 4458 3762 4510 mi-

2181 4559 2357 4612 racula
2387 4560 2515 4610 facta
2545 4563 2702 4618 sunt,
2737 4571 2830 4622 per
2855 4553 3062 4621 aliquod
3089 4554 3294 4622 signum
3319 4552 3765 4606 demonstraren-

2184 4659 2266 4702 tur
2293 4645 2686 4700 excellentioris
2715 4645 3005 4697 sanctitatis
3033 4643 3256 4696 ministri
3284 4651 3339 4696 et
3365 4641 3768 4709 dispensatores

2183 4739 2576 4808 mysteriorum,
2611 4737 2697 4805 qui
2729 4735 2826 4788 soli
2858 4735 3121 4804 baptizare
3149 4732 3424 4786 deberent.
3457 4731 3559 4786 Sed
3587 4731 3630 4783 si
3661 4730 3769 4785 hoc

2187 4831 2358 4894 ﬁeret,
2388 4829 2628 4898 quamvis
2660 4828 2738 4881 eis
2766 4844 2793 4878 a
2828 4825 3054 4879 Domino
3082 4823 3381 4886 attributus,
3410 4832 3586 4876 tamen
3618 4823 3769 4888 ipso.

2187 4938 2304 4976 rum
2336 4921 2629 4988 baptismus
2663 4917 2772 4985 jam
2801 4915 3081 4977 diceretur,
3113 4914 3254 4967 sicut
3285 4913 3572 4980 baptismus
3598 4910 3769 4964 Joan-

2188 5015 2272 5068 nis
2299 5014 2412 5066 fuit.
2445 5011 2566 5065 Ideo
2609 5009 2802 5062 Paulus
2838 5007 3031 5076 gratias
3057 5005 3164 5074 agit
3193 5005 3304 5058 Deo
3331 5003 3468 5073 quod
3498 5001 3769 5056 neminem

2192 5113 2424 5181 ipsorum
2452 5107 2830 5174 baptizarerat,
2862 5103 2947 5170 qui
2978 5112 3224 5168 tanquam
3247 5099 3394 5152 obliti
3423 5099 3472 5149 in
3497 5096 3647 5164 cujus
3672 5111 3777 5146 no-

2195 5202 2337 5256 mine
2368 5197 2612 5266 baptizati
2642 5203 2818 5248 essent
2841 5235 2853 5253 ,
2888 5208 2980 5260 per
3009 5191 3278 5270 hominum
3309 5203 3367 5241 se
3397 5187 3607 5240 nomina
3635 5185 3778 5238 divi-

2195 5295 2389 5349 debant
2415 5292 2458 5360 (I
2485 5291 2602 5345 Cor.
2633 5306 2670 5354 I,
2703 5288 2911 5354 I245).
2944 5285 3074 5339 Cum
3101 5285 3240 5337 enim
3273 5292 3471 5336 tantum
3507 5281 3645 5333 valet
3672 5279 3779 5332 ιιι-

2195 5391 2416 5458 ptismus
2453 5401 2544 5454 per
2575 5383 2839 5436 hominem
2877 5376 3362 5445 contemptibilem,
3393 5385 3644 5443 quantutn
3677 5387 3780 5440 per

2197 5479 2504 5550 Apostolutn
2532 5476 2712 5535 datus;
2739 5476 2807 5526 ita
2833 5488 2929 5525 nec
2959 5471 3116 5532 illius,
3142 5483 3239 5520 nec
3266 5468 3404 5520 illius
3429 5480 3545 5518 esse
3572 5479 3778 5527 Cogno-

2197 5574 2376 5632 scitur,
2407 5569 2498 5623 sed
2530 5566 2722 5620 Christi
2752 5583 2762 5616 :
2787 5562 2924 5632 quod
2952 5563 3004 5614 in
3034 5564 3146 5628 ipso
3176 5558 3398 5610 Domino
3425 5556 3654 5609 Joannes
3680 5570 3778 5620 per

2197 5667 2335 5719 illam
2363 5660 2621 5714 columbm
2647 5657 2873 5724 Speciem
2904 5670 2959 5707 se
2984 5652 3230 5706 didicisse
3259 5658 3498 5703 testatur.
3527 5646 3654 5700 Natu
3684 5660 3781 5698 se—

2200 5756 2428 5816 cundum
2453 5752 2574 5824 quid
2603 5750 2740 5803 aliud
2763 5749 2968 5813 dixerrit,
2999 5746 3061 5798 Et
3088 5762 3173 5815 rga
3201 5746 3474 5797 nesciebam
3500 5756 3610 5796 cum
3630 5754 3647 5802 ;
3671 5752 3784 5793 non
