4028 6202
276 363 372 419 ltili

269 475 421 537 plane
455 464 627 520 video.
657 461 713 516 Si
747 459 888 514 enim
928 473 1050 512 eum
1085 454 1302 508 omnino
1343 450 1599 508 nesciret,
1633 460 1734 496 nou
1766 458 1856 492 ve-

269 532 428 612 iiienti
458 557 524 609 ad
555 553 875 622 baptisunnn
903 565 1058 602 suum
1086 547 1302 608 diceret,
1337 541 1446 613 Ego
1472 558 1503 592 ιι
1531 550 1576 592 te
1600 535 1749 589 debeo
1774 532 1863 585 ba-

270 651 450 722 ptizari
484 647 698 717 (Matth.
734 660 806 707 ιιι,
841 642 954 712 Η).
988 639 1122 707 Quid
1149 653 1276 707 ergo
1306 645 1388 688 est
1414 631 1552 700 quod
1577 630 1683 722 ait,
1719 627 1861 722 Quo-

267 717 404 797 niam
448 740 548 791 ridi
591 737 842 805 Spiritum
886 734 1015 786 velut
1060 728 1342 783 columbam
1386 720 1762 776 descendentem
1801 717 1863 768 de

267 833 410 892 calo.
442 841 489 884 et
521 829 704 881 mansit
731 842 883 893 super
911 841 1042 878 eum.
1079 821 1142 873 Et
1173 835 1262 888 ego
1293 815 1567 870 nesciebam
1593 827 1703 865 eum
1732 825 1749 862 :
1775 808 1862 861 scd

269 927 351 992 qui
384 939 461 976 me
500 921 632 974 misit
665 920 919 987 baptizare
944 916 994 967 in
1021 929 1182 983 aqua,
1219 912 1325 976 ipse
1353 906 1475 959 milii
1501 904 1660 966 dixit,
1694 901 1862 970 Super

272 1032 410 1082 qum"
439 1013 621 1065 videris
649 1010 899 1079 Spiritum
926 1004 1299 1060 descendentem
1327 1000 1388 1052 de
1417 997 1560 1056 caelo,
1586 1004 1630 1048 et
1657 1009 1865 1045 manen-

273 1122 364 1160 L'ttt
400 1124 554 1173 super
593 1120 738 1166 «τινι,
771 1103 879 1168 ipse
911 1110 980 1151 est
1017 1100 1098 1163 qui
1129 1095 1347 1163 lmptizat
1377 1092 1429 1144 in
1466 1088 1663 1160 Spiritu
1690 1093 1862 1139 sancto

276 1202 463 1262 (tuon.
494 1214 540 1256 ι,
573 1198 641 1261 δὲ.
662 1239 674 1255 ,
707 1193 828 1262 55).
861 1189 1113 1244 Columba
1147 1188 1324 1252 utique
1352 1198 1512 1250 super
1542 1179 1859 1247 baptizatum

273 1295 642 1346 dem-tulerat.
692 1287 876 1340 Adhuc
914 1292 1089 1335 autem
1136 1277 1365 1332 venienti
1408 1285 1464 1328 ut
1508 1273 1863 1340 baptizaretur

275 1384 509 1440 dixerat,
548 1378 656 1446 ligo
692 1394 721 1427 α
759 1391 804 1427 te
841 1374 991 1425 debeo
1029 1368 1294 1437 baptizari.
1336 1365 1452 1419 Jam
1495 1377 1622 1430 ergo
1663 1359 1864 1413 sciebat

274 1489 417 1524 cuiu.
446 1470 582 1536 Quid
620 1467 718 1519 sibi
761 1466 935 1531 itaque
974 1460 1116 1522 vult,
1151 1457 1258 1526 Ego
1289 1454 1563 1509 nesciebam
1593 1467 1702 1503 eum
1731 1465 1748 1499 :
1775 1447 1862 1500 sed

274 1565 360 1633 qui
389 1580 467 1614 me
503 1562 634 1613 misit
671 1559 927 1626 baptizare
953 1555 1002 1606 in
1032 1569 1162 1622 aqua
1181 1592 1194 1611 ,
1225 1551 1330 1618 ipse
1357 1547 1477 1599 milii
1505 1546 1632 1598 dixit
1651 1585 1665 1605 ,
1696 1542 1862 1609 Super

273 1671 420 1723 quem
451 1652 634 1706 rideri:
661 1650 911 1718 Spiritum
937 1644 1312 1708 descendentem
1335 1640 1398 1693 de
1417 1639 1563 1705 cwlo,
1587 1645 1632 1693 et
1659 1652 1867 1691 manen-

275 1759 375 1799 tem
405 1761 556 1812 super
580 1760 693 1796 eum
714 1783 726 1803 ,
757 1744 866 1811 ipse
889 1747 960 1792 est
984 1737 1067 1807 qui
1095 1735 1314 1808 baptizat
1343 1735 1395 1788 in
1423 1734 1618 1802 Spiritu
1644 1741 1816 1786 sancto
1842 1743 1863 1782 :

274 1855 395 1891 cuiu
431 1839 532 1891 hoc
563 1843 905 1905 posteaquam
943 1831 1240 1900 baptizatus
1264 1839 1378 1890 est,
1410 1827 1604 1881 iactum
1635 1825 1731 1882 sit,
1763 1823 1862 1876 nisi

274 1929 396 1998 quia
423 1925 716 1980 secundum
744 1924 938 1994 aliquid
965 1939 1085 1978 cuin
1108 1921 1328 1982 sciebat,
1353 1917 1642 1972 secundum
1667 1913 1862 1983 aliquid

276 2019 452 2075 adhuc
491 2017 794 2072 nesciebat?
837 2014 1048 2069 Sciebat
1091 2011 1332 2065 videlicet
1373 2022 1625 2077 sponsum
1674 2004 1861 2057 Filium

282 2112 395 2174 llci,
419 2111 486 2162 de
507 2109 660 2177 cujus
687 2106 1014 2176 plenitudine
1037 2117 1224 2157 omnes
1251 2100 1551 2169 acciperent
1579 2115 1591 2148 :
1623 2096 1714 2149 sed
1741 2097 1862 2163 quia

281 2217 341 2254 ex
373 2201 490 2268 ejus
519 2197 842 2268 plenitudine
873 2197 985 2264 ipse
1013 2195 1090 2247 sie
1117 2199 1396 2260 accept-rat
1432 2186 1729 2256 baptizandi
1768 2200 1864 2252 po-

284 2302 526 2346 testatem
551 2333 566 2355 ,
596 2303 654 2344 ut
687 2289 905 2343 Joannis
942 2287 1233 2354 baptismus
1261 2284 1561 2340 diceretur;
1595 2276 1866 2331 nesciebat

286 2395 456 2436 utrum
491 2383 570 2436 sic
594 2390 735 2435 esset
762 2381 979 2431 daturus
1005 2387 1058 2432 et
1085 2375 1313 2438 caneris,
1342 2390 1407 2425 an
1439 2387 1565 2425 vero
1593 2369 1863 2438 proprium

286 2475 610 2542 Baptismum
640 2473 716 2524 sic
753 2470 1059 2531 habiturus,
1092 2476 1147 2520 ut
1185 2481 1279 2535 per
1311 2463 1599 2533 quemlibet
1627 2461 1861 2522 daretur,

285 2566 391 2618 sive
416 2561 811 2618 excellentioris
838 2561 1020 2628 gratiae
1059 2558 1356 2612 ministrum
1377 2597 1393 2620 ,
1425 2555 1538 2609 sive
1569 2552 1862 2615 interioris,

285 2656 392 2708 sive
421 2669 515 2722 per
539 2651 747 2706 centeni
778 2649 976 2703 fruetus
1003 2648 1292 2710 hominem,
1321 2647 1432 2699 sive
1459 2643 1726 2711 sexageni,
1754 2643 1866 2694 sive

290 2745 490 2808 triceni,
514 2745 629 2798 sive
654 2758 745 2811 per
767 2740 1112 2809 frumentum,
1134 2739 1246 2792 sive
1273 2752 1365 2804 per
1385 2737 1613 2806 paleam,
1637 2749 1740 2786 non
1765 2731 1862 2784 nisi

289 2838 425 2890 illius
450 2836 609 2888 unius
647 2849 766 2888 esse
801 2841 1208 2900 cognosceretur
1235 2848 1247 2881 :
1279 2839 1332 2883 et
1362 2831 1463 2883 hoc
1493 2845 1585 2896 per
1610 2827 1866 2896 Spiritum

288 2931 498 2994 didicit,
532 2929 674 2982 velut
701 2927 1000 2982 columbam
1029 2923 1440 2978 descendentem
1476 2929 1530 2975 et
1565 2931 1865 2974 manentem

285 3037 444 3091 super
468 3036 612 3075 eum.

355 3111 579 3165 CAPUT
619 3109 757 3164 XIV.
798 3137 870 3148 —
903 3107 985 3161 l6.
1027 3105 1206 3175 Itaque
1248 3104 1545 3158 invenimus
1570 3101 1764 3154 dictum
1795 3101 1862 3154 ab

287 3205 554 3271 Amstolis
595 3204 634 3266 ⁸,
683 3211 738 3256 et
789 3201 1004 3270 gloriam
1033 3216 1193 3253 meam
1224 3197 1274 3269 (l
1301 3197 1418 3272 cor.
1444 3213 1521 3260 ιιι,
1552 3196 1661 3266 15),
1692 3211 1870 3265 quam~

286 3299 366 3346 vis
385 3296 568 3360 utique
599 3293 650 3346 in
679 3293 931 3355 Domino;
963 3301 1017 3344 et
1042 3289 1373 3342 ministerium
1401 3304 1563 3340 meum
1585 3287 1761 3356 (lium.
1793 3301 1868 3346 XI.

293 3387 398 3456 l5),
428 3395 482 3439 et
509 3385 829 3455 prudentiam
859 3400 1020 3436 meam
1051 3383 1268 3452 (Ephes.
1315 3397 1392 3444 ιιι,
1434 3381 1514 3448 Ai),
1547 3389 1601 3433 ct
1635 3377 1871 3448 Evange-

289 3477 413 3527 lium
441 3491 602 3526 meum
635 3474 698 3541 (II
733 3472 868 3526 Tim.
899 3480 957 3533 It.
991 3471 1068 3540 8),
1109 3471 1349 3540 quamvis
1378 3471 1558 3538 utique
1585 3484 1614 3520 a
1648 3467 1872 3521 Domino

295 3566 620 3634 impertitum
665 3575 823 3632 atque
848 3565 1101 3618 donatum
1129 3581 1142 3614 ε
1171 3561 1473 3630 Baptismus
1496 3571 1670 3615 autem
1699 3574 1869 3624 meus,

297 3671 450 3708 neruo
499 3656 633 3708 dixit
680 3670 864 3707 eorum
917 3655 1156 3707 omnino.
1211 3652 1393 3722 Neque
1439 3652 1580 3706 enim
1637 3651 1872 3704 omnium

295 3746 513 3813 a‘qualis
560 3754 646 3798 est
673 3745 859 3811 gloria,
895 3760 993 3798 nec
1033 3743 1338 3797 ministrant
1363 3758 1550 3796 omnes
1578 3743 1871 3810 arqualiter,

297 3853 394 3891 nec
421 3837 611 3905 asquali
642 3837 916 3905 prudentia
946 3847 1070 3889 sunt
1095 3850 1282 3889 omnes
1305 3835 1533 3900 prtediti,
1565 3843 1620 3887 et
1645 3833 1696 3885 in
1723 3849 1878 3885 cvan-

296 3928 566 3995 gelizando
613 3928 749 3980 alios
801 3928 904 3980 alio
950 3927 1140 3980 melius
1178 3936 1448 3993 operatur,
1495 3935 1548 3978 ct
1601 3923 1720 3978 ideo
1772 3923 1875 3976 dici

302 4028 472 4088 potest
500 4019 637 4073 alios
667 4020 772 4072 alio
802 4019 1006 4073 doctior
1040 4019 1090 4071 io
1131 4019 1241 4086 ipsa
1283 4017 1522 4070 doctrina
1564 4016 1779 4069 salutari
1809 4016 1828 4044 ²
1860 4031 1874 4067 :

299 4113 431 4164 alius
472 4119 652 4164 autem
700 4109 807 4162 alio
833 4111 1000 4178 magis
1029 4109 1272 4162 minusve
1319 4108 1611 4175 baptizatus
1641 4105 1740 4158 dici
1773 4120 1876 4156 non

301 4213 472 4270 potest
498 4245 511 4264 ,
544 4203 657 4256 sive
686 4202 753 4254 ab
784 4201 1032 4255 inferiore
1055 4241 1070 4264 ,
1099 4200 1208 4254 sive
1238 4213 1266 4250 a
1314 4198 1516 4265 majore
1560 4197 1875 4266 baptizctur.

303 4297 527 4351 Proinde
565 4312 688 4350 cmn
736 4296 1002 4364 manifesta
1043 4293 1150 4346 sint
1187 4307 1341 4360 opera
1389 4290 1576 4353 carnis,
1625 4304 1738 4356 qum
1765 4296 1880 4340 sunt

308 4388 682 4458 fornicationes,
725 4385 1076 4448 immunditia',
1105 4383 1341 4446 luxuriae,
1371 4379 1623 4434 idolorum
1647 4381 1878 4445 servitus,

301 4481 558 4547 veneﬁcia,
587 4479 883 4540 inimicitia,
913 4477 1267 4538 contentiones,
1293 4471 1656 4534 teinulationes,
1683 4471 1881 4523 animo-

302 4572 490 4634 sitates,
514 4569 868 4631 dissensiones,
891 4568 1120 4630 haereses,
1150 4566 1372 4627 invidiae,
1396 4564 1670 4626 ebrietates,
1697 4578 1880 4614 comes-

303 4663 539 4722 sationes,
571 4673 616 4713 et
649 4663 726 4713 Itis
751 4659 938 4713 similia
963 4657 1226 4730 (Gulat.v,
1261 4656 1482 4724 19-21);
1508 4655 1552 4708 si
1575 4653 1885 4706 mirabiliter

303 4755 514 4820 dicitur,
547 4756 673 4808 Post
695 4754 952 4809 Joannem
981 4751 1226 4821 baptizati
1256 4758 1382 4803 sunt
1404 4738 1666 4810 homines,
1690 4755 1744 4799 et
1765 4753 1887 4812 post

309 4848 588 4902 luereticos
616 4863 719 4900 non
751 4846 1084 4914 baptizantur
1113 4861 1126 4895 :
1155 4858 1248 4896 cur
1276 4857 1380 4894 non
1410 4839 1723 4892 mirabiliter
1749 4835 1885 4890 dici-

307 4949 412 5001 tur,
444 4939 569 4992 l’ost
595 4937 854 4990 Joannem
885 4934 1127 5004 baptizati
1151 4941 1274 4986 sunt
1299 4931 1561 4992 homines,
1587 4938 1639 4982 et
1666 4937 1783 4996 post
1803 4927 1886 4980 in-

307 5027 456 5081 vidos
484 5043 590 5080 non
621 5027 988 5095 baptizantur;
1019 5039 1138 5077 cum
1165 5039 1231 5076 ex
1260 5030 1408 5090 parte
1435 5017 1631 5074 diaboli
1656 5031 1776 5070 esse
1804 5016 1887 5068 in-

308 5121 457 5174 vidos
499 5121 614 5190 ipse
659 5119 953 5189 Cyprianus
981 5118 1032 5170 in
1075 5115 1310 5183 Epistola
1353 5113 1419 5167 de
1449 5111 1576 5166 Zelo
1602 5119 1654 5164 et
1698 5108 1889 5162 Livorc

309 5222 530 5267 testetur
550 5253 566 5276 ,
613 5221 665 5265 et
698 5210 749 5262 in
779 5209 1011 5264 Ecclesia
1037 5207 1234 5261 Christi
1262 5204 1426 5259 fuisse
1460 5201 1664 5256 invidos
1690 5200 1889 5255 Christi

307 5303 708 5356 snmmtiatores
752 5301 880 5370 ipsis
923 5298 1227 5368 apostolicis
1266 5295 1592 5365 temporibus
1640 5293 1752 5362 ipse
1786 5293 1889 5361 Cy-

312 5396 527 5462 prianus
553 5411 619 5448 ex
646 5393 888 5462 apostolo
928 5392 1114 5455 Paulo,
1147 5391 1284 5444 sicut
1303 5389 1410 5457 jam
1439 5387 1739 5450 docuimus,
1772 5399 1888 5437 ma-

312 5491 520 5544 nifeslet
552 5488 748 5558 (Epist.
778 5489 867 5550 75,
895 5487 960 5539 ad
985 5484 1356 5554 Jubaianum)?

311 5737 342 5785 l_
376 5679 390 5707 ι
418 5676 532 5724 Editi
553 5710 567 5730 ,
602 5673 784 5725 dictum
810 5673 867 5722 ub
893 5671 1120 5735 .qiostolo.
1148 5680 1202 5720 At
1227 5679 1328 5719 Mss.
1351 5704 1365 5728 ,
1399 5667 1580 5718 dictum
1610 5666 1672 5716 ab
1705 5675 1890 5730 apulo.

333 5752 384 5783 ιε.

347 5752 384 5783 ε.

333 5752 384 5783 ιε.

373 5801 391 5828 ³
544 5835 556 5857 ,
598 5808 641 5848 ct
687 5797 789 5858 ipsa
816 5795 1031 5847 doctrina
1065 5793 1276 5846 salutari.
1302 5792 1493 5851 Plures,
1518 5787 1773 5852 spirituali.

1650 327 1849 386 ιίιιῑιι
1892 323 2201 389 QUINTUS.

3449 337 3545 390 ικϋ

2039 438 2262 494 CAPUT
2296 441 2410 496 XV.
2456 476 2525 484 —
2568 447 2648 500 l7.
2697 447 2826 513 Quia
2857 465 2984 518 ergo
3010 449 3228 504 Jnauuis
3257 451 3546 518 baptismus

1967 546 2072 583 non
2103 541 2212 585 erat
2245 533 2380 587 idem
2415 537 2502 605 qui
2554 539 2851 608 Baptismus
2898 539 3114 608 Christi,
3159 544 3287 596 satis
3320 544 3550 598 arbitror

1967 639 2086 678 esse
2111 624 2433 681 declaratum
2465 647 2476 682 :
2504 639 2556 682 et
2586 645 2862 700 propterea
2892 635 3016 687 nihil
3044 635 3348 689 documenti
3373 655 3432 690 ex
3459 640 3551 688 illo

1965 716 2140 770 all'erri
2168 727 2360 787 potest,
2388 736 2484 775 cur
2515 733 2794 792 propterea
2819 736 2936 794 post
2969 728 3244 781 haereticos
3275 730 3545 797 baptizan-

1967 810 2092 864 dmn
2123 812 2212 876 sit,
2261 815 2380 882 quia
2428 817 2745 884 baptizatqu
2791 829 2874 873 est
2921 832 3036 888 post
3078 822 3332 876 Joannem
3375 842 3386 876 :
3428 842 3548 878 rum

1966 903 2196 958 Joannes
2226 905 2505 962 haereticus
2546 928 2648 963 non
2689 913 2864 974 fuerit,
2895 923 2949 968 et
2978 918 3206 983 potuerit
3237 917 3430 970 habere
3461 921 3552 972 ha—

1968 995 2216 1062 ptismum
2237 1038 2250 1058 ,
2285 1002 2524 1068 quamvis
2550 1017 2579 1055 a
2609 1003 2822 1058 Christo
2851 1020 3196 1070 concessum,
3236 1025 3337 1062 non
3372 1019 3548 1062 tamen

1967 1083 2161 1138 Christi
2194 1089 2462 1156 proprium
2486 1131 2498 1149 ,
2544 1107 2661 1144 eum
2689 1094 2888 1146 Christi
2921 1093 3160 1148 habuerit
3187 1097 3502 1152 chariIatem
3531 1115 3546 1160 ;

1966 1187 2018 1229 et
2041 1180 2206 1246 possit
2233 1179 2514 1236 haereticus
2538 1183 2733 1237 habere
2763 1185 3086 1252 Baptismum
3119 1188 3314 1241 Christi
3339 1199 3391 1242 ct
3423 1207 3545 1257 por-

1968 1271 2268 1323 tersitalem
2325 1273 2540 1332 diaboli,
2584 1275 2720 1327 sicut
2770 1278 2908 1329 intus
2950 1279 3085 1331 alius
3133 1291 3306 1348 po.c.~t
3357 1282 3550 1335 habere

1968 1361 2292 1428 Baptismum
2320 1365 2518 1420 Christi
2544 1377 2595 1420 et
2622 1369 2871 1421 invidiam
2899 1370 3118 1423 diaboli.

2039 1457 2125 1510 l8.
2166 1459 2233 1510 At
2259 1459 2399 1511 enim
2429 1461 2778 1522 multomagis
2807 1473 2922 1528 post
2948 1463 3253 1517 hmrctieum
3281 1465 3520 1526 ῐιτιτιιίκτιιι
3539 1498 3550 1507 -

1965 1547 2091 1604 dum
2122 1559 2236 1615 est;
2269 1549 2388 1621 quia
2414 1550 2648 1609 Joannes
2677 1552 2955 1610 luereticos
2982 1575 3084 1610 non
3115 1567 3226 1612 erat
3253 1600 3268 1622 ,
3296 1566 3347 1612 et
3375 1567 3552 1615 tmm-n

1966 1652 2086 1712 post
2122 1659 2244 1699 eum
2281 1644 2602 1712 baptizatum
2644 1647 2762 1701 est?
2804 1648 2912 1709 Sic,
2956 1648 3083 1702 dicit
3123 1650 3333 1718 aliquis,
3387 1652 3553 1704 innlto

1967 1736 2134 1803 magis
2166 1745 2284 1804 post
2313 1736 2582 1790 ebriosum
2615 1737 2983 1805 baptizaudum
3013 1749 3115 1801 cst,
3151 1741 3270 1809 quia
3317 1741 3550 1794 Joannes

1966 1827 2172 1880 sobrius
2199 1837 2331 1887 erat,
2373 1839 2427 1882 et
2467 1837 2638 1882 tamen
2673 1840 2788 1898 post
2821 1847 2940 1884 eum
2978 1831 3292 1898 baptizatum
3330 1844 3406 1885 est
3439 1850 3450 1884 :
3497 1845 3553 1888 et

1969 1918 2090 1991 quid
2120 1920 2532 1994 respondeamus
2561 1921 2628 1980 ei.
2654 1938 2756 1974 non
2791 1923 3116 1986 habebimus,
3147 1924 3244 1975 nisi
3274 1924 3549 1990 haptizatis

1966 2026 1992 2063 a
2025 2011 2225 2066 Joanne
2250 2013 2574 2080 Baptismum
2603 2014 2799 2066 Chriin
2833 2031 2935 2067 non
2971 2016 3281 2067 habentibus
3305 2033 3422 2066 esse
3447 2025 3552 2069 tra-

1965 2102 2166 2164 ditum;
2201 2103 2250 2156 in
2295 2103 2484 2172 quibus
2509 2114 2683 2157 autem
2711 2114 2792 2158 est
2822 2106 3120 2175 Baptismus
3148 2107 3342 2160 Chriin
3370 2148 3382 2167 .
3429 2111 3550 2178 qui-

1967 2193 2194 2246 buslibet
2242 2209 2427 2247 eormn
2479 2197 2910 2264 perversitatibus
2961 2198 3105 2250 nullo
3148 2197 3306 2251 modo
3339 2198 3451 2252 ﬁeri
3497 2209 3554 2253 ut

1967 2300 2071 2338 non
2101 2285 2168 2338 sit
2200 2286 2250 2338 in
2279 2286 2354 2339 eis
2381 2286 2679 2357 Baptismus
2705 2288 2921 2343 Christi.

2039 2375 2126 2430 i9.
2167 2375 2279 2431 Non
2309 2381 2483 2446 itaque
2515 2379 2708 2432 idcirco
2745 2380 3008 2433 luereticus
3045 2381 3136 2450 jus
3187 2380 3432 2448 Baptismi
3457 2382 3550 2434 ob-

1967 2468 2122 2522 tinere
2145 2470 2304 2539 potuit
2325 2511 2338 2531 ,
2365 2471 2482 2537 quia
2522 2472 2660 2539 prior
2683 2470 2950 2540 baptizavit
2974 2487 2992 2534 ;
3021 2471 3113 2524 sed
3141 2472 3262 2540 quia
3303 2488 3406 2525 non
3456 2488 3553 2524 suo

1969 2559 2233 2628 baptismo
2258 2560 2541 2628 baptizavit
2573 2579 2584 2614 :
2616 2571 2669 2615 et
2695 2561 2742 2614 si
2762 2561 2846 2631 jus
2870 2563 3168 2631 baptizandi
3201 2578 3304 2614 non
3329 2563 3513 2615 habuit
3536 2604 3550 2624 ,

1971 2661 2146 2706 tamen
2186 2652 2382 2706 Christi
2432 2662 2512 2706 est
2543 2653 2680 2723 quod
2707 2654 2772 2708 de
2796 2655 2871 2717 Iit,
2901 2665 2953 2706 ot
2995 2654 3083 2708 ille
3109 2654 3332 2708 'Christ‘r
3358 2664 3439 2707 est
3465 2654 3553 2722 qni

1970 2743 2194 2810 acoepit.
2223 2742 2379 2795 Multa
2409 2745 2549 2795 enim
2571 2754 2752 2796 cootra
2772 2744 2858 2812 jus
2882 2744 3091 2805 dantur,
3111 2759 3208 2797 nec
3235 2754 3408 2797 tamen
3437 2745 3556 2796 ideo

1971 2833 2054 2888 vel
2103 2835 2243 2888 nulla
2274 2835 2354 2888 vel
2400 2851 2504 2887 non
2549 2835 2667 2887 data
2707 2835 2972 2889 dicuntur.
3002 2836 3182 2904 Neque
3205 2837 3345 2888 etiim
3376 2844 3430 2888 et
3468 2836 3554 2889 ille

1972 2928 2062 2996 qui
2115 2928 2311 2979 su-t'ulo
2348 2928 2524 2982 verbis
2552 2929 2678 2982 solis
2710 2938 2760 2980 ct
2810 2943 2910 2980 non
2945 2926 3094 2981 iactis
3122 2928 3408 2988 renuntiat,
3437 2927 3555 2995 jure

1972 3019 2165 3087 accipit
2211 3021 2574 3092 Baptismum;
2624 3029 2677 3073 et
2707 3030 2878 3074 taiuen
2907 3021 3118 3088 accipit.
3160 3019 3292 3073 Nam
3339 3021 3471 3073 tales
3503 3021 3553 3072 in

1974 3109 2210 3164 Ecclesia
2239 3121 2292 3164 et
2316 3110 2608 3181 Cyprianus
2636 3112 2747 3165 suis
2775 3110 3100 3179 temporibus
3131 3110 3292 3165 fuisse
3321 3126 3555 3164 conuoc-

1973 3211 2167 3268 morat,
2194 3211 2246 3256 et
2273 3218 2368 3256 nos
2392 3204 2716 3272 experimur,
2740 3211 2792 3256 et
2813 3201 3095 3271 gemimus.

2044 3292 2135 3345 20.
2177 3292 2364 3346 Mirum
2395 3304 2568 3346 autem
2609 3304 2711 3358 est,
2757 3294 3022 3362 quomodo
3048 3293 3256 3346 dicatur
3280 3293 3503 3359 separari
3526 3309 3560 3343 η

1974 3399 2028 3435 se
2055 3384 2071 3414 ί
2112 3393 2158 3435 et
2197 3382 2352 3435 diuidi
2388 3385 2590 3437 omnino
2619 3401 2717 3437 non
2744 3400 2906 3452 posse,
2952 3382 3266 3454 Baptismum
3295 3392 3341 3436 et
3377 3382 3559 3436 Eccle-

1975 3475 2122 3526 siam.
2173 3474 2226 3528 Si
2274 3475 2415 3528 enim
2449 3475 2708 3542 Baptisma
2755 3477 2804 3528 iu
2847 3477 3109 3543 baptizata
3139 3477 3560 3540 insep:u'ah.litcr

1979 3579 2158 3622 manet
2182 3611 2194 3631 ,
2224 3568 2488 3637 quomodo
2516 3569 2808 3638 baptizatus
2837 3569 3072 3635 separari
3103 3568 3169 3619 ab
3201 3568 3434 3621 Ecclesia
3463 3585 3558 3636 po-

1981 3669 2102 3724 tetat,
2127 3671 2175 3714 et
2202 3661 2498 3728 liaptismns
2526 3675 2628 3712 non
2660 3663 2873 3728 potest?
2899 3658 2952 3712 In
2981 3660 3241 3728 baptizata
3268 3671 3442 3712 autem
3475 3659 3558 3711 in-

1980 3750 2347 3818 separabiliter
2390 3750 2652 3817 llaptisma
2702 3765 3017 3818 permanere
3062 3749 3396 3802 manifestum
3440 3759 3558 3812 est;

1980 3842 2100 3907 quia
2130 3840 2180 3891 in
2211 3839 2477 3906 quodlibet
2506 3838 2819 3906 profundum
2857 3841 3113 3892 malorum
3144 3849 3197 3890 et
3240 3839 3290 3890 in
3341 3839 3565 3906 quamli-

1981 3930 2070 3983 bet
2101 3928 2401 3981 horribilem
2433 3928 2736 3998 voraginem
2767 3940 3098 3996 peccatorum
3132 3930 3298 3981 irruat
3329 3929 3564 3995 baptiza-

1983 4030 2066 4073 tus
2091 4060 2106 4084 ,
2137 4034 2301 4086 usque
2330 4018 2394 4070 ad
2424 4021 2766 4086 apostaticam
2799 4019 3000 4070 ruinam
3027 4061 3040 4081 ,
3074 4034 3177 4070 non
3208 4026 3353 4070 Caret
3384 4018 3563 4086 Bapti-

1984 4125 2099 4162 smo
2125 4127 2138 4163 :
2168 4119 2219 4162 et
2247 4109 2364 4161 ideo
2391 4124 2484 4176 per
2515 4109 2876 4177 ptenitentiam
2903 4108 3140 4160 redeunti
3169 4125 3270 4160 non
3301 4107 3562 4168 redditur,

1983 4205 2103 4272 quia
2149 4217 2214 4256 eo
2244 4217 2349 4256 non
2383 4202 2616 4271 potuisse
2664 4216 2847 4254 carere
2895 4200 3182 4266 judicatur.
3237 4199 3564 4266 Baptizatum

1983 4308 2158 4348 autem
2201 4310 2355 4363 posse
2383 4292 2618 4362 separari
2660 4292 2727 4346 ab
2770 4291 3009 4346 Ecclesia
3055 4291 3172 4360 quis
3202 4291 3568 4344 dubitaverit?

1986 4386 2110 4440 hnle
2140 4387 2333 4455 quippe
2371 4400 2558 4437 omnes
2587 4382 2817 4437 hmrescs
2859 4384 3124 4446 exierunt,
3159 4397 3278 4451 qua:
3309 4380 3567 4434 vocabulo

1984 4478 2276 4533 christiano
2301 4476 2591 4544 decipiunt.

2055 4568 2280 4636 CAPUT
2313 4567 2448 4620 XVI.
2492 4596 2560 4607 -—-
2596 4567 2950 4634 Quamobrem
2973 4565 3094 4634 quia
3119 4565 3454 4618 manifestum
3486 4571 3571 4617 est

1989 4660 2038 4713 in
2069 4660 2330 4728 baptizato
2355 4675 2473 4713 esse
2519 4659 2862 4727 Baptismum,
2889 4674 3008 4712 cum
3037 4658 3325 4723 baptizatus
3352 4657 3420 4710 ah
3463 4655 3568 4708 Ec-

1987 4753 2147 4808 clesia
2177 4761 2470 4821 separatur,
2519 4752 2818 4818 Baptismus
2842 4752 2927 4820 qui
2976 4752 3026 4804 in
3059 4751 3148 4804 illo
3179 4759 3278 4811 est,
3327 4765 3446 4802 rum
3479 4750 3560 4802 illo

1988 4847 2168 4914 utique
2195 4854 2488 4912 separatur.
2519 4843 2586 4896 Et
2623 4843 2741 4898 ideo
2777 4858 2880 4896 non
2911 4857 3097 4896 omnes
3121 4843 3210 4911 qui
3255 4851 3436 4896 tenent
3467 4841 3566 4892 lla-

1991 4939 2265 5006 ptisnunn,
2299 4945 2479 4988 tenent
2501 4935 2794 4988 Ecclesium
2818 4952 2832 5000 ;
2861 4935 2998 4988 sicut
3025 4951 3130 4987 non
3160 4949 3350 4988 omnes
3371 4932 3458 5000 qui
3493 4942 3570 4984 te-

1993 5039 2120 5083 nent
2163 5029 2472 5090 Eeelesiam,
2527 5036 2708 5082 tenent
2751 5037 2804 5082 et
2848 5028 3010 5081 vitam
3055 5037 3330 5081 mternam.
3375 5025 3477 5076 Ant
3522 5022 3567 5074 si

1994 5121 2288 5176 Ecelesiam
2336 5129 2518 5173 tenere
2557 5135 2659 5171 non
2687 5118 2933 5183 dicimus,
2984 5119 3082 5170 nisi
3124 5132 3217 5171 eos
3261 5115 3347 5183 qui
3393 5112 3568 5165 divina

1995 5215 2238 5268 mandata
2286 5212 2617 5275 custodiunt;
2665 5210 2859 5264 multos
2899 5211 3006 5277 jam
3058 5224 3176 5263 esse
3227 5203 3572 5260 concedimus

1994 5308 2317 5377 Baptismum
2347 5313 2605 5368 tenentes,
2633 5315 2685 5360 et
2716 5303 3006 5357 Ecelesiam
3030 5318 3130 5354 non
3164 5309 3426 5354 tenentes.

2064 5402 2152 5456 21.
2194 5400 2547 5467 Quamobrem
2596 5413 2700 5451 non
2748 5405 3066 5464 prmoccupat
3107 5393 3368 5445 lia’rctirus
3393 5387 3574 5455 Bapti-

1994 5511 2156 5548 smum
2189 5510 2206 5547 :
2234 5509 2352 5546 cum
2389 5507 2508 5545 eum
2541 5490 2608 5543 ab
2636 5489 2869 5543 Ecclesia
2902 5485 3209 5555 sumpserit.
3256 5483 3360 5535 Noe
3406 5483 3576 5549 punit

1995 5590 2236 5639 annttere
2261 5600 2379 5636 cum
2406 5581 2699 5642 recederet,
2725 5595 2878 5648 quem
2899 5580 3007 5647 jam
3037 5592 3139 5629 non
3171 5573 3368 5628 habere
3400 5573 3576 5626 Eccle-

2061 5727 2074 5756 ι
2101 5730 2145 5769 tu
2172 5721 2381 5768 editione
2406 5725 2511 5766 l.ov.
2530 5717 2758 5764 omissum
2785 5723 2874 5768 (‘5',
2899 5728 2928 5760 ιι
2952 5726 3028 5766 re;
3057 5709 3182 5773 «atad
3206 5709 3282 5757 hic
3320 5712 3366 5756 in
3387 5709 3578 5759 caneris

1997 5786 2130 5834 libris
2153 5784 2394 5844 reperitur
2423 5788 2471 5828 ct
2495 5793 2538 5840 al
2559 5787 2618 5825 ut
2643 5779 2937 5840 Lyprianum.
