4028 6202
420 345 523 400 187

419 460 550 512 siam
580 456 827 524 dicimus,
870 466 923 511 ct
961 466 1133 510 tamen
1164 455 1361 508 habere
1388 453 1713 521 Baptismnm
1746 448 1994 504 concedi-

417 566 557 604 mus.
589 549 697 604 Nec
734 550 1004 619 primatum
1036 548 1298 617 quisquam
1320 546 1415 599 sibi
1445 545 1669 613 derogat,
1695 550 1739 594 et
1766 540 1997 594 hmretico

420 641 589 692 tribuit
631 656 650 693 :
691 640 811 708 quia
859 655 977 692 eum
1008 638 1137 692 dicit
1161 652 1340 691 secum
1382 635 1665 689 abstulisse
1710 631 1850 703 quod
1894 647 1998 684 non

421 729 648 798 legitime
676 729 844 794 daret,
888 728 980 782 sed
1014 738 1188 781 tamen
1230 726 1521 796 legitimum
1553 722 1727 790 daret,
1760 739 1855 777 nec
1882 723 1991 791 jam

419 819 647 887 legitime
692 818 930 879 haberet.
972 817 1067 871 sed
1112 817 1400 888 legitimum
1448 815 1687 868 haberet.
1730 812 1998 866 Primatus

415 918 589 961 autem
634 923 736 961 non
779 917 859 961 est
904 908 1004 961 nisi
1047 908 1098 961 in
1131 915 1309 961 sancta
1349 904 1752 961 conversatione
1796 914 1851 957 et
1894 903 1996 957 vita

415 998 572 1065 lxma,
601 1015 705 1067 quo
734 1000 1002 1069 pertinent
1027 1014 1230 1063 omnes,
1249 1014 1313 1051 ex
1340 997 1532 1066 quibus
1556 1004 1803 1064 tanquam
1825 1008 1996 1048 mem-

414 1086 527 1140 bris
554 1097 764 1143 constat
809 1089 897 1142 illa
932 1102 1127 1157 sponsa
1158 1103 1259 1141 non
1289 1086 1490 1141 habens
1525 1085 1784 1139 maculam
1824 1098 1996 1154 neque

416 1196 599 1249 rugam
633 1179 846 1251 (Ephes.
879 1198 930 1248 v,
961 1180 1054 1251 27)
1086 1180 1187 1250 (a),
1217 1190 1271 1234 et
1300 1180 1387 1233 illa
1417 1177 1660 1233 columba
1689 1179 1826 1231 inter
1854 1177 1994 1231 mul-

416 1279 587 1323 tortun
617 1287 896 1325 corvorum
944 1273 1333 1345 improbitatem
1370 1284 1636 1341 gemens:
1686 1268 1785 1324 nisi
1837 1268 1987 1333 forte,

413 1376 532 1415 eum
568 1363 701 1414 lisan
729 1372 944 1431 propter
972 1361 1236 1415 lenticula:
1282 1359 1762 1431 concupiscentiam
1798 1358 1995 1427 prima-

414 1462 521 1504 tum
551 1453 836 1520 perdiderit
880 1452 1030 1523 (Gen.
1075 1469 1197 1517 xxv,
1228 1452 1444 1522 29-2“),
1500 1462 1679 1507 tenere
1705 1451 1991 1521 primatum

408 1542 697 1597 arbitrantii
742 1551 867 1596 sunt
918 1542 1269 1608 fraudatores,
1320 1552 1582 1611 raptores,
1637 1540 1985 1603 feneratores,

410 1632 591 1696 invidi,
624 1633 839 1698 ebriosi,
866 1644 919 1687 et
945 1635 1121 1687 caeteri
1155 1632 1473 1703 hujusmodi,
1504 1634 1687 1702 quales
1716 1632 1766 1685 in
1798 1631 1988 1686 Eccle-

408 1725 484 1778 sia
515 1725 593 1778 sui
627 1726 879 1793 temporis
926 1726 1083 1779 etiam
1126 1741 1219 1795 per
1265 1726 1468 1779 litteras
1512 1724 1807 1795 Cyprianus
1845 1725 1990 1793 inge-

407 1816 560 1868 muit.
590 1815 922 1884 Quapropter
948 1825 1039 1868 aut
1059 1816 1197 1885 quod
1224 1825 1306 1870 est
1333 1825 1515 1883 tenere
1539 1816 1848 1879 Ecclesiam,
1882 1831 1987 1870 non

407 1907 509 1961 hoc
537 1917 617 1962 est
646 1908 696 1961 in
727 1908 919 1962 divinis
951 1919 1131 1963 tenere
1158 1908 1474 1977 primatum;
1503 1918 1594 1962 aut
1617 1908 1661 1962 si
1692 1908 1868 1962 omnis
1895 1908 1987 1977 qui

406 2009 550 2054 tenet
605 2000 893 2055 Ecclesiam
943 2001 1099 2054 etiam
1151 2004 1430 2070 primatum
1482 2011 1647 2068 tenet,
1680 2018 1866 2057 omnes
1911 2002 1986 2058 illi

407 2091 568 2160 iniqui
603 2092 894 2146 Ecclesiam
927 2109 1029 2146 non
1073 2102 1273 2159 tenent,
1302 2095 1389 2162 qui
1423 2101 1600 2147 tamen
1629 2094 1768 2146 intus
1796 2092 1984 2146 viden-

405 2193 490 2235 tur
517 2193 570 2236 et
608 2183 931 2253 Baptismuin
962 2183 1109 2248 dare,
1151 2195 1203 2238 et
1252 2184 1445 2239 habere
1483 2200 1513 2238 a
1560 2184 1703 2238 nullo
1745 2194 1983 2238 nostrum

405 2283 681 2339 negantur.
733 2273 862 2326 Nam
891 2289 983 2327 eos
1014 2275 1291 2343 primatum
1333 2276 1384 2328 in
1414 2274 1607 2329 divinis
1640 2274 1837 2329 habere
1865 2276 1983 2345 quis

403 2362 564 2427 dicat,
600 2363 699 2417 nisi
731 2364 818 2432 qui
851 2364 980 2418 nihil
1012 2364 1247 2418 divinant
1277 2365 1452 2434 sapit?

471 2454 698 2510 CAPUT
741 2455 901 2510 XVII.
932 2486 1004 2495 —
1040 2455 1128 2509 9.9..
1170 2455 1275 2511 Sed
1297 2457 1406 2525 jam
1437 2456 1502 2509 ad
1533 2457 1618 2512 illa
1646 2456 1853 2527 eloquia
1883 2471 1979 2525 pa-

398 2547 547 2599 cifica
579 2546 862 2616 Cypriani,
894 2547 996 2601 hoc
1035 2558 1116 2602 est
1152 2548 1216 2601 ad
1256 2548 1502 2617 Epistolze
1535 2548 1691 2602 linem
1722 2549 1980 2603 omnibus

399 2637 749 2691 consideratis
776 2642 1213 2707 pertractatisque
1241 2647 1557 2708 perventum
1588 2649 1667 2692 est
1687 2680 1702 2705 ,
1745 2655 1863 2708 qua:
1892 2654 1979 2694 me

400 2729 665 2798 legentem
700 2739 753 2784 et
792 2745 932 2798 sa‘pe
968 2738 1291 2799 repetentem
1332 2746 1436 2784 non
1468 2731 1661 2785 satiant
1692 2748 1705 2784 :
1736 2740 1875 2784 tanta
1912 2747 1980 2785 cx

398 2822 478 2874 eis
514 2820 814 2887 jucunditas
847 2821 1062 2875 fraterni
1088 2821 1284 2875 amoris
1309 2820 1547 2886 exhalat,
1584 2830 1723 2875 tanta
1752 2820 1979 2875 dulcedo

400 2912 674 2966 charitatis
704 2913 976 2967 exuberat.
1012 2912 1135 2967 Haec
1162 2913 1269 2977 tibi,
1304 2913 1493 2983 inquit,
1524 2915 1731 2967 breviter
1770 2931 1859 2982 pro
1888 2931 1979 2967 no-

395 3016 499 3057 stra
525 3006 861 3058 mediocritate
885 3007 1250 3076 rescripsimus,
1278 3006 1438 3075 frater
1458 3006 1769 3071 cltarissime,
1794 3007 1977 3059 nemini

396 3097 771 3168 pra'scribcntes
794 3108 878 3149 aut
904 3098 1318 3167 prttjudicantes,
1347 3098 1614 3165 quominus
1639 3100 1979 3167 unusquisque

398 3192 744 3258 episcoporum
773 3190 905 3255 quod
946 3199 1089 3255 putat
1118 3190 1294 3257 faciat,
1324 3188 1511 3243 habens
1536 3188 1831 3263 arbitriisui
1856 3189 1978 3245 libe-

396 3296 507 3331 ram
552 3288 862 3348 potestatem.
912 3276 1042 3343 Nos,
1085 3288 1327 3347 quantum
1370 3279 1422 3331 in
1467 3280 1607 3332 nobis
1651 3289 1743 3343 est,
1775 3290 1978 3349 propter

399 3373 655 3425 Iucreticos
680 3388 790 3423 cum
816 3371 1020 3440 collegis
1049 3380 1095 3424 et
1118 3371 1423 3441 coepiscopis
1444 3372 1627 3425 nostris
1652 3388 1752 3424 non
1774 3382 1977 3426 conten-

397 3463 583 3524 dimus,
611 3479 723 3514 cum
751 3463 926 3529 quibus
954 3463 1273 3515 concordiam
1302 3472 1348 3515 et
1377 3463 1681 3515 dominicam
1700 3479 1879 3532 pacem
1902 3474 1969 3517 te-

397 3572 604 3617 nemus;
650 3555 863 3607 maxime
890 3570 1000 3605 cum
1025 3563 1069 3606 et
1094 3554 1361 3620 Apostolus
1402 3554 1556 3617 dicat,
1597 3572 1615 3604 ς
1651 3552 1711 3608 Si
1738 3556 1847 3624 quis
1876 3572 1977 3607 au—

399 3659 495 3701 tem
522 3649 765 3718 putaverit
794 3648 807 3677 ¹
833 3647 1167 3699 contentiosus
1188 3663 1309 3708 esse,
1348 3663 1437 3699 nos
1468 3646 1616 3699 talem
1652 3648 1975 3699 consuetudi-

354 3798 359 3807 _
401 3758 513 3793 nent
539 3756 639 3792 non
666 3738 922 3802 habemus,
947 3755 1103 3808 neque
1131 3736 1360 3791 Ecclesia
1384 3739 1476 3791 Dei
1500 3758 1518 3789 ι
1558 3738 1596 3808 (Ι
1616 3737 1733 3791 Cor.
1761 3756 1836 3806 χι,
1869 3740 1975 3809 16).

402 3831 645 3885 Servatur
669 3847 699 3880 a
725 3820 1134 3896 nobispatientcr
1159 3838 1204 3882 et
1234 3829 1407 3882 leniter
1430 3829 1649 3883 citat-itas
1676 3830 1851 3895 animi,
1882 3832 1979 3885 Ito-

401 3938 495 3973 uor
522 3920 735 3991 collegii,
772 3920 1021 3974 vinculum
1049 3921 1187 3987 ﬁdei,
1220 3921 1489 3973 concordia
1528 3921 1812 3975 sacerdotii.
1850 3922 1980 3976 Pro-

402 4023 508 4082 pter
537 4013 629 4067 hoc
659 4014 807 4068 etiam
844 4014 1067 4068 libeflum
1112 4013 1174 4066 de
1222 4013 1361 4065 Bono
1410 4013 1692 4077 Patientiar,
1740 4027 1979 4085 quantum

401 4106 557 4159 valuit
584 4118 753 4160 nostra
781 4107 1113 4169 mediocritas,
1150 4105 1462 4171 permittente
1500 4103 1719 4157 Domino
1748 4117 1792 4158 et
1822 4108 1981 4176 inspi-

400 4207 542 4250 rante
564 4197 972 4266 conscripsimus,
1020 4210 1164 4265 quem
1205 4192 1273 4244 ad
1302 4202 1347 4245 te
1384 4209 1476 4263 pro
1517 4204 1691 4246 mutua
1718 4194 1982 4250 dilectione

403 4289 790 4342 transmisimus.

471 4379 562 4434 25.
602 4379 657 4433 ln
686 4378 767 4431 his
808 4376 980 4430 verbis
1007 4375 1168 4428 multa
1195 4373 1577 4429 consideranda
1608 4385 1750 4440 sunt,
1780 4376 1975 4445 quibus

404 4474 455 4525 in
488 4472 587 4525 hoc
621 4471 731 4523 viro
759 4469 844 4536 qui
878 4467 1062 4520 dilexit
1088 4465 1335 4521 decorem
1366 4466 1556 4520 domus
1585 4467 1789 4520 Domini
1818 4475 1871 4521 ct
1900 4468 1980 4520 lo-

402 4578 521 4616 cum
573 4558 892 4614 tabernaculi
949 4556 1289 4610 habitationis
1333 4558 1448 4627 ejus
1497 4557 1665 4626 (Psal.
1716 4572 1851 4621 xxv,
1901 4557 1978 4628 ὅ),

403 4653 706 4708 christianm
755 4650 1030 4705 charitatis
1080 4649 1249 4717 fulgor
1291 4650 1480 4702 elucet.
1530 4649 1727 4715 Primo,
1773 4650 1894 4719 quia
1930 4650 1981 4703 id

404 4744 542 4814 quod
590 4742 753 4795 sensit
782 4758 884 4795 non
931 4740 1093 4794 tacuit
1122 4758 1135 4794 :
1164 4739 1375 4803 deinde,
1412 4739 1532 4808 quia
1565 4749 1667 4792 tam
1712 4749 1985 4794 mansuete

342 4904 349 4905 ί
404 4847 454 4887 et
485 4834 698 4901 pacifica
727 4832 964 4902 protulit,
994 4834 1115 4901 quia
1145 4846 1265 4884 cum
1289 4830 1367 4882 his
1395 4830 1481 4899 qui
1514 4830 1653 4883 aliud
1684 4831 1986 4885 sentiebant

405 4926 815 4982 ecclesiasticam
851 4940 1031 4994 pacem
1060 4924 1248 4987 tenuit,
1286 4924 1405 4990 quia
1438 4925 1488 4975 in
1531 4924 1746 4976 unitatis
1775 4923 1986 4976 vinculo

408 5029 603 5075 tantam
635 5017 995 5072 salubritatem
1037 5030 1155 5069 esse
1184 5014 1461 5075 intellexit,
1496 5015 1616 5079 quia
1638 5030 1753 5066 catn
1784 5023 1983 5066 tantum

406 5112 608 5173 dilexit,
640 5120 693 5164 et
722 5108 895 5161 sobrie
922 5105 1225 5167 castodivit,
1257 5103 1376 5173 quia
1408 5104 1538 5156 vidit
1558 5113 1611 5156 et
1634 5103 1800 5158 sensit
1825 5102 1984 5157 etiam

407 5203 619 5256 diversa
652 5200 942 5254 sentientes
980 5211 1131 5265 posse
1158 5196 1300 5248 salva
1330 5194 1586 5248 charitate
1613 5195 1812 5247 sentire
1844 5211 1857 5245 :
1893 5208 1987 5246 nc-

410 5310 513 5364 qne
540 5297 680 5348 enim
722 5308 839 5345 cunt
882 5290 1034 5343 malis
1076 5297 1259 5342 tenere
1289 5302 1345 5340 se
1375 5285 1576 5340 diceret
1601 5285 1829 5339 divinam
1856 5301 1987 5338 con-

415 5386 648 5438 rordiam
685 5393 736 5437 et
765 5381 1088 5437 dominicam
1119 5394 1296 5447 pacem
1331 5395 1343 5430 :
1376 5376 1542 5428 bonus
1569 5377 1763 5444 quippe
1792 5374 1988 5427 habere

412 5495 535 5545 erga
568 5479 735 5532 malos
767 5490 945 5544 pacem
989 5482 1191 5540 potest;
1226 5484 1404 5524 tenere
1440 5479 1615 5521 autem
1644 5484 1764 5521 cum
1791 5467 1868 5520 eis
1897 5482 1987 5532 pa-

411 5587 527 5625 cem
568 5588 671 5625 non
713 5578 906 5640 potest,
936 5582 1093 5637 quam
1138 5565 1235 5636 ipsi
1281 5580 1384 5618 nou
1426 5572 1646 5615 tenent:
1701 5570 1987 5628 postremo,

477 5726 492 5757 ¹
522 5726 593 5772 ’τοῖς
618 5725 795 5773 habent
822 5734 915 5771 Am.
944 5731 1014 5771 l’r.
1037 5729 1085 5771 et
1112 5728 1212 5769 Vss.
1252 5727 1291 5768 λι
1319 5726 1444 5771 Iov»
1472 5721 1677 5775 Ριέιίιίηνα

476 5786 549 5849 (a)
574 5792 605 5833 ll
627 5792 850 5845 lictract.,
875 5801 976 5847 cap.
1010 5786 1078 5833 l8.

1168 344 1255 397 DE
1295 338 1632 417 DAPTISMO
1670 335 1940 391 CONTRA
1986 334 2422 403 DUN.\TlST.\S,
2465 341 2518 394 S.
2565 341 2921 397 AUGL’SI‘iNl

3591 343 3692 400 188

2111 450 2229 514 quia
2264 453 2457 505 nemini
2492 455 2839 520 prtescribens
2869 471 3041 525 neque
3067 456 3449 525 prmjudicans,
3478 471 3691 525 quomi-

2109 554 2205 590 nus
2234 544 2591 611 tnntsquisque
2620 544 2985 612 cpiscOporum
3013 546 3152 615 quod
3183 555 3329 613 putat
3368 546 3545 605 faciat.
3591 545 3687 597 ha-

2105 629 2236 685 bens
2292 633 2491 687 arbitrii
2549 637 2627 689 sui
2677 638 2895 691 liberam
2943 648 3278 707 potestatem,
3324 639 3483 691 etiam
3533 641 3685 695 nobis

2105 721 2572 792 qualibuscumque
2604 726 2775 779 locum
2798 726 2962 792 dedit,
2995 729 3213 797 pacifica
3239 743 3419 783 secum
3445 728 3545 783 ista
3580 739 3687 783 trao

2104 812 2300 864 ctandi.
2359 814 2598 869 Praesens
2639 826 2719 870 est
2762 820 2922 882 enim,
2976 836 3080 872 non
3124 821 3297 872 solum
3342 835 3438 887 per
3482 820 3690 875 litteras

2105 917 2248 969 suas,
2280 906 2372 959 sed
2403 908 2559 960 etiam
2593 924 2687 977 per
2716 910 2881 978 ipsam
2902 927 3017 979 qua:
3045 911 3095 964 in
3128 911 3218 964 illo
3240 912 3470 966 maxime
3498 913 3684 980 viguit,

2103 1005 2156 1048 et
2179 998 2309 1050 mori
2340 1014 2604 1066 nunquam
2634 1002 2821 1068 potuit,
2851 1001 3182 1055 charitatem.
3210 1002 3343 1056 lluic
3364 1018 3490 1071 ergo
3519 1003 3689 1057 inluc-

2101 1100 2221 1140 rcre
2250 1097 2304 1140 et
2338 1090 2687 1158 conglutinari
2718 1091 3049 1155 desiderans,
3098 1094 3142 1147 si
3185 1109 3290 1147 non
3321 1094 3577 1162 impediar
3606 1096 3679 1148 in-

2101 1181 2468 1234 convenientia
2518 1193 2852 1250 peccatorum
2894 1200 3155 1251 nieorum,
3197 1187 3526 1241 oratioaibus
3565 1188 3685 1255 ejus

2100 1270 2327 1339 adjutus,
2373 1272 2571 1326 discam
2616 1275 2660 1327 si
2707 1284 2890 1342 potero
2929 1291 3025 1343 per
3076 1277 3278 1330 litteras
3321 1277 3436 1346 ejus
3483 1287 3679 1346 quanta

2101 1378 2227 1431 pace
2260 1380 2353 1432 per
2386 1382 2507 1418 eum
2555 1366 2841 1420 Ecclesiam
2867 1381 3016 1420 saant
3057 1368 3341 1431 Dominus,
3385 1378 3437 1422 et
3479 1380 3680 1436 quanto

2098 1454 2288 1508 solatio
2331 1456 2743 1525 gubernaverit;
2783 1467 2838 1511 et
2877 1474 2973 1526 per
3001 1459 3115 1528 ejus
3142 1463 3409 1512 sermonis
3432 1460 3677 1513 allectum

2099 1546 2388 1601 visceribus
2436 1549 2743 1603 humilitatis
2783 1549 3015 1615 indutus,
3054 1550 3097 1603 si
3136 1549 3261 1619 quid
3303 1551 3476 1604 verius
3502 1550 3677 1603 sentio

2096 1652 2216 1692 cum
2244 1638 2372 1692 orbe
2400 1650 2679 1705 terrarum,
2710 1657 2811 1695 non
2834 1642 2882 1695 ci
2914 1656 3213 1710 pru'ponam
3235 1657 3328 1695 cor
3354 1657 3549 1705 meum,
3577 1657 3675 1695 nec

2096 1729 2147 1781 in
2178 1743 2242 1781 eo
2272 1729 2384 1797 ipso
2412 1730 2550 1798 quod
2589 1732 2742 1785 aliter
2770 1733 3004 1785 sentiens
3033 1747 3135 1785 non
3170 1741 3342 1785 tamen
3381 1733 3675 1800 diremptus

2094 1829 2177 1873 est
2204 1820 2270 1874 ab
2310 1820 2437 1874 orbe
2478 1832 2757 1875 terrarum.
2788 1821 2955 1890 Majus
2978 1823 3172 1891 quippe
3202 1823 3255 1875 in
3282 1838 3347 1875 eo
3377 1822 3537 1875 robur
3565 1824 3674 1874 vir-

2096 1909 2219 1963 tutis
2248 1910 2491 1973 eminuit,
2518 1926 2640 1965 cum
2666 1913 2764 1966 ista
2794 1914 3016 1981 qutcstio
3042 1913 3274 1966 nondum
3300 1912 3536 1965 discussa
3569 1928 3669 1965 nu-

2094 2008 2247 2065 taret,
2275 2002 2416 2070 quod
2442 2004 2593 2057 aliter
2627 2004 2862 2057 sentiens
2890 2020 3045 2073 quam
3074 2005 3223 2058 multi
3267 2004 3506 2073 collegae,
3556 2015 3671 2057 tan-

2096 2103 2199 2147 tam
2230 2094 2648 2150 moderationem
2677 2097 2921 2160 obtinuit,
2948 2107 3005 2150 ut
3030 2096 3281 2150 Ecclesia:
3313 2097 3400 2149 Dei
3429 2108 3667 2149 sanctam

2091 2184 2397 2238 societatem
2433 2186 2573 2238 nulla
2614 2186 2913 2240 schismatis
2944 2186 3060 2240 labe
3091 2196 3377 2247 truncaret,
3419 2202 3575 2253 quant
3623 2186 3668 2239 si

2091 2275 2266 2327 omnia
2313 2290 2416 2327 non
2461 2275 2631 2328 solum
2677 2275 2956 2341 veraciter,
3005 2274 3098 2329 sed
3144 2275 3301 2329 etiam
3334 2276 3527 2342 pariter
3552 2276 3670 2329 sine

2091 2365 2190 2419 ista
2238 2367 2430 2420 virtute
2459 2367 2700 2421 sentiret.
2749 2366 2928 2435 Neque
2956 2368 3096 2422 enim
3124 2366 3173 2420 ei
3217 2366 3420 2435 placeo,
3466 2367 3508 2420 si
3553 2367 3669 2434 ejus

2091 2458 2353 2528 ingenium
2383 2458 2787 2530 facultatemque
2813 2458 3077 2514 sermonis
3096 2469 3150 2513 et
3177 2459 3432 2512 doctrina:
3458 2460 3670 2513 uberta-

2091 2560 2194 2603 tem
2224 2560 2408 2604 sancto
2433 2552 2657 2605 concilio
2686 2560 2993 2606 cunctarum
3019 2551 3253 2619 gentium
3279 2592 3293 2613 ,
3318 2552 3400 2605 cui
3433 2550 3670 2618 profecto

2089 2643 2331 2698 interfuit
2361 2659 2454 2713 per
2478 2645 2693 2713 spiritus
2723 2646 3001 2709 unitatem,
3034 2660 3343 2713 prteponerc
3369 2644 3615 2697 allectum
3652 2662 3665 2697 :

2089 2736 2381 2803 praesertim
2408 2737 2516 2805 jam
2546 2737 2595 2789 in
2627 2737 2713 2790 tali
2740 2737 2977 2791 veritatis
2998 2738 3114 2790 luce
3145 2736 3334 2805 posito,
3362 2736 3448 2788 ubi
3475 2726 3664 2789 certis-

2087 2828 2221 2881 sime
2246 2830 2418 2883 cernit
2440 2830 2580 2899 quod
2622 2830 2705 2883 hic
2750 2831 3085 2899 pacatissinte
3116 2830 3434 2899 requirebat.
3469 2829 3542 2881 Ex
3575 2829 3664 2882 illa

2087 2918 2227 2971 enim
2259 2920 2497 2973 ubertate
2528 2920 2640 2973 hare
2669 2932 2846 2974 nostra
2874 2936 2992 2989 qua:
3018 2919 3262 2974 videntur
3291 2920 3520 2988 eloquia,
3544 2928 3665 2971 tan-

2086 3027 2241 3079 quam
2271 3011 2523 3066 inlantilia
2556 3013 2852 3066 rudimenta
2880 3012 3088 3066 deridet
3127 3030 3140 3065 :
3176 3013 3243 3066 ibi
3274 3013 3414 3066 videt
3444 3028 3545 3081 qua
3577 3027 3667 3065 rc-

2086 3103 2205 3171 gula
2238 3104 2444 3171 pietatis
2482 3104 2567 3157 hic
2592 3105 2794 3173 egerit,
2839 3114 2894 3157 ut
2931 3104 3058 3158 nihil
3086 3114 3227 3159 esset
3264 3105 3311 3159 ei
3349 3104 3399 3158 itt
3428 3104 3668 3157 Ecclesia

2085 3194 2298 3247 charius
2328 3195 2529 3248 unitate
2560 3212 2573 3248 :
2606 3195 2675 3248 ibi
2701 3196 2858 3249 etiam
2889 3196 3136 3249 ineffabili
3158 3197 3511 3251 delectatione
3541 3213 3670 3252 con-

2087 3293 2265 3337 tuetur
2304 3299 2461 3353 quam
2508 3285 2724 3355 provida
2762 3294 2817 3340 et
2853 3286 3346 3341 misericordissima
3391 3288 3667 3355 dispensa—

2088 3376 2231 3429 tione
2280 3376 2536 3431 Dominus
2586 3386 2644 3430 ut
2694 3386 2928 3431 tumores
2978 3388 3187 3430 nostros
3230 3387 3460 3441 curaret,
3508 3379 3667 3431 stulta

2086 3465 2271 3519 mundi
2299 3466 2458 3535 elegit
2484 3476 2540 3519 ut
2564 3466 2911 3521 confunderet
2940 3468 3208 3534 sapientes
3237 3467 3290 3530 ¹;
3319 3475 3477 3535 atque
3505 3468 3555 3520 in
3580 3484 3671 3520 or-

2086 3558 2297 3611 dinibus
2346 3558 2704 3612 membrorum
2767 3558 3018 3610 Ecclesiae
3070 3571 3180 3609 sua:
3232 3566 3334 3609 tam
3384 3558 3671 3612 salubriter

2086 3648 2261 3701 omnia
2286 3648 2589 3711 collocaret,
2621 3662 2686 3701 ne
2709 3647 2776 3701 de
2804 3646 3017 3715 ingenio
3048 3647 3127 3699 vel
3154 3646 3343 3699 Ltlct‘is
3369 3647 3496 3707 suis,
3532 3662 3670 3715 quas

2085 3740 2258 3793 adhuc
2285 3740 2589 3808 ignorarent
2617 3738 2769 3806 cujus
2798 3751 3020 3791 munere
3058 3737 3309 3790 baberent
3331 3778 3345 3800 ,
3376 3738 3575 3789 electos
3607 3752 3668 3790 se

2085 3830 2151 3884 ad
2175 3828 2494 3899 adjutorium
2525 3829 2885 3896 evangelicum
2927 3826 3168 3879 homines
3204 3826 3465 3887 dicerent,
3507 3838 3670 3893 atque

2087 3921 2210 3975 inde
2262 3920 2508 3989 pestifera
2547 3919 2854 3973 inllarcntur
2894 3918 3158 3987 superbia.
3192 3916 3233 3969 Ο
3274 3932 3433 3985 quam
3472 3906 3673 3985 gaudet

2085 4014 2413 4084 Cyprianus!
2443 4022 2639 4081 quanto
2661 4012 2901 4065 scrcnius
2922 4010 2972 4063 in
3005 4011 3088 4063 iLla
3112 4010 3229 4063 luce
3245 4018 3545 4073 contuetur,
3570 4024 3668 4077 pro

2086 4115 2283 4174 quanta
2324 4104 2494 4157 salute
2522 4103 2736 4155 humani
2781 4103 2993 4171 generis
3028 4101 3216 4154 factum
3245 4101 3311 4152 sit
3343 4111 3397 4152 ut
3428 4100 3668 4153 invenia-

2089 4208 2173 4250 tur
2198 4195 2393 4265 aliquid
2432 4195 2573 4264 quod
2606 4195 2794 4247 merito
2839 4194 3277 4261 reprehendatur,
3328 4194 3567 4261 quamvis
3616 4193 3669 4244 in

2087 4289 2389 4344 christianis
2415 4298 2467 4343 et
2495 4288 2592 4357 piis
2618 4287 2806 4341 litteris
2834 4296 3124 4349 oratorum,
3150 4294 3203 4339 et
3232 4301 3334 4338 non
3368 4285 3666 4338 inveniatur

2089 4384 2140 4438 in
2172 4383 2386 4437 Litteris
2424 4380 2788 4435 Piscatornm?
2833 4379 2906 4431 Dc
2938 4378 3037 4432 hoc
3075 4394 3174 4447 ego
3206 4380 3224 4409 ²
3255 4378 3447 4445 gaudio
3471 4389 3669 4430 sancta:

2088 4475 2232 4529 illius
2258 4475 2447 4527 animae
2473 4471 2689 4524 omnino
2715 4484 2936 4523 securus
2957 4511 2971 4533 ,
3004 4485 3176 4538 neque
3204 4470 3311 4522 ullo
3338 4468 3494 4521 tnodo
3525 4484 3670 4522 uzeas

2091 4569 2293 4621 litteras
2325 4564 2395 4616 ab
2422 4562 2566 4616 omni
2610 4570 2789 4615 errato
2820 4560 3010 4614 liberas
3039 4561 3211 4613 audeo
3248 4560 3325 4613 vel
3373 4568 3555 4628 putare
3587 4561 3671 4612 ν‹·Ι

2090 4658 2299 4719 dicere;
2333 4670 2502 4723 neque
2533 4652 2674 4706 illius
2701 4651 2822 4706 huic
2850 4650 3129 4705 sententi-.c
3150 4691 3164 4713 ,
3203 4650 3253 4702 in
3281 4665 3381 4718 qua
3419 4650 3467 4703 ei
3499 4650 3669 4703 visum

2090 4758 2169 4802 est
2195 4747 2348 4800 aliter
2373 4743 2737 4813 suscipiendos
2781 4743 2847 4795 ab
2880 4741 3145 4795 hau-elicis
3191 4741 3483 4804 venientes,
3511 4756 3669 4808 quant

2093 4838 2175 4893 vel
2204 4839 2254 4891 in
2290 4836 2611 4906 praeteritum
2638 4832 3085 4902 suscipiebantur,
3122 4832 3257 4884 sicut
3287 4832 3396 4900 ipse
3428 4840 3669 4892 testatur,

2093 4930 2178 4983 vel
2219 4945 2358 4983 nunc
2400 4926 2779 4995 suscipiuntur,
2827 4924 2961 4977 sicut
3008 4923 3166 4974 totius
3210 4921 3355 4974 orbis
3397 4920 3673 4974 christiani

2096 5021 2334 5091 plenario
2362 5016 2587 5073 concilio
2618 4997 2944 5069 rationabilis
2981 5012 3308 5065 consuetudo
3338 5010 3540 5063 ﬁrmata
3570 5022 3671 5075 est,

2097 5129 2267 5167 meam
2300 5124 2549 5180 praepono
2574 5107 2890 5161 sententiam
2911 5146 2925 5168 ,
2953 5103 3045 5159 sed
3077 5104 3329 5157 Ecclesia:
3356 5112 3550 5155 sanct.e
3582 5119 3674 5152 ra-

2099 5204 2324 5263 tholicac,
2372 5215 2529 5269 quam
2568 5198 2645 5251 sic
2681 5197 2770 5251 ille
2808 5196 2992 5249 dilexit
3024 5206 3078 5247 et
3117 5194 3303 5263 diligit,
3334 5193 3382 5244 in
3426 5209 3526 5260 qtta
3571 5204 3676 5244 tam

2099 5295 2312 5347 uberem
2358 5307 2477 5343 cum
2520 5288 2798 5343 tolerantia
2836 5285 3063 5339 fructum
3099 5285 3273 5351 attulit
3319 5300 3330 5335 :
3372 5283 3523 5351 cujus
3556 5285 3675 5334 ιιιιί-

2098 5387 2320 5440 vcrsitas
2363 5384 2475 5451 ipse
2520 5397 2623 5433 non
2658 5380 2771 5445 fuit,
2813 5377 2905 5432 sed
2952 5375 3003 5429 itt
3036 5375 3150 5443 ejus
3182 5373 3524 5427 universitate
3561 5388 3705 5449 per-7

2164 5582 2178 5611 ¹
2205 5582 2275 5628 sic
2290 5584 2394 5624 Mss.
2415 5582 2469 5625 At
2494 5575 2652 5636 editi._
2667 5581 2793 5622 Deus
2817 5570 3012 5636 inﬁrma
3034 5568 3201 5636 mundi
3222 5567 3449 5636 eleg/agat
3472 5576 3685 5636 turturum

2100 5626 2279 5692 nostros
2303 5644 2532 5697 curarct;
2570 5633 2763 5697 inﬁrma
2799 5626 2967 5684 mundi
3004 5630 3160 5693 elegit,
3201 5638 3247 5679 ut
3274 5626 3583 5687 cbnfumlcrct
3604 5638 3687 5672 sa-

2103 5722 2114 5764 ,
2136 5711 2294 5812 ι’Μῖιῇ
2312 5762 2452 5825 Lugd.
2480 5770 2590 5809 \cn.
2617 5769 2744 5819 ιον.»
2770 5770 2897 5821 0"90'
2996 5764 3050 5805 δι’
