4028 6202
234 284 334 341 189

227 404 450 468 mansit;
472 399 627 470 cujus
650 396 883 473 radicem
908 403 1175 460 nunquam
1202 384 1455 446 deseruit,
1473 380 1566 435 sed
1591 379 1645 433 in
1666 376 1818 442 cujus

229 497 404 553 radice
431 489 692 548 fecundus
713 499 771 542 ut
791 492 955 549 esset,
980 478 1252 537 fecundior
1271 475 1338 530 ab
1363 471 1592 544 agricola
1616 465 1821 525 cmlesti

229 596 481 662 purgatus
508 591 629 646 est;
661 595 760 650 pro
785 578 935 646 cujus
957 587 1087 644 pace
1112 585 1176 626 ac
1198 568 1392 630 salute,
1426 580 1495 619 ne
1515 561 1673 617 simul
1699 573 1823 613 cum

229 652 444 737 iimniis
470 672 840 731 eradicaretur
858 676 911 722 et
934 664 1187 727 triticum,
1212 666 1354 715 tanta
1382 655 1519 710 mala
1551 652 1823 707 hominum

228 786 408 827 secum
440 768 493 822 in
526 765 731 820 unitate
777 758 1186 814 constitutorum
1222 763 1276 806 et
1313 746 1554 803 veritatis
1580 745 1828 799 libertate

232 863 518 931 redarguit,
549 864 604 913 et
629 850 906 910 eharitatis
938 849 1131 902 virtute
1159 840 1430 899 sustinuit.

250 984 266 995 ο
300 924 532 1008 carm
570 942 927 1003 μικρῇ.
949 938 1024 1013 (τι)
1047 937 1194 994 Unde
1211 951 1309 990 nos
1336 931 1474 988 idem
1497 930 1611 999 ipse
1639 924 1827 995 cepio-

228 1047 440 1103 sissime
481 1042 736 1097 admonet
758 1078 774 1103 ,
803 1034 999 1089 multos
1037 1032 1088 1084 in
1119 1027 1328 1083 delictis
1356 1024 1466 1078 suis
1504 1029 1559 1077 et
1597 1017 1830 1090 peccatis

233 1151 475 1196 mortuos
496 1178 512 1202 ,
538 1131 784 1205 quamvis
810 1126 879 1182 ad
917 1122 1114 1181 Christi
1165 1117 1473 1174 soi-ivtatem
1498 1121 1553 1167 et
1594 1109 1659 1165 ad
1690 1108 1831 1163 illius

230 1228 495 1285 columine
525 1203 698 1277 unica:
734 1215 1031 1273 innocentis
1079 1221 1136 1267 et
1180 1207 1436 1277 simplicis
1462 1203 1695 1258 membra
1724 1212 1828 1253 non

234 1321 563 1391 pertinentes
577 1314 718 1383 (qua:
733 1311 779 1366 si
799 1309 911 1364 sola
933 1305 1242 1376 baptizaret,
1260 1301 1332 1354 illi
1349 1298 1529 1367 utique
1543 1310 1647 1349 non
1664 1291 1834 1360 bapti-

232 1383 464 1480 zareut),
491 1410 670 1480 specie
691 1414 868 1459 tamen
886 1401 1028 1455 intus
1056 1394 1222 1451 videri
1242 1405 1294 1448 et
1321 1388 1575 1461 baptizari
1589 1394 1645 1441 et
1671 1383 1835 1454 ba'pti-

231 1522 374 1561 zare.
393 1476 458 1558 Et
474 1476 622 1555 in‘eis
638 1493 887 1567 quamvis
899 1488 1142 1553 mortuis,
1157 1485 1295 1539 illius
1311 1491 1488 1537 tamen
1505 1476 1833 1548 Baptismum

234 1599 437 1658 vivere,
460 1592 548 1663 qui
572 1607 678 1645 non
703 1590 946 1649 moritur,
961 1591 1014 1635 et
1037 1591 1182 1633 mors
1211 1575 1285 1630 illi
1309 1590 1415 1628 non
1443 1571 1578 1626 ultra
1603 1566 1837 1622 domina-

232 1691 397 1745 bitur.
426 1660 561 1742 Cum
590 1696 719 1751 ergo
747 1686 802 1734 et
837 1677 979 1732 intus
1003 1672 1107 1727 sint
1136 1667 1370 1732 mortui,
1402 1676 1577 1732 neque
1609 1660 1836 1714 latentes

235 1784 384 1857 (nam
406 1794 514 1833 non
535 1777 601 1831 de
626 1774 731 1829 illis
762 1781 906 1826 tanta
941 1767 1143 1822 diceret
1167 1755 1509 1833 Cyprianus),
1527 1754 1613 1823 qui
1629 1752 1711 1806 vel
1729 1764 1835 1803 non

237 1848 540 1946 pertineant
558 1869 625 1924 ad
653 1867 798 1922 illam
825 1864 994 1917 vivam
1018 1853 1438 1918 columbam,vel
1459 1848 1690 1904 nondum
1718 1860 1840 1914 pcr-

238 1972 479 2029 tineaut;
508 1974 563 2019 et
588 1962 716 2015 foris
744 1959 852 2014 sint
880 1953 1110 2017 mortui,
1142 1951 1229 2019 qui
1259 1943 1589 2001 manifestius
1617 1940 1682 1994 ad
1720 1953 1839 1994 eam

239 2063 319 2116 vel
348 2075 456 2114 non
502 2057 838 2126 pertineant,
872 2047 952 2102 vel
984 2044 1216 2100 nondum
1254 2038 1590 2110 pertineant;
1624 2047 1839 2087 verum-

240 2167 344 2221 que
384 2151 453 2203 sit
480 2125 581 2201 non
610 2159 755 2208 posse
777 2140 839 2194 ab
864 2156 922 2195 eo
948 2134 1191 2205 viviﬁcari
1232 2132 1466 2189 alterum,
1491 2126 1579 2194 qui
1606 2125 1714 2193 ipse
1739 2138 1840 2174 non

242 2246 359 2297 rit-it
384 2257 401 2294 :
429 2236 774 2294 manifestum
802 2239 886 2285 est
931 2243 1023 2283 eos
1051 2225 1142 2296 qui
1188 2224 1329 2276 intus
1371 2233 1401 2272 a
1447 2216 1640 2272 talibus
1669 2213 1841 2282 bapti-

247 2343 455 2393 zautur,
502 2330 547 2382 si
595 2340 721 2380 vera
766 2319 1115 2378 conversione
1152 2312 1329 2370 cordis
1363 2308 1655 2369 accedunt,
1685 2304 1754 2359 ab
1777 2318 1844 2358 eo

253 2420 508 2478 vivilicari
559 2417 713 2486 cujus
738 2422 821 2469 est
852 2412 1170 2480 Baptismus.
1201 2404 1255 2459 Si
1286 2412 1464 2456 autem
1495 2398 1692 2453 smequ
1722 2411 1843 2450 ver-

250 2516 327 2568 bis
351 2525 404 2568 ct
435 2526 542 2565 non
571 2507 723 2561 lactis
743 2502 1066 2561 renuntiant,
1091 2496 1275 2567 quales
1296 2492 1588 2563 Cyprianus
1613 2497 1669 2544 et
1697 2488 1840 2540 intus

250 2613 365 2653 esse
396 2604 646 2655 testatur;
679 2603 777 2644 nec
819 2588 964 2656 ipsos
987 2579 1242 2639 viviﬁcari
1266 2577 1365 2632 nisi
1412 2578 1798 2630 convertantur
1820 2608 1836 2633 ,

253 2700 305 2745 et
328 2663 721 2744 tameriverum
749 2681 945 2735 habere
973 2676 1327 2746 Baptismum,
1355 2666 1561 2723 etiamsi
1592 2679 1698 2718 non
1720 2677 1851 2718 eon-

258 2792 545 2837 vcrtantur.
603 2774 753 2833 [inde
779 2773 940 2828 etiam
979 2767 1276 2823 exteriores
1300 2768 1540 2816 mortuos
1567 2798 1581 2822 ,
1604 2753 1850 2827 quamvis

258 2891 410 2944 neque
453 2873 663 2934 vivant,
705 2879 867 2936 neque
918 2860 1209 2924 viviﬁcant,
1263 2852 1461 2907 habere
1512 2858 1690 2903 tamen
1744 2844 1849 2897 Ba-

260 2967 508 3036 ptismum
564 2961 743 3014 vivum
769 2997 785 3021 ,
833 2952 923 3025 qui
970 2951 1050 3006 eis
1114 2959 1242 3002 tunc
1312 2941 1480 3014 prosit
1528 2937 1594 2992 ad
1648 2936 1849 2999 vitam,

262 3059 302 3112 si
323 3061 707 3112 convertantur
730 3050 796 3102 ad
829 3059 1032 3117 pacem,
1065 3039 1310 3095 similiter
1334 3031 1671 3090 manifestum
1699 3037 1800 3084 est.

326 3144 555 3203 CAPUT
578 3139 725 3197 XIX.
745 3168 816 3180 ——
841 3137 933 3193 25.
956 3135 1294 3204 Quapropter
1320 3127 1409 3198 qui
1443 3137 1569 3180 tunc
1587 3122 1656 3177 ab
1683 3124 1855 3174 haere-

266 3241 406 3294 sibus
447 3230 731 3291 venientes
779 3232 831 3285 in
879 3226 1068 3284 eodem
1100 3220 1300 3278 Christi
1333 3217 1643 3287 Baptismo,
1694 3224 1854 3282 quem

271 3333 392 3387 loris
443 3333 800 3398 acceperant,
835 3317 1232 3389 suscipiebant,
1261 3321 1316 3367 et
1356 3309 1605 3365 dicebant
1650 3320 1704 3358 se
1725 3311 1859 3357 vete-

272 3442 373 3479 rem
411 3420 829 3476 consuetudinem
880 3412 1050 3483 sequi,
1080 3409 1217 3463 sicut
1256 3405 1416 3459 etiam
1456 3412 1600 3455 nunc
1636 3395 1859 3464 suscipit

270 3517 507 3573 Ecclesia
542 3532 556 3567 :
588 3513 783 3566 frustra
822 3516 1007 3562 contra
1038 3516 1133 3558 eos
1171 3498 1476 3561 dicebatur,
1508 3492 1648 3563 apud
1675 3502 1859 3545 veteres

271 3612 481 3663 hareses
506 3614 555 3659 et
613 3594 889 3656 schismata
917 3597 934 3627 ¹
963 3594 1128 3666 prima
1151 3589 1319 3644 adhuc
1344 3587 1500 3659 fuisse
1527 3584 1693 3649 initia,
1728 3590 1782 3635 ut
1808 3580 1861 3633 Iti

272 3703 377 3756 illic
403 3708 571 3755 essent
615 3696 699 3766 qui
728 3694 791 3746 de
830 3688 1057 3745 Ecclesia
1095 3683 1411 3747 recedebant,
1436 3687 1483 3732 et
1511 3678 1591 3731 hic
1621 3673 1863 3745 baptizati

276 3793 410 3862 prius
438 3795 680 3862 fuerant,
709 3798 835 3855 quos
880 3792 998 3833 tunc
1024 3775 1093 3830 ad
1145 3772 1430 3827 Ecclesium
1471 3773 1766 3823 revertentes
1814 3770 1864 3815 et

277 3881 617 3953 pamitentiant
639 3884 860 3946 agentes,
894 3884 1092 3924 necesse
1112 3882 1211 3920 non
1246 3872 1352 3918 erat
1381 3856 1646 3930 baptizari.
1673 3852 1863 3909 Statim

279 3975 416 4028 enim
458 3979 517 4024 ut
545 3976 881 4037 utiaqnzeqne
920 3958 1138 4014 haeresis
1182 3953 1483 4017 existebat,
1509 3957 1563 4004 et
1583 3963 1612 4002 a
1638 3959 1866 4015 congre-

278 4065 488 4136 gatione
515 4059 796 4115 Catholica:
819 4048 1209 4109 communionis
1228 4046 1445 4111 exibat,
1473 4056 1578 4097 non
1620 4040 1738 4094 dico
1763 4036 1868 4091 alio

281 4129 395 4221 die,
424 4152 517 4208 sed
546 4159 602 4205 et
647 4150 765 4217 ipso
809 4144 897 4199 die
926 4150 1134 4212 poterat
1162 4140 1425 4192 irruentes
1470 4135 1521 4187 iu
1563 4146 1622 4185 se
1663 4129 1869 4198 aliquos

284 4220 569 4314 baptizare.
602 4240 665 4295 Et
699 4237 819 4292 ideo
842 4236 885 4289 si
931 4243 1082 4287 vetus
1110 4230 1229 4285 haec
1260 4237 1376 4283 erat
1417 4220 1746 4279 consuetudo
1770 4259 1785 4282 ,
1813 4226 1872 4271 ut

285 4311 783 4404 sic-susciperentur
812 4324 989 4397 (quod
1018 4337 1117 4377 nec
1163 4321 1260 4390 ipsi
1299 4318 1386 4389 qui
1414 4323 1598 4370 contra
1637 4311 1870 4367 dissere-

288 4431 411 4484 bant
445 4402 642 4496 negare
682 4415 985 4491 potuerunt)
1012 4457 1025 4480 ,
1060 4413 1187 4468 nulli
1217 4411 1373 4482 paulo
1401 4405 1658 4463 attentius
1687 4402 1875 4456 adver-

290 4522 416 4576 tenti
444 4528 617 4590 potest
632 4531 751 4572 esse
770 4514 1011 4578 dubium,
1029 4510 1190 4566 etiam
1208 4520 1303 4561 eos
1329 4504 1406 4558 sic
1434 4515 1554 4558 esse
1574 4506 1870 4566 susceptos,

289 4615 376 4684 qui
397 4613 524 4667 luris
544 4613 599 4665 in
628 4608 922 4664 ltmresibus
949 4600 1199 4674 baptizati
1223 4606 1367 4654 sunt.

358 4704 447 4759 26.
477 4702 607 4757 llbnl
635 4712 812 4754 autem
843 4696 969 4768 quid
995 4694 1191 4749 habeat
1217 4691 1440 4745 rationis
1466 4701 1570 4741 non
1599 4683 1756 4738 video
1777 4724 1791 4747 ,
1822 4689 1881 4736 ut

292 4799 516 4850 nondum
563 4793 774 4848 dicatur
826 4790 932 4843 oris
960 4803 1170 4849 errans,
1212 4782 1297 4837 cui
1345 4777 1603 4849 qttzcrenti
1652 4775 1877 4830 salutem

295 4886 638 4942 christianum
662 4924 677 4947 ,
713 4883 765 4935 in
816 4877 1189 4934 hmretieorum
1240 4871 1476 4927 incidere
1522 4882 1760 4923 errorem
1781 4907 1796 4930 ,
1827 4871 1883 4919 et

293 4977 434 5045 apud
478 4991 573 5029 ros
593 4971 853 5041 contingit
880 4966 1171 5038 baptizari;
1203 4972 1258 5019 et
1287 4961 1403 5016 ovis
1425 4959 1534 5030 jam
1563 4956 1698 5012 facta
1740 4956 1884 5010 dica-

299 5077 386 5122 tnr
409 5068 464 5120 in
490 5067 601 5136 ipsa
633 5066 779 5118 intus
806 5058 1078 5116 Catholica
1096 5098 1111 5121 ,
1140 5055 1228 5125 qui
1260 5051 1457 5107 steculo
1478 5047 1656 5105 verbis
1680 5046 1809 5100 solis
1830 5053 1885 5099 et
1917 5090 1922 5095 .

300 5172 405 5212 non
435 5156 589 5212 lactis
633 5151 998 5215 renuntiavit,
1030 5157 1085 5203 et
1123 5148 1175 5199 in
1201 5160 1265 5200 ea
1311 5140 1489 5198 cordis
1530 5138 1757 5193 falsitate
1786 5136 1887 5190 Ba-

302 5250 552 5319 ptismmn
574 5244 803 5314 accepit.
832 5244 938 5297 Aut
960 5239 1007 5294 si
1036 5249 1091 5294 et
1117 5237 1237 5291 talis
1262 5250 1367 5289 non
1398 5231 1456 5286 ﬁt
1481 5231 1615 5293 ovis,
1648 5227 1886 5282 nisicum

301 5355 365 5393 se
387 5338 451 5391 ad
495 5337 662 5392 Deum
694 5333 869 5389 teraci
910 5329 1072 5386 corde
1097 5323 1422 5382 converterit
1453 5339 1467 5375 :
1497 5320 1630 5374 sicut
1659 5318 1757 5372 iste
1780 5331 1887 5370 non

302 5429 514 5500 quando
540 5429 597 5482 lit
619 5426 735 5481 ovis
759 5423 1075 5493 baptizatur,
1105 5418 1148 5472 si
1171 5418 1281 5486 jam
1315 5412 1607 5483 baptizatus
1633 5418 1768 5475 erat,
1796 5407 1892 5462 sed

304 5522 418 5574 ovis
442 5518 678 5575 nondum
704 5526 839 5577 erat;
867 5515 945 5567 sic
969 5518 1024 5565 et
1052 5510 1141 5563 ille
1169 5506 1261 5577 qui
1287 5504 1434 5560 venit
1451 5502 1519 5556 ab
1546 5500 1810 5554 haereticis
1836 5506 1894 5552 ut

372 5614 388 5644 ι
413 5617 572 5671 Forte,
597 5605 800 5660 hmresis
816 5610 862 5671 et
877 5600 1205 5671 schismctunt.

372 5649 1087 5735 ta')"s'.$ﬁitétiiiuig§dn6naset,
1106 5661 1254 5711 ilibus
1289 5657 1531 5709 examinat
1552 5650 1765 5717 Cypriani
1792 5649 1896 5713 epi-

306 5732 476 5789 stulam
491 5732 570 5796 τὲ,
594 5734 654 5783 ad
672 5732 910 5790 quintum.

1580 259 1781 318 LIBER
1820 255 2138 325 QUINTUS.

3408 257 3511 314 190

1930 375 2046 430 ovis
2069 374 2156 428 tiat
2176 415 2191 435 ,
2236 388 2340 429 non
2371 382 2494 428 tunc
2519 371 2865 443 baptizandus
2886 380 3002 438 est,
3024 369 3069 424 si
3096 370 3234 441 apud
3261 385 3355 426 eos
3393 372 3506 440 jam

1930 466 2118 524 eodem
2145 466 2214 520 Ba
2224 466 2416 535 ptismo
2442 466 2735 534 baptizatus
2755 473 2871 520 erat
2890 506 2905 529 ,
2927 464 3167 532 quamvis
3192 462 3368 518 adhuc
3395 465 3515 517 Ovis

1932 574 2040 614 non
2064 568 2197 613 erat.
2224 558 2557 627 Quapropter
2598 572 2718 611 cum
2766 570 2953 610 omnes
2980 555 3139 609 etiam
3182 553 3323 607 intus
3348 551 3470 606 mali
3495 592 3512 617 ,

1931 653 2097 718 avari,
2127 651 2288 705 invidi
2312 692 2329 711 .
2358 650 2552 705 ebriosi
2577 691 2594 718 ,
2622 659 2674 704 et
2693 659 2876 704 contra
2912 647 3244 714 disciplinam
3270 646 3515 701 christia-

1934 758 2054 797 nam
2079 744 2334 805 viventes,
2363 744 2555 798 merito
2579 741 2682 796 dici
2717 741 2920 810 possint
2943 746 2996 793 et
3025 738 3330 803 mendaces,
3355 744 3412 791 et
3443 744 3513 790 te-

1934 836 2177 902 nebrosi,
2208 844 2263 891 et
2308 834 2544 900 mortui,
2575 845 2629 889 et
2670 831 3006 896 antichristi,
3037 830 3292 900 munquid
3338 841 3515 883 tamen

1937 937 2216 998 prppterea
2261 942 2364 982 non
2406 928 2677 996 baptizant
2702 970 2715 991 ,
2745 926 2863 995 quia
2896 925 3025 978 nihil
3055 933 3213 994 potest
3243 938 3512 977 esse-como

1934 1037 2084 1074 nmne
2125 1021 2383 1074 mendacio
2427 1030 2471 1073 et
2503 1004 2695 1072 veritati
2721 1062 2732 1082 ,
2767 1018 2980 1071 tenebris
3027 1027 3072 1071 et
3107 1017 3242 1082 luci,
3276 1016 3424 1068 morti
3467 1023 3515 1067 et

1934 1114 2334 1179 immortalitati,
2367 1113 2668 1168 Anticltristo
2695 1121 2739 1165 et
2765 1110 2999 1165 Christo?

2006 1206 2095 1260 27.
2120 1205 2235 1261 Non
2263 1174 2441 1275 itaque
2483 1203 2546 1259 de
2578 1205 2687 1258 sola
2715 1201 3104 1263 consuetudine,
3137 1174 3226 1254 sed
3266 1200 3424 1253 etiam
3455 1199 3540 1267 de,

1935 1300 2156 1353 ueritatis
2204 1300 2401 1355 ratione
2446 1301 2738 1370 praesumit,
2793 1297 2878 1366 qui
2934 1296 3197 1349 nullorum
3248 1295 3516 1347 hominum

1938 1392 2285 1462 perversitate
2312 1406 2620 1462 perversum
2648 1388 2761 1453 fieri
2793 1388 2919 1441 dicit
2948 1388 3039 1441 Dei
3069 1387 3470 1441 Sacramentnm
3498 1424 3513 1448 ,

1938 1483 2078 1552 quod
2108 1483 2267 1537 etiam
2299 1484 2350 1536 in
2378 1481 2641 1552 perversis
2689 1495 2808 1534 esse
2832 1479 3149 1532 declaratur.
3177 1476 3332 1529 Certe
3356 1474 3514 1528 Joan-

1940 1590 2035 1628 nes
2090 1574 2363 1644 apostolus
2405 1572 2740 1643 apertissitne
2796 1570 2954 1632 dicit,
3005 1568 3105 1633 Qui
3154 1567 3257 1620 odit
3309 1570 3517 1636 fratrem

1938 1684 2122 1733 suum,
2152 1668 2205 1720 in
2248 1667 2459 1720 tenebris
2485 1673 2557 1719 est
2580 1680 2733 1729 usque
2765 1662 2932 1715 adhuc
2972 1661 3014 1728 (Ι
3036 1658 3194 1712 Joan.
3234 1673 3301 1720 tt,
3345 1658 3437 1724 9);
3466 1667 3521 1710 et

1943 1759 2151 1824 itertun,
2189 1757 2286 1823 Qui
2326 1756 2431 1809 odit
2462 1754 2669 1824 fratrem
2702 1769 2885 1817 suum,
2912 1749 3164 1803 homicida
3200 1757 3271 1801 est
3299 1746 3405 1818 (Id.
3439 1761 3518 1808 nt,

1945 1849 2034 1921 15)
2069 1868 2082 1904 :
2106 1865 2202 1904 cur
2220 1864 2347 1917 ergo
2377 1849 2518 1900 intus
2546 1846 2676 1899 tales
2698 1843 2997 1911 baptizant,
3024 1857 3158 1911 quos
3171 1841 3232 1893 'iu
3260 1837 3523 1891 malevola

1946 1942 2141 1996 invidia
2171 1939 2333 1995 fuisse
2357 1936 2652 2010 Cyprianus
2683 1935 2795 2006 ipse
2817 1941 3201 1988 commemorat
3220 1928 3408 2002 (Epist.
3432 1928 3522 1992 75,

1944 2033 2012 2087 ad
2035 2030 2392 2101 Jubaianum).

2015 2124 2242 2179 CAPUT
2266 2118 2545 2195 XX.——(u)
2564 2118 2842 2187 Quomodo
2865 2132 3055 2187 aquam
3077 2114 3296 2170 mundat
3319 2122 3373 2168 et
3399 2126 3525 2166 san-

1947 2218 2139 2273 ctiﬁcat
2157 2216 2446 2271 homicida?
2461 2213 2730 2285 quomodo
2744 2212 3061 2266 benedicuut
3076 2211 3250 2263 oleum
3270 2205 3528 2261 tenebraz‘l

1949 2312 2005 2366 Si
2030 2320 2205 2364 autem
2232 2310 2369 2364 Deus
2409 2307 2562 2362 adest
2585 2305 2942 2359 Sacramculis
2971 2311 3024 2355 et
3052 2300 3227 2359 verbis
3254 2299 3364 2352 suis
3388 2340 3402 2361 ,
3430 2311 3529 2368 per

1948 2404 2266 2476 qualeslibet
2294 2402 2746 2461 administrentur,
2776 2405 2829 2451 et
2851 2397 3190 2451 Sacramenta
3214 2392 3303 2446 Dei
3335 2391 3530 2460 ubique

1951 2504 2095 2550 rcrta
2116 2503 2256 2556 sunt,
2278 2492 2333 2548 et
2360 2492 2483 2546 mali
2508 2491 2751 2546 homines
2768 2489 2957 2559 quibus
2983 2486 3111 2541 nihil
3138 2492 3380 2556 prosunt,
3411 2481 3532 2535 ubi-

1951 2603 2053 2659 que
2076 2585 2308 2656 pervcrsi
2336 2593 2477 2638 sunt.

2019 2677 2111 2732 28.
2142 2676 2270 2730 Illud
2293 2683 2468 2728 autem
2498 2673 2657 2743 quale
2694 2678 2772 2726 est
2794 2712 2809 2736 ,
2840 2678 2900 2723 ut
2934 2667 3052 2723 ideo
3091 2673 3301 2736 putetur
3330 2662 3532 2716 hwreti-

1952 2786 2041 2825 cus
2065 2785 2164 2822 non
2193 2767 2373 2821 habere
2392 2763 2731 2833 Baptismum,
2763 2761 2881 2831 quia
2907 2775 3007 2812 non
3036 2757 3181 2810 habet
3211 2754 3486 2808 Ecclesium
3506 2753 3533 2805 ?

1956 2864 2025 2918 Et
2049 2861 2231 2931 utique
2276 2874 2392 2913 cum
2443 2855 2750 2927 baptizatur,
2783 2853 2933 2905 etiam
2980 2850 3042 2903 de
3089 2856 3265 2902 sancta
3308 2845 3535 2898 Ecclesia

1955 2957 2312 3024 interrogatur.
2339 2947 2502 3016 Quasi
2526 2959 2654 3001 vero
2699 2944 2788 2998 ille
2813 2942 2901 3012 qui
2933 2956 3036 2995 non
3059 2937 3211 2994 lactis
3231 2936 3372 2990 intus
3396 2977 3411 3000 ,
3440 2933 3534 2988 sed

1957 3046 2134 3102 verbis
2160 3044 2355 3097 sarculo
2380 3038 2649 3094 renuntiat
2673 3077 2688 3100 ,
2722 3050 2825 3087 non
2848 3032 2951 3087 hoc
2987 3031 3039 3084 in
3066 3028 3335 3097 Baptismo
3375 3026 3539 3079 inter-

1958 3146 2194 3206 rogetur.
2227 3132 2374 3189 Sicnt
2399 3145 2526 3201 ergo
2548 3128 2705 3198 hujus
2752 3124 2883 3179 falsa
2912 3121 3188 3190 responsio
3221 3133 3326 3171 non
3372 3115 3540 3169 ellicit

1959 3204 2342 3296 ut'Baptismus
2368 3236 2471 3276 non
2514 3219 2585 3274 sit
2623 3232 2782 3287 quem
2828 3212 3084 3284 percipit;
3112 3209 3190 3264 sic
3217 3218 3272 3263 et
3310 3206 3451 3261 illius
3474 3204 3543 3259 de

1962 3319 2199 3376 Ecclesia
2231 3326 2412 3371 sancta
2460 3313 2589 3367 falsa
2619 3310 2895 3378 responsio
2925 3321 3029 3359 non
3079 3301 3243 3357 cﬂicit
3266 3309 3323 3353 ut
3359 3297 3543 3366 Bapti-

1963 3427 2110 3467 smus
2150 3425 2253 3462 non
2287 3406 2356 3461 sit
2380 3419 2535 3473 quem
2574 3399 2833 3471 percipit:
2859 3406 2912 3450 et
2940 3395 3077 3448 sicut
3121 3392 3212 3446 ille
3238 3390 3283 3445 si
3319 3395 3498 3457 postea
3523 3425 3540 3450 ,

1963 3501 2104 3573 quod
2133 3499 2388 3555 fallaciter
2435 3491 2817 3564 responderat,
2848 3484 3111 3541 veraciter
3149 3482 3363 3550 impleat
3387 3519 3402 3544 ,
3437 3493 3543 3530 non

1963 3595 2013 3649 ei
2058 3591 2358 3659 Baptismus
2407 3583 2685 3653 repetitur,
2730 3578 2823 3632 sed
2871 3577 2976 3630 vita
3028 3572 3339 3640 corrigitur;
3371 3568 3448 3622 sic
3492 3574 3548 3620 et

1966 3686 2055 3740 ille
2081 3686 2122 3738 si
2154 3690 2335 3752 postea
2366 3677 2546 3732 veniat
2574 3674 2639 3726 ad
2676 3669 2968 3725 Ecclesium
2995 3707 3009 3729 ,
3038 3666 3103 3719 de
3129 3680 3227 3733 qua
3251 3663 3548 3728 interroga-

1967 3785 2051 3830 tus
2082 3773 2272 3827 l‘alsum
2324 3764 2673 3835 rcSpouderat
2695 3804 2709 3828 ,
2733 3761 2854 3830 quia
2898 3773 3015 3812 eam
3060 3770 3120 3810 se
3158 3754 3352 3807 habere
3379 3792 3392 3815 ,
3421 3751 3547 3803 dum

1969 3882 2074 3922 non
2104 3849 2340 3926 haberet,
2370 3858 2608 3931 putabat,
2636 3854 2748 3923 ipsa
2778 3863 3059 3920 quamnon
3093 3843 3319 3899 habebat
3361 3843 3409 3896 ei
3456 3842 3551 3894 da-

1970 3970 2075 4024 tur,
2101 3973 2203 4012 non
2231 3953 2371 4024 quod
2395 3957 2674 4018 acceperat
2699 3947 2937 4001 iteratur.
2964 3942 3074 3997 Cur
3096 3949 3272 3993 autem
3301 3937 3365 3990 ad
3390 3935 3551 3990 verba

1942 4067 2089 4124 .quze
2126 4046 2413 4120 procedunt
2445 4058 2512 4098 ex
2536 4055 2629 4095 ore
2654 4034 2937 4093 homicidze
2967 4031 3135 4102 possit
3185 4038 3359 4082 tamen
3409 4027 3553 4080 Dens

1972 4147 2139 4200 oleum
2169 4139 2506 4203 sancti/icore,
2536 4143 2590 4187 et
2617 4134 2671 4184 in
2697 4129 2848 4183 altari
2872 4125 3005 4193 quod
3034 4122 3251 4176 hwrctici
3273 4127 3545 4190 posuerunt

1974 4253 2076 4291 non
2103 4231 2289 4304 possit,
2321 4227 2501 4282 nescio
2531 4243 2543 4276 :
2568 4222 2668 4277 nisi
2693 4222 2827 4275 forte
2870 4232 3025 4287 quem
3071 4229 3164 4268 cur
3194 4211 3337 4266 homi
3362 4211 3420 4263 .is
3456 4209 3554 4261 lal-

1976 4301 2162 4384 laciter
2188 4335 2502 4380 conversum
2534 4316 2677 4370 intus
2705 4327 2811 4367 non
2838 4308 3091 4381 impedit,
3120 4306 3317 4376 lignum
3354 4301 3552 4356 fallaci-

1979 4430 2063 4476 ter
2084 4417 2312 4488 positum
2339 4409 2558 4481 impedit
2583 4406 2711 4461 foris
2729 4445 2743 4468 ,
2775 4401 3055 4473 quominus
3077 4394 3419 4452 sacramentis
3448 4392 3559 4446 suis

1977 4484 2166 4566 adesse
2219 4505 2483 4571 dignetur,
2512 4496 2674 4552 nullis
2718 4492 2990 4547 hominum
3032 4486 3345 4542 lalsitatibus
3393 4484 3560 4552 impe-

1979 4604 2141 4657 ditus.
2169 4597 2225 4652 Si
2257 4608 2384 4664 ergo
2412 4591 2478 4646 ad
2509 4589 2609 4642 hoc
2633 4585 2774 4640 valet
2792 4580 2932 4653 quod
2959 4580 3156 4634 dictum
3179 4586 3260 4631 est
3291 4577 3341 4628 in
3385 4574 3559 4627 Evan-

1981 4693 2119 4766 gelio
2141 4732 2156 4755 ,
2189 4688 2328 4742 Deus
2352 4694 2661 4755 peccatorent
2688 4693 2790 4731 non
2823 4672 2966 4727 audit
3004 4669 3184 4740 (John.
3217 4683 3271 4722 Ix
3291 4707 3305 4732 ,
3334 4664 3422 4732 51)
3443 4706 3458 4729 ,
3502 4669 3563 4717 ut

1983 4799 2080 4856 per
2123 4788 2453 4851 peccatorem
2494 4772 2843 4826 Sacramenta
2886 4779 2991 4817 non
3037 4760 3395 4821 celebrentur;
3429 4769 3564 4825 quo-

1985 4873 2145 4932 modo
2192 4869 2407 4927 exaudit
2450 4862 2766 4920 homicidam
2812 4858 3222 4925 deprecantem,
3274 4852 3355 4905 Vel
3405 4861 3566 4915 super

1986 4981 2177 5037 aquam
2205 4959 2457 5031 Baptismi
2484 4998 2498 5019 ,
2520 4953 2604 5008 vel
2634 4965 2795 5020 super
2834 4949 3031 5007 oleum,
3064 4944 3144 4998 vel
3173 4957 3329 5012 super
3356 4936 3565 4992 Euclio-

1987 5059 2193 5114 ristiam
2220 5097 2234 5119 ,
2264 5054 2344 5106 vel
2377 5062 2538 5115 super
2578 5043 2750 5112 capita
2779 5053 2963 5095 eorum
3013 5035 3205 5102 quibus
3230 5046 3418 5085 manus
3467 5028 3566 5080 im-

1988 5146 2241 5223 ponitur?
2265 5144 2395 5209 Qua:
2424 5136 2599 5193 omnia
2627 5142 2803 5187 tamen
2847 5140 2901 5184 et
2953 5128 3082 5181 ῐίιιιιι
3117 5134 3173 5180 et
3190 5123 3368 5177 valent
3408 5118 3568 5173 etiam

1991 5210 2087 5312 per
2131 5233 2459 5296 homicidas,
2490 5227 2541 5282 id
2585 5233 2668 5279 cst
2694 5238 2786 5293 per
2824 5234 2920 5275 eos
2957 5218 3044 5287 qui
3093 5215 3321 5270 oderunt
3349 5210 3568 5273 fratres,

1992 5330 2151 5386 etiam
2200 5327 2251 5380 in
2297 5324 2409 5391 ipsa
2450 5320 2595 5373 intus
2642 5311 2901 5369 Ecclesia.
2928 5308 3060 5363 Cum
3098 5305 3220 5357 dare
3245 5316 3390 5354 nemo
3415 5296 3572 5367 possit

1994 5422 2128 5496 quod
2168 5435 2269 5474 non
2315 5414 2494 5477 habet;
2531 5406 2800 5481 quomodo
2856 5403 2947 5458 dat
3010 5395 3270 5454 homicida
3321 5392 3572 5462 Spiritum

2060 5580 2135 5642 (a)
2176 5576 2348 5642 Tribus
2385 5556 3192 5642 proximis..qapitibus.respopdet‘
3214 5553 3438 5642 Imultant
3472 5554 3579 5609 ert-

2000 5615 2136 5713 ειιῖίξέ
2149 5615 2913 5697 ’ὧῖμιὶἶξῖςέι-ὼείείιωηδί
2947 5615 3144 5671 concilio
3169 5616 3226 5666 ad
3256 5615 3581 5672 Eaturaintun,

2005 5711 2271 5764 maximum,
2298 5711 2390 5747 etc.
