4028 6202
468 322 560 374 I‘JI

463 429 758 486 sanctum?
811 425 874 482 Et
952 435 1128 479 tamen
1183 422 1296 490 ipse
1354 419 1491 471 intus
1559 415 1718 468 etiam
1786 410 2037 478 baptizat.

465 522 603 576 Deus
649 536 774 589 ergo
801 519 892 572 dat
932 518 1090 569 etiam
1144 515 1258 582 ipso
1301 509 1598 578 baptizaute
1623 504 1874 574 Spiritum
1916 517 2041 556 san-

463 625 624 668 ctum.

535 703 754 757 CAPUT
795 700 936 754 XXI.
963 729 1036 740 ——
1061 698 1151 753 29.
1193 695 1344 764 Quod
1382 709 1508 748 vero
1541 694 1649 754 ait,
1697 686 2043 758 Baptizandus

461 804 507 846 et
558 793 871 846 imtovandus
911 801 982 844 cst
1033 791 1116 858 qui
1151 789 1217 840 ad
1260 785 1543 840 Ecclesiae:
1589 783 1759 846 venit,
1811 788 1866 833 ut
1905 779 2042 831 intus

462 903 550 953 per
589 896 788 938 sanctos
833 885 1193 951 sanctificetur;
1233 879 1356 949 quid
1407 877 1596 938 faciet,
1628 875 1669 928 si
1710 882 1765 928 et
1803 874 1943 927 intus
1989 873 2040 922 in

464 994 566 1031 non
607 988 820 1031 sanctos
850 975 1168 1029 incurrerit?
1199 975 1278 1025 An
1319 972 1451 1024 forte
1489 977 1706 1022 sanctus
1758 973 1840 1018 est
1868 961 2042 1032 homi—

460 1069 602 1122 cida?
635 1069 700 1122 Et
726 1069 767 1120 si
797 1076 1077 1135 propterea
1106 1064 1403 1132 baptizatur
1433 1062 1484 1114 in
1516 1059 1775 1123 Ecclesia,
1806 1067 1861 1110 ut
1887 1057 2038 1109 etiam

463 1162 554 1212 hoc
584 1161 744 1227 ipsum
767 1158 984 1226 deponat
1007 1198 1020 1220 ,
1053 1156 1186 1224 quod
1221 1155 1369 1206 homo
1397 1153 1463 1204 ad
1491 1150 1651 1204 Deum
1681 1149 1879 1201 veniens
1918 1147 2037 1198 dum

457 1250 767 1325 pacerdotem
794 1249 969 1318 quierit
988 1290 1001 1311 ,
1037 1249 1088 1300 in
1129 1246 1426 1314 sacrilegum
1458 1242 1636 1312 fraude
1660 1241 1843 1295 erroris
1870 1241 2037 1292 incur-

461 1343 559 1404 rit;
593 1341 676 1393 ubi
709 1350 883 1408 postea
915 1339 1248 1408 depositurus
1277 1345 1392 1401 est,
1425 1335 1470 1389 si
1507 1334 1640 1387 forte
1670 1333 1721 1387 in
1755 1335 1866 1400 ipsa
1897 1332 2037 1385 intus

465 1433 697 1486 Ecclesia
745 1431 868 1484 dum
915 1431 1182 1483 hominem
1235 1428 1323 1481 Dei
1364 1427 1590 1495 quwrit,
1625 1425 1675 1476 in
1718 1421 2034 1476 homicidam

460 1524 642 1577 fraude
663 1524 859 1577 erroris
884 1523 1124 1576 incurrit?
1150 1521 1203 1575 Si
1232 1538 1329 1574 non
1352 1528 1508 1589 potest
1536 1519 1585 1571 in
1616 1518 1814 1570 homine
1840 1513 2034 1584 aliquid

459 1613 609 1665 inane
624 1630 745 1675 esse,
766 1622 811 1666 et
824 1613 1015 1681 aliquid
1028 1610 1319 1679 prtevalere;
1341 1626 1503 1677 quare
1517 1617 1689 1677 potest
1703 1607 1752 1660 in
1770 1605 2033 1671 homicida

460 1706 858 1759 Sacramenunn
885 1714 1126 1757 sanctum
1147 1718 1284 1765 esse,
1306 1712 1358 1756 et
1378 1717 1471 1755 cur
1493 1709 1730 1754 sanctum
1763 1715 1864 1750 nott
1892 1695 2036 1750 esse?

459 1797 513 1851 Si
544 1797 765 1865 quisquis
789 1796 1037 1863 Spiritum
1058 1807 1282 1847 sanctum
1305 1794 1427 1847 dare
1445 1806 1543 1844 non
1567 1799 1745 1858 potest,
1775 1805 1863 1841 nec
1881 1787 2036 1856 bapti-

457 1903 574 1938 zare
594 1896 773 1953 potest;
801 1901 893 1938 cur
919 1885 1057 1937 intus
1087 1883 1316 1951 baptizat
1345 1880 1750 1934 ltnmicida?Aut
1771 1876 2035 1947 quomodo

458 1975 709 2043 Spiritum
751 1983 987 2028 sanctum
1037 1975 1194 2028 habet
1242 1971 1524 2036 homicida,
1565 1985 1687 2024 cum
1731 1969 1903 2022 omnis
1941 1967 2034 2037 qui

458 2067 710 2134 Spiritum
752 2077 990 2118 sanctum
1027 2064 1202 2128 habet,
1249 2063 1573 2117 illuminatus
1613 2061 1712 2125 sit;
1743 2060 1828 2128 qui
1855 2067 2032 2112 autem

456 2157 558 2208 odit
587 2162 813 2226 fratrem,
844 2157 894 2209 in
919 2155 1128 2209 tenebris
1156 2156 1226 2208 sit
1249 2171 1402 2224 usque
1429 2153 1636 2206 adhuc?
1664 2151 1719 2206 Si
1759 2151 1880 2222 quia
1905 2167 2032 2204 unus

455 2258 526 2302 est
555 2247 847 2318 Baptismus
887 2259 929 2302 et
975 2265 1102 2302 unus
1132 2248 1358 2318 spiritus,
1397 2247 1514 2300 ideo
1541 2261 1648 2300 non
1676 2252 1896 2315 possunt
1939 2244 2034 2297 ha-

455 2341 580 2394 bere
611 2358 768 2393 unum
798 2341 1064 2409 Baptisma
1089 2340 1177 2409 qui
1207 2354 1308 2392 non
1342 2338 1538 2391 habent
1565 2352 1726 2391 unum
1753 2336 2029 2404 spiritum;

454 2448 549 2484 cur
580 2433 717 2487 intus
740 2432 991 2485 innocens
1020 2440 1073 2485 et
1103 2430 1364 2486 homicida
1388 2431 1708 2498 Baptismum
1741 2444 1901 2482 ttnutn
1933 2427 2031 2482 ha-

454 2525 598 2588 bent,
631 2534 683 2578 et
711 2525 954 2579 eumdem
996 2525 1236 2593 spiritum
1265 2540 1368 2577 non
1399 2523 1632 2577 habent?
1671 2523 1742 2576 Ita
1780 2535 1908 2590 ergo
1933 2536 2030 2590 po-

454 2626 557 2669 test
584 2617 866 2670 luereticus
904 2627 957 2670 ct
991 2616 1281 2670 catholicus
1312 2615 1579 2683 Baptisma
1621 2629 1780 2667 unum
1810 2612 2028 2677 habere,

452 2717 506 2760 rt
533 2723 688 2761 uuam
724 2708 1009 2762 Ecclesium
1053 2724 1156 2760 non
1189 2706 1402 2772 habere,
1433 2707 1568 2760 sicut
1596 2714 1815 2774 possunt
1845 2705 1895 2758 in
1924 2703 2028 2758 Ca-

455 2799 645 2852 tholica
681 2800 934 2853 innocens
962 2807 1015 2851 ct
1046 2795 1306 2851 homicida
1333 2812 1494 2849 unum
1522 2795 1716 2850 habere
1743 2797 2027 2864 Baptisma,

451 2899 506 2943 et
545 2906 703 2942 unum
735 2889 976 2958 spiritum
1008 2905 1111 2942 non
1156 2889 1353 2944 habere
1382 2906 1394 2941 :
1428 2887 1550 2958 quia
1582 2889 1718 2942 sicut
1754 2903 1916 2941 unum
1949 2897 2031 2940 est

453 2979 740 3049 Baptisma,
765 2981 839 3034 sic
863 2996 1000 3034 unus
1020 2989 1101 3034 est
1120 2980 1346 3049 Spiritus
1373 2991 1426 3035 et
1456 2995 1556 3032 una
1585 2979 1838 3033 Ecclesia.
1871 2979 1940 3030 Ita
1971 2978 2027 3030 lit

453 3082 510 3126 ut
537 3073 634 3126 hoc
663 3073 711 3125 in
751 3088 962 3140 quoque
1003 3073 1395 3141 agnoscendum
1427 3073 1496 3125 sit
1529 3071 1670 3141 quod
1713 3071 1894 3135 habet,
1929 3070 2028 3124 hoc

454 3165 502 3217 ei
541 3164 773 3217 dandum
804 3165 942 3232 quod
976 3181 1078 3216 non
1123 3165 1297 3218 habet.
1341 3163 1395 3218 Si
1427 3165 1554 3216 nihil
1594 3175 1754 3233 potest
1787 3175 1953 3216 ratum
1985 3172 2030 3216 et

454 3254 651 3322 firmum
677 3270 780 3304 esse
817 3254 956 3321 apud
985 3252 1254 3307 Dominum
1277 3254 1410 3324 quod
1433 3255 1509 3308 illi
1544 3256 1755 3321 faciunt,
1779 3272 1901 3323 quos
1929 3254 2031 3307 Do-

453 3345 618 3396 minus
651 3344 815 3396 hostes
844 3353 890 3398 et
917 3345 1226 3398 adversarios
1257 3361 1372 3398 suos
1409 3361 1515 3398 esse
1539 3344 1693 3409 dicit;
1717 3361 1810 3399 cur
1849 3346 2031 3399 Iirmus

455 3447 535 3487 est
557 3436 853 3503 Baptismus
879 3453 1033 3505 quem
1069 3438 1280 3491 tradunt
1317 3437 1631 3491 homicidm?
1663 3441 1738 3490 Au
1773 3439 1950 3493 hostes
1978 3449 2030 3492 et

456 3527 789 3580 :nlversarios
820 3529 1026 3581 Domini
1061 3544 1165 3581 non
1196 3529 1418 3582 dicimus
1446 3527 1777 3582 homicidas?
1810 3530 1907 3594 Qui
1931 3545 2027 3581 au—

457 3628 564 3670 tent
591 3619 694 3670 odit
730 3621 938 3688 fratrem
981 3637 1145 3685 suum,
1193 3620 1444 3673 homicida
1485 3629 1574 3674 est.
1606 3621 1882 3686 Quomodo
1905 3637 2031 3689 ergo

457 3708 810 3776 baptizabant,
835 3711 922 3779 qui
944 3710 1166 3764 oderant
1191 3711 1406 3764 Paulum
1438 3727 1646 3766 servum
1672 3712 1861 3766 Christi
1881 3712 2029 3776 .Iesu,

457 3817 522 3854 ae
571 3817 663 3869 per
704 3802 805 3855 hoc
851 3803 1072 3857 oderant
1109 3813 1163 3858 et
1199 3803 1400 3870 Jesmn,
1446 3806 1564 3874 quia
1616 3814 1669 3858 et
1724 3805 1883 3858 Saulo
1921 3805 2032 3872 ipse

455 3894 606 3957 dixit,
653 3894 788 3960 Quid
825 3912 901 3948 me
935 3898 1242 3965 persequeris
1272 3896 1404 3965 (Act.
1449 3913 1520 3961 lx,
1549 3897 1644 3967 4)?
1673 3898 1883 3966 quando
1917 3897 2032 3962 ejus

457 4001 636 4038 servos
676 3988 1088 4055 persequebatur
1123 4006 1134 4040 :
1165 3997 1218 4041 et
1259 3989 1310 4040 in
1354 3988 1459 4041 line
1501 3988 1612 4056 ipsc
1651 3989 1887 4042 dicturus
1927 3999 2028 4055 cst,

461 4075 584 4129 Cum
629 4079 711 4129 uni
743 4094 806 4129 ea:
846 4078 1063 4130 minimis
1110 4081 1229 4130 meis
1269 4094 1365 4128 non
1396 4078 1599 4147 fecistis,
1636 4081 1760 4132 mihi
1789 4097 1887 4133 non
1915 4082 2037 4150 feci-

457 4171 546 4222 stis
593 4167 799 4237 (.IIutt/t.
849 4186 972 4232 xxv,
1015 4169 1146 4236 423)?
1190 4168 1564 4234 Quamobrem,
1614 4185 1800 4224 omnes
1839 4172 1927 4239 qui
1969 4187 2032 4224 ex

463 4260 614 4311 nobis
656 4268 868 4319 exeunt,
919 4274 1022 4310 non
1073 4266 1191 4310 sunt
1234 4273 1298 4311 ex
1344 4258 1532 4324 nobis;
1564 4259 1658 4312 sed
1704 4275 1808 4313 non
1851 4277 2037 4314 omnes

437 4336 551 4417 ἰμιί
595 4350 867 4402 nobiscum
913 4359 1054 4410 sunt,
1096 4363 1161 4402 cx
1206 4348 1358 4402 nobis
1396 4358 1557 4403 sunt:
1586 4350 1724 4404 sicut
1761 4365 1884 4404 area
1914 4365 2034 4405 cum

469 4442 763 4504 tritm'atur,
794 4439 1047 4508 quidquid
1071 4439 1192 4494 inde
1213 4441 1370 4505 volat,
1401 4457 1506 4495 non
1533 4451 1615 4496 est
1645 4442 1912 4508 triticum;
1943 4443 2038 4498 sed

469 4549 572 4586 non
601 4532 850 4602 quidquid
887 4533 956 4586 ibi
986 4541 1086 4596 est,
1122 4533 1350 4587 triticum
1390 4543 1493 4589 est.
1523 4534 1752 4604 Ideoque
1791 4544 1844 4588 et
1880 4535 2041 4590 Joan-

466 4642 562 4681 nes
592 4643 604 4678 :
634 4623 716 4679 [5.1:
749 4625 908 4683 nobis,
940 4626 1125 4695 inquit,
1158 4627 1405 4689 exierunt,
1431 4627 1518 4681 sed
1541 4645 1640 4681 non
1677 4638 1817 4681 erant
1843 4645 1906 4682 ea:
1943 4645 2038 4681 no-

465 4719 558 4771 bis.
608 4715 666 4770 Si
710 4717 838 4768 enim
870 4717 1078 4785 fuissent
1121 4733 1182 4770 ea:
1229 4717 1390 4783 nobis,
1433 4718 1820 4787 permansissent
1868 4719 2041 4789 utique

466 4808 720 4860 nobiscum
768 4808 807 4878 (l
835 4806 989 4861 Joan.
1024 4823 1080 4870 ιι,
1111 4805 1220 4878 19).
1269 4808 1599 4876 QuaprOpter
1637 4809 2038 4863 Sacramentum

466 4897 649 4962 gratia:
671 4897 762 4952 dat
789 4899 926 4952 Deus
950 4900 1108 4953 etiam
1132 4915 1224 4968 per
1251 4899 1450 4963 malos;
1479 4901 1644 4970 ipsam
1669 4917 1793 4954 vero
1816 4902 2039 4970 gratiam

468 5004 572 5043 non
603 4988 699 5042 nisi
729 5005 821 5057 per
859 5004 916 5043 se
944 4989 1111 5058 ipsum
1154 4991 1234 5043 vel
1262 5005 1357 5058 per
1384 5003 1597 5046 sanctos
1643 5007 1788 5045 suos.
1821 4992 1879 5045 Iit
1927 4993 2043 5045 ideo

471 5082 837 5136 remissionem
870 5092 1204 5151 peccatorum
1231 5083 1313 5136 vel
1343 5098 1437 5151 per
1464 5099 1521 5136 se
1559 5084 1729 5151 ipsum
1773 5083 1917 5149 facit,
1961 5085 2041 5136 vel

471 5188 564 5244 per
611 5173 746 5226 illius
791 5173 1051 5228 columba:
1096 5175 1351 5239 membra,
1383 5175 1573 5243 quibus
1603 5175 1673 5228 ait
1701 5193 1714 5228 :
1747 5175 1806 5228 Si
1853 5175 1932 5226 cui
1967 5174 2044 5226 di-

471 5267 734 5324 ntiseritis,
785 5265 1131 5329 diutittcntur;
1179 5267 1222 5320 si
1276 5267 1356 5318 cui
1409 5266 1690 5328 tenueritis,
1749 5265 2046 5316 tenebuntur

469 5357 644 5423 (Ioun.
674 5373 763 5419 xx,
794 5357 909 5424 25).
959 5357 1286 5423 Baptismum
1334 5373 1481 5422 vero,
1533 5357 1672 5425 quod
1721 5365 1804 5409 est
1857 5356 2046 5408 Sacra-

473 5459 706 5504 uu-ntmn
750 5449 1074 5503 remissionis
1106 5459 1462 5516 peccatorum,
1507 5449 1627 5516 quia
1672 5449 1796 5501 tntilli
1827 5446 2043 5501 dubium

469 5552 548 5590 cst
579 5539 772 5594 habere
815 5541 972 5594 etiam
1016 5539 1307 5593 homicidas
1355 5555 1527 5608 posse,
1576 5539 1662 5607 qui
1715 5539 1763 5592 in
1813 5539 2044 5591 Ictu-bris

469 5640 587 5681 Sttttl
635 5649 797 5699 usque
829 5634 1019 5690 adhuc,
1066 5632 1184 5700 quia
1230 5629 1296 5684 de
1343 5630 1588 5684 cordibus
1618 5647 1798 5683 eorum
1849 5629 2042 5682 fratcr-

473 5734 591 5770 ttnn
641 5721 812 5773 odium
848 5740 950 5775 non
998 5723 1269 5776 exclusum
1315 5732 1392 5774 est
1425 5739 1436 5774 :
1470 5722 1579 5775 sive
1631 5721 1768 5773 nulla
1813 5721 1888 5775 eis
1920 5737 2042 5790 pec-

1213 310 1299 364 ΒΕ
1341 304 1676 362 ΒᾹΡΤΙΞΜΟ
1713 299 1844 354 CON
1864 297 1985 350 I‘IKA
2029 293 2469 364 DUNATISTAS,
2513 301 2569 354 S.
2612 299 2975 357 Αιιιιυετικι

3627 309 3728 359 liii!

2151 418 2264 462 cata
2287 409 2502 465 dimissa
2528 412 2654 479 sint,
2695 413 2736 465 si
2766 429 2868 466 non
2897 413 2947 467 in
2996 415 3182 469 melius
3208 424 3412 470 mutato
3440 419 3603 472 corde
3632 419 3727 471 ba-

2151 501 2326 566 ptizati
2366 511 2508 564 sunt,
2549 503 2661 556 sive
2686 505 2938 557 continuo
2967 503 3182 560 dimissa
3213 505 3469 560 redierint
3496 525 3509 559 :
3541 517 3596 562 et
3630 523 3724 576 per

2148 607 2206 645 se
2233 593 2424 662 ipsum,
2453 595 2574 663 quia
2604 596 2693 649 Dei
2720 606 2821 657 est,
2849 605 3088 649 sanctum
3115 611 3236 651 esse
3256 600 3644 666 cognosyimus,
3670 611 3724 655 et

2147 684 2259 738 sive
2290 685 2523 738 tradatur
2564 687 2680 740 sive
2708 688 2995 755 accipiatur
3027 701 3059 740 a
3099 688 3312 753 talibus,
3353 689 3494 742 nulla
3535 705 3723 744 eorum

2147 778 2493 845 perversitate
2517 778 2721 842 violari,
2753 780 2863 834 sive
2883 779 3044 844 intus,
3081 780 3193 833 sive
3219 780 3366 834 foris.

2218 868 2441 923 CAPUT
2481 869 2644 922 XXII.
2687 899 2758 908 ——
2799 871 2887 925 50.
2929 870 3160 924 Proinde
3204 871 3571 926 consentimus
3613 871 3722 944 Cy-

2148 958 2352 1027 priano,
2389 959 2644 1014 hazrcticos
2673 961 3012 1014 remissionem
3049 961 3170 1015 dare
3215 978 3314 1015 non
3342 980 3504 1031 posse,
3539 964 3736 1032 Bapti-~

2147 1066 2328 1104 sntuur
2346 1061 2520 1104 autem
2540 1052 2666 1105 dare
2688 1067 2865 1120 posse,
2889 1053 3027 1121 quod
3052 1054 3260 1122 quidem
3286 1055 3388 1109 illis
3405 1065 3457 1109 et
3473 1057 3717 1113 dantibus

2144 1151 2198 1194 et
2222 1143 2602 1211 accipientibus
2643 1145 2814 1198 valeat
2853 1145 2916 1197 ad
2944 1146 3256 1215 perniciem,
3292 1155 3540 1217 tanquam
3569 1157 3719 1203 tanto

2145 1249 2362 1288 munere
2404 1235 2493 1289 Dei
2537 1236 2674 1290 male
2704 1237 2973 1290 utentibus
3003 1255 3016 1289 :
3046 1239 3184 1292 sicut
3222 1240 3382 1293 etiam
3423 1241 3634 1310 maligni
3662 1253 3716 1295 et

2144 1325 2325 1388 invidi,
2354 1341 2489 1394 quos
2529 1337 2577 1381 ct
2609 1329 2750 1381 intus
2791 1343 2908 1381 esse
2935 1329 3050 1396 ipse
3078 1338 3318 1394 testatur,
3347 1332 3714 1385 remissionem

2144 1428 2477 1493 peccatorum
2506 1419 2632 1472 dare
2664 1434 2768 1472 non
2804 1430 3042 1487 possunt,
3085 1435 3204 1474 cum
3251 1437 3342 1475 cos
3388 1423 3713 1491 Baptismttm

2141 1508 2266 1561 dare
2295 1524 2449 1576 posse
2475 1525 2660 1564 omnes
2683 1509 2960 1565 fateamur.
2985 1512 3036 1566 Si
3068 1513 3208 1565 enim
3231 1513 3297 1566 dc
3323 1514 3512 1581 bisqui
3543 1515 3593 1568 in
3616 1531 3713 1570 nos

2141 1601 2495 1667 peccaverint,
2539 1601 2738 1654 dictum
2786 1611 2886 1668 est,
2939 1603 2998 1656 Si
3049 1620 3148 1655 non
3191 1605 3483 1659 dimiseritis
3513 1618 3716 1675 peccata

2141 1690 2442 1757 hominibus,
2467 1708 2554 1744 nec
2581 1691 2737 1745 Pater
2757 1703 2913 1746 vester
2938 1694 3146 1758 dimittet
3174 1696 3307 1747 vobis
3329 1707 3524 1764 peccata
3551 1707 3714 1749 vestra

2142 1779 2348 1848 (Matth.
2380 1799 2450 1847 γι,
2486 1784 2574 1853 l5)
2608 1802 2621 1837 :
2650 1795 2846 1852 quanto
2879 1787 3042 1854 magis
3073 1786 3183 1840 ﬁeri
3215 1802 3318 1838 non
3351 1795 3524 1854 potest
3552 1795 3609 1840 ut
3635 1790 3713 1842 cis

2141 1883 2355 1940 peccata
2382 1875 2731 1942 dimittantur,
2761 1878 2849 1946 qui
2891 1879 3082 1932 fratres
3123 1894 3152 1932 a
3194 1880 3385 1947 quibus
3421 1878 3716 1948 diliguntur

2139 1965 2383 2032 oderunt,
2423 1975 2477 2020 et
2520 1968 2569 2021 in
2613 1968 2726 2036 ipso
2755 1970 2876 2022 odio
2907 1970 3272 2038 baptizantur;
3304 1971 3494 2040 quibus
3534 1981 3712 2026 tamen

2139 2066 2321 2124 postea
2364 2061 2620 2113 correctis
2665 2077 2769 2114 non
2817 2076 3003 2115 rursus
3044 2061 3344 2129 Baptisnius
3391 2062 3567 2128 datur,
3616 2062 3712 2115 sed

2143 2146 2255 2216 ipsa
2297 2149 2448 2203 venia
2493 2165 2649 2220 quam
2693 2161 2816 2206 tunc
2859 2153 3099 2222 accipere
3137 2167 3239 2205 non
3285 2162 3608 2218 meruerunt,
3659 2153 3713 2207 in

2137 2253 2263 2292 vera
2291 2243 2642 2296 conversione
2684 2253 2982 2312 prmstatttr.
3024 2244 3254 2313 Ideoque
3290 2246 3449 2299 etiam
3483 2245 3566 2298 illa
3594 2262 3713 2313 qua:

2134 2330 2201 2383 ad
2224 2330 2474 2396 Quintum
2503 2334 2686 2388 scribit
2723 2334 3037 2406 Cyprianus,
3065 2346 3120 2390 et
3146 2337 3233 2390 illa
3259 2352 3376 2404 qua:
3401 2351 3522 2390 cum
3548 2337 3713 2391 colle-

2133 2423 2213 2492 gis
2239 2424 2362 2491 ,suis
2387 2424 2638 2492 Liberali,
2666 2426 2942 2492 Caldonio,
2969 2427 3143 2492 Junio,
3177 2437 3231 2482 et
3258 2428 3487 2493 caeteris,
3519 2428 3583 2480 ad
3609 2427 3712 2482 Sa-

2137 2515 2426 2579 turninum,
2455 2517 2760 2582 Maximum,
2791 2529 2846 2572 et
2870 2519 3025 2585 alios,
3052 2519 3185 2574 bene
3206 2519 3536 2573 considerata
3569 2520 3714 2573 nullo

2133 2606 2294 2661 modo
2322 2608 2636 2676 proferenda
2690 2620 2813 2664 sunt
2840 2611 3094 2665 adversus
3126 2611 3286 2664 totius
3331 2610 3583 2666 Ecclesia:
3620 2626 3712 2665 ca-

2135 2695 2343 2750 tholicae
2363 2699 2791 2766 consensionem,
2815 2700 2964 2769 cujus
2990 2715 3048 2755 se
3079 2700 3152 2754 illi
3176 2700 3410 2755 membra
3437 2699 3555 2755 esse
3581 2717 3716 2770 gau-

2133 2787 2349 2854 debant,
2394 2801 2449 2844 et
2492 2790 2632 2845 unde
2674 2806 2733 2845 se
2778 2807 2950 2860 neque
2992 2792 3090 2860 ipsi
3135 2791 3506 2860 pra'eiderunt,
3540 2808 3715 2860 neque

2132 2880 2338 2935 diversa
2391 2882 2682 2938 sentientes
2730 2885 2942 2952 prmcidi
2996 2886 3135 2955 passi
3187 2894 3344 2950 sunt;
3395 2885 3563 2939 donec
3607 2885 3710 2939 ali-

2133 2974 2343 3042 quando
2369 2975 2419 3028 in
2446 2975 2652 3029 Domini
2677 2978 2944 3032 voluntate
2976 2993 3070 3047 per
3091 2980 3382 3048 plenarium
3404 2980 3709 3044 concilium,

2134 3067 2260 3120 licet
2289 3076 2406 3134 post
2433 3068 2628 3122 multos
2666 3085 2856 3135 annos,
2888 3071 3015 3140 quid
3061 3083 3203 3126 esset
3230 3073 3427 3127 rectius
3452 3073 3709 3138 elueeret,

2133 3173 2238 3210 non
2271 3159 2445 3227 aliqua
2481 3161 2716 3216 novitate
2762 3163 3020 3230 instituta,
3062 3164 3155 3218 sed
3203 3165 3515 3236 antiquitate
3554 3165 3714 3220 robo-

2132 3258 2268 3301 rata.

2203 3340 2430 3395 CAPUT
2473 3341 2659 3396 XXIII.
2703 3344 2888 3397 -—-51.
2926 3341 3002 3414 (ιι)
3055 3344 3135 3398 Ad
3187 3344 3497 3413 Pompeium
3549 3344 3710 3398 etiam

2134 3429 2322 3483 scribit
2354 3429 2648 3500 Cyprianus
2676 3433 2742 3487 de
2771 3434 2868 3487 hac
2901 3434 3084 3488 eadem
3126 3452 3206 3499 re,
3237 3436 3324 3489 ubi
3363 3446 3547 3505 aperte
3573 3436 3712 3490 indi-

2135 3531 2218 3573 cat
2245 3520 2590 3588 Stephanum,
2632 3539 2788 3591 quem
2829 3524 3080 3577 Ilomanac
3120 3525 3367 3579 Ecclesia:
3398 3527 3711 3595 episcopum

2136 3619 2262 3664 tunc
2304 3611 2465 3665 fuisse
2491 3612 2794 3678 didicimus,
2838 3629 2943 3667 non
2987 3614 3161 3667 soluat
3204 3616 3303 3669 sibi
3346 3616 3411 3669 ad
3458 3618 3554 3670 ista
3603 3634 3714 3673 non

2135 3702 2494 3767 consensisse,
2543 3718 2724 3756 verum
2782 3705 2941 3758 etiam
2987 3716 3171 3760 Contra
3227 3707 3502 3776 scripsisse
3551 3719 3719 3778 atque

2138 3793 2472 3861 prmccpisse.
2531 3794 2629 3859 Qui
2684 3795 2863 3863 utique
2925 3795 3223 3865 Stephanus
3275 3813 3378 3851 non
3430 3807 3715 3868 propterea

2137 3885 2515 3938 communicarit
2554 3885 2818 3951 hazreticis,
2858 3887 2978 3956 quia
3025 3888 3292 3956 Baptisma
3339 3889 3534 3943 Christi
3573 3892 3718 3959 quod

2140 3977 2192 4030 in
2219 3993 2401 4032 eorum
2438 3980 2786 4047 perversitate
2835 3980 3092 4049 integrum
3140 3983 3400 4037 mansisse
3445 3984 3716 4050 cognovit,

2143 4065 2442 4134 improbare
2481 4081 2584 4120 non
2624 4085 2788 4123 ausus
2813 4078 2913 4124 est.
2941 4069 3072 4124 Nam
3103 4071 3146 4124 si
3178 4088 3282 4125 non
3317 4073 3511 4126 habent
3537 4074 3717 4142 Bapti-

2141 4171 2312 4211 smum
2339 4160 2428 4228 qui
2463 4159 2530 4214 de
2558 4161 2665 4214 Deo
2687 4178 2845 4230 prava
2875 4164 3130 4226 sentiunt,
3162 4163 3263 4217 hoc
3293 4180 3448 4232 posse
3494 4177 3547 4218 et
3575 4166 3720 4219 intus

2141 4250 2401 4316 accidere,
2444 4252 2552 4320 jam
2607 4254 2755 4315 satis,
2808 4262 2865 4306 ιιι
2918 4255 3168 4320 arbitror,
3220 4255 3541 4323 disputatum
3595 4269 3717 4321 est;

2142 4341 2370 4410 Apostoli
2411 4352 2577 4396 autem
2601 4343 2730 4396 nihil
2753 4343 2963 4412 quidem
2991 4346 3172 4398 exinde
3210 4358 3546 4416 prwccperunt
3571 4364 3590 4402 :
3623 4349 3718 4402 sed

2142 4434 2470 4488 consuetudo
2493 4435 2578 4488 illa
2599 4450 2717 4503 qua:
2738 4435 3104 4504 opponebatur
3126 4437 3408 4508 Cypriane,
3437 4440 3504 4492 ab
3530 4455 3717 4494 eorum

2147 4526 2427 4578 traditione
2472 4525 2748 4579 exordium
2791 4528 3084 4595 sumpsisse
3125 4528 3389 4582 credenda
3432 4539 3534 4594 est,
3581 4531 3726 4586 sicut

2144 4626 2268 4670 sunt
2291 4618 2452 4669 multa
2482 4634 2599 4686 qua:
2623 4620 2863 4674 universa
2894 4629 3038 4674 tenet
3061 4621 3316 4686 Ecclesia,
3345 4631 3399 4676 et
3429 4623 3498 4675 ob
3525 4625 3626 4677 hoc
3652 4625 3726 4676 ab

2146 4711 2446 4776 Apostolis‘
2481 4721 2739 4780 prmcepta
2771 4712 2904 4768 bene
2924 4713 3232 4780 creduntur,
3259 4730 3558 4784 quanquam
3589 4716 3729 4770 seri-

2149 4811 2233 4869 pta
2265 4816 2366 4855 non
2391 4804 2738 4872 reperiantur.

2220 4895 2309 4946 3:2.
2350 4897 2414 4947 At
2445 4897 2586 4949 enim
2621 4897 2872 4964 scriptum
2912 4906 2993 4949 est
3018 4895 3084 4950 de
3115 4895 3381 4950 hiercticis
3423 4897 3557 4964 quod
3584 4915 3615 4950 a
3642 4914 3731 4950 sc-

2150 4987 2374 5055 metipsis
2400 4987 2621 5038 damnati
2651 4997 2767 5039 sunt
2799 4986 2924 5053 (Tit.
2955 5004 3030 5051 ιιι,
3066 4988 3177 5057 II).
3209 4988 3346 5055 Quid
3378 5004 3526 5058 ergo,
3564 4999 3617 5042 et
3647 4988 3730 5043 illi

2152 5092 2257 5130 non
2287 5093 2315 5129 a
2362 5078 2662 5146 semetipsis
2703 5079 2933 5132 damnati
2975 5088 3115 5145 sunt,
3145 5081 3338 5149 quibus
3365 5080 3566 5134 dictum
3599 5091 3688 5134 est
3716 5099 3731 5134 :

2152 5166 2216 5220 In
2251 5185 2347 5237 quo
2373 5170 2503 5221 enim
2532 5169 2746 5222 alterum
2778 5170 3003 5239 judicas,
3048 5172 3356 5238 temetipsum
3381 5171 3688 5223 condemnas
3709 5171 3738 5224 .’

2155 5260 2244 5313 llis
2283 5270 2456 5314 autem
2483 5261 2610 5316 dicit
2641 5264 2924 5332 Apostolus
2954 5282 2968 5318 ε
3000 5265 3098 5329 Qui
3139 5265 3382 5332 praedicas
3418 5280 3518 5316 non
3543 5263 3736 5330 furan-

2152 5352 2294 5417 dum,
2323 5354 2509 5422 fururis
2556 5352 2729 5424 (Rom.
2760 5371 2816 5418 It,
2846 5357 2896 5421 1,
2935 5355 3049 5424 21),
3074 5365 3201 5409 clc..
3237 5354 3303 5408 Et
3334 5353 3467 5408 tales
3492 5351 3739 5422 ιιι-0036ιο

2219 5603 2230 5632 ³
2261 5609 2378 5647 ‘t‘rcs
2403 5603 2585 5645 tantum
2609 5602 2738 5652 Mss.,
2763 5601 2807 5643 et
2847 5595 2902 5644 ob
2943 5593 3029 5642 hoc
3072 5593 3310 5656 apostolis.

2216 5665 2285 5710 (at
2311 5669 2403 5707 Hoc
2423 5665 2472 5703 ct
2495 5661 2814 5720 sequentibus
2838 5659 3071 5720 capitibus
3105 5653 3315 5718 iiypriani
3341 5653 3524 5703 refellit
3550 5654 3742 5714 episto-

2159 5728 2248 5774 Iazn
2273 5725 2358 5782 Ti,
2381 5721 2438 5772 ad
2466 5723 2752 5783 t'oatpcium.
