4028 6202
265 293 372 352 193

257 419 417 463 erant
451 406 550 471 illi,
581 408 670 477 qui
698 423 819 462 cum
857 421 1037 465 essent
1075 412 1308 483 episcopi
1349 424 1403 469 et
1431 430 1551 469 eum
1598 417 1714 485 ipso
1743 417 1855 488 Cy-

261 500 456 569 priane
497 500 548 553 in
577 501 778 555 unitate
798 503 1059 556 catholica
1089 507 1383 569 etmstituti,
1416 507 1604 563 fundos
1633 510 1851 562 insidio-

255 591 334 646 sis
376 590 654 645 fraudibus
697 592 990 659 rapiebant,
1027 596 1375 663 pnedicantes
1422 598 1604 669 utique
1644 601 1857 669 populis

255 681 507 748 Apostoli
535 682 698 734 verba
743 681 990 746 dicentis,
1039 682 1219 756 Neque
1260 704 1471 757 rapaces
1507 706 1719 760 regnum
1761 688 1859 744 Dei

251 770 589 837 possidebunt
619 770 659 840 (1
682 768 801 825 Cor.
827 787 900 837 Vt,
933 772 1046 844 i0).

332 860 425 913 ⁸55.
467 860 804 929 Quapmpter
825 861 987 929 ipsius
1014 863 1172 918 etiam
1202 866 1439 934 epistolre
1465 884 1585 939 qua:
1602 869 1669 924 ad
1691 869 1855 926 Pom-

260 949 442 1017 peium
474 950 674 1018 scripta
700 957 805 1015 est,
845 960 1069 1007 ceteras
1111 956 1399 1009 sententias
1429 973 1492 1011 es
1524 959 1726 1013 eisdem
1758 976 1854 1015 rc-

256 1038 401 1104 gulis
427 1040 659 1094 breviter
688 1056 1000 1110 percurrere
1041 1057 1146 1097 non
1178 1047 1446 1101 morabor.
1476 1045 1664 1101 Contra
1687 1066 1846 1104 mau-

258 1130 439 1183 datum
470 1130 564 1184 Dei
587 1149 712 1195 esse,
753 1134 888 1202 quod
919 1136 1164 1190 venientes
1198 1137 1260 1191 ab
1284 1138 1554 1205 ha'reticis,
1580 1143 1626 1195 si
1641 1143 1756 1210 jam
1781 1144 1848 1197 il-

256 1220 324 1272 lic
344 1218 668 1289 Baptismum
694 1223 878 1276 Christi
902 1238 1221 1295 acceperunt,
1253 1245 1354 1283 non
1382 1229 1719 1300 baptizantur,
1745 1249 1848 1302 qua

254 1313 654 1381 Scriptum-um
698 1321 1010 1373 auctoritate
1038 1330 1340 1375 sanctarum
1380 1324 1710 1379 ostenditur?
1744 1326 1846 1382 Sed

254 1407 418 1476 plane
461 1411 764 1465 ostenditur
800 1412 993 1466 multos
1026 1415 1569 1483 pseudochristianos,
1606 1420 1845 1488 quamvis

252 1515 361 1551 non
413 1499 644 1555 habeant
687 1503 929 1557 eamdem
965 1504 1277 1560 charitatem
1319 1523 1439 1561 cum
1478 1488 1705 1575 sanctis;
1730 1512 1845 1567 sine

249 1606 356 1658 qua
377 1592 508 1644 nihil
532 1603 750 1659 prosunt
770 1609 1116 1664 qumcuntque
1139 1608 1318 1650 sancta
1340 1598 1534 1656 habere
1552 1602 1841 1671 potuerint,

222 1679 583 1746 ~llaptisrnum
627 1691 801 1736 tamen
832 1698 1170 1738 communem
1214 1686 1410 1742 habere
1450 1703 1571 1743 cum
1602 1692 1838 1745 sanctis:

247 1768 392 1837 quod
410 1770 521 1837 jam
548 1773 677 1824 satis
695 1780 855 1842 atque
878 1773 1143 1829 uberrime
1165 1775 1584 1832 demonstratum
1611 1789 1713 1834 est.
1742 1780 1843 1834 Ec-

247 1861 459 1914 clesium
492 1872 537 1915 et
565 1863 817 1931 Spiritum
854 1874 900 1917 et
927 1863 1210 1935 Baptisma,
1236 1867 1374 1930 dicit,
1406 1870 1470 1922 ab
1496 1870 1705 1923 invicem
1738 1889 1841 1926 non

248 1967 398 2019 posse
421 1953 672 2020 separari,
696 1963 743 2006 et
770 1954 882 2008 ideo
905 1956 989 2025 qui
1014 1957 1077 2009 ab
1102 1957 1326 2011 Ecclesia
1353 1961 1575 2028 separati
1595 1970 1710 2015 sunt
1735 1975 1782 2017 et
1807 1981 1839 2018 a

246 2042 452 2112 Spiritu
491 2055 686 2106 sancto.
736 2048 886 2100 etiam
933 2064 964 2100 a
1000 2046 1263 2117 Baptismo
1291 2052 1403 2104 vult
1430 2052 1644 2123 intelligi
1685 2071 1837 2125 sepa-

244 2146 405 2189 ratos.
437 2138 589 2202 Quod
615 2139 658 2191 si
688 2139 757 2193 ita
785 2149 887 2204 est,
919 2156 1038 2194 cum
1061 2143 1282 2212 quisque
1312 2144 1362 2197 in
1396 2145 1629 2200 Ecclesia
1654 2150 1839 2203 catho-

247 2226 346 2281 lica
402 2228 731 2296 Baptismum
790 2234 1085 2301 acceperit,
1144 2235 1343 2290 tamdiu
1396 2237 1448 2290 in
1499 2253 1566 2292 eo
1620 2251 1832 2305 manet,

243 2317 499 2385 quamdiu
546 2319 596 2372 in
645 2319 877 2374 Ecclesia
925 2330 978 2376 et
1005 2309 1119 2392 ipse
1163 2335 1377 2380 manet:
1405 2327 1450 2382 si
1491 2338 1669 2383 autem
1714 2331 1836 2386 inde

244 2406 575 2474 di~cesserit,
606 2394 831 2466 discedit
875 2429 904 2465 a
950 2414 1257 2483 Baptistae;
1290 2418 1429 2486 quod
1462 2436 1564 2472 non
1617 2421 1687 2475 ita
1729 2433 1830 2477 est.

245 2495 377 2550 Nam
404 2498 524 2553 idco
556 2499 793 2555 redeunti
841 2519 945 2556 non
983 2503 1241 2571 redditur,
1267 2508 1389 2576 quia
1427 2524 1547 2563 cum
1587 2509 1833 2567 discede-

243 2597 344 2649 ret,
385 2603 489 2640 non
518 2591 714 2642 amisit.
741 2590 1196 2658 Quemadmodum
1226 2606 1400 2651 autem
1431 2598 1684 2668 Spiritum
1710 2618 1835 2655 san-

241 2688 386 2732 ctum
431 2682 570 2734 sicut
597 2682 792 2737 habent
832 2683 924 2737 lilii
954 2685 1156 2749 dilecti,
1187 2702 1292 2741 non
1326 2687 1519 2744 habent
1547 2690 1637 2745 lilii
1679 2694 1834 2749 mali-

240 2773 355 2833 pni,
387 2782 440 2826 et
485 2783 659 2828 tamen
691 2775 1012 2845 Baptismum
1056 2778 1292 2835 habent:
1324 2782 1402 2836 sic
1444 2791 1499 2836 et
1539 2783 1830 2841 Ecclesium

238 2864 379 2917 sicut
407 2864 601 2920 habent
622 2866 897 2932 Catholici,
931 2885 1034 2922 non
1066 2870 1261 2924 habent
1282 2872 1533 2937 hmretici,
1566 2882 1623 2928 et
1652 2885 1844 2932 tamen.

236 2954 568 3024 Baptismum
613 2957 832 3012 habent.
877 2959 1008 3014 Nam
1041 2960 1265 3032 Spiritus
1306 2974 1511 3018 sanctus
1547 2966 1832 3037 disciplinas

235 3044 403 3116 fugiet
434 3048 608 3115 [ictum
637 3049 793 3121 (Sap.
820 3066 858 3117 ι,
887 3052 964 3121 5),
1015 3067 1113 3107 nee
1156 3062 1333 3109 tamen
1380 3070 1500 3110 eum
1537 3057 1697 3126 fugiet
1723 3058 1826 3112 Ba-

234 3138 491 3205 ptismus.
536 3139 714 3209 itaque
754 3146 891 3196 sicut
920 3152 1096 3212 potest
1134 3143 1401 3214 Baptisma
1440 3162 1559 3201 esse
1586 3157 1640 3202 et
1683 3151 1827 3206 unde

232 3242 291 3281 se
342 3228 518 3284 aufert
546 3229 771 3300 Spiritus
803 3244 1050 3298 sanctus;
1096 3234 1166 3288 ita
1199 3246 1370 3303 potest
1412 3252 1529 3292 esse
1557 3239 1823 3307 Baptisma

232 3324 323 3377 ubi
367 3340 476 3377 non
505 3335 586 3379 est
616 3325 873 3381 Ecclesia.
905 3325 1092 3380 Manus
1131 3339 1298 3382 autent
1339 3330 1611 3399 impositio,
1643 3332 1685 3385 si
1715 3348 1823 3387 non

232 3414 560 3468 adhiberetur
586 3416 647 3468 ab
676 3417 854 3470 hteresi
882 3417 1116 3483 partienti,
1152 3427 1397 3488 tanquam
1428 3428 1578 3475 extra
1606 3437 1820 3479 omnem

230 3504 448 3571 culpam
495 3519 611 3559 esse
646 3504 977 3574 judicaretur
1004 3527 1018 3562 :
1050 3518 1268 3576 propter
1319 3509 1596 3567 charitatis
1643 3523 1820 3569 autem

230 3593 651 3663 eopulationctu,
697 3596 838 3665 quod
879 3606 962 3651 est
1016 3599 1306 3653 maximum
1349 3601 1546 3655 donum
1594 3604 1822 3673 Spiritus

230 3685 429 3749 sancti,
470 3685 584 3740 sine
611 3702 716 3756 quo
752 3704 859 3741 non
889 3690 1066 3745 valent
1101 3690 1168 3744 ad
1202 3692 1428 3747 salutem
1467 3709 1819 3767 quascumque

231 3776 336 3830 alia
358 3785 540 3830 sancta
570 3778 620 3831 in
651 3777 864 3836 homine
893 3779 1106 3848 fuerint,
1138 3797 1327 3836 manus
1350 3783 1615 3840 lnereticis
1638 3802 1822 3842 corre-

231 3867 334 3919 ctis
359 3867 669 3934 imponitur.

300 3957 533 4012 CAPUT
570 3957 760 4013 XXIV.
784 3960 962 4015 -54.
986 3959 1118 4014 ⁴,Ιιιηι
1155 3960 1218 4015 de
1242 3962 1426 4032 templo
1458 3962 1567 4027 Dei,
1598 3974 1654 4021 et
1676 3980 1812 4036 quo-

232 4045 395 4100 modo
427 4049 792 4125 accipiendum
821 4049 923 4113 sit,
980 4050 1235 4122 Quotquot
1264 4053 1315 4106 in
1343 4051 1540 4108 Christo
1579 4056 1817 4125 baptizati

229 4140 371 4201 estis,
415 4135 668 4191 Christum
707 4140 939 4195 induistis
969 4141 1163 4212 (Calai.
1197 4158 1275 4207 ιιι,
1323 4144 1440 4214 27),
1488 4147 1618 4200 satis
1645 4147 1817 4202 disse-

234 4228 409 4280 ruisse
440 4242 526 4281 me
571 4229 806 4282 tuemini.
834 4229 1018 4301 Neque
1063 4233 1204 4287 enim
1252 4234 1398 4288 avari
1428 4236 1680 4305 templum
1723 4238 1818 4293 Dei

230 4327 379 4379 sunt,
411 4333 533 4372 cum
564 4319 816 4389 scriptum
844 4322 932 4387 sit,
969 4322 1097 4388 Ome
1136 4324 1349 4378 societas
1374 4326 1558 4393 templo
1587 4324 1680 4380 Dei
1704 4344 1818 4382 cum

231 4408 385 4460 idolis
415 4408 481 4477 (Il
511 4409 627 4462 Cor.
658 4426 733 4474 vi,
764 4412 964 4481 lti)?et
993 4415 1269 4469 avaritiam
1301 4416 1650 4472 idololatrian:
1672 4433 1813 4486 esse,

233 4502 600 4554 testimonium
646 4502 791 4556 Pauli
818 4505 1111 4574 Cyprianus
1154 4510 1560 4578 assuntpserit‘.
1594 4510 1820 4566 lnduuut

230 4601 410 4646 autem
462 4592 705 4647 homines
747 4594 1040 4660 Christum,
1082 4597 1365 4667 aliquando
1410 4615 1576 4670 usque
1611 4602 1677 4656 ad
1722 4605 1820 4656 Sa-

231 4684 490 4737 cramenti
508 4684 919 4756 perceptionem,
934 4687 1219 4756 aliquando
1233 4697 1286 4743 et
1304 4704 1467 4758 usque
1478 4691 1543 4744 ad
1561 4692 1679 4745 vita:
1691 4706 1818 4746 sau-

232 4773 611 4829 ctificationetu
642 4794 654 4830 :
687 4788 843 4846 atque
887 4778 1012 4832 illttd
1045 4779 1273 4848 primum
1316 4790 1369 4833 et
1405 4780 1554 4834 bonis
1581 4789 1636 4836 et
1665 4783 1819 4836 malis

233 4873 405 4931 potest
448 4880 566 4920 esse
591 4882 892 4932 connuune,
928 4870 1026 4923 hoc
1051 4881 1229 4924 autem
1275 4871 1498 4923 alterum
1544 4874 1815 4942 proprium

228 4964 321 5009 est
346 4956 605 5011 bonorum
642 4967 695 5013 et
722 4958 951 5028 piormu.
982 4960 1316 5030 Quapropter
1341 4960 1384 5013 si
1410 4960 1672 5031 Baptisma
1710 4980 1817 5018 esse

229 5049 345 5100 sine
372 5048 571 5113 Spiritu
599 5066 699 5103 non
726 5060 907 5120 potest,
941 5051 1136 5106 habent
1165 5061 1216 5106 et
1256 5052 1508 5121 Spiritum
1543 5053 1773 5108 hzeretici
1798 5072 1813 5119 ;

230 5139 329 5194 sed
353 5141 418 5193 ad
448 5143 760 5210 perniciem,
805 5158 908 5196 non
949 5144 1012 5196 ad
1049 5146 1293 5204 salutem.
1321 5146 1458 5199 sicut
1483 5146 1664 5200 habuit
1689 5148 1815 5202 Salii

229 5231 278 5299 (Ι
314 5229 439 5301 Reg.
469 5248 587 5298 χιχ,
623 5233 738 5300 25).
769 5233 902 5288 Nam
931 5250 1023 5303 per
1053 5250 1242 5289 nomen
1287 5233 1481 5290 Christi
1522 5239 1572 5291 in
1615 5237 1814 5307 Spiritu

227 5331 423 5375 sancto
459 5322 747 5391 cjieiuntnr
777 5324 1058 5389 dat-monia,
1088 5326 1228 5394 quod
1270 5335 1325 5381 et
1371 5328 1457 5382 ille
1495 5336 1698 5397 poterat
1726 5332 1815 5399 qui

227 5423 352 5467 crat
382 5423 530 5467 extra
564 5415 891 5480 Ecclesium;
922 5416 987 5470 de
1012 5431 1115 5483 quo
1153 5416 1397 5487 discipuli
1439 5418 1665 5474 Domino
1692 5436 1817 5491 sug-

226 5514 513 5572 gesserunt
541 5503 733 5575 (Μαῖα.
768 5520 842 5566 is,
872 5506 982 5576 '57).
1011 5505 1157 5561 Sicut
1198 5507 1394 5562 habent
1423 5509 1588 5575 avari,
1620 5510 1708 5580 qui
1738 5519 1817 5564 ta-

226 5612 358 5651 men
398 5612 502 5651 non
544 5608 668 5653 sunt
710 5597 961 5667 templum
990 5597 1128 5653 Dei:
1160 5598 1407 5669 quoniam
1453 5615 1568 5671 qua:
1608 5602 1817 5659 societas

300 5730 315 5760 ¹
340 5735 419 5778 Er.
443 5729 589 5791 Lugd.
612 5736 752 5788 τω,
773 5728 1044 5792 assianpsit.
1108 5737 1165 5779 ιι.

1641 300 1838 356 LIBER
1881 303 2190 366 QUINTUS.

3445 337 3542 392 194

1970 423 2153 489 tnnpto
2198 424 2291 479 Dei
2322 444 2435 480 run
2478 431 2667 487 ida/ts?
2708 436 2762 490 Si
2800 446 2975 494 autem
3019 458 3121 498 non
3166 444 3362 503 habent
3403 456 3546 509 avari

1966 510 2218 577 Spiritum
2254 516 2365 578 Dei.
2396 529 2446 572 et
2479 532 2652 578 tamen
2678 526 2868 583 habent
2899 532 3197 603 Baptisnta:
3227 552 3398 607 potest
3423 558 3548 600 esse

1965 599 2080 652 Sitit!
2101 603 2297 671 Spiritu
2330 608 2619 677 Baptisma.

1963 874 2114 929 turba
2145 875 2229 929 illa
2258 880 2515 934 malorum
2563 880 2705 941 intus
2746 891 3152 947 constitutorum
3182 906 3372 965 potest.
3417 905 3536 968 quia

1961 975 2016 1018 et
2044 967 2151 1035 ipsa
2184 971 2375 1025 Christi
2399 990 2590 1043 Spttnsa
2622 993 2726 1033 non
2752 989 2855 1035 est.
2885 983 3193 1052 Designatur
3213 990 3354 1042 enim
3379 967 3533 1044 Chri~

1958 1057 2025 1111 sti
2066 1074 2261 1128 sponsa
2306 1064 2422 1119 sine
2469 1069 2670 1122 macula
2715 1082 2769 1126 et
2814 1088 2945 1142 ruga
2974 1073 3189 1148 (Ephes.
3227 1096 3278 1145 γ,
3306 1080 3397 1151 27)
3431 1084 3530 1154 (η).

1957 1147 2097 1216 Ergo
2128 1162 2217 1203 aut
2247 1169 2350 1207 non
2378 1169 2563 1210 omnes
2604 1160 2847 1228 haptizati
2890 1164 2979 1218 filii
3019 1178 3141 1219 sunt
3168 1169 3282 1234 Dei,
3312 1147 3401 1225 aut

1958 1246 2060 1291 tc~t
2100 1250 2154 1293 et
2191 1257 2294 1295 non
2334 1260 2526 1310 sponsa
2571 1264 2828 1317 geitcrare
2856 1254 2990 1308 filios
3033 1256 3143 1311 Dei.
3183 1258 3331 1313 Sicut
3357 1271 3535 1318 autem

1953 1329 2221 1394 quarritur,
2267 1343 2433 1386 utrum
2459 1337 2788 1405 spiritualiter
2814 1352 2962 1397 natus
2989 1345 3073 1410 sit,
3104 1348 3190 1417 qui
3214 1346 3531 1416 Baptismum

1950 1417 2134 1473 Chriin
2161 1425 2301 1491 apud
2315 1429 2575 1483 Iucreticos
2601 1434 2790 1502 accepit
2811 1450 2831 1487 :
2859 1444 2927 1489 tta
2953 1440 3114 1506 qureri
3144 1451 3333 1507 potest,
3358 1452 3532 1499 utrum

1947 1513 2294 1582 spiritualitcr
2324 1530 2479 1574 natus
2506 1523 2592 1583 sit,
2625 1526 2713 1593 qui
2740 1526 3063 1594 Baptismum
3089 1531 3285 1587 CliriSIi
3326 1551 3428 1589 non
3459 1538 3525 1590 ad

1952 1602 2115 1658 Deum
2152 1609 2326 1663 veraci
2355 1613 2515 1665 corde
2549 1628 2840 1671 conversus
2885 1619 2936 1671 in
2981 1619 3255 1677 Catholica
3300 1628 3526 1697 accepit,

1947 1706 2046 1747 nec
2078 1703 2250 1749 tamen
2283 1699 2403 1752 ideo
2430 1701 2754 1770 Baptismum
2781 1723 2887 1760 non
2915 1710 3138 1778 accepit.

2016 1782 2240 1841 CAPUT
2291 1787 2457 1843 XXV.
2490 1821 2561 1832 ——
2595 1795 2682 1848 56.
2724 1795 2840 1849 .lam
2898 1798 2981 1851 illa
3031 1817 3149 1868 qua:
3199 1804 3252 1857 in
3303 1806 3524 1878 Stepha-

1947 1888 2073 1928 num
2117 1877 2356 1933 irritatus
2404 1882 2607 1949 et‘l'ndit,
2654 1895 2944 1943 retractare
2988 1882 3142 1959 uolo;
3169 1896 3290 1963 quia
3320 1877 3525 1955 etiuon

1943 1976 2079 2031 Opus
2124 1973 2223 2019 est.
2281 1967 2479 2024 Eadem
2528 1973 2721 2044 quippe
2767 1975 2878 2043 ipsa
2926 1977 3194 2047 dicuntur,
3252 1999 3372 2052 qua:
3414 1987 3525 2057 jam

1942 2053 2073 2107 satis
2109 2053 2348 2110 discussa
2389 2069 2541 2125 sunt;
2569 2071 2622 2114 et
2667 2077 2729 2117 ea
2761 2068 3032 2134 praeterire
3054 2071 3242 2125 melius
3271 2087 3373 2140 est,
3407 2053 3525 2145 quae
3584 2102 3590 2109 ε

1944 2143 2243 2210 periculum
2286 2150 2599 2215 perniciosa:
2642 2154 2992 2212 dissensionis
3033 2159 3349 2219 habuerunt.
3399 2143 3523 2222 Ste-

1942 2234 2149 2301 phanus
2192 2246 2370 2293 autem
2399 2241 2557 2325 etiam
2601 2244 2946 2302 abstineudos
2985 2260 3277 2320 potaverat,
3323 2258 3410 2326 qui
3453 2260 3523 2314 do

1940 2325 2291 2394 suscipiendis
2334 2318 2599 2387 haereticis
2626 2335 2855 2405 priscam
2897 2318 3354 2400 consuetudinem-
3387 2364 3519 2404 con-

1938 2415 2137 2473 vellere
2163 2432 2485 2477 conarentur
2510 2441 2525 2479 :
2558 2425 2657 2481 iste
2684 2440 2861 2483 autem
2885 2434 3198 2501 .qurestionis
3225 2438 3390 2506 ipsius
3418 2442 3521 2496 dif-

1941 2504 2171 2562 ficultate
2213 2522 2507 2580 permotus,
2558 2525 2612 2569 et
2659 2519 2858 2574 sanctis
2899 2522 3175 2579 charitatis
3225 2504 3519 2586 visceribus

1939 2594 2231 2667 largissime
2275 2604 2546 2672 prnditus,
2588 2608 2639 2660 iu
2682 2611 2880 2667 unitate
2918 2628 3037 2668 cum
3078 2615 3156 2672 eis
3196 2621 3515 2709 manendum

1937 2688 2028 2755 qui
2069 2688 2276 2745 diversa
2318 2697 2596 2750 sentirent.
2642 2697 2717 2752 lla
2757 2704 2996 2768 quamvis
3041 2711 3379 2776 commotius,
3421 2688 3516 2768 sed

1939 2786 2114 2834 tamen
2155 2779 2387 2839 fraterne
2422 2786 2807 2856 indignaretur,
2837 2792 2959 2847 vicit
2990 2803 3165 2851 tamen
3193 2815 3289 2868 pax
3319 2801 3516 2858 Christi

1934 2867 1987 2922 in
2033 2872 2284 2929 cordibus
2323 2892 2530 2944 eorum,
2579 2888 2636 2934 ut
2680 2882 2729 2934 in
2773 2885 2862 2937 tali
2901 2867 3281 2956 disceptatione
3310 2893 3512 2949 nullum

1921 2954 2073 3017 inter
2119 2980 2213 3020 eos
2262 2968 2459 3022 malum
2508 2971 2814 3028 sehismatis
2864 2978 3113 3033 oriretur.
3168 2981 3283 3036 Non
3335 2995 3509 3041 autem

1932 3052 2052 3106 hinc
2078 3053 2277 3108 uberius
2306 3071 2626 3114 excreuerant
2655 3064 2866 3119 [hereses
2892 3075 2940 3119 et
2965 3069 3235 3124 schismata
3262 3087 3282 3126 :
3311 3075 3430 3142 quia
3458 3077 3511 3131 id

1928 3143 2074 3212 quod
2097 3144 2151 3199 in
2170 3146 2247 3199 eis
2271 3147 2467 3203 Christi
2495 3160 2596 3216 est,
2629 3155 2980 3222 approbatur;
3005 3159 3147 3227 quod
3181 3170 3355 3216 autem
3378 3164 3514 3234 ipso-

1928 3248 2046 3287 rum
2072 3246 2174 3302 est,
2203 3237 2550 3307 improbatur.
2583 3242 2745 3314 Magis
2770 3247 2911 3300 enim
2936 3249 3024 3318 qui
3057 3249 3193 3305 hanc
3220 3253 3388 3322 legem
3418 3271 3509 3311 re-

1929 3322 2225 3392 baptizaudi
2256 3336 2556 3396 tenuerunt,
2591 3331 2641 3385 in
2673 3334 2820 3402 plura
2842 3335 3007 3390 frusta
3028 3341 3225 3394 concisi
3255 3353 3398 3396 sunt.

1997 3414 2224 3471 CAPUT
2260 3417 2449 3473 XXVI.
2481 3450 2555 3462 -—-
2607 3423 2695 3477 57.
2735 3423 2985 3481 Jamvero
3011 3442 3133 3483 eum
3176 3431 3303 3485 dicit
3333 3451 3347 3487 :
3376 3433 3508 3505 Epi-

1923 3524 2134 3577 scopum
2150 3509 2411 3565 docibilem
2431 3530 2536 3567 esse
2557 3514 2733 3569 debere
2750 3517 2816 3585 (ΙΙ
2846 3517 2976 3573 Tim.
3004 3536 3060 3583 tt,
3087 3520 3208 3593 24);
3239 3534 3292 3579 et
3322 3526 3508 3595 adjun-

1924 3601 2020 3669 git,
2044 3600 2287 3655 Docibilis
2319 3614 2487 3658 autent
2517 3606 2604 3660 ille
2627 3617 2720 3672 est,
2751 3611 2841 3679 qui
2876 3621 2951 3666 est
2984 3614 3052 3666 ad
3080 3613 3373 3672 discendum
3415 3637 3508 3689 pa-

1924 3690 2095 3742 tientia
2121 3690 2247 3746 lenis
2271 3702 2319 3746 et
2347 3695 2481 3748 mitis
2512 3710 2531 3748 :
2562 3707 2756 3767 oportet
2784 3715 2917 3752 enim
2944 3702 3233 3773 episcopum
3267 3723 3366 3761 non
3394 3719 3508 3761 tau-

1923 3788 2030 3832 tum
2056 3780 2255 3845 docere,
2281 3782 2371 3834 sed
2389 3792 2435 3835 et
2457 3784 2680 3849 discere;
2699 3788 2819 3854 quia
2841 3798 2888 3840 et
2910 3790 3001 3843 ille
3027 3794 3207 3846 arctius
3226 3796 3386 3858 docet,
3419 3800 3506 3865 qui

1922 3867 2143 3936 quotidie
2162 3870 2335 3921 crescit
2362 3879 2409 3922 et
2432 3871 2630 3939 pro/icit
2657 3874 2894 3928 discendo
2926 3881 3136 3931 meliora
3161 3895 3180 3933 :
3213 3881 3295 3935 his
3322 3884 3504 3953 utique

1923 3957 2098 4012 verbis
2126 3960 2256 4013 satis
2289 3960 2486 4015 iudicat
2514 3962 2594 4016 vir
2626 3973 2843 4018 sanctus
2864 3975 2918 4020 et
2948 3969 3030 4035 pia
3066 3971 3323 4027 charitale
3363 3991 3501 4043 pra:-

1921 4049 2083 4112 ditus,
2113 4065 2218 4103 non
2244 4065 2365 4105 esse
2390 4053 2730 4108 metuendum
2771 4055 2848 4110 sic
2872 4056 2990 4126 ejus
3015 4045 3270 4127 epistolas
3300 4063 3498 4133 legere,

1922 4150 1982 4194 ut
2024 4140 2067 4193 si
2096 4140 2221 4210 quid
2258 4151 2438 4211 postea
2468 4144 2702 4212 pluribus
2728 4154 2783 4199 et
2822 4147 3242 4206 diuturnioribus
3282 4153 3501 4223 inquisi-

1924 4230 2155 4286 tionibus
2176 4242 2507 4300 compertum
2540 4234 2775 4290 Ecclesia
2802 4239 3214 4306 confirmaverit,
3247 4258 3351 4296 non
3382 4259 3501 4297 atu-

1921 4321 2195 4393 bigamus;
2225 4324 2345 4392 quia
2376 4324 2510 4379 sicut
2538 4326 2702 4381 multa
2732 4338 2887 4383 erant
2921 4347 3039 4400 qum
3064 4332 3249 4389 doctus
3273 4335 3499 4405 Cypria-

1921 4429 2020 4467 nus
2046 4414 2283 4476 doceret,
2313 4414 2390 4469 sic
2418 4424 2531 4470 erat
2556 4425 2609 4470 et
2636 4418 2833 4487 aliquid
2865 4422 3004 4489 quod
3026 4421 3319 4493 Cyprianus
3348 4426 3501 4482 doci-

1922 4505 2040 4558 bilis
2061 4506 2308 4560 disceret.
2336 4506 2488 4572 Quod
2516 4516 2689 4562 autem
2718 4526 2815 4564 nos
2837 4512 3108 4579 admouet,
3141 4526 3195 4568 ut
3219 4517 3288 4569 ad
3313 4522 3499 4587 (autem

1920 4613 2254 4661 recurramus,
2283 4598 2338 4653 id
2363 4609 2457 4661 est,
2485 4600 2552 4653 ad
2580 4601 2922 4670 Apostolicam
2948 4607 3287 4672 traditionem,
3319 4622 3367 4663 et
3381 4612 3500 4664 inde

1919 4689 2148 4741 canalem
2164 4690 2217 4742 in
2262 4699 2433 4744 nostra
2465 4700 2689 4761 tempora
2715 4694 3012 4764 dirigamus,
3035 4699 3291 4767 optimum
3317 4711 3418 4763 est,
3446 4712 3501 4756 ct

1919 4779 2034 4832 sine
2062 4777 2390 4834 dubitatione
2429 4779 2744 4836 faciendum.
2783 4783 3042 4839 Traditum
3075 4799 3146 4841 est
3183 4807 3301 4861 ergo
3336 4795 3498 4857 nobis,
3558 4852 3566 4859 ,

1920 4869 2057 4924 sicut
2085 4870 2199 4939 ipse
2224 4884 2629 4938 commemorat,
2662 4875 2729 4928 ab
2766 4876 3055 4943 Apostolis,
3095 4882 3232 4950 quod
3268 4885 3331 4936 sit
3372 4900 3500 4938 unus

1920 4957 2081 5024 Deus,
2107 4970 2153 5013 et
2175 4960 2405 5015 Christus
2425 4979 2575 5029 unus,
2606 4974 2652 5016 et
2678 4980 2779 5017 una
2796 4981 2929 5031 spes,
2957 4976 3003 5020 et
3027 4969 3156 5037 ﬁdes
3184 4988 3303 5035 una,
3325 4983 3371 5025 et
3397 4991 3500 5027 una

1920 5047 2168 5113 Ecclesia,
2214 5062 2259 5104 et
2297 5050 2560 5120 Baptisma
2601 5070 2756 5107 unum
2792 5054 3005 5124 (Ep/tes.
3043 5074 3116 5124 Iv,
3146 5062 3201 5120 4.
3247 5063 3328 5132 5).
3365 5063 3499 5118 Cum

1920 5156 2045 5210 ergo
2074 5143 2202 5211 ipsis
2228 5144 2603 5214 Apostolorum
2625 5147 2953 5215 temporibus
2974 5150 3307 5207 inveniamus
3332 5153 3499 5211 fuisse

1920 5232 2200 5301 quosdam,
2228 5235 2420 5304 quibus
2448 5251 2549 5290 uua
2578 5250 2702 5306 spes
2737 5254 2842 5291 non
2883 5248 3018 5304 erat,
3050 5249 3104 5295 et
3134 5258 3294 5297 unum
3327 5245 3504 5311 Bapti-

1919 5338 2029 5378 sma
2053 5333 2197 5385 erat;
2227 5341 2289 5379 ex
2317 5325 2433 5394 ipso
2462 5324 2616 5383 fonte.
2634 5327 2705 5383 ita
2738 5329 2790 5383 in
2831 5345 2928 5384 nos
2957 5330 3168 5386 ducitur
3196 5333 3408 5388 veritas.
3446 5343 3500 5389 ut

1918 5427 2175 5485 appareat
2217 5416 2369 5469 nobis
2395 5417 2473 5470 sic
2501 5416 2613 5472 fieri
2645 5434 2803 5489 posse
2830 5433 2886 5475 ut
2912 5435 3033 5475 cum
3063 5422 3134 5477 sit
3171 5438 3271 5476 una
3316 5423 3498 5478 Ereto-

1919 5505 2020 5571 sia,
2049 5507 2186 5561 sicut
2220 5520 2343 5574 spes
2371 5522 2495 5572 una,
2527 5516 2582 5561 et
2610 5508 2875 5576 Baptisma
2907 5527 3103 5577 unum;
3144 5511 3373 5566 habeant
3418 5526 3495 5567 ta-

1920 5613 2043 5652 men
2064 5613 2227 5651 unum
2246 5598 2508 5667 Baptisms
2534 5599 2625 5668 qui
2650 5616 2755 5656 non
2774 5602 2970 5658 habent
2993 5619 3151 5660 unam
3171 5603 3483 5666 Ecclesium:

1981 5734 2054 5795 (a)
2078 5741 2111 5783 tt
2134 5740 2358 5794 t‘.etraet.,
2380 5744 2495 5797 cap.
2510 5732 2581 5783 l8.
