4028 6202
561 323 668 379 {95

563 444 701 496 sicut
738 441 842 495 illis
879 440 1036 496 etiam
1066 438 1391 507 temporibus
1439 437 1549 492 fieri
1595 437 1764 506 potuit
1794 446 1851 490 ut
1882 437 2147 506 Baptisma

567 550 727 588 unum
765 533 1034 595 haberent,
1067 531 1154 600 qui
1185 545 1343 584 unam
1373 545 1520 600 spem
1550 547 1652 583 non
1692 530 1971 583 baberent.
2003 529 2149 594 Quo-

566 625 724 679 modo
751 625 890 676 enim
919 623 1179 676 habebant
1202 637 1358 675 uuam
1387 637 1534 692 spem
1557 637 1675 675 cum
1700 623 1899 675 sanctis
1921 621 2148 688 etjustis

566 716 638 769 illi
659 715 743 783 qui
763 714 1028 770 dicebant,
1050 713 1100 765 Μ
1108 713 1413 766 anducemus
1434 723 1479 766 et
1497 713 1740 778 bibamus,
1760 729 1872 765 cras
1890 712 2017 765 enim
2041 729 2150 765 mo-

564 806 811 876 riemur(l
841 804 956 860 Cor.
999 821 1091 870 xv,
1122 806 1232 873 5'2),
1279 806 1512 860 dicentes
1556 807 1696 875 quod
1738 823 1844 860 non
1875 814 2019 862 esset
2059 821 2147 859 re-

565 899 824 952 surrectio
848 901 1212 953 mortuorum?
1242 900 1302 953 Et
1331 909 1504 952 tamen
1533 901 1583 952 in
1614 901 1741 968 ipsis
1762 909 1933 965 erant,
1958 899 2148 967 quibus

567 992 705 1044 idem
729 991 1000 1058 apostolus
1026 990 1172 1053 dicit,
1208 989 1474 1060 Numquid
1515 989 1711 1045 Paulus
1741 1008 1833 1062 pro
1859 992 1994 1044 vobis
2031 1007 2148 1044 cru-

566 1082 746 1148 ciﬁxus
763 1090 830 1134 est
844 1083 869 1135 ?
883 1081 1033 1134 autin
1057 1083 1257 1134 nomine
1280 1081 1430 1134 Pauli
1449 1083 1684 1152 baptizati
1702 1085 1819 1136 estis
1837 1085 1850 1140 l
1862 1081 1946 1135 Id.
1968 1100 2006 1148 t,
2034 1082 2149 1153 15)?

566 1171 648 1224 Ad
684 1186 776 1225 eos
813 1173 952 1225 enim
993 1173 1326 1240 apertissime
1365 1172 1581 1237 scribit,
1625 1173 1806 1227 dicens
1838 1192 1850 1226 :
1884 1175 2151 1241 Quomodo

566 1263 769 1330 quidam
799 1264 850 1316 in
881 1264 1015 1318 vobis
1045 1265 1217 1317 dicunt
1245 1264 1362 1335 quia
1389 1265 1681 1318 resurrectio
1712 1276 2024 1320 mortuorum
2051 1283 2151 1320 non

567 1364 637 1407 est
670 1355 778 1426 (ld.
810 1371 894 1416 xv,
922 1356 1048 1422 12)?

639 1443 862 1498 CAPUT
902 1443 1114 1498 XXVII.
1141 1445 1318 1500 —38.
1361 1446 1425 1498 Et
1463 1445 1602 1514 quod
1648 1447 1699 1499 in
1741 1445 1958 1500 Cantica
1987 1449 2154 1502 canti-

568 1551 749 1589 corum
780 1536 1018 1590 Ecclesia
1047 1539 1120 1590 sic
1146 1538 1484 1599 describitur,
1530 1537 1722 1593 Ilartns
1748 1539 2034 1605 coiiclusus,
2065 1558 2151 1594 so-

569 1643 654 1679 ror
682 1643 788 1678 mea
816 1644 1018 1696 sponsa,
1052 1632 1164 1698 fons
1184 1628 1429 1698 signatus,
1459 1639 1635 1698 puteus
1655 1647 1799 1698 aquae
1827 1631 1966 1696 view,
1995 1648 2153 1700 para-

569 1716 708 1768 disus
738 1733 848 1767 cum
889 1719 1054 1786 fructu
1086 1734 1347 1784 pomorum
1383 1717 1553 1786 (Cant.
1581 1735 1650 1778 tv,
1689 1717 1774 1790 l2)
1809 1736 1820 1771 :
1857 1719 1958 1773 hoc
2001 1720 2154 1774 intel-

571 1806 731 1874 ligere
761 1823 862 1858 non
891 1807 1058 1858 audeo
1090 1809 1185 1860 nisi
1217 1810 1269 1861 in
1299 1810 1495 1864 sanctis
1521 1819 1570 1862 ct
1591 1809 1772 1878 justis,
1808 1826 1910 1864 non
1944 1812 1994 1864 in
2026 1828 2152 1864 ava-

570 1898 644 1949 ris
670 1906 724 1950 et
750 1896 1158 1956 fraudatoribus,
1187 1909 1240 1951 et
1280 1899 1597 1966 raptoribus,
1646 1910 1698 1953 et
1745 1900 2148 1967 feneratoribus,

570 1994 623 2038 et
650 1987 891 2049 ebriusis,
925 1997 978 2040 et
1021 1987 1231 2051 invidis,
1261 2003 1394 2056 quos
1424 1998 1597 2042 tamen
1627 2005 1745 2042 cum
1783 1989 1941 2059 justis
1979 1991 2155 2060 Bapti-

571 2090 742 2128 smnm
773 2076 1020 2130 habuisse
1048 2092 1404 2140 communem,
1439 2094 1560 2132 cum
1585 2080 1775 2147 quibus
1813 2095 2152 2136 communem

572 2181 675 2217 non
706 2167 968 2220 habebant
994 2168 1176 2236 utique
1213 2167 1556 2230 charitatem,
1591 2185 1654 2222 ex
1696 2171 1859 2238 ipsius
1897 2170 2149 2242 Cypriani

572 2255 784 2320 litteris,
816 2257 951 2310 sicut
979 2273 1121 2327 saepe
1149 2261 1582 2323 commemoravi,
1623 2259 1837 2314 uberius
1874 2261 2148 2328 discimus,

571 2355 625 2398 et
653 2346 920 2400 (locemus.
947 2347 1076 2401 Nam
1108 2349 1245 2401 dicat
1271 2349 1398 2402 mihi
1431 2350 1640 2419 aliquis,
1673 2352 1921 2419 quomodo
1941 2353 2153 2424 irrepse-

572 2437 670 2488 rint
694 2437 746 2490 in
775 2437 972 2490 hortum
1009 2441 1298 2505 conclusum
1325 2450 1369 2492 et
1391 2441 1576 2508 fontem
1599 2444 1869 2512 signatum,
1893 2461 2025 2514 quos
2055 2463 2154 2498 sas-

572 2527 690 2578 culo
717 2528 891 2580 verbis
918 2528 1044 2580 solis
1069 2539 1120 2581 et
1156 2545 1256 2581 non
1289 2529 1440 2583 factis
1467 2535 1798 2588 renuntiasse
1833 2534 2148 2605 Cyprianus,

575 2625 626 2669 et
645 2627 818 2670 tamen
845 2616 984 2670 intus
1007 2617 1169 2672 fuisse
1189 2621 1441 2673 testatur?
1469 2620 1521 2675 Si
1553 2623 1693 2676 enim
1713 2633 1765 2677 et
1796 2625 1893 2693 ipsi
1921 2627 1987 2679 ibi
2006 2637 2149 2692 sunt,

575 2718 624 2762 et
657 2709 754 2778 ipsi
781 2725 974 2777 sponsa
1013 2709 1207 2763 Christi
1253 2723 1403 2775 sunt;
1456 2714 1596 2767 itane
1628 2731 1751 2768 vero
1782 2717 1915 2770 talis
1938 2728 2020 2772 est
2066 2720 2151 2774 illa

569 2799 685 2851 sine
721 2801 922 2853 macula
955 2809 1009 2852 et
1038 2817 1160 2869 ruga
1194 2800 1410 2870 (Ep/tes.
1441 2819 1492 2868 v,
1530 2805 1621 2874 27)
1661 2805 1761 2877 (τι),
1796 2816 1848 2860 et
1890 2807 1976 2861 illa
2026 2823 2152 2878 spe-

569 2889 710 2941 ciosa
739 2889 983 2942 columba
1033 2889 1527 2953 talimcmbrorum
1574 2906 1718 2962 parte
1758 2897 2034 2964 turpatur?
2068 2902 2156 2954 An’

568 2978 682 3032 istzc
710 2988 833 3032 sunt
859 2980 1046 3047 Spiuze,
1096 2981 1146 3033 in
1176 2997 1394 3048 quarum
1430 2983 1606 3038 medio
1647 2995 1729 3038 est
1769 2986 1855 3039 illa
1899 2990 2036 3041 sicut
2081 2990 2145 3042 li-

570 3069 723 3130 lium,
755 3069 893 3136 qnod
923 3071 971 3122 in
1000 3069 1190 3123 eodem
1222 3072 1438 3125 Cantico
1463 3073 1658 3126 dicitur
1679 3074 1848 3142 (Cant.
1873 3092 1928 3139 ιι,
1960 3075 2049 3148 2)?
2093 3078 2148 3134 In

569 3171 821 3224 quantum
849 3175 976 3229 ergo
1003 3161 1187 3225 lilium,
1217 3163 1268 3214 in
1297 3173 1498 3216 tantum
1521 3173 1574 3217 et
1600 3165 1776 3219 hortus
1801 3169 2068 3223 conclusus
2095 3181 2149 3225 et

569 3254 682 3321 fons
707 3252 931 3318 signatus
961 3268 978 3304 :
1007 3254 1056 3305 in
1104 3255 1205 3306 illis
1233 3255 1474 3309 videlicet
1509 3256 1688 3324 justis,
1719 3259 1806 3328 qui
1849 3261 1899 3313 in
1941 3264 2150 3318 occulto

566 3340 733 3393 .ludad
763 3351 884 3394 sunt
913 3343 1316 3399 circumcisione
1345 3346 1521 3400 cordis
1544 3347 1715 3416 (ltom.
1750 3365 1805 3415 ιι,
1831 3350 1920 3422 9.9)
1944 3352 2149 3420 (Omnis

566 3435 707 3486 enim
731 3433 1048 3502 pulchritudo
1069 3437 1190 3504 filim
1207 3437 1335 3504 regis
1357 3438 1653 3492 intrinsecus
1675 3440 1844 3512 [PsuL
1863 3445 2144 3518 xuv,l4]),

569 3524 620 3576 in
651 3527 841 3592 quibus
866 3535 947 3578 est
977 3543 1228 3581 numerus
1257 3538 1434 3582 certus
1465 3543 1769 3586 sanctorum
1800 3537 2149 3603 praedestina-

569 3623 651 3666 tus
681 3626 804 3669 ante
847 3617 1024 3670 mundi
1070 3621 1518 3674 constitutionem.
1563 3623 1652 3676 Illa
1696 3641 1824 3678 vero
1868 3628 2146 3684 multitudo

566 3706 861 3772 spinarum,
891 3709 1003 3761 sive
1041 3711 1282 3775 occultis,
1312 3713 1426 3766 sive
1464 3715 1664 3782 apertis
1699 3719 2143 3786 separationibus,

567 3797 858 3850 forinsecus
904 3798 1108 3865 adiacet
1150 3815 1309 3870 super
1341 3819 1636 3858 numerum.
1678 3807 2015 3877 Annuntiavi,
2059 3813 2145 3866 in-

563 3890 696 3955 quit,
729 3899 774 3941 et
801 3890 996 3943 locutus
1021 3908 1131 3943 sum
1157 3909 1175 3955 ;
1219 3894 1538 3963 multiplicati
1567 3908 1682 3949 sunt
1711 3916 1860 3969 super
1883 3917 2146 3956 numerum

566 3977 736 4049 (I’sal.
761 3996 944 4044 xxmx,
975 3981 1050 4050 6).
1082 3982 1344 4037 Numerus
1373 4001 1498 4054 ergo
1525 3987 1612 4040 ille
1629 3989 1910 4056 juslorum,
1945 3992 2033 4060 qui
2062 4007 2148 4047 se-

562 4071 792 4124 cundum
837 4073 1158 4141 propositum
1189 4075 1358 4127 vocati
1389 4087 1511 4129 sunt
1541 4077 1713 4149 (Rom.
1755 4097 1864 4144 \‘lll,
1893 4081 1994 4150 9.8)
2014 4126 2028 4147 ,
2079 4083 2145 4138 de

546 4163 752 4229 quibus
770 4162 966 4216 dictum
989 4173 1089 4226 est,
1115 4161 1267 4216 Novit
1290 4164 1533 4218 Dominus
1555 4169 1639 4232 qui
1655 4179 1770 4222 sunt
1791 4172 1899 4240 ejus
1921 4172 1989 4242 (II
2005 4173 2142 4227 Tim.

562 4268 622 4316 It,
659 4253 778 4320 19);
808 4254 920 4321 ipse
941 4264 1022 4306 cst
1049 4254 1223 4307 hortus
1243 4256 1524 4323 conclusus,
1554 4260 1666 4328 [ous
1692 4263 1937 4329 signatus,
1967 4275 2143 4332 puteus

563 4359 708 4411 aqua:
726 4345 865 4408 vitice,
894 4345 1162 4414 paradisus
1187 4362 1298 4397 cum
1320 4352 1488 4417 fructu
1517 4366 1800 4418 pomorum.
1829 4354 1898 4406 Ex
1925 4354 2023 4408 ltoc
2046 4372 2144 4410 nu-

505 4449 511 4454 ·
563 4450 712 4485 mero
752 4436 963 4500 quidam
1015 4437 1356 4504 spiritualiter
1392 4440 1604 4506 vivunt,
1647 4453 1699 4496 et
1739 4448 2141 4514 supereminen-

563 4535 667 4578 tem
690 4527 828 4578 viam
859 4527 1128 4581 cbaritatis
1155 4530 1546 4598 ingrediuntur;
1581 4543 1773 4588 etcum
1807 4551 2144 4608 praeoccupa-

564 4628 670 4668 tum
705 4616 970 4671 hominem
1015 4618 1065 4672 in
1115 4619 1289 4690 aliquo
1315 4621 1510 4676 delicto
1556 4625 1820 4681 instruunt
1860 4629 1910 4682 in
1951 4631 2138 4698 Spiritu

564 4710 1114 4775 lenitatis,intendtmt
1139 4730 1203 4764 ne.
1232 4724 1283 4766 et
1305 4715 1401 4783 ipsi
1435 4727 1704 4771 tententur
1735 4719 1927 4791 (Galat.
1960 4738 2031 4786 Vl,
2059 4725 2137 4792 1);

558 4809 612 4851 et
637 4816 756 4852 eum
785 4799 918 4855 forte
939 4813 992 4856 et
1021 4803 1116 4872 ipsi
1149 4819 1601 4874 pl‘;t.'ttt‘.CllpaltIllr,
1641 4812 1947 4880 reprimitur
1979 4814 2028 4866 in
2053 4809 2140 4868 eis

558 4889 957 4956 aliquatttulum,
999 4909 1100 4946 non
1131 4904 1306 4948 autem
1340 4899 1690 4967 exstinguitur
1715 4901 1987 4957 charitatis
2012 4904 2140 4958 affe-

557 4992 704 5045 ctus,
764 4999 1049 5052 rursusque
1091 4986 1366 5055 insurgens
1419 4999 1473 5041 et
1521 4989 1861 5047 inardescens
1913 4995 2136 5062 pristino

555 5076 734 5128 cursui
780 5077 1091 5129 restituitur.
1141 5077 1345 5132 Norunt
1385 5083 1524 5135 enim
1572 5082 1782 5147 dicere,
1837 5085 2134 5141 Dormitavit

555 5168 724 5219 anima
744 5185 852 5220 utea
869 5185 973 5236 pne
991 5171 1170 5234 tazdio;
1199 5175 1444 5239 con/irino
1475 5193 1550 5226 me
1576 5177 1624 5228 in
1653 5179 1810 5230 verbis
1838 5181 1934 5231 tuis
1959 5179 2128 5250 (Psal.

553 5272 733 5320 CXVIII,
762 5259 874 5327 28).
900 5259 1029 5314 Cum
1061 5271 1236 5315 autent
1263 5264 1456 5333 aliquid
1480 5267 1634 5321 aliter
1661 5270 1889 5336 sapiunt,
1922 5271 1970 5324 id
1999 5289 2131 5342 quo-

551 5365 654 5418 que
685 5351 790 5404 illis
820 5353 872 5404 in
905 5353 1177 5408 cbaritatis
1217 5354 1489 5426 flagrantia
1532 5363 1981 5427 permanentilms,
2032 5381 2130 5420 nec

553 5443 919 5510 rumpentibus
936 5445 1199 5500 vinculum
1223 5450 1389 5517 pacis,
1421 5450 1558 5503 Deus
1583 5452 1837 5508 revelabit
1866 5454 2125 5527 (Philipp.

551 5547 623 5596 In,
663 5535 767 5603 l5).
795 5534 1018 5603 Quidam
1041 5553 1168 5591 vero
1197 5539 1367 5594 adhuc
1391 5543 1629 5596 carnales
1650 5552 1707 5598 et
1725 5545 1981 5601 animales
2009 5563 2131 5616 pro-

549 5636 730 5680 voctus
756 5641 880 5683 suos
905 5628 1163 5684 instanter
1181 5642 1452 5698 exercent,
1476 5643 1529 5690 et
1557 5642 1612 5690 ut
1637 5635 1756 5691 cibo
1773 5637 2124 5708 spiritualium

608 5758 681 5818 (α)
705 5761 738 5806 ιι
763 5765 962 5813 natract.
978 5798 994 5825 ,
1012 5775 1116 5826 cap.
1145 5764 1218 5814 l8.

1310 324 1395 378 DE
1437 321 1768 379 BAPTISMO
1806 319 2075 377 CONTRA
2121 320 2558 385 DONATISTAS,
2601 325 2655 380 S.
2701 326 3064 383 AUGUSTI.“

3733 334 3827 390 196

2263 436 2388 491 fiant
2414 436 2605 500 idonei,
2635 447 2937 493 sanctorum
2964 442 3334 510 mysteriorum
3353 442 3487 498 lacte
3505 445 3833 509 nutriuntur,

2255 545 2315 583 ea
2343 546 2460 599 qua:
2489 531 2538 582 in
2564 529 2742 599 pravis
2769 533 3012 586 moribus
3047 533 3286 602 populari
3315 535 3474 588 etiam
3499 535 3699 602 judicio
3731 555 3839 592 ma-

2257 619 2448 675 nilcsta
2479 630 2624 686 sunt,
2656 623 2705 674 in
2735 622 2824 674 Dei
2860 623 3050 678 timore
3075 624 3346 688 devitant;
3375 636 3429 679 et
3456 635 3510 678 ut
3541 627 3716 680 minus
3737 629 3835 682 mi-

2257 726 2459 779 nusque
2496 710 2654 766 rebus
2701 713 2925 766 terrenis
2961 723 3017 768 ct
3059 717 3438 783 temporalibus
3485 718 3834 787 delectentur,

2256 799 2656 870 vigilantissime
2699 814 2974 873 satagunt;
3025 807 3258 876 regulam
3293 808 3411 860 fidei
3444 809 3727 879 diligenter
3761 813 3836 866 iu-

2256 893 2500 959 quisitam
2531 893 2834 948 firmissime
2863 904 3060 959 tenent,
3092 906 3145 950 et
3174 898 3216 950 si
3254 897 3379 968 quid
3405 899 3472 954 ab
3497 914 3558 954 ea
3599 901 3832 967 deviant,

2257 981 2363 1035 cito
2415 985 2728 1037 auctoritate
2761 986 3022 1040 catholica
3076 989 3446 1057 corriguntur;
3499 995 3738 1060 quamvis
3788 995 3833 1047 in

2256 1072 2370 1139 ejus
2413 1073 2590 1127 verbis
2619 1088 2715 1142 pro
2743 1089 2901 1129 sensu
2946 1078 3168 1142 carnali,
3201 1080 3362 1134 variis
3400 1080 3573 1136 adhuc
3614 1083 3832 1152 phanta-

2257 1171 2483 1216 smatum
2517 1166 2860 1219 concursibus
2894 1165 3168 1221 lluctuent.
3197 1168 3331 1224 Sunt
3356 1172 3512 1226 etiam
3535 1175 3745 1242 quidam
3774 1194 3834 1231 ex

2257 1269 2322 1308 eo
2361 1271 2584 1309 numero
2610 1257 2698 1326 qui
2741 1258 2915 1312 adhuc
2959 1262 3203 1328 nequiter
3229 1263 3424 1325 vivant,
3468 1267 3741 1320 autetiam
3785 1269 3831 1321 in

2261 1345 2553 1400 ltmresibus
2578 1347 2662 1400 Vel
2701 1347 2752 1401 in
2782 1347 3070 1402 Gentilium
3106 1353 3571 1419 superstitionibus
3595 1355 3830 1425 jaceaut:

2223 1441 2232 1448 ’
2257 1444 2312 1488 et
2338 1445 2511 1490 tamen
2533 1438 2694 1490 etiam
2725 1438 2828 1491 illic
2857 1440 2991 1492 novit
3017 1439 3267 1494 Dominus
3291 1444 3376 1513 qui
3395 1455 3506 1497 sunt
3532 1446 3659 1515 ejus.
3684 1448 3836 1502 Nam-

2257 1513 2360 1595 que
2388 1528 2438 1581 in
2471 1529 2555 1580 illa
2583 1529 2831 1582 ineffabili
2862 1532 3192 1599 prtescientia
3236 1535 3359 1600 Dei,
3393 1513 3562 1590 munt
3583 1541 3670 1606 qui
3713 1541 3834 1595 foris

2259 1619 2524 1686 videntur,
2554 1621 2694 1674 intus
2715 1631 2874 1686 sunt;
2906 1632 2960 1676 et
2986 1625 3159 1690 multi,
3186 1627 3273 1694 qui
3301 1627 3441 1681 intus
3470 1629 3734 1696 videntur,
3758 1633 3834 1686 fu-

2260 1711 2334 1764 ris
2355 1720 2498 1764 sunt.
2531 1713 2603 1765 Ex
2633 1713 2738 1766 illis
2763 1729 2890 1782 ergo
2918 1716 3186 1780 omnibus,
3219 1719 3328 1786 qui,
3360 1729 3414 1772 ut
3443 1721 3510 1773 ita
3541 1723 3736 1786 dicam,
3761 1725 3836 1778 in-

2261 1802 2520 1857 trinsecus
2546 1812 2599 1856 et
2627 1803 2678 1856 in
2705 1804 2917 1858 occulto
2954 1805 3095 1860 intus
3119 1817 3259 1870 sunt,
3301 1821 3510 1864 constat
3548 1813 3634 1866 ille
3669 1815 3838 1869 hortus

2257 1895 2547 1957 conclusus,
2573 1896 2687 1965 fons
2715 1898 2968 1967 signatus,
3007 1909 3184 1967 puteus
3214 1917 3363 1970 aqua:
3391 1904 3531 1966 viva’,
3575 1907 3840 1974 paradisus

2257 2003 2369 2038 cum
2392 1987 2563 2055 fructu
2591 2004 2879 2058 pomorum.
2907 1989 3108 2044 Horum
3138 2009 3356 2048 munera
3384 2011 3634 2050 concessa
3654 2000 3840 2054 divini-

2260 2087 2363 2137 tus,
2398 2078 2584 2145 partim
2617 2087 2741 2131 sunt
2767 2081 2998 2148 propria,
3028 2082 3164 2136 sicut
3191 2083 3241 2136 in
3275 2086 3376 2138 boc
3401 2096 3638 2156 tempore
3664 2091 3839 2144 inlati-

2255 2171 2443 2240 gubilis
2485 2171 2736 2236 cbaritas,
2781 2182 2835 2226 et
2883 2174 2932 2226 in
2984 2174 3158 2230 futuro
3205 2179 3400 2232 Steculo
3444 2183 3548 2233 vita
3606 2195 3836 2250 mterna;

2259 2262 2450 2330 partim
2503 2278 2630 2316 vero
2685 2278 2807 2317 cum
2863 2266 3016 2320 malis
3069 2271 3437 2340 perversisque
3492 2279 3836 2347 communia,

2257 2351 2392 2404 sicut
2434 2353 2612 2406 omnia
2655 2364 2866 2419 cmtera,
2914 2356 2964 2410 in
3009 2359 3201 2426 quibus
3239 2371 3362 2414 sunt
3390 2371 3456 2416 .et
3498 2379 3836 2425 sacrosancta

2261 2444 2538 2514 mysteria.

2329 2534 2553 2589 CAPUT
2580 2535 2816 2590 XXVIII.
2844 2567 2916 2577 —
2936 2539 3025 2594 '59.
3069 2541 3202 2595 llinc
3227 2542 3401 2613 itaque
3425 2545 3530 2612 jam
3561 2547 3762 2604 facilior
3787 2563 3842 2606 et

2255 2626 2553 2694 expeditior
2582 2628 2736 2682 nobis
2773 2645 2910 2684 arca:
2941 2631 3100 2693 illius,
3129 2634 3282 2701 cujus
3327 2635 3434 2689 Noe
3476 2638 3760 2694 fabricator
3791 2654 3843 2697 et

2255 2717 2576 2784 gubernator
2607 2719 2702 2772 fuit
2730 2718 2876 2786 (Gen.
2901 2737 2952 2774 vt
2977 2732 3021 2774 et
3050 2723 3166 2792 vn),
3195 2725 3548 2780 consideratio
3579 2735 3835 2798 proponi-

2258 2815 2362 2859 tur.
2395 2811 2480 2861 Ait
2505 2810 2644 2862 enim
2676 2811 2864 2864 Petrus
2895 2829 2906 2862 :
2939 2810 3005 2865 In
3030 2829 3147 2865 arca
3178 2812 3294 2867 Noe
3322 2819 3488 2886 pauci,
3519 2820 3573 2870 id
3598 2831 3694 2884 est,
3734 2834 3844 2874 octo

2254 2896 2440 2950 animi:
2456 2898 2715 2951 hominum
2739 2900 2890 2954 salva:
2913 2903 3064 2970 facta:
3095 2914 3212 2956 sunt
3252 2921 3340 2971 per
3364 2924 3547 2973 aquam
3577 2924 3595 2962 :
3623 2912 3762 2979 quod
3797 2924 3843 2966 et

2255 3005 2340 3042 vos
2365 2990 2516 3042 simili
2538 2993 2701 3060 {arma
2730 2991 2993 3061 Baptisma
3031 2996 3194 3049 salvos
3231 2999 3354 3065 facit
3379 3015 3398 3061 ;
3439 3017 3536 3053 non
3563 3005 3730 3057 carnis
3758 3006 3845 3057 dr-

2255 3079 2437 3149 pusitio
2464 3081 2710 3144 sordium,
2751 3083 2838 3136 sed
2871 3086 3190 3138 conscientia:
3238 3089 3380 3141 bona:
3416 3091 3742 3162 interrogatio
3788 3095 3808 3165 (
3826 3097 3845 3150 I

2257 3166 2407 3223 Petr.
2435 3185 2509 3230 Ill,
2542 3171 2633 3236 20,
2661 3171 2777 3242 2t).
2801 3174 3137 3245 Quapmpter
3157 3178 3198 3230 si
3223 3191 3478 3247 apparent
3507 3182 3842 3239 hominibus|

2253 3259 2305 3313 in
2337 3263 2536 3316 unitate
2562 3266 2820 3319 catbolica
2854 3266 3124 3335 baptizati,
3158 3272 3244 3337 qui
3288 3275 3484 3326 sa'culo
3513 3277 3684 3329 verbis
3713 3280 3846 3334 Solis
3894 3311 3907 3317 —

2253 3362 2307 3407 ct
2337 3371 2440 3408 non
2479 3354 2628 3410 factis
2672 3360 3009 3422 renuntiant;
3053 3364 3318 3429 quomodo
3345 3367 3606 3432 pertinent
3637 3369 3702 3420 ad
3743 3371 3846 3422 bu-

2247 3444 2334 3513 jus
2355 3461 2492 3500 arca:
2523 3450 2833 3518 mysterium
2855 3492 2870 3516 ,
2920 3451 3190 3520 inquibus
3234 3470 3336 3506 non
3377 3467 3456 3507 est
3496 3461 3846 3516 conscientia:

2254 3536 2408 3590 bona:
2455 3537 2839 3607 interrogatio?
2890 3542 2992 3592 Ant
3053 3544 3320 3608 quomodo
3375 3547 3505 3598 salvi
3561 3548 3694 3601 fiunt
3751 3568 3848 3619 per

2249 3641 2462 3694 aquam,
2490 3628 2578 3695 qui
2610 3637 2792 3681 sancto
2823 3629 3146 3696 Baptismate
3178 3633 3312 3685 male
3349 3644 3573 3694 utentes,
3607 3654 3736 3693 cum
3773 3645 3846 3691 vi-

2249 3715 2473 3771 dcantur
2493 3733 2611 3772 esse
2641 3717 2802 3784 intus,
2828 3735 2994 3788 usque
3034 3721 3086 3773 in
3124 3721 3280 3776 tinem
3319 3723 3438 3776 vice
3477 3727 3525 3778 in
3558 3728 3846 3794 flagitiosis

2249 3818 2304 3862 et
2325 3808 2545 3877 perditis
2583 3809 2819 3863 moribus
2858 3814 3236 3879 perseverant?
3276 3815 3379 3867 Aut
3419 3821 3690 3880 quomodo
3736 3841 3844 3879 non

2251 3907 2377 3952 sunt
2407 3915 2499 3967 per
2523 3914 2712 3969 aquam
2741 3901 2949 3962 salvati,
2996 3918 3129 3971 quos
3172 3903 3221 3957 in
3265 3909 3589 3973 prmteritum
3621 3925 3746 3964 cum
3779 3930 3844 3968 eo

2250 3988 2594 4057 Baptismate,
2626 3990 2767 4059 quod
2799 3992 2849 4044 in
2882 3991 3070 4046 haeresi
3104 4004 3437 4063 acceperant,
3468 3998 3517 4050 iu
3541 3999 3841 4056 Ecclesium

2248 4080 2561 4148 simpliciter
2597 4082 2864 4136 admissos
2905 4083 3214 4152 Cyprianus-
3246 4087 3356 4156 ipse
3409 4099 3842 4148 conuuemorat‘!

2249 4171 2448 4224 Eadem
2469 4171 2664 4240 quippe
2699 4189 2836 4227 arcm
2864 4178 3035 4228 unitas
3075 4192 3167 4230 eos
3210 4180 3385 4231 salvos
3433 4180 3579 4244 fecit,
3635 4183 3686 4236 in
3734 4202 3839 4254 qm

2249 4276 2406 4314 nemo
2441 4262 2543 4315 nisi
2586 4278 2680 4330 per
2723 4279 2913 4332 aquam
2956 4266 3188 4320 salvatus
3214 4278 3314 4321 est.
3346 4269 3464 4339 lpse
3499 4274 3638 4325 enim
3662 4274 3796 4328 dic;t
3825 4295 3839 4330 :

2249 4351 2442 4406 Potens
2466 4365 2536 4406 est
2555 4353 2803 4407 Dominus
2827 4355 3167 4410 misericordia
3188 4375 3281 4410 sua
3301 4361 3664 4431 indulgentium
3688 4366 3837 4428 dare,

2246 4455 2293 4496 et
2315 4460 2401 4496 eos
2429 4445 2512 4508 qui
2535 4446 2602 4494 ad
2631 4443 2905 4498 Ecclesium
2934 4447 3232 4515 simpliciter
3258 4453 3482 4515 admissi,
3518 4455 3570 4508 in
3599 4454 3834 4511 Ecclesia

2247 4535 2577 4597 dormierunt,
2620 4535 2680 4587 ab
2725 4535 2966 4590 Ecclesia:
2993 4555 3098 4591 sua:
3131 4543 3417 4595 innueribus
3453 4561 3551 4596 non
3591 4563 3840 4615 separare

2246 4622 2501 4693 (Epistola
2521 4624 2609 4682 75.
2635 4625 2701 4677 ad
2721 4624 3072 4698 Jubaianum).
3105 4629 3158 4682 Si
3191 4648 3294 4684 non
3334 4648 3428 4701 per
3457 4651 3666 4703 aquam,
3695 4656 3836 4705 quo-

2245 4715 2404 4768 tnodo
2434 4716 2486 4768 in
2515 4716 2675 4769 arca?
2704 4717 2758 4772 Si
2787 4733 2889 4772 non
2932 4720 2982 4772 iu
3012 4735 3156 4783 arca,
3178 4724 3443 4792 quomodo
3472 4727 3521 4778 in
3553 4727 3834 4784 Ecclesia?

2245 4804 2299 4858 Si
2326 4816 2501 4859 autem
2534 4806 2585 4859 in
2620 4806 2877 4871 Ecclesia,
2918 4812 3100 4878 utique
3129 4812 3179 4865 in
3217 4829 3336 4866 arca
3365 4833 3378 4868 :
3408 4826 3460 4868 et
3497 4817 3538 4869 si
3583 4817 3635 4870 in
3681 4835 3833 4885 arca,

2244 4897 2422 4965 utique
2450 4913 2543 4965 per
2571 4913 2784 4965 aquam.
2815 4899 2995 4953 Potest
3016 4917 3142 4970 ergo
3167 4904 3277 4957 lieri
3301 4915 3357 4959 ut
3381 4917 3434 4960 et
3463 4909 3674 4976 quidatn
3703 4912 3838 4968 foris

2244 4985 2513 5054 baptiZati,
2543 5003 2634 5054 per
2665 4988 2757 5040 Dei
2789 4991 3174 5057 pra‘scientiam
3204 4997 3378 5048 verius
3409 4998 3548 5051 intus
3579 5001 3832 5068 baptizati

2241 5078 2592 5146 deputentur;
2630 5081 2755 5147 quia
2799 5082 2904 5135 illic
2944 5084 3020 5136 eis
3061 5100 3192 5153 aqua
3245 5088 3427 5159 incip‘t
3470 5094 3729 5160 prodesse
3761 5100 3829 5152 ad

2239 5169 2496 5232 salutem;
2533 5186 2703 5238 neque
2730 5172 2868 5224 enim
2897 5173 3057 5227 aliter
3079 5174 3182 5230 dici
3212 5192 3431 5246 possunt
3457 5182 3586 5235 salvi
3623 5182 3746 5239 facti
3779 5188 3832 5240 in

2237 5273 2360 5312 arca
2393 5259 2490 5311 nisi
2516 5275 2610 5327 per
2629 5275 2816 5328 aquam
2851 5280 2864 5315 :
2897 5273 2949 5317 et
2973 5280 3158 5319 rursus
3179 5269 3415 5338 quidam,
3447 5273 3535 5340 qui
3563 5274 3833 5332 videban-

2238 5357 2324 5401 tur
2349 5350 2488 5403 intus
2517 5349 2786 5418 baptizati,
2820 5369 2914 5421 per
2932 5355 3174 5410 canulem
3206 5361 3590 5427 prmscicntiam
3625 5365 3715 5419 Dei
3739 5366 3830 5422 fon

2236 5438 2310 5491 ris
2339 5438 2585 5508 baptizati
2619 5441 2794 5494 verius
2821 5443 3138 5511 deputentur
3169 5465 3180 5500 :
3211 5450 3351 5504 male
3389 5452 3582 5522 quippe
3609 5464 3831 5513 utentes

2300 5653 2491 5731 fEditio
2512 5655 3005 5731 A‘m.:ﬂsic_nt_apparet
3029 5659 3256 5731 homines.
3298 5672 3372 5731 sic
3408 5669 3552 5718 etiam
3589 5677 3684 5731 lita;
3733 5674 3832 5724 sed

2233 5714 2370 5798 infra,
2389 5716 2508 5776 loco,
2534 5716 2778 5798 υηρεξεαιξ,
2798 5714 2944 5798 liabet
2967 5730 3061 5798 ar...
3085 5723 3336 5798 baptismi.
3353 5714 3430 5780 λι
3572 5714 3826 5798 ιῦῑεῖκιῖιὶζ

2232 5785 2353 5828 ετειιι
2376 5785 2606 5842 apparent
2629 5779 2992 5834 hominibus.
3017 5779 3255 5850 rapum.
