4054 6210
286 332 375 388 197

280 452 570 518 Baptismo,
598 465 695 521 per
719 465 908 522 aquam
941 454 1265 520 moriuntur;
1290 455 1430 526 quod
1459 456 1585 510 nulli
1614 466 1853 513 tuncac-

277 544 424 600 cidit.
455 544 556 598 nisi
592 545 680 613 qui
722 555 912 612 ιιι-αξιοι·
945 561 1123 602 arcam
1170 548 1286 601 fuit.
1316 547 1472 603 Certe
1511 548 1852 605 manifestum

276 645 376 695 est,
409 633 459 687 id
485 633 624 703 qttod
645 634 856 698 dicitur,
883 636 933 690 in
960 635 1194 691 Ecclesia
1227 638 1369 694 intus
1393 647 1446 692 et
1476 638 1624 705 foris,
1663 640 1715 695 in
1739 656 1859 695 cor-

274 722 362 786 de,
386 739 491 775 noti
516 723 565 776 iit
588 738 813 793 cerpore
832 726 1199 795 cogitandum;
1229 728 1654 799 quandoquidem
1672 747 1859 787 omnes

274 812 561 889 qni‘corde
598 824 722 867 sunt
759 815 920 882 intus,
967 817 1018 869 iit
1061 833 1200 871 arere
1241 819 1443 874 unitate
1485 835 1579 888 per
1613 822 1856 878 eamdem

273 919 463 971 aquam
504 904 637 958 salvi
678 905 828 970 fiunt,
869 922 965 976 per
1007 923 1162 975 quam
1192 923 1377 964 omnes
1406 912 1496 981 qui
1534 912 1695 967 corde
1732 923 1860 969 sunt.

275 992 436 1057 feris,
477 996 596 1050 sive
635 998 794 1050 etiam
840 1013 1066 1068 corpore
1103 998 1232 1055 foris
1271 1001 1396 1066 sint,
1428 1002 1539 1056 sive
1584 1017 1686 1057 non
1728 1005 1853 1069 sint,

274 1092 522 1151 tainpiam
568 1086 785 1139 unitatis
828 1087 1117 1142 adversarii
1165 1090 1481 1144 moriuntur.
1530 1090 1678 1147 Sicut
1730 1109 1858 1164 ergo

274 1189 377 1225 non
407 1175 532 1238 alia,
561 1176 653 1229 sed
691 1176 876 1231 eadem
904 1192 1039 1247 aqua
1087 1187 1139 1233 et
1186 1180 1236 1233 iu
1280 1195 1400 1235 arca
1444 1184 1641 1250 positos
1682 1184 1857 1240 salvos

272 1264 413 1326 fecit,
445 1276 498 1318 et
523 1277 671 1319 extra
699 1282 873 1323 arcam
910 1269 1109 1336 positos
1139 1269 1436 1335 interemit;
1483 1275 1560 1326 sic
1589 1286 1693 1327 non
1725 1276 1850 1339 alio,

278 1377 441 1389 -ρ

1650 341 1849 399 LIBER
1886 345 2176 405 SEXTUS.

3440 370 3549 425 {93

1962 462 2055 516 sed
2082 459 2268 519 eodem
2300 465 2568 537 Baptismo
2595 479 2651 526 et
2693 474 2812 528 boni
2843 475 3087 532 catholici
3130 479 3258 537 salvi
3301 481 3453 546 fiunt,
3485 498 3541 542 et

1963 552 2085 606 mali
2111 553 2354 610 Catholici
2381 559 2462 613 vel
2500 559 2734 617 breretici
2766 578 3002 633 pereunt.
3032 568 3168 634 Quid
3204 581 3382 627 autent
3413 579 3538 629 bea-

1962 641 2200 698 tissimus
2228 644 2522 715 Cyprianus
2548 650 2615 705 dc
2645 652 2914 709 Catholica
2946 661 3163 724 sentiat,
3194 671 3247 715 et
3271 664 3539 732 quomodo

1959 735 2075 802 ejus
2092 738 2402 793 auctoritate
2424 742 2629 810 penitus
2646 747 2953 802 obterantur
2969 749 3218 818 haeretici,
3240 770 3539 825 quanquam

1960 825 2128 878 multa
2157 826 2403 894 dixerim,
2430 846 2671 887 seorsum
2707 846 2904 903 tamen,
2935 840 2977 893 si
3013 841 3233 897 Domino
3260 846 3536 915 placuerit,

1962 914 2231 984 aliquanto
2277 918 2492 975 uberius
2542 932 2701 993 atque
2753 927 3082 985 manifestius
3129 914 3307 989 dicere
3353 937 3541 1004 statui,

1961 1019 2084 1060 cum
2114 1008 2259 1077 prius
2286 1010 2353 1064 de
2381 1014 2611 1069 concilio
2647 1016 2761 1086 ejus
2790 1020 2975 1074 dixero
3014 1040 3131 1091 qua:
3169 1024 3352 1081 deberi
3381 1044 3410 1081 a
3458 1046 3543 1085 me

1960 1106 2107 1242 guto,
2139 1101 2279 1170 quod
2303 1102 2354 1156 in
2378 1103 2469 1158 Dei
2489 1106 2759 1164 voluntate
2785 1114 3025 1181 sequenti
3062 1117 3328 1174 volumine
3351 1135 3542 1191 aggre-

2001 1206 2098 1242 tar.

2001 1206 2098 1243 lal'.

454 1381 3529 1429 ᾓ--ῂ--ἶ-ἪἮ

1367 1422 1847 1563 ΜΒΕὴ
1888 1461 2065 1566 SE
2079 1464 2178 1569 X
2198 1467 2513 1575 TU‘S.

385 1643 433 1685 lu
456 1649 554 1700 quo
570 1638 945 1700 Carthaginem
964 1640 1216 1690 concilium
1228 1642 1293 1692 de
1315 1643 1657 1693 haereticorum
1682 1646 1984 1707 Baptismate,
2010 1661 2123 1698 cura
2147 1657 2199 1700 et
2219 1655 2505 1705 auctoritate
2528 1660 2742 1721 Cypriani
2764 1661 3084 1727 celebratum,

3110 1672 3423 1732 expcnditur.

1697 1757 2123 1816 mw

337 1860 565 1917 CAPUT
591 1862 870 1918 PRIMUM.
893 1893 964 1903 —
994 1866 1039 1918 Ι.
1074 1865 1288 1920 Poterat
1310 1866 1416 1935 jam
1454 1865 1676 1920 fortasse
1701 1866 1851 1920 suffi-

265 1968 413 2016 cere,
445 1955 584 2024 quod
613 1958 769 2011 toties
799 1958 1035 2025 repetitis
1063 1958 1377 2024 rationibus,
1411 1967 1463 2012 et
1489 1959 1850 2028 multipliciter

261 2045 588 2112 disputando
619 2047 840 2101 versatis
868 2059 1028 2118 atque
1077 2051 1315 2104 tractatis
1335 2092 1352 2118 ,
1396 2050 1660 2116 adjunctis
1686 2053 1846 2107 etiam

259 2137 565 2192 divinarum
587 2139 977 2209 Scripturarum
1001 2141 1354 2210 documentis,
1373 2155 1427 2198 et
1449 2144 1611 2214 ipsius
1631 2143 1850 2215 Cypria-

261 2228 312 2281 ni
370 2237 445 2283 tot
488 2230 803 2285 testimoniis
849 2232 1293 2303 suifragantibus,
1333 2233 1441 2304 jam
1484 2236 1645 2290 etiam
1687 2236 1849 2291 corde

258 2320 531 2375 tardiores
549 2364 564 2388 ,
595 2333 847 2393 quantum
890 2325 1136 2380 existimo
1155 2367 1168 2390 ,
1195 2327 1493 2397 intelligunt
1519 2327 1845 2399 Baptismum

254 2412 465 2466 Christi
492 2416 635 2469 nulla
662 2417 1016 2485 perversitate
1048 2418 1277 2473 hominis
1297 2461 1313 2486 ,
1345 2421 1459 2475 sive
1497 2421 1704 2486 dantis,
1732 2422 1847 2478 sive

254 2504 602 2573 accipientis,
637 2520 794 2573 posse
822 2507 1032 2564 violari.
1058 2507 1169 2564 Nec
1195 2509 1265 2563 ob
1287 2510 1426 2565 aliud
1459 2511 1563 2566 illis
1589 2513 1847 2581 tempori-

254 2593 385 2659 bus,
411 2595 628 2663 quando
656 2595 755 2650 ista
782 2598 1006 2666 quiestio
1035 2608 1218 2652 contra
1244 2609 1477 2655 veterem
1503 2603 1847 2657 consuetudi-

253 2702 384 2739 nem
413 2686 430 2716 ί
471 2685 922 2755 disputationibus
971 2688 1114 2743 salva
1157 2689 1417 2744 eharitate
1459 2700 1619 2760 atque
1648 2693 1848 2748 unitate

254 2774 650 2829 altercantibus
706 2776 1130 2845 discutiebatur,
1182 2778 1353 2833 visum
1404 2790 1486 2834 est
1534 2781 1848 2845 quibusdam

255 2865 424 2917 etiam
466 2865 692 2935 egregiis
718 2866 845 2919 viris
888 2866 1217 2922 antistitibus
1247 2868 1483 2936 Christi,
1533 2870 1671 2926 inter
1714 2887 1849 2941 quos

256 2957 531 3025 praicipue
558 2957 742 3013 beatus
767 2959 1063 3029 Cyprianus
1092 2960 1380 3025 eminebat,
1413 2977 1520 3016 non
1551 2977 1670 3017 esse
1691 2977 1847 3032 posse

256 3047 401 3115 apud
430 3046 710 3102 hzcreticos
739 3048 824 3103 vel
864 3048 1231 3104 schismaticos
1257 3050 1582 3120 Baptismum
1612 3050 1842 3121 Christi,

257 3137 364 3190 nisi
391 3137 511 3207 quia
544 3153 649 3191 non
675 3137 1094 3207 distinguebatur
1122 3138 1521 3196 Saeramentum
1539 3143 1605 3197 ab
1630 3141 1842 3209 effectu,

257 3228 342 3279 vel
374 3242 471 3279 usu
495 3227 845 3282 Sacramenti.
878 3228 943 3281 Et
972 3231 1091 3298 quia
1132 3229 1248 3299 ejus
1287 3230 1505 3286 eli‘ectns
1531 3243 1691 3302 atque
1718 3247 1845 3287 usus

261 3317 311 3368 in
344 3315 658 3383 liberatione
696 3332 726 3370 a
774 3317 1004 3385 peccatis
1045 3327 1099 3372 et
1141 3318 1319 3374 cordis
1359 3320 1677 3375 rectitudine
1704 3322 1843 3391 apud

261 3405 545 3459 bmreticos
571 3422 672 3460 non
697 3407 1082 3470 inveniebatur,
1111 3409 1280 3478 ipsum
1299 3426 1511 3480 quoque
1531 3410 1846 3466 Sacramen-

262 3507 374 3550 tum
404 3513 511 3550 non
542 3497 648 3552 illic
668 3512 786 3553 esse
816 3498 1116 3567 putabatur.
1141 3500 1245 3555 Sed
1266 3503 1695 3557 convertentibus
1717 3518 1843 3557 ocu-

261 3585 342 3639 los
384 3586 452 3640 ad
481 3586 748 3642 interioris
778 3588 944 3657 palea:
986 3590 1370 3645 multitudinem
1396 3632 1411 3655 ,
1440 3607 1560 3647 cum
1590 3602 1643 3648 et
1673 3593 1725 3648 hi
1751 3595 1843 3665 qui

262 3676 315 3727 in
343 3676 458 3744 ipsa
484 3676 684 3731 unitate
710 3678 950 3748 perversi
979 3685 1104 3733 sunt
1134 3688 1189 3734 et
1221 3681 1425 3751 pcrdite
1449 3683 1654 3749 vivunt,
1682 3699 1844 3754 appa-

264 3777 418 3821 r.~ant
454 3768 817 3824 remissionem
851 3780 1187 3840 peccatorum
1230 3787 1329 3826 nec
1372 3773 1501 3828 dare
1544 3788 1702 3842 posse
1746 3790 1846 3830 nec

264 3858 493 3922 habere;
518 3859 639 3929 quia
667 3875 770 3915 non
793 3861 1058 3933 malignis,
1077 3862 1172 3917 sed
1198 3862 1350 3916 bonis
1377 3862 1497 3916 filiis
1521 3862 1719 3916 dictum
1741 3871 1841 3929 est,

265 3949 327 4003 Si
352 3953 437 4002 cui
463 3950 749 4005 dimiseritis
773 3962 995 4022 peccata,
1026 3954 1340 4007 dimittantur
1362 3953 1439 4016 ei;
1461 3953 1503 4007 si
1529 3953 1611 4007 cui
1631 3954 1848 4007 tenueri-

267 4042 348 4105 τίς,
368 4042 662 4097 tenebuntur
681 4043 898 4113 (lJoatt.
920 4060 1012 4110 xx,
1029 4044 1121 4116 95)
1145 4063 1158 4099 :
1181 4045 1377 4101 habere
1400 4055 1595 4107 tamen,
1619 4055 1672 4100 et
1693 4044 1842 4113 dare,

264 4138 319 4183 et
347 4131 588 4201 accipere
607 4133 861 4202 Baptismi
884 4133 1309 4197 Sacramentum,
1331 4134 1459 4189 satis
1478 4135 1641 4189 eluxit
1665 4146 1845 4205 pasto-

265 4224 416 4278 ribus
446 4224 697 4280 Ecclesia:
725 4225 1000 4281 catholicze
1029 4234 1140 4281 toto
1168 4227 1297 4282 orbe
1322 4224 1527 4281 diﬂ‘usaa
1545 4266 1560 4293 ,
1589 4242 1846 4298 per-quos

267 4325 446 4385 postea
474 4318 696 4388 plenarii
723 4318 929 4373 concilii
959 4309 1272 4372 auctoritate
1300 4316 1571 4387 originalis
1600 4332 1835 4373 consue-

269 4407 393 4459 tudo
421 4405 623 4461 lirmata
653 4417 769 4474 est;
800 4409 958 4462 etiam
993 4423 1168 4473 ovem,
1210 4424 1326 4479 qua:
1362 4407 1490 4463 foris
1520 4408 1728 4462 errabat
1747 4446 1762 4471 ,
1790 4416 1844 4462 et

266 4500 586 4554 dominicum
617 4500 977 4555 characterem
1017 4515 1048 4554 a
1079 4499 1352 4555 fallacibus
1392 4500 1845 4570 depraidatoribus

268 4594 377 4647 suis
400 4592 529 4648 foris
555 4601 854 4663 acceperat,
882 4594 1179 4648 venientem
1202 4578 1271 4646 ad
1298 4591 1600 4647 christiana:
1630 4592 1848 4646 unitatis

269 4685 527 4751 salutem,
558 4685 625 4738 ab
653 4699 836 4739 errore
872 4684 1097 4753 corrigi,
1129 4697 1158 4737 a
1187 4682 1489 4750 captivitate
1536 4682 1784 4748 liberari,
1816 4696 1844 4734 a

269 4777 486 4830 vulnere
510 4776 723 4841 sanari,
755 4774 1119 4829 characterem
1151 4785 1326 4827 tamen
1357 4773 1406 4825 in
1435 4788 1495 4826 ea
1522 4772 1845 4826 dominicum

271 4867 480 4935 agnosci
504 4867 677 4936 potius
698 4881 853 4935 quam
875 4863 1159 4933 improbari
1186 4880 1199 4917 :
1226 4861 1651 4933 quandoquidem
1677 4862 1846 4931 ipsum

270 4956 630 5011 characterem
655 4957 802 5010 multi
828 4965 882 5010 et
909 4954 1014 5024 lupi
1041 4962 1095 5009 et
1120 4953 1259 5023 lupis
1284 4952 1525 5022 infigunt,
1549 4952 1639 5023 qui
1665 4952 1851 5007 viden-

271 5059 354 5103 tur
381 5048 596 5119 quidem
625 5048 767 5102 intus
801 5062 953 5111 esse,
981 5053 1350 5102 verumtamen
1384 5042 1449 5099 ad
1487 5045 1627 5117 illam
1660 5060 1845 5109 ovem,

270 5158 387 5208 qua:
415 5140 575 5195 etiam
605 5154 670 5193 ex
704 5138 884 5193 multis
915 5153 1016 5191 una
1040 5147 1145 5203 est,
1172 5151 1275 5190 non
1306 5136 1575 5206 pertinere
1597 5177 1611 5200 ,
1641 5149 1863 5189 morum-

271 5248 488 5285 suorum
521 5231 776 5285 fructibus
804 5229 1209 5292 eouvincuutur,
1253 5226 1307 5282 in
1357 5227 1548 5296 quibus
1595 5228 1649 5280 in
1692 5226 1851 5281 linem

274 5330 445 5393 usque
465 5323 790 5393 perdurant:
819 5321 940 5392 quia
979 5319 1269 5375 secundum
1314 5318 1698 5387 prteseientiam
1726 5317 1850 5395 Dei,

272 5416 406 5470 sicut
439 5416 617 5470 multa:
646 5430 773 5469 oves
798 5423 976 5469 errant
1006 5412 1273 5478 exterius,
1303 5412 1380 5466 sic
1405 5410 1554 5465 multi
1592 5410 1695 5479 lupi
1721 5409 1853 5464 insi-

272 5506 484 5561 diantur
506 5506 755 5570 interius;
783 5506 919 5560 inter
945 5519 1078 5574 quos
1109 5512 1285 5556 tamen
1316 5500 1461 5555 novit
1484 5501 1739 5555 Dominus
1763 5499 1853 5570 qni

272 5608 392 5654 sunt
420 5602 558 5668 ejus,
587 5597 674 5668 qui
695 5611 801 5652 non
828 5595 1047 5651 audiunt
1068 5610 1253 5650 vocem
1282 5594 1381 5649 nisi
1415 5593 1664 5664 pastoris,
1693 5593 1852 5649 etiam

336 5738 352 5767 ι
382 5746 472 5787 λιιι.
506 5741 561 5784 Er
605 5742 655 5784 et
678 5739 804 5794 ΜΒ,
832 5738 997 5783 contra
1015 5728 1179 5782 utilem
1202 5727 1605 5780 consuetudinem.

1960 1884 2079 1923 cum
2108 1873 2301 1957 clamat
2332 1893 2426 1945 per
2451 1880 2648 1935 similes
2678 1883 3065 1943 Pharisazorum
3084 1931 3098 1954 ,
3133 1892 3200 1973 de
3236 1897 3428 1964 quibus
3456 1900 3540 1954 di-

1956 1972 2099 2016 ctum
2148 1974 2263 2031 est,
2313 1968 2439 2035 Qua:
2494 1971 2685 2039 dicunt,
2734 1978 2886 2047 facile
2940 1968 3184 2051 (Matt/1.7
3220 2000 3382 2053 xxiii,
3435 1988 3531 2062 5).

2025 2054 2081 2109 2.
2113 2056 2262 2110 Sicut
2287 2060 2428 2114 enim
2463 2062 2622 2117 homo
2652 2068 2939 2136 spiritualis
2968 2071 3170 2128 habens
3201 2076 3356 2130 linem
3396 2054 3537 2148 pne-

1953 2148 2115 2217 cepti,
2140 2148 2189 2202 id
2221 2160 2321 2214 est,
2345 2151 2659 2211 charitatem
2691 2159 2757 2213 de
2787 2162 2949 2215 corde
2982 2180 3113 2232 puro
3140 2176 3194 2221 et
3213 2172 3535 2225 conscientia

1952 2236 2089 2291 bona
2122 2248 2176 2293 et
2203 2239 2305 2295 fide
2332 2258 2435 2297 non
2469 2246 2587 2301 ficta
2617 2248 2657 2321 (Ι
2689 2249 2821 2304 Tim.
2855 2268 2902 2317 ι,
2931 2254 3008 2326 5),
3046 2267 3217 2325 potest
3244 2261 3442 2329 aliquid
3470 2280 3534 2317 ex

1953 2344 2182 2400 corpore
2222 2334 2364 2403 quod
2408 2337 2581 2393 adhuc
2620 2346 2983 2414 corrumpitur
3024 2358 3078 2402 et
3125 2362 3375 2420 aggravat
3418 2356 3535 2409 ani-

1952 2435 2094 2475 mam
2123 2423 2293 2495 (Sap.
2324 2442 2396 2491 ιι,
2425 2429 2492 2483 15
2511 2429 2551 2498 ),
2582 2432 2757 2488 minus
2786 2434 2984 2504 liquide
3011 2452 3263 2504 cernere,
3295 2451 3349 2496 et
3384 2445 3539 2501 aliter

1952 2529 2140 2584 sapere
2163 2520 2303 2588 quod
2337 2522 2388 2575 in
2418 2523 2605 2579 eadem
2628 2525 2886 2583 eharitate
2909 2534 3236 2599 permanenti
3260 2535 3398 2589 Dens
3414 2552 3535 2592 cum

1951 2608 2178 2663 voluerit
2213 2614 2472 2669 revelabit
2507 2615 2526 2688 (
2554 2616 2784 2689 Philipp.
2814 2636 2891 2683 Ill,
2933 2623 2999 2676 15
3024 2626 3041 2693 )
3069 2642 3080 2675 :
3104 2626 3181 2679 sic
3226 2627 3277 2680 in
3322 2627 3537 2684 homine

1953 2699 2154 2751 carnali
2184 2710 2344 2769 atque
2371 2721 2621 2772 perverso
2650 2719 2821 2778 potest
2847 2713 3058 2782 aliquod
3094 2715 3288 2770 bonum
3318 2727 3377 2772 et
3408 2721 3537 2776 utile

1955 2790 2211 2857 reperiri,
2255 2795 2395 2861 quod
2438 2797 2649 2852 aliunde
2686 2801 2785 2867 sit,
2826 2818 2930 2856 non
2967 2820 3033 2859 ex
3077 2806 3211 2875 ipso.
3240 2808 3369 2861 Nam
3402 2813 3534 2866 utin

1953 2881 2171 2948 palmite
2200 2883 2469 2941 fructuosa
2499 2888 2764 2945 invenitur
2788 2893 2985 2964 aliquid
3023 2897 3164 2965 quod
3205 2901 3532 2970 purgandmn

1953 2971 2042 3037 sit,
2072 2984 2128 3027 ut
2154 2975 2409 3044 majorem
2433 2979 2657 3034 fructum
2683 2981 2845 3049 ferat;
2868 2986 2933 3037 ita
2957 2987 3076 3040 etin
3097 2990 3353 3045 arundine
3370 2994 3534 3047 sterili

1950 3070 2108 3132 atque
2131 3065 2277 3119 arida
2304 3068 2608 3139 velalligata
2636 3072 2773 3127 solet
2799 3091 2894 3128 uva
2926 3077 3179 3145 pendere.
3206 3080 3269 3133 Et
3294 3080 3413 3136 ideo
3430 3084 3535 3136 sic-

1952 3160 2009 3208 ut
2061 3155 2278 3210 stultum
2309 3169 2394 3213 est
2421 3159 2679 3217 fructifcri
2710 3165 2942 3232 palmitis
2970 3182 3311 3239 purgamenta
3344 3174 3529 3245 dilige-

1926 3258 2030 3315 ‘re,
2057 3248 2338 3304 commode
2357 3260 2532 3305 autem
2562 3252 2680 3308 facit
2708 3255 2797 3325 qui
2824 3272 2977 3326 poma
3006 3261 3185 3316 suavia
3211 3263 3535 3336 ubicumque

1949 3349 2207 3406 suspensa
2235 3354 2340 3394 non
2370 3344 2573 3410 respuit
2600 3361 2614 3395 :
2647 3346 2715 3399 ita
2746 3348 2983 3418 quisquis
3012 3351 3079 3406 ab
3117 3354 3317 3408 unitate
3345 3358 3533 3424 pra-.ci-

1949 3438 2041 3480 sus
2068 3438 2344 3498 propterea
2372 3431 2692 3503 rebaptizat,
2730 3438 2847 3507 quia
2873 3439 3140 3512 Cypriane
3167 3446 3336 3499 visum
3363 3457 3444 3502 est
3469 3449 3537 3502 ab

1949 3517 2213 3575 hmreticis
2239 3524 2512 3580 venientes
2531 3527 2707 3583 denuo
2730 3529 2981 3601 baptizari
3008 3547 3284 3602 oportere;
3316 3539 3534 3593 lainlan-

1947 3608 2015 3663 da
2058 3612 2110 3664 in
2153 3621 2300 3671 tanto
2341 3615 2457 3671 viro
2496 3628 2791 3696 aversatur,
2819 3630 2873 3676 et
2905 3626 3231 3680 emendanda
3276 3639 3532 3696 sectatur,

1948 3715 2135 3756 necea
2162 3703 2271 3771 ipsa
2312 3719 2431 3773 qum
2476 3693 2710 3762 sectatur
2747 3715 3063 3781 assequitur.
3104 3717 3194 3769 lllc
3228 3717 3367 3770 enim
3407 3720 3532 3774 dum

1949 3790 2065 3843 zelo
2092 3791 2184 3844 Dei
2212 3794 2443 3859 graviter
2466 3795 2761 3850 detestatur
2788 3815 2881 3853 eos
2907 3803 2994 3869 qni
3022 3820 3080 3857 se
3118 3807 3186 3858 ab
3213 3809 3411 3862 unitate
3445 3826 3530 3863 se-

1949 3888 2288 3948 paraverunt,
2309 3882 2469 3935 ctiam
2495 3882 2563 3936 ab
2584 3885 2698 3953 ipso
2724 3886 2993 3955 Baptismo
3012 3903 3283 3960 separatos
3302 3911 3422 3951 esse
3442 3913 3533 3951 ar-

1949 3966 2173 4021 bitratus
2192 3976 2273 4022 est
2293 3985 2307 4022 :
2326 3969 2410 4023 isti
2431 3979 2607 4026 autem
2637 3987 2819 4042 parum
2845 3977 3060 4031 sceleris
3087 3990 3332 4047 putantes
3352 4026 3364 4045 ,
3394 3987 3532 4054 quod

1950 4058 2050 4128 ipsi
2075 4075 2105 4114 a
2129 4059 2323 4115 Christi
2356 4062 2553 4137 unitate
2577 4068 2805 4133 separati
2834 4077 2978 4134 sunt,
3010 4072 3166 4124 etiam
3204 4071 3531 4142 Baptismuin

1951 4149 2066 4220 ejus
2092 4150 2197 4205 illic
2221 4166 2326 4206 non
2354 4166 2494 4221 esse,
2526 4164 2580 4209 et
2607 4171 2787 4211 secum
2817 4159 3010 4215 exiisse
3023 4164 3374 4220 contendunt.
3401 4167 3530 4222 Tant

1950 4257 2078 4312 ergo
2103 4240 2255 4312 longe
2278 4251 2401 4298 sunt
2419 4260 2447 4298 a
2476 4244 2796 4303 fecunditate
2812 4246 3080 4321 Cypriani,
3115 4261 3170 4307 ut
3201 4269 3298 4309 nec
3326 4271 3521 4328 purga-

1951 4335 2146 4389 mentis
2175 4335 2290 4403 ejus
2312 4346 2607 4407 aequentur.

2022 4424 2250 4487 CAPUT
2282 4426 2342 4480 ll.
2364 4458 2435 4468 —
2453 4428 2507 4483 5.
2536 4427 2665 4483 item
2689 4431 2928 4501 quisquis
2948 4449 3051 4487 non
3081 4434 3280 4491 habens
3303 4438 3534 4494 eharita-

1953 4524 2082 4582 tem,
2106 4526 2161 4571 et
2188 4516 2420 4585 perditas
2445 4518 2557 4571 vias
2582 4534 2785 4574 morum
2817 4522 3117 4592 ingrediens
3147 4527 3526 4594 pessimorum,

1955 4609 2098 4663 intus
2126 4608 2333 4663 videtur
2360 4623 2481 4664 esse
2499 4624 2619 4664 cum
2646 4610 2773 4665 feris
2797 4612 2885 4677 sit,
2907 4621 2962 4666 et
2988 4614 3314 4683 Baptismum
3335 4617 3532 4675 Christi

1953 4716 2054 4757 nec
2081 4699 2136 4756 in
2165 4687 2428 4756 haereticis
2454 4703 2673 4771 repetit;
2715 4704 2843 4757 nihil
2883 4705 2997 4775 ejus
3028 4706 3238 4775 adjuvat
3279 4712 3533 4765 sterilita-

1957 4802 2094 4861 tem,
2131 4789 2276 4863 quod
2310 4807 2414 4846 non
2452 4792 2761 4848 fecundatur
2795 4808 2925 4855 suo,
2962 4794 3054 4849 sed
3088 4795 3258 4850 fructu
3285 4811 3538 4854 oneratur

1955 4884 2148 4939 alieno.
2176 4882 2314 4939 Fieri
2340 4895 2518 4938 autem
2561 4891 2733 4953 potest
2760 4891 2819 4939 ut
2842 4884 3034 4955 aliquis
3061 4888 3234 4956 vigeat
3276 4890 3325 4942 in
3358 4891 3536 4945 radice

1955 4977 2247 5043 cliaritatis,
2272 4978 2398 5032 etin
2423 4994 2528 5047 quo
2546 4976 2841 5047 Cyprianus
2865 4977 3021 5033 aliter
3039 4980 3211 5048 sapuit
3238 4982 3477 5035 rectissiu
3493 4996 3525 5039 e

1958 5070 2146 5139 sapiat,
2176 5077 2231 5123 et
2257 5080 2429 5122 tatnen
2462 5069 2514 5121 in
2543 5069 2804 5139 Cypriane
2848 5084 3006 5139 quam
3053 5070 3105 5123 in
3149 5070 3251 5124 isto
3283 5070 3429 5139 plura
3457 5072 3535 5125 fe-

1957 5159 2128 5214 cunda
2160 5159 2262 5214 sint
2287 5200 2303 5224 ,
2341 5168 2395 5212 et
2432 5158 2484 5212 in
2526 5157 2628 5212 isto
2654 5174 2811 5227 quam
2843 5159 2893 5211 in
2923 5159 3191 5231 Cypriano
3217 5161 3367 5231 plura
3412 5176 3538 5227 pur-

1958 5251 2126 5321 ganda
2153 5251 2278 5304 sint.
2302 5249 2415 5304 Non
2457 5250 2625 5303 solum
2654 5250 2829 5320 itaque
2857 5252 3027 5305 malos
3058 5251 3348 5306 catholicos
3389 5251 3538 5305 nullo

1960 5343 2118 5399 modo
2142 5357 2511 5411 comparamus
2531 5381 2545 5405 ,
2577 5340 2668 5395 sed
2698 5356 2798 5395 nec
2823 5340 2993 5396 bonos
3019 5340 3175 5397 facile
3197 5358 3536 5412 eoa-quantus

1960 5435 2114 5491 beato
2141 5433 2427 5505 Cypriane,
2455 5448 2611 5502 quem
2635 5433 2772 5485 inter
2796 5447 2945 5488 raros
2972 5440 3027 5487 et
3049 5447 3245 5503 paucos
3274 5431 3537 5487 excellen-

1963 5527 2177 5580 tissima:
2218 5525 2402 5595 gratiae
2445 5524 2588 5577 viros
2632 5534 2873 5577 numerat
2921 5523 3003 5593 pia
3049 5532 3218 5578 mater
3258 5523 3534 5580 Ecclesia:

1961 5619 2204 5692 quamvis
2222 5618 2304 5672 isti
2325 5626 2379 5672 et
2404 5616 2540 5687 apud
2570 5614 2848 5670 haereticos
2865 5627 3189 5686 cognoscant
3208 5616 3537 5686 Baptismum

1961 5712 2177 5777 Christi,
2213 5710 2283 5763 illi
2317 5719 2489 5762 autem
2518 5707 2673 5763 aliter
2694 5708 2861 5763 visunt
2890 5711 2995 5773 sit;
3024 5716 3079 5763 ut
3105 5724 3197 5780 per
3223 5725 3343 5767 eum
3367 5710 3540 5768 minus
