4028 6202
463 284 557 340 I99

461 399 654 469 aliquid
683 398 966 459 videntem,
996 406 1049 449 et
1076 394 1126 448 in
1160 394 1359 448 unitate
1389 394 1690 447 ﬁrmissime
1723 407 2040 463 permanen-

462 500 590 550 tem,
617 488 945 542 manifestius
973 484 1432 539 demonstraretur
1459 484 1739 546 hatreticis,
1775 499 1930 552 quam
1963 498 2046 536 sa-

463 581 660 644 crilego
677 579 876 633 scelere
896 588 1228 646 rumperetur
1243 578 1504 630 vinculum
1529 578 1689 646 pacis.
1704 575 1886 645 Neque
1902 577 2042 630 enim

465 670 714 726 Pharisaei
747 667 894 733 ca-ci,
925 669 1167 736 quamvis
1184 667 1421 721 dicentes
1443 666 1724 736 aliquando
1759 667 1898 736 quod
1931 666 2046 720 ﬁeri

388 764 391 766 ’
464 761 706 818 debebat,
727 759 1068 827 comparamli
1090 767 1240 812 erant
1260 758 1500 826 apostolo
1520 759 1697 821 Petro,
1713 757 1950 826 quamv'is
1969 756 2018 809 di
2035 785 2050 798 σ

465 852 602 906 conti
633 851 914 920 aliquando
942 850 1080 920 quod
1105 849 1216 903 fieri
1238 864 1339 902 nou
1360 849 1604 903 debebat.
1631 847 1745 902 Non
1764 847 1935 901 solum
1953 862 2051 900 au-

467 951 570 992 tem
591 941 809 994 istorum
829 941 1045 994 ariditas
1064 940 1202 994 illius
1215 939 1462 992 viriditati
1480 939 1799 994 conferenda
1817 955 1918 992 non
1939 947 2046 992 est:

467 1031 557 1083 sed
587 1047 683 1085 nec
700 1032 922 1085 aliorum
944 1031 1141 1084 fructus
1164 1031 1304 1084 illius
1321 1031 1545 1084 ubertati
1565 1030 1923 1099 ada‘quandus
1942 1038 2044 1084 est.

469 1121 666 1175 Gentes
683 1122 821 1176 enim
842 1138 997 1176 nemo
1009 1121 1212 1191 jndaiza
1222 1138 1278 1174 re
1298 1137 1437 1175 nunc
1452 1122 1610 1190 cogit,
1632 1136 1728 1175 nec
1746 1120 2052 1174 ideo‘tameu

473 1212 760 1280 quisquam
789 1229 935 1264 nunc
974 1213 1023 1263 in
1057 1211 1293 1263 Ecclesia
1315 1210 1715 1279 quantumlibet
1740 1210 2046 1278 profecerit,

475 1301 615 1356 Petri
632 1303 952 1371 apostolatui
973 1304 1333 1357 confercndus
1350 1312 1445 1357 est.
1468 1303 1809 1372 Quapropter
1824 1305 2055 1359 reddens

472 1392 710 1446 debitam
740 1397 1117 1454 reverentiam,
1139 1395 1467 1464 dignumque
1488 1397 1769 1463 honorem,
1793 1405 2053 1464 quantum

472 1478 637 1532 valeo.
661 1477 965 1545 persolvens
997 1477 1215 1545 paciﬁco
1236 1478 1486 1546 episc0po
1503 1481 1802 1548 etglorioso
1835 1481 2054 1551 martyri

470 1565 734 1635 Cypriauo
754 1609 768 1631 ,
801 1567 972 1620 audeo
1001 1577 1172 1620 tamen
1199 1568 1377 1622 dicere
1404 1584 1523 1623 eum
1553 1571 1704 1624 aliter
1725 1570 1957 1623 sensisse
1991 1571 2058 1623 de

474 1660 827 1712 schismaticis
854 1660 935 1712 vel
978 1659 1242 1714 hcereticis
1269 1660 1630 1730 baptizandis,
1669 1677 1825 1730 quam
1874 1673 2057 1730 postea

473 1749 669 1799 veritas
701 1749 951 1816 prodidit,
986 1765 1089 1802 non
1119 1764 1186 1802 ex
1222 1765 1358 1810 mea.
1391 1749 1482 1802 sed
1505 1765 1565 1802 ev
1601 1750 1860 1804 universzn
1884 1749 2058 1802 Eccle-

470 1839 562 1890 sia:
605 1839 904 1902 sententia,
952 1838 1174 1905 plenarii
1217 1839 1430 1892 concilii
1472 1841 1783 1892 auctoritate
1811 1839 2057 1892 roborata

472 1937 629 1996 atque
661 1927 866 1980 ﬁrmata
897 1944 908 1979 :
945 1928 1079 1980 sicut
1105 1943 1366 1981 venerans
1398 1943 1493 1996 pro
1523 1930 1601 1980 sui
1632 1929 1822 1981 merito
1843 1929 2057 1981 Petrum

471 2022 704 2088 primum
733 2019 1104 2088 Apostolorum
1137 2029 1190 2073 et
1219 2019 1696 2073 eminentissimum
1726 2025 2018 2092 martyrum
2040 2061 2054 2084 ,

471 2110 640 2162 audeo
673 2118 844 2163 tamen
876 2109 1077 2172 dicere,
1113 2127 1215 2163 non
1243 2126 1369 2164 eum
1400 2120 1545 2165 recte
1575 2109 1761 2164 fecisse
1787 2121 1842 2164 ut
1862 2111 2059 2167 Gentes

469 2198 739 2267 judaizare
768 2208 986 2264 cogeret
1009 2216 1021 2263 ;
1051 2200 1210 2254 etiam
1246 2200 1346 2253 hoc
1374 2200 1514 2254 enim
1536 2200 1675 2265 dico,
1700 2215 1806 2253 non
1830 2216 1894 2253 ex
1918 2217 2056 2267 mea,

471 2290 563 2343 sed
594 2305 659 2345 ex
688 2291 910 2359 aposzoli
955 2291 1101 2344 Pauli
1149 2292 1372 2346 salutari
1423 2291 1682 2355 doctrina,
1734 2307 1828 2359 per
1869 2291 2057 2345 Eccle-

471 2382 602 2433 siam
635 2383 935 2435 universam
962 2390 1164 2436 retenta
1193 2394 1351 2452 atque
1379 2393 1585 2436 servata
1622 2381 1814 2452 (Colat.
1839 2399 1896 2448 ιι,
1929 2384 2051 2453 IL).

547 2472 601 2524 4.
637 2473 917 2540 Disputans
955 2489 1081 2542 ergo
1123 2474 1190 2527 de
1229 2474 1488 2528 sententia
1519 2473 1800 2544 Cypriani,
1834 2475 2057 2528 multum

477 2564 611 2616 infra
646 2567 830 2618 merita
861 2566 1064 2635 positus
1089 2565 1358 2636 Cypriani,
1392 2565 1512 2620 tliCo
1540 2577 1930 2619 sacramentum
1960 2567 2059 2620 Ba-

477 2657 652 2724 ptismi
695 2667 748 2710 ct
789 2656 960 2711 bonos
985 2667 1034 2710 et
1065 2658 1232 2710 malos
1263 2672 1415 2725 posse
1445 2656 1638 2710 habere
1661 2697 1675 2719 ,
1709 2671 1867 2724 posse
1897 2657 2054 2722 dare,

478 2763 637 2816 posse
666 2750 907 2818 accipere
941 2767 951 2801 :
985 2759 1038 2802 et
1070 2750 1236 2801 bonos
1265 2748 1479 2817 quidem
1510 2749 1705 2802 utiliter
1729 2764 1792 2802 ac
1829 2748 2058 2802 salubri-

475 2850 574 2902 ter,
609 2840 778 2894 malos
817 2849 993 2892 autem
1030 2841 1322 2908 perniciose
1368 2850 1525 2908 atque
1574 2841 1884 2908 pmnaliter;
1935 2857 2054 2894 cum

475 2931 601 2984 illud
637 2941 808 2984 tamen
834 2932 884 2984 in
909 2932 1146 3001 utrisque
1172 2931 1242 2986 sit
1269 2932 1541 3000 aequaliter
1569 2931 1829 3000 integrum
1858 2949 1870 2983 :
1899 2940 2057 3000 atque

477 3023 607 3074 nihil
643 3023 900 3075 interesse
929 3022 992 3074 ad
1023 3023 1136 3089 ejus
1179 3022 1434 3086 mqualcm
1480 3022 1530 3073 iu
1561 3022 1808 3074 omnibus
1838 3022 2056 3090 integri-

472 3121 654 3173 tatem,
675 3121 874 3178 quanto
899 3110 1044 3178 pejor
1076 3111 1123 3161 id
1157 3109 1349 3163 babeat
1381 3111 1518 3162 inter
1546 3109 1736 3172 malos,
1767 3111 1905 3164 sicut
1927 3111 2054 3165 nihil

473 3203 690 3254 interest
719 3212 918 3270 quanto
962 3201 1150 3254 melior
1180 3200 1229 3252 id
1260 3199 1449 3253 habeat
1480 3201 1616 3254 inter
1644 3200 1829 3255 bonos.
1856 3201 1932 3255 Ac
1961 3216 2056 3270 per

475 3296 574 3346 hoc
600 3297 758 3347 etiam
787 3293 918 3347 nihil
951 3294 1169 3347 interest
1199 3302 1394 3360 quanto
1423 3292 1574 3362 pejor
1599 3293 1649 3345 id
1688 3293 1886 3355 tradat,
1919 3294 2056 3348 sicut

473 3387 600 3438 nihil
634 3387 850 3441 interest
880 3397 1075 3454 quanto
1108 3383 1333 3438 melior:
1367 3394 1522 3452 atque
1551 3385 1620 3436 ita
1669 3384 1797 3437 nihil
1830 3386 2054 3439 interest

471 3486 671 3545 quanto
700 3478 848 3545 pejor
885 3477 933 3531 id
964 3477 1220 3544 accipiat,
1253 3476 1390 3528 sicut
1419 3477 1546 3528 nihil
1592 3477 1812 3530 interest
1851 3487 2054 3545 quanto

473 3569 680 3622 melior.
709 3567 837 3621 lIlud
870 3568 1010 3622 enim
1041 3583 1133 3635 per
1162 3567 1416 3634 seipsnin
1442 3607 1455 3624 .
1499 3576 1552 3620 et
1596 3565 1646 3618 in
1690 3567 1768 3620 eis
1810 3568 1899 3636 qui
1947 3584 2054 3622 non

472 3659 747 3728 a-qUaliter
769 3658 895 3726 justi
920 3667 1061 3721 sunt,
1089 3667 1142 3712 et
1169 3658 1217 3708 in
1245 3656 1323 3710 eis
1345 3655 1432 3725 qui
1455 3673 1558 3709 non
1587 3657 1860 3726 :rqualitcr
1882 3657 2045 3726 iniqui

471 3759 613 3813 sunt,
644 3750 921 3816 asqualiter
948 3759 1186 3802 structum
1216 3760 1315 3801 ρει.

540 3843 769 3898 CAPUT
798 3843 881 3896 III.
906 3873 976 3881 —
1074 3842 1277 3895 Ilaberc
1297 3850 1472 3893 autem
1501 3839 1846 3908 Baptistnum,
1872 3849 1926 3894 et
1947 3849 2054 3892 tra-

471 3936 600 3990 dere
626 3978 639 3999 ,
669 3944 721 3989 et
752 3934 994 4003 accipere
1026 3934 1194 3986 malos
1241 3948 1571 4000 nequaquam
1605 3932 1656 3984 in
1688 3932 1877 3984 melius
1907 3947 2053 4003 com-

474 4037 736 4088 mutatus,
786 4036 840 4079 et
885 4025 952 4078 de
998 4023 1284 4090 Scripturis
1329 4022 1630 4083 Canonicis,
1681 4031 1734 4073 et
1781 4022 1846 4074 de
1891 4000 2052 4089 ipsius

469 4118 719 4190 Cypriani
756 4117 965 4180 litteris,
997 4114 1145 4176 satis,
1171 4120 1225 4163 nt
1251 4111 1502 4168 arbitror,
1531 4111 2046 4166 demonstravimus:

470 4227 604 4279 quos
627 4226 728 4262 non
757 4209 1022 4276 pertinere
1047 4205 1110 4258 ad
1141 4213 1376 4256 Sanctam
1407 4203 1696 4257 Ecclesizun
1726 4205 1840 4268 Dei,
1865 4221 2052 4274 quam-

471 4302 553 4354 vis
579 4301 719 4352 intus
744 4314 863 4352 esse
892 4297 1192 4356 videantur,
1219 4310 1280 4346 ex
1312 4296 1411 4348 hoc
1431 4295 1768 4362 apertissime
1795 4306 2045 4364 apparet,

471 4392 592 4458 quia
613 4390 695 4442 isti
718 4396 840 4441 sunt
864 4387 1029 4447 avari,
1054 4396 1313 4451 raptores,
1349 4386 1695 4449 feneratores,
1729 4386 1910 4449 invidi,
1935 4403 2050 4439 ma-

471 4483 668 4541 levoli,
713 4491 766 4534 et
816 4491 1007 4534 emtera
1062 4477 1390 4544 hujusmodi;
1439 4477 1523 4530 illa
1575 4487 1750 4531 autem
1805 4478 2048 4532 Columba

471 4576 622 4629 unica
656 4571 824 4645 (Cant.
854 4587 924 4634 vt,
953 4568 1029 4641 8),
1067 4568 1250 4638 pudica
1285 4579 1335 4620 et
1362 4577 1538 4633 casta,
1569 4583 1765 4638 sponsa
1796 4569 1912 4622 sine
1939 4587 2050 4621 ma-

468 4667 584 4720 cula
615 4677 668 4720 et
709 4680 834 4732 ruga
877 4662 1108 4732 (Ep/tes.
1137 4677 1188 4721 ν,
1215 4658 1322 4727 9.7)
1363 4657 1462 4729 (α),
1510 4659 1693 4713 hortus
1731 4660 2046 4725 conclusus,

469 4760 585 4812 fons
613 4759 868 4825 signatus,
900 4755 1173 4824 paradisus
1199 4767 1316 4805 cum
1348 4752 1515 4805 fructu
1548 4767 1827 4817 pomorum
1859 4750 2043 4823 (Cant.

469 4868 538 4912 tv,
572 4853 652 4912 lit,
683 4831 878 4920 15).let
908 4856 1096 4902 etctera
1125 4863 1243 4914 quae
1264 4845 1330 4898 de
1354 4846 1436 4897 illa
1465 4845 1710 4898 similiter
1736 4845 1872 4899 dicta
1895 4856 2045 4899 sunt:

467 4944 606 5011 quod
637 4957 738 4993 non
771 4940 1080 5007 intelligitur
1111 4938 1209 4990 nisi
1237 4937 1286 4988 in
1319 4935 1469 4988 bonis
1491 4944 1545 4988 et
1569 4936 1764 4988 sanctis
1793 4944 1844 4988 et
1867 4937 2044 5004 jnstis,

468 5036 519 5090 id
551 5045 650 5097 est,
686 5050 787 5087 non
821 5042 1021 5085 tantum
1066 5029 1354 5084 secundum
1386 5029 1723 5096 operationes
1765 5045 2046 5082 numerum

470 5126 561 5179 ltei
595 5127 744 5178 bonis
771 5123 1025 5190 malisque
1051 5135 1360 5173 Communes
1381 5159 1396 5182 ,
1438 5117 1531 5171 sed
1571 5119 1727 5171 etiam
1758 5119 2045 5171 secundum

471 5219 707 5271 intimam
730 5225 782 5268 et
812 5211 1292 5280 supereminentcnt
1316 5210 1624 5262 charitatcm
1648 5209 1898 5277 Spiritum
1928 5224 2048 5262 san-

470 5321 612 5364 ctum
644 5305 978 5364 habentibus,
1010 5303 1200 5371 quibus
1241 5301 1496 5353 Dominus
1521 5300 1667 5357 dicit.
1703 5298 1763 5353 Si
1791 5300 1870 5351 (ui
1893 5299 2046 5352 dimi-

468 5395 631 5446 seritis
661 5402 883 5460 peccata,
911 5388 1224 5441 dimittantur
1253 5386 1298 5438 ci
1317 5401 1334 5448 ;
1356 5394 1400 5436 et
1425 5385 1465 5437 si
1495 5386 1575 5437 cui
1596 5384 1879 5450 immeritis,
1906 5393 2044 5437 leuc-

469 5486 651 5538 btmtur
681 5483 856 5555 (Joan.
887 5497 977 5539 xx.
1007 5476 1121 5550 ‘25).

539 5575 762 5631 CAPUT
793 5574 876 5629 IV.
897 5572 1040 5627 —-6.
1070 5573 1147 5626 Ac
1177 5584 1271 5640 per
1301 5567 1402 5623 hoc
1446 5567 1576 5622 nihil
1621 5567 1875 5622 idoneum
1905 5565 2004 5622 dici
2027 5610 2041 5634 ,

525 5729 598 5789 (η)
623 5733 656 5774 ιι
681 5736 902 5788 I'-3lr:tCt.,
927 5740 1027 5789 cap.
1061 5726 1131 5777 :8.

1234 280 1320 334 DE
1364 278 1694 332 B.\l‘TiS.il0
1733 277 2000 330 CONTIH
2049 276 2489 342 DGNRTiSlIH,
2525 277 2580 331 8.
2615 278 2976 333 AUGUSTINI

3627 286 3741 338 900

2160 410 2252 446 ear
2300 412 2402 446 non
2447 396 2610 462 possit
2639 398 2806 449 malus
2831 399 2987 450 etiam
3016 399 3224 452 tradere
3254 399 3578 468 Baptisnnun
3602 443 3615 464 ,
3648 405 3745 454 nui

2161 497 2333 555 potest
2376 489 2607 553 habere;
2642 500 2694 542 et
2725 493 2857 542 sicut
2905 492 3201 560 perniciose
3253 492 3410 547 habet
3433 537 3445 551 .
3481 495 3550 547 ita
3578 500 3740 549 etiam

2160 577 2460 646 perniciose
2493 578 2734 644 tradere;
2767 596 2869 632 non
2907 582 3026 648 quia
3061 583 3164 635 tale
3192 583 3384 649 aliquid
3419 586 3607 649 tradit,
3643 605 3746 640 nec

2159 667 2276 736 quia
2311 669 2428 722 talis
2466 670 2656 732 tradit,
2685 670 2775 724 sed
2798 673 2916 740 quia
2949 673 3035 725 taii
3069 672 3225 724 tradit
3255 674 3293 726 '.
3322 673 3451 726 Nam
3482 692 3600 728 eum
3631 694 3746 729 ina-

2163 757 2242 810 Ins
2285 759 2446 811 tradit
2491 759 2657 823 bono,
2709 760 2757 812 id
2798 770 2909 820 est,
2952 762 3000 813 itt
3043 762 3258 814 unitatis
3300 762 3538 828 vinculo,
3567 769 3743 820 veraci

2159 850 2508 905 conversione
2536 861 2758 915 mutato,
2786 851 2922 906 inter
2950 853 3141 906 buntnn
3169 853 3573 909 Sacramentum
3599 861 3743 924 quod

2163 943 2404 1009 traditur,
2429 954 2482 998 et
2509 945 2702 998 bonum
2732 945 2940 999 ﬁdelem
2969 947 3049 998 cui
3081 947 3320 1009 traditur,
3350 949 3605 1002 tradentis
3633 968 3750 1003 ina-

2160 1035 2268 1089 lilia
2316 1053 2421 1090 non
2468 1040 2738 1104 separat'.
2783 1037 2995 1090 Etcum
3043 1039 3113 1092 illi
3161 1041 3418 1094 veraciter
3462 1041 3526 1094 ad
3575 1043 3744 1097 Deum

2162 1141 2426 1181 c0uverso
2471 1140 2687 1197 peccata
2735 1129 3087 1193 dimittuntur,
3144 1131 3210 1182 ab
3257 1133 3334 1184 eis
3381 1133 3744 1200 dimittuntur,

2162 1217 2353 1284 quibus
2394 1218 2504 1285 ipsa
2529 1218 2548 1249 ³
2590 1222 2761 1272 veraci
2807 1221 3158 1273 conversione
3195 1223 3551 1291 cnnjungitnr.
3599 1225 3744 1278 Idem

2143 1313 2356 1406 .quippe
2401 1312 2629 1381 Spiritus
2675 1322 2889 1366 Sanctus
2930 1328 2991 1366 ea
3039 1313 3287 1377 dimittit,
3337 1317 3424 1384 qui
3472 1318 3623 1370 datus
3663 1328 3749 1371 est

2163 1403 2409 1456 Omnibus
2441 1404 2638 1456 sanctis
2677 1403 2774 1455 sibi
2817 1404 3074 1456 charitate
3099 1404 3517 1469 eohasrcntibus,
3546 1411 3655 1460 sive
3686 1426 3748 1462 se

2166 1493 2410 1545 nmeriut
2460 1493 2824 1562 corporaliter,
2873 1494 2984 1548 sive
3032 1510 3136 1547 non
3183 1498 3442 1550 noverint.
3487 1498 3748 1553 Similiter

2164 1596 2283 1635 cum
2326 1581 2546 1650 alicujus
2575 1593 2786 1650 peccata
2818 1592 3084 1649 tenentur,
3117 1586 3183 1639 ab
3211 1586 3289 1640 eis
3331 1587 3513 1656 utique
3559 1600 3747 1643 tenen-

2167 1681 2272 1736 tur,
2301 1688 2329 1725 a
2360 1673 2552 1741 quibus
2582 1690 2638 1727 se
2667 1673 2775 1735 ille,
2801 1675 2883 1726 cui
2919 1683 3183 1739 tenentur,
3211 1681 3335 1730 vita:
3355 1678 3748 1733 dissimilitudi-

2164 1777 2232 1815 ne
2255 1773 2304 1814 ct
2331 1763 2474 1831 pravi
2505 1763 2682 1816 c0rdis
2711 1765 2986 1818 aversione
3013 1765 3286 1835 disjungit,
3319 1768 3431 1822 sive
3462 1769 3602 1822 illttut
3626 1787 3751 1825 cor-

2166 1852 2418 1919 poraliter
2442 1854 2710 1919 noverint,
2735 1854 2845 1906 sive
2869 1841 2972 1907 non
2998 1857 3266 1909 noverint.

2234 1941 2459 1998 CAPUT
2504 1945 2562 1999 V.
2603 1975 2672 1984 -—-
2729 1947 2780 1998 7.
2841 1947 3170 2017 Quapropter
3218 1965 3405 2004 omnes
3463 1953 3584 2005 mali
3632 1954 3748 2024 spi-

2164 2033 2426 2089 ritualitet‘
2467 2052 2498 2090 a
2537 2036 2688 2090 bonis
2727 2037 2957 2106 ‘sejuncti
3022 2049 3143 2092 sunt
3193 2056 3204 2090 :
3262 2041 3304 2093 si
3348 2050 3525 2096 autem
3577 2048 3741 2097 etiam

2164 2131 2507 2199 Corporaliter
2543 2141 2727 2200 aperta
2775 2133 3105 2188 dissensione
3158 2146 3488 2204 separentur,
3539 2139 3749 2206 pejores

2167 2221 2321 2274 ﬁunt.
2365 2221 2490 2286 Sed,
2521 2231 2575 2275 ut
2609 2223 2806 2275 dictum
2841 2231 2943 2288 est,
2979 2224 3108 2276 nihil
3140 2224 3358 2278 interest
3384 2225 3448 2277 ad
3489 2225 3748 2293 Baptismi

2164 2317 2519 2381 sanctitatem,
2540 2325 2734 2383 quanto
2752 2319 2972 2386 quisque
2997 2317 3142 2384 pejor
3162 2317 3209 2369 id
3237 2317 3445 2383 habeat,
3471 2328 3524 2372 et
3547 2331 3749 2388 quanto

2165 2410 2316 2478 pejor
2343 2409 2391 2461 id
2421 2410 2623 2462 tradat:
2652 2418 2824 2478 potest
2853 2418 3028 2463 tamen
3058 2410 3264 2462 tradere
3290 2421 3585 2478 Separatus,
3610 2413 3748 2465 sicut

2164 2508 2340 2567 potest
2383 2499 2576 2553 habere
2619 2510 2928 2569 separatus;
2979 2501 3070 2554 sed
3114 2517 3269 2567 quam
3311 2502 3602 2570 perniciose
3647 2501 3745 2554 ha-

2164 2588 2310 2652 bere,
2339 2599 2448 2642 tam
2492 2591 2790 2659 perniciose
2835 2591 3062 2645 tradere.
3109 2592 3200 2645 Ille
3240 2604 3414 2645 autem
3445 2593 3528 2645 cui
3562 2594 3741 2659 tradit,

2162 2689 2336 2748 potest
2365 2681 2646 2735 salubriter
2685 2685 2945 2752 accipere,
2984 2683 3025 2734 si
3059 2683 3171 2751 ipse
3205 2699 3307 2736 non
3347 2695 3620 2751 separatus
3650 2701 3744 2738 ac-

2163 2771 2362 2838 cipiat:
2407 2772 2541 2825 sicut
2573 2773 2839 2842 plerisque
2869 2773 3060 2826 accidit
3091 2784 3146 2826 ιιι
3184 2773 3446 2828 catholico
3473 2776 3650 2828 animo
3691 2785 3748 2829 et

2161 2863 2323 2918 corde
2349 2863 2416 2917 ab
2449 2864 2650 2917 unitate
2693 2865 2835 2931 pacis
2867 2879 2968 2916 non
3001 2865 3249 2932 alienato,
3285 2866 3455 2934 aliqua
3506 2867 3744 2919 neceSsi-

2161 2963 2270 3008 tate
2299 2955 2485 3007 mortis
2511 2954 2744 3023 urgentis
2775 2955 2823 3006 in
2851 2955 3078 3023 aliquem
3111 2954 3414 3009 haereticum
3455 2957 3742 3022 irruerent,

2161 3058 2213 3103 et
2243 3051 2309 3103 ab
2356 3064 2421 3102 eo
2453 3045 2651 3103 Christi
2700 3048 3017 3117 baptismum
3063 3049 3178 3103 sine
3226 3050 3366 3103 illius
3396 3051 3746 3120 perversitate

2162 3140 2514 3210 perciperent,
2548 3149 2600 3195 et
2641 3141 2752 3195 sive
2797 3141 3053 3205 defuncti,
3102 3143 3213 3196 sive
3267 3144 3492 3210 liberati,
3541 3160 3744 3212 nequa-

2160 3247 2317 3302 quam
2344 3232 2484 3301 apud
2511 3249 2604 3287 eos
2633 3243 2989 3297 remanerent,
3021 3233 3085 3286 ad
3113 3251 3540 3306 quosautuqnam
3579 3238 3744 3291 corde

2162 3324 2500 3377 transierant.
2529 3324 2583 3378 Si
2615 3333 2790 3378 autem
2813 3325 2973 3377 etiam
3013 3325 3123 3393 ipse
3150 3335 3422 3393 separatus
3451 3329 3739 3394 acceperit,

2161 3423 2307 3468 tanto
2347 3415 2697 3484 perniciosius
2726 3416 2932 3486 accipit,
2962 3426 3160 3485 quanto
3179 3417 3381 3484 tnajus‘
3422 3419 3617 3471 bonum
3659 3430 3744 3472 est

2159 3504 2298 3573 quod
2331 3521 2433 3557 non
2466 3505 2599 3557 bene
2625 3505 2815 3572 accipit
2847 3522 2859 3556 :
2891 3515 2942 3558 et
2970 3515 3114 3558 tanto
3155 3507 3320 3575 magis
3361 3509 3501 3561 valet
3531 3509 3594 3562 ad
3624 3511 3742 3562 cxi-

2156 3595 2288 3648 tium
2333 3605 2596 3664 separato,
2638 3605 2835 3664 quanto
2865 3597 3034 3665 magis
3066 3607 3241 3664 posset
3283 3599 3346 3651 ad
3387 3601 3611 3654 Salutem
3647 3619 3743 3656 va-

2157 3684 2266 3738 lere
2305 3685 2612 3752 conjuncto.
2645 3686 2706 3737 Et
2740 3685 2858 3739 ideo
2883 3685 2927 3738 si
2967 3686 3033 3737 ab
3080 3686 3161 3739 illa
3193 3689 3532 3756 perversitate
3557 3705 3746 3744 eoi-rc-

2157 3783 2295 3839 ctus,
2318 3784 2370 3828 et
2396 3790 2424 3826 a
2449 3775 2781 3842 separatione
2803 3789 3089 3829 conversus
3114 3777 3315 3829 venerit
3338 3776 3404 3830 ad
3421 3778 3740 3833 catholicam

2157 3881 2364 3935 pacem,
2390 3866 2486 3917 sub
2515 3866 2702 3919 eodem
2745 3865 3066 3934 Baptismate
3097 3867 3234 3934 quod
3275 3877 3581 3935 acceperat,
3622 3870 3741 3936 ejus

2159 3966 2370 4025 peccata
2403 3957 2740 4009 dimittuntur
2779 3966 2994 4026 propter
3025 3958 3290 4011 vinculum
3320 3957 3614 4024 charitatis,
3637 3962 3741 4014 sub

2155 4063 2261 4116 quo
2293 4048 2611 4116 Baptismate
2649 4057 2860 4116 peccata
2889 4048 3003 4118 ejus
3049 4050 3362 4103 tenebantur
3408 4061 3621 4119 propter
3647 4067 3738 4104 sa—

2156 4144 2428 4213 crilegium
2451 4141 2727 4196 divisionis
2752 4160 2764 4195 :
2797 4144 2917 4211 quia
2961 4142 3084 4196 illud
3114 4152 3166 4196 ct
3194 4144 3242 4195 in
3277 4145 3488 4198 homine
3513 4143 3656 4211 justo
3681 4154 3739 4200 et

2158 4234 2207 4286 in
2241 4234 2452 4289 homine
2481 4233 2675 4302 injusto
2726 4248 2936 4300 semper
2976 4243 3217 4286 sanctum
3264 4242 3363 4296 est,
3393 4233 3530 4302 quod
3562 4251 3737 4303 neque

2155 4326 2404 4391 (equitate
2449 4325 2670 4394 alicujus
2717 4334 2959 4393 augetur,
2989 4340 3160 4394 neque
3189 4325 3411 4394 alicujus
3461 4325 3735 4396 iniquitate

2157 4417 2432 4470 tuimtitttr.

2227 4510 2278 4558 8.
2319 4505 2446 4572 Qua:
2476 4520 2596 4557 cum
2630 4504 2696 4557 ita
2729 4503 2853 4567 sint,
2883 4504 3007 4573 quid
3036 4504 3156 4559 huic
3185 4513 3288 4558 tam
3322 4506 3613 4576 perspicua:
3642 4525 3735 4561 ve-

2156 4598 2292 4650 ritati
2333 4597 2516 4655 ofﬁcit.
2553 4596 2691 4666 quod
2721 4596 2867 4649 multi
2899 4599 3196 4668 coepiscopi
3222 4597 3483 4668 Cypriane
3513 4601 3562 4652 in
3593 4602 3738 4655 illam

2156 4691 2472 4743 sententiain
2521 4698 2926 4752 cmucnserunt,
2975 4703 3203 4757 suasque
3256 4692 3304 4741 in
3357 4690 3495 4745 idem
3541 4707 3741 4744 convc-

2157 4782 2362 4835 trientes
2393 4781 2632 4849 proprias
2659 4779 3010 4847 protulerunt,
3045 4780 3141 4832 nisi
3181 4789 3236 4831 ut
3268 4779 3433 4850 magis
3464 4781 3756 4850 uiagisqne'

2157 4873 2291 4925 illitis
2324 4873 2416 4926 viri
2436 4888 2556 4940 erga
2577 4871 3038 4924 unitateutCltristi
3061 4869 3289 4922 charitas
3316 4873 3650 4925 innotescat?
3680 4874 3736 4928 Si

2154 4965 2293 5017 enim
2323 4963 2468 5016 solus
2507 4963 2601 5015 ista
2632 4961 2868 5015 sentiens
2907 4961 3051 5014 nullo
3080 4964 3444 5016 consentiente.
3489 4981 3738 5018 remane-

2153 5064 2252 5115 ret,
2285 5056 2551 5107 videretur
2589 5063 2868 5124 pr0pterca
2900 5052 3203 5122 refriguisse
3243 5054 3308 5107 ab
3353 5055 3553 5108 scelere
3594 5056 3739 5107 scb‘-

2153 5148 2358 5214 sumtis,
2378 5147 2497 5217 quia
2526 5147 2699 5200 socios
2727 5163 2828 5198 non
2860 5145 3160 5200 inveniebat
3185 5145 3414 5199 Cl‘t‘ot'is:
3453 5155 3558 5198 tam
3597 5150 3736 5202 Illlli"

2218 5347 2234 5379 ί
2260 5345 2583 5394 t.ovanieuses
2619 5343 2756 5391 libris
2781 5342 3180 5404 omnibuseditis
3221 5349 3270 5390 et
3297 5343 3633 5404 manuseriptis
3657 5356 3740 5388 ie-

2151 5408 2442 5518 luctputibus
2463 5411 2801 5463 correxerunt,
2836 5417 2923 5454 nec
2946 5403 3058 5468 quia
3082 5407 3166 5455 tuli
3190 5405 3357 5464 tradit,
3387 5405 3471 5453 sed
3497 5403 3610 5467 quia
3623 5405 3740 5453 talis

2151 5478 2244 5518 trat
2266 5477 2316 5518 tt.

2149 5470 2316 5522 tradit.

2215 5537 2234 5563 ²
2255 5541 2376 5588 Απι.,
2414 5526 2598 5578 malitia
2633 5535 2903 5586 separatur.
2932 5534 3003 5577 Er.
3033 5537 3083 5577 et
3102 5541 3273 5578 omnes
3294 5534 3420 5588 ωιτη,
3441 5524 3627 5578 malitia
3650 5541 3727 5577 su-

2151 5601 2350 5659 peratur
2365 5605 2389 5659 ;_
2403 5593 2586 5659 omissa
2601 5597 2816 5650 negante
2840 5599 2988 5653 partic
3004 5595 3082 5641 Ila.

2216 5659 2236 5721 ξ’
2263 5650 2390 5716 Apud
2416 5661 2545 5710 t.ov.,
2568 5650 2686 5711 ipse.
2723 5711 2733 5721 ‘

2216 5719 2236 5748 δ
2260 5726 2360 5764 Aut.
2383 5723 2432 5764 et
2458 5723 2580 5773 3:55.,
2603 5719 2772 5774 magis.
