4024 6196
272 488 333 538 tis
382 492 561 536 autem
618 478 716 535 sibi
768 480 1239 542 consentientibus,
1282 476 1419 547 quod
1474 492 1591 530 cum
1634 474 1843 530 caneris

270 578 473 632 diversa
507 575 854 629 sentientibus
885 574 935 626 in
981 574 1183 626 unitate
1230 570 1535 640 permansit,
1569 566 1847 623 catholica:

270 666 625 725 universitatis
650 666 1046 721 sanctissimum
1078 663 1368 725 vinculum,
1401 676 1504 715 non
1534 661 1725 715 timore
1754 671 1845 714 so-

269 761 522 825 litudinis,
554 758 646 814 sed
682 758 825 827 pacis
860 771 1041 811 amore
1069 759 1320 810 servavit.
1366 752 1701 822 Quapropter
1727 763 1850 820 pos-

270 862 346 907 sct
376 851 590 921 quidem
627 849 736 919 jam
767 848 933 902 videri
964 846 1311 916 superfluum,
1342 854 1658 899 cteterorum
1686 842 1847 896 etiam

273 944 409 999 illius
445 940 656 996 concilii
703 940 1071 1009 episc0porutn
1124 937 1358 1005 singulas
1407 945 1700 989 retractare
1727 948 1851 988 scn-

272 1034 492 1088 teutias:
517 1031 613 1085 sed
634 1032 882 1100 quoniam
913 1029 1073 1083 corde
1100 1028 1360 1082 tardiores
1382 1041 1486 1081 non
1516 1034 1701 1096 putant
1732 1038 1852 1080 esse

273 1139 603 1193 responsum,
635 1122 680 1176 si
710 1123 863 1175 alicui
914 1123 1032 1177 loco
1066 1120 1321 1190 cujusque
1351 1118 1614 1173 sermonis
1644 1131 1749 1171 non
1779 1116 1853 1172 ibi

272 1215 359 1269 sed
389 1215 515 1268 alibi
548 1212 951 1283 respondeatur,
975 1212 1114 1281 quod
1154 1211 1275 1265 illuc
1305 1210 1465 1265 etiam
1495 1207 1661 1279 possit
1696 1205 1853 1261 adbi-
1892 1226 1897 1227 ί

274 1306 417 1370 beri;
463 1306 654 1360 melius
695 1306 917 1359 multum
958 1303 1182 1373 legendo
1221 1310 1520 1357 atteruntur
1556 1307 1615 1355 ut
1651 1314 1852 1355 acuan-

273 1408 373 1461 tur,
406 1412 564 1466 quam
594 1410 782 1467 parum
831 1394 1177 1465 intelligendo
1205 1400 1603 1465 conquerantur
1629 1399 1689 1446 ut
1730 1389 1855 1446 red-

274 1499 581 1558 arguantur.

337 1581 566 1636 CAPUT
608 1580 692 1634 VI.
733 1610 806 1621 -—
840 1578 895 1634 9.
948 1578 1184 1634 Primum
1222 1591 1351 1647 ergo
1389 1576 1556 1648 ipsius
1601 1575 1855 1647 Cypriani

270 1671 737 1734 consultationem,
758 1685 861 1739 qua
888 1669 1153 1725 indicatur
1174 1669 1349 1723 anima
1371 1667 1590 1739 pacillca
1616 1675 1669 1722 et
1688 1681 1857 1722 εχιιιιο

269 1763 404 1818 dans
429 1763 591 1817 ubere
618 1761 914 1828 charitatis,
949 1761 1088 1816 unde
1113 1760 1393 1816 consilium
1422 1759 1597 1829 ipsum
1643 1758 1850 1827 incipit,

271 1854 466 1909 iterum
495 1853 938 1908 considerandam
964 1867 1464 1907 commemoremus.
1498 1852 1739 1916 Audistis,
1777 1850 1856 1903 in-

268 1946 404 2012 quit,
444 1944 655 2013 collega:
686 1942 1020 2007 dilectissimi,
1059 1943 1182 2014 quid
1212 1943 1333 1995 mihi
1359 1940 1643 1995 Jubaianus
1690 1942 1859 2010 coepi-

268 2054 453 2107 scOpus
500 2048 666 2089 noster
694 2036 966 2105 scripserit,
1008 2035 1277 2088 consulens
1327 2034 1714 2085 mediocritatem
1766 2047 1858 2085 no-

268 2140 428 2183 stram
455 2129 517 2181 de
554 2128 731 2180 illicito
768 2136 813 2180 et
850 2130 1065 2197 profano
1105 2125 1454 2177 ha'reticorum
1481 2119 1781 2193 Baptismo;
1811 2130 1859 2175 et

268 2219 395 2288 quid
443 2235 533 2289 ego
578 2218 622 2271 ei
666 2218 1029 2285 rescripserim,
1057 2230 1262 2269 censeas
1309 2215 1497 2268 scilicet
1533 2213 1669 2282 quod
1706 2212 1858 2267 semel

267 2322 422 2377 atque
449 2310 627 2362 iterant
657 2317 702 2361 et
729 2324 864 2375 stupe
882 2308 1186 2371 censuimus,
1204 2306 1460 2358 ltwreticos
1484 2304 1550 2357 ad
1579 2302 1859 2357 Ecclesium

265 2402 542 2465 venientes,
576 2399 823 2453 Ecclesia:
873 2398 1134 2467 Baptisnto
1176 2397 1421 2466 baptizari
1464 2405 1512 2449 et
1553 2394 1861 2463 sanctiﬁcari

265 2502 521 2561 oportere.
552 2491 683 2543 ltem
704 2489 845 2543 lecta:
867 2499 981 2542 sunt
1021 2489 1156 2543 vobis
1181 2498 1226 2541 et
1251 2488 1369 2541 alite
1390 2487 1633 2541 Jubaiani
1657 2487 1857 2552 littera,

262 2586 454 2652 quibus
488 2599 579 2650 pro
614 2598 709 2634 sua
740 2582 933 2633 sincera
960 2589 1008 2633 et
1047 2580 1283 2650 religiosa
1320 2579 1601 2641 devotione,
1646 2579 1715 2631 ad
1749 2577 1861 2647 epi-

265 2674 462 2729 stolam
490 2682 717 2725 nostram
754 2671 1051 2736 rescribens,
1082 2687 1185 2723 non
1226 2679 1420 2722 tantum
1464 2669 1732 2734 consensit,
1779 2668 1865 2722 sed

264 2773 308 2817 et
338 2765 649 2817 instructum
674 2777 729 2815 se
763 2776 868 2815 esse
893 2762 1083 2831 gratias
1119 2761 1236 2830 egit.
1286 2758 1527 2829 Superest
1567 2767 1621 2811 ut
1660 2758 1723 2812 de
1771 2759 1867 2811 hac

176 2900 183 2909 .
269 2854 392 2922 ipsa
435 2868 492 2906 re
535 2851 724 2920 singuli
767 2851 888 2919 quid
916 2851 1191 2904 sentiamus
1221 2853 1578 2919 proferamus;
1620 2851 1868 2905 neminem

270 2944 578 3009 iudicantes,
608 2950 695 2995 aut
716 2959 746 2992 a
757 2942 878 3010 jure
891 2941 1257 2995 communionis
1273 2941 1511 3010 aliquem,
1543 2941 1589 2994 si
1615 2940 1867 2994 diversum

270 3034 517 3096 senserit,
565 3040 865 3087 (innocentes.
922 3030 1103 3101 Neque
1142 3032 1276 3084 enim
1324 3032 1588 3101 quisquam
1637 3041 1867 3086 nostrum

273 3128 575 3195 episcopum
594 3140 649 3178 se
668 3124 1019 3193 episcoporum
1053 3121 1329 3187 constituit,
1361 3131 1451 3174 aut
1478 3121 1740 3191 tyrannica
1769 3132 1867 3175 ter-

273 3234 392 3272 rore
416 3218 485 3270 ad
529 3215 827 3286 obsequendi
870 3216 1213 3268 necessitatem
1254 3214 1472 3284 collegas
1515 3230 1634 3267 suos
1662 3213 1867 3285 adigit:

274 3310 481 3378 (ualido
507 3307 681 3362 habeat
706 3307 869 3361 omnis
892 3306 1158 3375 episcopus
1185 3320 1276 3373 pro
1307 3305 1507 3358 licentia
1535 3304 1782 3360 libertatis
1817 3315 1865 3359 et

276 3402 538 3473 potestatis
567 3416 673 3453 sua:
700 3400 965 3453 arbitrium
1010 3399 1293 3467 proprium,
1323 3406 1523 3465 tamque
1538 3396 1766 3466 judicari
1804 3396 1865 3451 ab

276 3494 382 3549 alio
408 3510 508 3548 non
536 3493 712 3562 possit,
736 3508 885 3561 quam
914 3507 1005 3545 nec
1032 3491 1141 3559 ipse
1171 3499 1327 3559 potest
1350 3491 1563 3544 alterum
1596 3491 1863 3561 judicare;

276 3584 363 3638 sed
391 3592 731 3652 exspectemus
764 3581 981 3635 universi
1014 3580 1269 3652 judicium
1298 3577 1508 3633 Domini
1554 3580 1712 3634 nostri
1740 3580 1865 3636 Jesu

276 3676 486 3740 Christi,
511 3677 597 3745 qui
636 3692 766 3729 unus
804 3683 849 3728 et
875 3673 1012 3728 solus
1051 3674 1196 3728 habet
1232 3682 1523 3741 potestatem
1567 3683 1615 3728 et
1661 3690 1864 3745 pra-po-

282 3769 435 3824 nendi
476 3784 570 3822 nos
611 3768 661 3820 in
714 3766 956 3821 Ecclesia:
997 3782 1103 3820 sum
1151 3765 1529 3836 gubernatione,
1565 3767 1707 3822 etde
1747 3776 1867 3821 actu

283 3869 455 3913 nostra
472 3857 742 3926 judicandi
770 3856 863 3927 (In
887 3857 1101 3910 concilio
1125 3853 1563 3926 Carthaginensi).

352 3947 582 4004 CAPUT
624 3946 736 4002 Vll.
758 3976 829 3986 —
869 3945 957 4001 l0.
998 3945 1114 3999 iam
1145 3944 1295 4009 satis,
1328 3951 1583 4013 quantum
1614 3944 1862 4007 arbitror,

286 4056 392 4097 non
423 4041 596 4096 solum
627 4039 693 4093 ad
720 4038 1001 4108 epistolam
1030 4050 1186 4104 quam
1222 4034 1482 4090 Jubaiano
1507 4034 1741 4104 scripsit,
1772 4035 1867 4089 sed

282 4136 445 4191 etiam
481 4132 549 4187 ad
579 4132 719 4186 illam
757 4145 917 4201 quam
960 4128 1027 4182 ad
1055 4126 1311 4195 Quintum
1333 4126 1502 4189 dedit,
1529 4138 1580 4181 et
1605 4126 1673 4181 ad
1722 4125 1866 4182 illam

284 4241 445 4296 quam
473 4238 593 4278 cum
624 4219 938 4292 quibusdam
967 4216 1188 4287 collegis
1214 4216 1281 4271 ad
1325 4217 1583 4286 quosdam
1612 4217 1865 4287 colligas,

288 4327 344 4373 et
366 4317 434 4372 ad
464 4315 608 4371 illam
639 4328 797 4382 quam
826 4311 893 4366 ad
939 4307 1269 4379 Pompeium,
1297 4316 1551 4377 quantum
1583 4308 1866 4377 potuimus,

290 4424 388 4477 pro
431 4405 773 4461 universitate
817 4401 1092 4458 catholica:
1137 4399 1503 4455 consensionis
1550 4409 1709 4470 atque
1737 4414 1867 4454 con-

288 4499 419 4565 cilii,
452 4500 505 4554 in
536 4499 687 4567 cujus
713 4495 916 4551 unitate
945 4493 1030 4549 isti
1062 4503 1308 4563 tanquam
1340 4491 1420 4562 pia
1450 4493 1686 4547 membra
1717 4508 1870 4546 man-

291 4598 492 4655 serunt,
527 4588 677 4643 libris
706 4585 1068 4657 superioribus
1094 4583 1499 4652 disputavimus.
1538 4582 1872 4652 QuaprOpter

289 4682 395 4751 jam
426 4690 782 4751 opportunum
808 4676 1043 4741 videtur,
1073 4674 1196 4744 quid
1230 4674 1390 4729 etiam
1421 4673 1600 4728 caeteri
1639 4673 1872 4743 singilla-

295 4774 387 4827 tim
424 4772 733 4827 ccnsuerint
770 4760 1112 4823 considerare
1141 4780 1200 4820 ea
1250 4765 1689 4835 libertate,quam
1722 4766 1873 4821 nobis

292 4864 454 4921 etiam
484 4864 597 4933 ipse
629 4879 733 4916 non
775 4860 1066 4931 abrogavit,
1100 4858 1301 4922 dicens,
1332 4856 1597 4911 Neminem
1630 4858 1875 4928 judican-

292 4966 386 5019 tes,
411 4966 496 5008 aut
532 4972 563 5006 a
595 4954 716 5023 jure
743 4950 1107 5006 conuttuuionis
1135 4949 1374 5017 aliquem,
1403 4948 1447 5001 si
1475 4948 1724 5001 diversum
1761 4965 1878 5002 sen-

294 5049 433 5107 serit,
461 5057 763 5099 amat-entes.
797 5042 947 5111 Quod
992 5055 1111 5096 eum
1165 5054 1268 5092 non
1302 5040 1317 5070 ¹
1340 5048 1614 5107 propterea
1646 5038 1872 5103 dixisse,

297 5148 353 5191 ut
374 5137 723 5207 cogitationes
755 5134 944 5189 tacitas
966 5131 1312 5199 collegarum,
1342 5137 1588 5198 tanquam
1610 5129 1677 5182 de
1695 5128 1877 5182 abdito

296 5238 481 5284 erutas
523 5227 611 5281 tali
644 5226 932 5281 securitate
962 5228 1219 5291 captaret,
1251 5218 1344 5273 sed
1375 5217 1514 5288 quod
1553 5233 1736 5273 revera
1783 5233 1876 5288 pa-

297 5337 418 5375 rem
451 5320 815 5388 unitatemque
844 5316 1108 5386 diligeret,
1137 5328 1200 5366 cx
1244 5312 1361 5365 aliis
1403 5310 1666 5365 similibus
1697 5310 1879 5365 videre

300 5410 610 5463 .‘acilliinnm
662 5416 777 5470 e~t,
823 5408 910 5460 ubi
955 5404 1019 5459 ad
1062 5403 1299 5473 singulos
1348 5401 1582 5471 scripsit,
1631 5401 1768 5455 sicut
1813 5399 1879 5457 ad

296 5500 475 5569 ipsum
519 5500 855 5555 Jubaianutn.
901 5496 1026 5551 llatc
1068 5495 1176 5559 tibi,
1220 5492 1409 5562 inquit,
1460 5491 1741 5557 brevissime
1790 5507 1881 5561 pro

300 5601 475 5645 nostra
502 5591 842 5645 mediocritate
868 5601 1233 5657 rescripsimus,
1264 5587 1421 5653 frater
1446 5581 1761 5648 charissinte,
1792 5598 1882 5635 ne-

368 5745 387 5776 ·
414 5750 459 5793 tu
485 5747 648 5794 editis:
674 5744 858 5792 additur
880 5743 975 5801 lnc,
992 5746 1123 5803 puto,
1135 5738 1262 5802 quod
1285 5738 1490 5789 verbum
1513 5736 1771 5800 redundat,
1793 5749 1886 5788 nec

299 5816 379 5852 esi
404 5811 456 5861 tu
479 5810 730 5866 muntzset‘i;
753 5809 828 5854 lis.

690 5889 962 5948 i‘A‘t‘tttn“
1009 5883 1223 5942 XLlll.

1623 361 1821 419 LIBER
1864 359 2150 421 SEXTUS.

3452 266 3613 284 ..δ-..Α

3425 374 3530 435 20‘!

1960 475 2083 529 mini
2108 478 2500 543 praescribentes,
2529 489 2616 532 aut
2654 481 3065 551 prtejudicantes,’
3088 487 3350 553 quominus
3375 478 3556 539 unus?

1954 565 2160 635 quisque
2196 567 2547 639 episcoporum
2572 572 2709 641 quod
2734 581 2874 641 putat
2911 574 3085 641 faciat,
3129 574 3315 629 habens
3343 576 3540 628 arbitrii

1954 660 2037 711 sui
2065 657 2271 713 liberam
2298 670 2613 730 potestatem.
2642 663 2706 717 Et
2736 680 2802 719 ne
2828 668 3127 735 quisquam,
3151 668 3193 721 si
3226 667 3323 723 hac
3350 669 3537 723 cadent

1958 747 2122 803 libera
2154 760 2412 819 potestate
2438 752 2649 809 diversa
2679 756 2916 821 sentiret,
2946 758 3221 825 pellendus
3250 775 3278 812 a
3310 771 3539 815 caetero-

1958 856 2073 893 runt
2104 844 2373 896 consortio
2405 844 2687 909 videretur,
2710 847 2946 915 sequitur
2972 856 3024 901 et
3050 849 3196 912 dicit,
3226 848 3354 914 Nos,
3376 866 3539 917 quan-

1959 939 2061 982 tum
2086 932 2139 983 in
2168 933 2310 984 nobis
2341 943 2431 997 est,
2465 945 2668 1005 prapter
2701 936 2960 991 Ita'reticos
2993 955 3105 992 cum
3138 942 3342 1013 collegis
3376 953 3423 995 et
3455 957 3539 996 co-

1958 1023 2202 1093 episcopis
2241 1027 2423 1079 nostris
2452 1043 2550 1079 non
2572 1029 2937 1093 contendimus,
2971 1046 3084 1083 cum
3109 1033 3287 1100 quibus
3317 1034 3538 1086 divinant

1958 1114 2278 1167 concordiam
2322 1126 2369 1170 et
2411 1117 2712 1170 dominicam
2762 1135 2934 1187 pacem
2980 1129 3203 1175 tenemus
3229 1137 3249 1175 :
3285 1134 3339 1176 et
3385 1123 3540 1191 paulo

1960 1212 2097 1273 rest,
2131 1203 2391 1273 Servatur,
2425 1206 2613 1276 inquit,
2645 1224 2677 1259 a
2704 1207 2844 1261 nobis
2872 1209 3119 1279 patienter
3146 1221 3191 1264 et
3218 1210 3394 1266 leniter
3418 1213 3539 1265 cho-

1958 1295 2082 1348 ritas
2134 1297 2295 1349 animi
2331 1297 2547 1367 collegii,
2581 1297 2762 1364 honor,
2807 1299 3063 1353 vinculum
3102 1302 3240 1369 ﬁdei,
3270 1306 3541 1357 concordia

1957 1386 2226 1439 sacerdotii
2250 1386 2445 1459 (Epist.
2469 1389 2582 1457 75).
2607 1387 2697 1444 Sic
2719 1398 2774 1444 et
2802 1390 2854 1445 in
2884 1390 3107 1460 epistola
3136 1406 3295 1462 quam
3326 1394 3539 1463 scripsit

1958 1476 2022 1529 ad
2069 1477 2336 1547 Magnum,
2366 1494 2488 1533 cum
2532 1480 2599 1535 de
2637 1481 2906 1551 Baptismo
2956 1484 3240 1539 tinctorum
3268 1495 3322 1541 et
3353 1487 3536 1556 perlu-

1958 1580 2138 1621 serum
2168 1579 2517 1638 quaereretur,
2546 1578 2721 1625 tttrum
2750 1572 2949 1642 aliquid
2980 1572 3263 1630 interesset
3290 1592 3305 1631 :
3341 1580 3457 1645 Qua
3481 1580 3547 1633 in

1961 1670 2120 1726 parte,
2152 1661 2339 1731 inquit,
2364 1664 2550 1717 nemini
2569 1664 2867 1718 verecundia
2883 1672 2930 1718 et
2950 1667 3193 1722 modestia
3220 1679 3393 1724 nostra
3416 1687 3553 1743 prc-

1951 1751 2173 1821 judicat,
2200 1755 2466 1822 quominus
2498 1757 2840 1827 unusquisque
2876 1758 3011 1827 quod
3049 1763 3296 1830 putaverit
3337 1767 3549 1828 sentiat,

1960 1843 2161 1910 etquod
2191 1846 2400 1898 senserit
2427 1847 2582 1915 faciat
2610 1846 2799 1918 (Epist.
2825 1848 2935 1917 69).
2964 1848 3166 1915 Quibus
3190 1852 3304 1921 ejus
3332 1870 3547 1909 sermo-

1961 1932 2116 1987 nibus
2143 1935 2272 1988 satis
2298 1946 2540 2005 apparet,
2569 1937 2662 1992 illo
2692 1947 2931 2008 tempore
2955 1938 3023 1993 ab
3053 1940 3131 1995 cis
3159 1943 3258 1997 ista
3292 1959 3411 1999 esse
3433 1955 3545 2000 tra-

1959 2033 2121 2088 Ctata,
2148 2038 2254 2095 quo
2279 2026 2517 2083 nondum
2547 2028 2815 2083 declarata
2855 2030 2971 2086 sine
2998 2032 3278 2104 ambagine
3321 2016 3536 2094 haurie-

1962 2114 2173 2182 bantur,
2199 2117 2295 2171 sed
2338 2117 2513 2174 adhuc
2557 2120 2735 2175 clausa
2780 2137 2974 2192 magno
3016 2124 3293 2182 molimine
3330 2145 3539 2198 qua-re-

1962 2204 2174 2260 bantur.
2204 2205 2315 2261 Nos
2350 2221 2479 2279 ergo
2504 2208 2613 2278 jam
2640 2209 2707 2266 de
2747 2211 3001 2282 Baptismi
3044 2214 3385 2285 simplicitate
3427 2220 3543 2274 ubi-

1961 2312 2065 2368 que
2092 2298 2514 2369 agnoseendam‘
2560 2303 3001 2359 consuetudinem
3051 2306 3313 2362 universa:
3352 2310 3541 2365 Eccle-

1963 2390 2078 2457 sim,
2103 2390 2265 2447 etiam
2295 2392 2537 2447 conciliis
2580 2394 2970 2451 universalibus
3012 2398 3314 2454 roboratam
3346 2409 3537 2455 tenen-

1964 2488 2067 2544 tcs,
2084 2491 2302 2553 accepta
2321 2496 2532 2554 quoque
2551 2500 2617 2540 ex
2644 2485 2820 2541 verbis
2835 2485 3083 2557 Cypriani
3107 2489 3307 2559 majore
3330 2489 3541 2558 liducia,

1966 2586 2062 2640 per
2090 2589 2207 2642 quas
2250 2574 2379 2629 mihi
2418 2578 2579 2631 etiam
2610 2586 2736 2632 tunc
2771 2577 2956 2634 liceret
2981 2581 3127 2635 salvo
3160 2581 3280 2651 jure
3305 2598 3549 2637 comnm-

1969 2665 2145 2719 niouis
2168 2665 2380 2722 diversa
2407 2670 2628 2733 sentire,
2657 2670 2860 2726 unitate
2888 2670 3103 2740 quidem
3148 2674 3362 2742 praelata
3391 2684 3549 2745 atque

1968 2753 2200 2822 laudata,
2244 2757 2452 2826 qualem
2497 2759 2682 2814 beatus
2705 2760 3005 2830 Cyprianus
3051 2771 3101 2816 et
3146 2762 3262 2833 ejus
3301 2765 3544 2834 collegm,

1967 2846 2059 2916 qui
2103 2861 2225 2902 cum
2265 2863 2331 2903 eo
2372 2850 2657 2904 concilium
2706 2850 2834 2905 illud
2882 2851 3142 2919 fecerunt,
3189 2869 3309 2909 cum
3342 2854 3553 2911 diversa

1969 2940 2323 2996 sentientibus
2350 2949 2658 3008 tenuerunt,
2692 2942 3067 2999 haereticorum
3101 2954 3156 3001 et
3183 2946 3553 3004 Schismaticu-

1971 3045 2087 3085 rum
2136 3030 2420 3086 seditiosas
2448 3033 2746 3088 calumnias
2795 3034 3164 3103 proturbantes
3210 3045 3369 3106 atque
3398 3053 3554 3093 ever-

1971 3128 2147 3176 teutes
2177 3123 2229 3177 in
2257 3123 2474 3177 nomine
2504 3122 2714 3178 Domini
2742 3125 2909 3179 nostri
2939 3124 3065 3179 Jcsu
3094 3125 3314 3192 Christi,
3343 3128 3432 3198 qui
3460 3144 3557 3198 per

1968 3213 2282 3281 Apostolum
2310 3228 2463 3269 suum
2494 3214 2720 3284 loquens
2761 3214 2853 3279 ait,
2888 3214 3202 3283 Suﬂ'erentes
3245 3219 3455 3273 invicem
3500 3222 3554 3275 in

1969 3302 2276 3367 dilectione;
2315 3304 2570 3359 studentes
2595 3322 2796 3359 servare
2823 3307 3065 3361 unitatem
3112 3309 3321 3379 spiritus
3348 3311 3399 3364 in
3442 3312 3554 3365 uin-

1969 3394 2084 3447 culo
2127 3395 2266 3464 pacis
2291 3394 2507 3467 (Ephes.
2536 3410 2611 3459 iv,
2633 3395 2688 3462 2,
2722 3396 2816 3467 5);
2856 3412 2953 3467 per
2988 3415 3145 3467 quem
3168 3401 3329 3455 etiam
3358 3403 3451 3468 ait,
3494 3407 3553 3460 Si

1969 3485 2091 3555 quid
2113 3486 2259 3540 aliter
2282 3484 2479 3557 sapitis,
2507 3488 2562 3541 id
2587 3504 2784 3559 quoque
2802 3488 2941 3544 vobis
2970 3489 3106 3545 Deus
3134 3493 3369 3547 reuelabit
3398 3492 3558 3563 (Phi.

1970 3576 2098 3648 lipp.
2148 3594 2224 3644 tl,
2274 3580 2413 3651 15):
2466 3590 2774 3636 sanctorum
2818 3582 3190 3654 episcoporum
3241 3586 3554 3651 sententias,

1969 3669 2118 3723 salvo
2155 3684 2274 3722 cum
2302 3670 2382 3724 cis
2411 3670 2623 3726 vinculo
2655 3673 2871 3727 unitatis
2898 3682 2953 3727 ct
2978 3675 3142 3743 pacis,
3173 3676 3227 3729 in
3273 3692 3378 3745 quo
3427 3677 3545 3731 reti-

1971 3759 2148 3813 nendo
2167 3772 2284 3822 eos,
2308 3768 2564 3827 quantum
2588 3759 2703 3828 ipse
2725 3761 2986 3815 Dominus
3006 3764 3240 3832 adjuvat,
3263 3766 3555 3831 imitamur,

1971 3847 2389 3902 Considerandas
2419 3855 2476 3900 et
2519 3849 2921 3915 pertractandas
2947 3853 3302 3920 aggredimur.

2043 3937 2271 3993 CAPUT
2313 3933 2443 3991 VIII.
2482 3966 2555 3977 -—
2597 3938 2680 3993 Η.
2721 3938 2966 3994 Οωεὶιίυε
2993 3958 3024 3996 a
3063 3943 3197 3996 Bilta
3240 3944 3416 4001 dixit:
3449 3946 3559 4017 Ego

1972 4044 2128 4082 unum
2156 4026 2471 4098 Baptismum
2503 4028 2555 4083 in
2590 4027 2818 4083 Ecclesia
2846 4030 2955 4085 sola
2987 4032 3112 4101 scio,
3135 4041 3183 4087 et
3206 4044 3348 4087 extra
3387 4036 3559 4091 Eccle-

1972 4121 2101 4176 sium
2145 4120 2364 4176 nullum.
2403 4119 2504 4175 llic
2529 4121 2622 4176 erit
2650 4137 2824 4186 unum,
2854 4121 2939 4176 ubi
2964 4139 3079 4192 spes
3117 4137 3233 4178 vera
3261 4134 3333 4179 est
3361 4132 3406 4180 'et
3434 4128 3560 4195 ﬁdes

1972 4220 2125 4267 certa.
2170 4211 2259 4267 Sic
2286 4212 2419 4266 enim
2444 4213 2688 4284 scriptum
2725 4223 2842 4269 est:
2877 4231 2897 4267 t
2947 4213 3063 4269 Una
3100 4216 3246 4285 ﬁdes,
3278 4234 3380 4271 una
3422 4237 3556 4289 spes,

1979 4322 2000 4356 ι
2044 4321 2199 4358 unum
2236 4303 2497 4373 Baptisma
2529 4324 2548 4355 ι
2584 4303 2799 4375 (Ep/tes.
2832 4321 2904 4372 tv,
2934 4306 2989 4373 4,
3018 4307 3094 4376 5).
3142 4306 3263 4367 Non
3286 4312 3426 4381 apud
3452 4312 3551 4365 luc-

1975 4399 2177 4462 reticos,
2208 4397 2293 4449 ubi
2323 4402 2437 4465 spes
2463 4396 2607 4449 nulla
2634 4406 2705 4451 est
2738 4407 2786 4450 et
2821 4399 2946 4466 ﬁdes
2983 4400 3137 4469 falsa,
3162 4401 3248 4455 ubi
3277 4403 3445 4456 omnia
3472 4420 3561 4473 per

1976 4488 2291 4542 mendacium
2317 4494 2556 4556 aguntur,
2589 4486 2674 4540 ubi
2699 4489 2950 4542 exorcisat
2978 4490 3338 4557 dtemoniacus,
3368 4492 3561 4548 Sacru-

1976 4592 2197 4636 mentum
2224 4582 2500 4651 interrogat
2539 4580 2684 4648 cuius
2722 4597 2778 4634 os
2816 4590 2862 4634 et
2898 4584 3045 4635 verba
3083 4600 3263 4638 cancer
3306 4585 3558 4651 emittunt,

1978 4674 2130 4743 ﬁdem
2156 4673 2240 4726 dat
2265 4672 2507 4741 inﬁdelis,
2533 4672 2724 4725 ueniam
2752 4673 3047 4727 delictorum
3073 4676 3242 4729 tribuit
3266 4676 3557 4739 sceleratus.

1979 4776 2024 4820 et
2046 4767 2098 4818 in
2130 4765 2329 4817 nomine
2356 4761 2544 4817 Christi
2569 4764 2714 4834 tingit
2752 4764 3096 4832 antichristus,
3120 4767 3361 4823 benedicit
3389 4787 3421 4822 a
3455 4769 3560 4823 Deo

1980 4857 2295 4919 maledictus,
2328 4856 2480 4908 vitam
2523 4855 2786 4924 pollicetur
2808 4864 3053 4918 mortuus.
3084 4873 3257 4927 pacem
3282 4859 3370 4913 dat
3390 4861 3562 4929 impa-

1980 4953 2175 5020 ciﬁcus,
2219 4950 2381 5003 Deum
2419 4952 2614 5003 invocat
2646 4951 2983 5018 blasphemas,
3017 4952 3349 5006 sacerdotium
3391 4954 3562 5006 admi-

1982 5046 2163 5097 nistrat
2188 5048 2453 5113 profanus,
2484 5043 2623 5112 ponit
2648 5043 2811 5095 altare
2833 5043 3125 5113 sacrilegus.
3151 5043 3232 5097 Ad
3260 5045 3366 5097 lucc
3389 5045 3560 5098 omnia

1983 5136 2173 5189 accedit
2200 5144 2247 5188 et
2283 5133 2413 5187 illud
2450 5132 2661 5199 malum,
2688 5143 2741 5186 ut
2764 5138 2970 5186 antistes
3013 5134 3202 5188 diaboli
3246 5135 3431 5190 audeat
3458 5135 3569 5189 Eu-

1984 5226 2275 5280 charistiam
2319 5225 2504 5293 facere.
2536 5224 2636 5277 Aut
2677 5224 2763 5297 qui
2799 5222 2903 5277 illis
2945 5224 3216 5292 adsistunt,
3247 5226 3416 5280 dicant
3459 5227 3567 5280 lucc

1986 5318 2185 5370 omnia’
2212 5316 2344 5385 falsa
2382 5331 2487 5370 esse
2527 5316 2589 5369 de
2618 5315 2885 5369 ha'reticis.
2922 5315 3049 5370 Ecce
3082 5318 3152 5370 ad
3177 5318 3348 5388 qualia
3373 5320 3567 5389 cogitur

1990 5411 2215 5465 Ecclesia
2241 5410 2542 5476 consentire,
2570 5418 2616 5462 et
2645 5408 2753 5462 sine
2791 5407 3053 5479 Baptisnto
3090 5419 3137 5463 et
3170 5411 3316 5464 venia
3354 5410 3566 5465 delicto—

2056 5612 2072 5644 ι
2096 5619 2194 5659 Am.
2243 5616 2294 5659 et
2327 5615 2422 5666 Er.,
2444 5607 2639 5679 _ubique
2675 5591 3148 5679 ad_agno_sc_etrdam.
3200 5608 3387 5679 Aliquot
3419 5616 3571 5679 Mss.)

1991 5670 2162 5735 absque
2186 5670 2488 5734 agnoscenda
2515 5682 2532 5719 :
2556 5669 2654 5719 non
2677 5669 2836 5729 male,
2871 5671 2912 5719 si
2941 5670 3159 5733 jungitur
3193 5669 3321 5730 cuni,
3345 5669 3574 5736 simplici;

1991 5742 2192 5843 “usam.
2223 5802 2271 5842 et
2423 5795 2667 5855 omittunt,

3050 5877 3290 5958 (Sept.l
