  <div class='ocr_page' id='page_1' title='image "/cluster/home/n/w/nwhite01/storage/ocr_20150623/43/hvd.32044096580659/108.png"; bbox 0 0 4028 6202; ppageno 0'>
   <div class='ocr_carea' id='block_1_1' title="bbox 339 407 440 462">
    <p class='ocr_par' dir='ltr' id='par_1_1' title="bbox 339 407 440 462">
     <span class='ocr_line' id='line_1_1' title="bbox 339 407 440 462; baseline -0.04 -1"><span class='ocrx_word' id='word_1_1' title='bbox 339 407 440 462; x_wconf 68' lang='lat'><strong><em>£05</em></strong></span> 
     </span>
    </p>
   </div>
   <div class='ocr_carea' id='block_1_2' title="bbox 340 500 1912 587">
    <p class='ocr_par' dir='ltr' id='par_1_2' title="bbox 340 500 1912 587">
     <span class='ocr_line' id='line_1_2' title="bbox 340 500 1912 587; baseline -0.013 -17"><span class='ocrx_word' id='word_1_2' title='bbox 340 542 357 570; x_wconf 74' lang='grc' dir='ltr'><strong><em>ι</em></strong></span> <span class='ocrx_word' id='word_1_3' title='bbox 376 520 442 572; x_wconf 67' lang='lat' dir='ltr'><strong><em>Ab</em></strong></span> <span class='ocrx_word' id='word_1_4' title='bbox 461 536 591 587; x_wconf 82' lang='lat' dir='ltr'><strong><em>aqua</em></strong></span> <span class='ocrx_word' id='word_1_5' title='bbox 613 516 777 569; x_wconf 82' lang='lat' dir='ltr'><strong><em>aliena</em></strong></span> <span class='ocrx_word' id='word_1_6' title='bbox 797 513 1068 570; x_wconf 76' lang='lat' dir='ltr'><strong><em>abstinete,</em></strong></span> <span class='ocrx_word' id='word_1_7' title='bbox 1090 520 1133 562; x_wconf 82' lang='lat' dir='ltr'><strong><em>et</em></strong></span> <span class='ocrx_word' id='word_1_8' title='bbox 1157 510 1214 562; x_wconf 83' lang='lat' dir='ltr'><strong><em>de</em></strong></span> <span class='ocrx_word' id='word_1_9' title='bbox 1234 507 1368 575; x_wconf 77' lang='lat' dir='ltr'><strong><em>fonte</em></strong></span> <span class='ocrx_word' id='word_1_10' title='bbox 1387 505 1552 558; x_wconf 87' lang='lat' dir='ltr'><strong><em>alieno</em></strong></span> <span class='ocrx_word' id='word_1_11' title='bbox 1567 520 1627 555; x_wconf 88' lang='lat' dir='ltr'><strong><em>ne</em></strong></span> <span class='ocrx_word' id='word_1_12' title='bbox 1646 500 1843 564; x_wconf 79' lang='lat' dir='ltr'><strong><em>biberis,</em></strong></span> <span class='ocrx_word' id='word_1_13' title='bbox 1856 506 1912 551; x_wconf 81' lang='lat' dir='ltr'><strong><em>ut</em></strong></span> 
     </span>
    </p>
   </div>
   <div class='ocr_carea' id='block_1_3' title="bbox 335 593 1904 680">
    <p class='ocr_par' dir='ltr' id='par_1_3' title="bbox 335 593 1904 680">
     <span class='ocr_line' id='line_1_3' title="bbox 335 593 1904 680; baseline -0.015 -18"><span class='ocrx_word' id='word_1_14' title='bbox 335 613 537 680; x_wconf 74' lang='lat' dir='ltr'><strong><em>longum</em></strong></span> <span class='ocrx_word' id='word_1_15' title='bbox 560 609 696 660; x_wconf 67' lang='lat' dir='ltr'><strong><em>vivas</em></strong></span> <span class='ocrx_word' id='word_1_16' title='bbox 719 617 933 674; x_wconf 84' lang='lat' dir='ltr'><strong><em>tempus,</em></strong></span> <span class='ocrx_word' id='word_1_17' title='bbox 964 602 1269 671; x_wconf 84' lang='lat' dir='ltr'><strong><em>adjiciuntur</em></strong></span> <span class='ocrx_word' id='word_1_18' title='bbox 1290 598 1436 650; x_wconf 85' lang='lat' dir='ltr'><strong><em>etiam</em></strong></span> <span class='ocrx_word' id='word_1_19' title='bbox 1459 596 1545 648; x_wconf 78' lang='lat' dir='ltr'><strong><em>tibi</em></strong></span> <span class='ocrx_word' id='word_1_20' title='bbox 1573 593 1693 645; x_wconf 87' lang='lat' dir='ltr'><strong><em>anni</em></strong></span> <span class='ocrx_word' id='word_1_21' title='bbox 1718 593 1850 644; x_wconf 68' lang='lat' dir='ltr'><strong><em>vitae.</em></strong></span> <span class='ocrx_word' id='word_1_22' title='bbox 1885 606 1904 639; x_wconf 72' lang='grc' dir='ltr'>ι</span> 
     </span>
    </p>
   </div>
   <div class='ocr_carea' id='block_1_4' title="bbox 337 679 1912 768">
    <p class='ocr_par' dir='ltr' id='par_1_4' title="bbox 337 679 1912 768">
     <span class='ocr_line' id='line_1_4' title="bbox 337 679 1912 768; baseline -0.013 -16"><span class='ocrx_word' id='word_1_23' title='bbox 337 700 399 752; x_wconf 65' lang='grc' dir='ltr'><strong><em>ισῖι</em></strong></span> <span class='ocrx_word' id='word_1_24' title='bbox 420 679 470 750; x_wconf 88' lang='lat' dir='ltr'><strong><em>in</em></strong></span> <span class='ocrx_word' id='word_1_25' title='bbox 503 696 775 768; x_wconf 54' lang='lat' dir='ltr'><strong><em>Evangelia</em></strong></span> <span class='ocrx_word' id='word_1_26' title='bbox 797 713 888 748; x_wconf 85' lang='lat' dir='ltr'><strong><em>sua</em></strong></span> <span class='ocrx_word' id='word_1_27' title='bbox 915 709 1027 745; x_wconf 80' lang='lat' dir='ltr'><strong><em>voce</em></strong></span> <span class='ocrx_word' id='word_1_28' title='bbox 1056 689 1300 744; x_wconf 85' lang='lat' dir='ltr'><strong><em>Dominus</em></strong></span> <span class='ocrx_word' id='word_1_29' title='bbox 1327 697 1493 740; x_wconf 97' lang='lat' dir='ltr'><strong><em>noster</em></strong></span> <span class='ocrx_word' id='word_1_30' title='bbox 1511 684 1660 737; x_wconf 81' lang='lat' dir='ltr'><strong><em>Jesus</em></strong></span> <span class='ocrx_word' id='word_1_31' title='bbox 1684 679 1912 736; x_wconf 75' lang='lat' dir='ltr'><strong><em>Christus</em></strong></span> 
     </span>
    </p>
   </div>
   <div class='ocr_carea' id='block_1_5' title="bbox 334 774 1912 857">
    <p class='ocr_par' dir='ltr' id='par_1_5' title="bbox 334 774 1912 857">
     <span class='ocr_line' id='line_1_5' title="bbox 334 774 1912 857; baseline -0.01 -19"><span class='ocrx_word' id='word_1_32' title='bbox 334 789 529 839; x_wconf 81' lang='lat' dir='ltr'><strong><em>loeutus</em></strong></span> <span class='ocrx_word' id='word_1_33' title='bbox 554 798 629 839; x_wconf 86' lang='lat' dir='ltr'><strong><em>est</em></strong></span> <span class='ocrx_word' id='word_1_34' title='bbox 668 785 840 837; x_wconf 87' lang='lat' dir='ltr'><strong><em>dicens</em></strong></span> <span class='ocrx_word' id='word_1_35' title='bbox 869 799 888 836; x_wconf 90' lang='lat'><strong><em>:</em></strong></span> <span class='ocrx_word' id='word_1_36' title='bbox 912 800 938 857; x_wconf 57' lang='grc' dir='ltr'><em>ρ</em></span> <span class='ocrx_word' id='word_1_37' title='bbox 976 780 1093 834; x_wconf 85' lang='lat' dir='ltr'><strong><em>Nisi</em></strong></span> <span class='ocrx_word' id='word_1_38' title='bbox 1127 782 1240 850; x_wconf 90' lang='lat' dir='ltr'><strong><em>quis</em></strong></span> <span class='ocrx_word' id='word_1_39' title='bbox 1279 785 1483 831; x_wconf 90' lang='lat' dir='ltr'><strong><em>renatus</em></strong></span> <span class='ocrx_word' id='word_1_40' title='bbox 1511 774 1663 847; x_wconf 76' lang='lat' dir='ltr'><strong><em>fuerit</em></strong></span> <span class='ocrx_word' id='word_1_41' title='bbox 1687 787 1750 825; x_wconf 78' lang='lat' dir='ltr'><strong><em>ex</em></strong></span> <span class='ocrx_word' id='word_1_42' title='bbox 1781 785 1912 841; x_wconf 82' lang='lat' dir='ltr'><strong><em>aqua</em></strong></span> 
     </span>
    </p>
   </div>
   <div class='ocr_carea' id='block_1_6' title="bbox 332 861 1908 949">
    <p class='ocr_par' dir='ltr' id='par_1_6' title="bbox 332 861 1908 949">
     <span class='ocr_line' id='line_1_6' title="bbox 332 861 1908 949; baseline -0.01 -19"><span class='ocrx_word' id='word_1_43' title='bbox 332 891 378 930; x_wconf 86' lang='lat' dir='ltr'><strong><em>et</em></strong></span> <span class='ocrx_word' id='word_1_44' title='bbox 407 879 602 949; x_wconf 81' lang='lat' dir='ltr'><strong><em>Spiritu</em></strong></span> <span class='ocrx_word' id='word_1_45' title='bbox 641 888 844 937; x_wconf 85' lang='lat' dir='ltr'><strong><em>sancto,</em></strong></span> <span class='ocrx_word' id='word_1_46' title='bbox 876 891 974 927; x_wconf 91' lang='lat' dir='ltr'><strong><em>non</em></strong></span> <span class='ocrx_word' id='word_1_47' title='bbox 1017 881 1174 942; x_wconf 87' lang='lat' dir='ltr'><strong><em>potest</em></strong></span> <span class='ocrx_word' id='word_1_48' title='bbox 1216 868 1424 923; x_wconf 74' lang='lat' dir='ltr'><strong><em>introire</em></strong></span> <span class='ocrx_word' id='word_1_49' title='bbox 1447 868 1498 921; x_wconf 87' lang='lat' dir='ltr'><strong><em>in</em></strong></span> <span class='ocrx_word' id='word_1_50' title='bbox 1537 879 1744 936; x_wconf 80' lang='lat' dir='ltr'><strong><em>regnum</em></strong></span> <span class='ocrx_word' id='word_1_51' title='bbox 1767 861 1862 916; x_wconf 88' lang='lat' dir='ltr'><strong><em>Dei</em></strong></span> <span class='ocrx_word' id='word_1_52' title='bbox 1889 879 1908 914; x_wconf 74' lang='grc' dir='ltr'><strong><em>ι</em></strong></span> 
     </span>
    </p>
   </div>
   <div class='ocr_carea' id='block_1_7' title="bbox 332 953 1916 1037">
    <p class='ocr_par' dir='ltr' id='par_1_7' title="bbox 332 953 1916 1037">
     <span class='ocr_line' id='line_1_7' title="bbox 332 953 1916 1037; baseline -0.008 -19"><span class='ocrx_word' id='word_1_53' title='bbox 332 966 512 1036; x_wconf 74' lang='lat' dir='ltr'><strong><em>(Joan.</em></strong></span> <span class='ocrx_word' id='word_1_54' title='bbox 559 982 638 1028; x_wconf 82' lang='lat' dir='ltr'><strong><em>tu.</em></strong></span> <span class='ocrx_word' id='word_1_55' title='bbox 680 967 756 1037; x_wconf 77' lang='lat'><strong><em>&#39;5).</em></strong></span> <span class='ocrx_word' id='word_1_56' title='bbox 817 964 914 1017; x_wconf 89' lang='lat' dir='ltr'><strong><em>llic</em></strong></span> <span class='ocrx_word' id='word_1_57' title='bbox 943 972 1014 1017; x_wconf 82' lang='lat' dir='ltr'><strong><em>est</em></strong></span> <span class='ocrx_word' id='word_1_58' title='bbox 1041 962 1284 1031; x_wconf 75' lang='lat' dir='ltr'><strong><em>Spiritus,</em></strong></span> <span class='ocrx_word' id='word_1_59' title='bbox 1313 960 1400 1030; x_wconf 91' lang='lat' dir='ltr'><strong><em>qui</em></strong></span> <span class='ocrx_word' id='word_1_60' title='bbox 1419 957 1480 1012; x_wconf 79' lang='lat' dir='ltr'><strong><em>ab</em></strong></span> <span class='ocrx_word' id='word_1_61' title='bbox 1499 957 1642 1010; x_wconf 90' lang='lat' dir='ltr'><strong><em>initio</em></strong></span> <span class='ocrx_word' id='word_1_62' title='bbox 1663 953 1916 1025; x_wconf 73' lang='lat' dir='ltr'><strong><em>ferebatur</em></strong></span> 
     </span>
    </p>
   </div>
   <div class='ocr_carea' id='block_1_8' title="bbox 332 1045 1915 1128">
    <p class='ocr_par' dir='ltr' id='par_1_8' title="bbox 332 1045 1915 1128">
     <span class='ocr_line' id='line_1_8' title="bbox 332 1045 1915 1128; baseline -0.008 -18"><span class='ocrx_word' id='word_1_63' title='bbox 332 1073 487 1126; x_wconf 82' lang='lat' dir='ltr'><strong><em>super</em></strong></span> <span class='ocrx_word' id='word_1_64' title='bbox 515 1073 700 1126; x_wconf 88' lang='lat' dir='ltr'><strong><em>aquam</em></strong></span> <span class='ocrx_word' id='word_1_65' title='bbox 739 1054 888 1128; x_wconf 80' lang='lat' dir='ltr'><strong><em>(Gen.</em></strong></span> <span class='ocrx_word' id='word_1_66' title='bbox 931 1069 976 1120; x_wconf 87' lang='lat' dir='ltr'><strong><em>t,</em></strong></span> <span class='ocrx_word' id='word_1_67' title='bbox 1020 1051 1098 1124; x_wconf 74' lang='grc'><strong><em>2).</em></strong></span> <span class='ocrx_word' id='word_1_68' title='bbox 1145 1051 1321 1121; x_wconf 84' lang='lat' dir='ltr'><strong><em>Neque</em></strong></span> <span class='ocrx_word' id='word_1_69' title='bbox 1361 1049 1492 1103; x_wconf 84' lang='lat' dir='ltr'><strong><em>enim</em></strong></span> <span class='ocrx_word' id='word_1_70' title='bbox 1541 1047 1767 1117; x_wconf 74' lang='lat' dir='ltr'><strong><em>Spiritus</em></strong></span> <span class='ocrx_word' id='word_1_71' title='bbox 1808 1045 1915 1100; x_wconf 89' lang='lat' dir='ltr'><strong><em>sine</em></strong></span> 
     </span>
    </p>
   </div>
   <div class='ocr_carea' id='block_1_9' title="bbox 331 1136 1913 1218">
    <p class='ocr_par' dir='ltr' id='par_1_9' title="bbox 331 1136 1913 1218">
     <span class='ocr_line' id='line_1_9' title="bbox 331 1136 1913 1218; baseline -0.008 -18"><span class='ocrx_word' id='word_1_72' title='bbox 331 1167 464 1218; x_wconf 85' lang='lat' dir='ltr'><strong><em>aqua</em></strong></span> <span class='ocrx_word' id='word_1_73' title='bbox 493 1148 695 1216; x_wconf 86' lang='lat' dir='ltr'><strong><em>aperari</em></strong></span> <span class='ocrx_word' id='word_1_74' title='bbox 715 1154 892 1217; x_wconf 83' lang='lat' dir='ltr'><strong><em>potest,</em></strong></span> <span class='ocrx_word' id='word_1_75' title='bbox 920 1162 1079 1215; x_wconf 89' lang='lat' dir='ltr'><strong><em>neque</em></strong></span> <span class='ocrx_word' id='word_1_76' title='bbox 1102 1159 1234 1214; x_wconf 91' lang='lat' dir='ltr'><strong><em>aqua</em></strong></span> <span class='ocrx_word' id='word_1_77' title='bbox 1258 1141 1364 1196; x_wconf 86' lang='lat' dir='ltr'><strong><em>sine</em></strong></span> <span class='ocrx_word' id='word_1_78' title='bbox 1387 1140 1605 1209; x_wconf 79' lang='lat' dir='ltr'><strong><em>Spiritu.</em></strong></span> <span class='ocrx_word' id='word_1_79' title='bbox 1638 1136 1691 1190; x_wconf 77' lang='grc' dir='ltr'><em>Μ</em></span> <span class='ocrx_word' id='word_1_80' title='bbox 1697 1137 1776 1190; x_wconf 90' lang='lat' dir='ltr'><strong><em>ale</em></strong></span> <span class='ocrx_word' id='word_1_81' title='bbox 1794 1152 1913 1207; x_wconf 88' lang='lat' dir='ltr'><strong><em>ergo</em></strong></span> 
     </span>
    </p>
   </div>
   <div class='ocr_carea' id='block_1_10' title="bbox 326 1232 1915 1308">
    <p class='ocr_par' dir='ltr' id='par_1_10' title="bbox 326 1232 1915 1308">
     <span class='ocr_line' id='line_1_10' title="bbox 326 1232 1915 1308; baseline -0.005 -17"><span class='ocrx_word' id='word_1_82' title='bbox 326 1278 338 1291; x_wconf 88' lang='lat'><strong><em>.</em></strong></span> <span class='ocrx_word' id='word_1_83' title='bbox 358 1241 424 1294; x_wconf 81' lang='lat' dir='ltr'><strong><em>ibi</em></strong></span> <span class='ocrx_word' id='word_1_84' title='bbox 450 1239 658 1308; x_wconf 84' lang='lat' dir='ltr'><strong><em>quidam</em></strong></span> <span class='ocrx_word' id='word_1_85' title='bbox 677 1241 1103 1308; x_wconf 79' lang='lat' dir='ltr'><strong><em>interpretantur,</em></strong></span> <span class='ocrx_word' id='word_1_86' title='bbox 1135 1245 1186 1288; x_wconf 88' lang='lat' dir='ltr'><strong><em>ut</em></strong></span> <span class='ocrx_word' id='word_1_87' title='bbox 1217 1235 1424 1299; x_wconf 81' lang='lat' dir='ltr'><strong><em>dicant,</em></strong></span> <span class='ocrx_word' id='word_1_88' title='bbox 1455 1232 1590 1302; x_wconf 80' lang='lat' dir='ltr'><strong><em>quod</em></strong></span> <span class='ocrx_word' id='word_1_89' title='bbox 1619 1247 1706 1302; x_wconf 88' lang='lat' dir='ltr'><strong><em>per</em></strong></span> <span class='ocrx_word' id='word_1_90' title='bbox 1736 1244 1915 1283; x_wconf 87' lang='lat' dir='ltr'><strong><em>manus</em></strong></span> 
     </span>
    </p>
   </div>
   <div class='ocr_carea' id='block_1_11' title="bbox 330 1323 1916 1400">
    <p class='ocr_par' dir='ltr' id='par_1_11' title="bbox 330 1323 1916 1400">
     <span class='ocr_line' id='line_1_11' title="bbox 330 1323 1916 1400; baseline -0.007 -15"><span class='ocrx_word' id='word_1_91' title='bbox 330 1333 701 1400; x_wconf 75' lang='lat' dir='ltr'><strong><em>tmpositionent</em></strong></span> <span class='ocrx_word' id='word_1_92' title='bbox 733 1331 982 1400; x_wconf 83' lang='lat' dir='ltr'><strong><em>Spiritum</em></strong></span> <span class='ocrx_word' id='word_1_93' title='bbox 1011 1338 1240 1383; x_wconf 88' lang='lat' dir='ltr'><strong><em>sanctum</em></strong></span> <span class='ocrx_word' id='word_1_94' title='bbox 1271 1326 1562 1395; x_wconf 86' lang='lat' dir='ltr'><strong><em>accipiant,</em></strong></span> <span class='ocrx_word' id='word_1_95' title='bbox 1602 1334 1646 1377; x_wconf 86' lang='lat' dir='ltr'><strong><em>et</em></strong></span> <span class='ocrx_word' id='word_1_96' title='bbox 1681 1323 1753 1376; x_wconf 79' lang='lat' dir='ltr'><strong><em>sic</em></strong></span> <span class='ocrx_word' id='word_1_97' title='bbox 1788 1323 1916 1375; x_wconf 84' lang='lat' dir='ltr'><strong><em>reci-</em></strong></span> 
     </span>
    </p>
   </div>
   <div class='ocr_carea' id='block_1_12' title="bbox 331 1414 1915 1492">
    <p class='ocr_par' dir='ltr' id='par_1_12' title="bbox 331 1414 1915 1492">
     <span class='ocr_line' id='line_1_12' title="bbox 331 1414 1915 1492; baseline -0.005 -18"><span class='ocrx_word' id='word_1_98' title='bbox 331 1423 577 1492; x_wconf 82' lang='lat' dir='ltr'><strong><em>piantur;</em></strong></span> <span class='ocrx_word' id='word_1_99' title='bbox 597 1439 712 1476; x_wconf 88' lang='lat' dir='ltr'><strong><em>cum</em></strong></span> <span class='ocrx_word' id='word_1_100' title='bbox 740 1423 1057 1491; x_wconf 79' lang='lat' dir='ltr'><strong><em>manifestans</em></strong></span> <span class='ocrx_word' id='word_1_101' title='bbox 1077 1420 1141 1473; x_wconf 86' lang='lat' dir='ltr'><strong><em>sit</em></strong></span> <span class='ocrx_word' id='word_1_102' title='bbox 1165 1424 1374 1487; x_wconf 83' lang='lat' dir='ltr'><strong><em>utroque</em></strong></span> <span class='ocrx_word' id='word_1_103' title='bbox 1401 1425 1713 1470; x_wconf 88' lang='lat' dir='ltr'><strong><em>sacramento</em></strong></span> <span class='ocrx_word' id='word_1_104' title='bbox 1737 1414 1915 1468; x_wconf 82' lang='lat' dir='ltr'><strong><em>debere</em></strong></span> 
     </span>
    </p>
   </div>
   <div class='ocr_carea' id='block_1_13' title="bbox 332 1505 1912 1580">
    <p class='ocr_par' dir='ltr' id='par_1_13' title="bbox 332 1505 1912 1580">
     <span class='ocr_line' id='line_1_13' title="bbox 332 1505 1912 1580; baseline -0.006 -12"><span class='ocrx_word' id='word_1_105' title='bbox 332 1533 416 1569; x_wconf 87' lang='lat' dir='ltr'><strong><em>eos</em></strong></span> <span class='ocrx_word' id='word_1_106' title='bbox 441 1517 635 1570; x_wconf 84' lang='lat' dir='ltr'><strong><em>renasci</em></strong></span> <span class='ocrx_word' id='word_1_107' title='bbox 666 1518 717 1569; x_wconf 88' lang='lat' dir='ltr'><strong><em>in</em></strong></span> <span class='ocrx_word' id='word_1_108' title='bbox 757 1513 982 1568; x_wconf 79' lang='lat' dir='ltr'><strong><em>Ecclesia</em></strong></span> <span class='ocrx_word' id='word_1_109' title='bbox 1011 1511 1275 1566; x_wconf 84' lang='lat' dir='ltr'><strong><em>catholica.</em></strong></span> <span class='ocrx_word' id='word_1_110' title='bbox 1299 1505 1443 1563; x_wconf 74' lang='lat' dir='ltr'><strong><em>Tunc</em></strong></span> <span class='ocrx_word' id='word_1_111' title='bbox 1471 1507 1655 1580; x_wconf 82' lang='lat' dir='ltr'><strong><em>quippe</em></strong></span> <span class='ocrx_word' id='word_1_112' title='bbox 1681 1515 1912 1578; x_wconf 82' lang='lat' dir='ltr'><strong><em>poterunt</em></strong></span> 
     </span>
    </p>
   </div>
   <div class='ocr_carea' id='block_1_14' title="bbox 334 1595 1908 1675">
    <p class='ocr_par' dir='ltr' id='par_1_14' title="bbox 334 1595 1908 1675">
     <span class='ocr_line' id='line_1_14' title="bbox 334 1595 1908 1675; baseline -0.008 -15"><span class='ocrx_word' id='word_1_113' title='bbox 334 1608 429 1675; x_wconf 74' lang='lat' dir='ltr'><strong><em>ﬁlii</em></strong></span> <span class='ocrx_word' id='word_1_114' title='bbox 462 1607 557 1660; x_wconf 83' lang='lat' dir='ltr'><strong><em>Dei</em></strong></span> <span class='ocrx_word' id='word_1_115' title='bbox 580 1623 705 1670; x_wconf 90' lang='lat' dir='ltr'><strong><em>esse,</em></strong></span> <span class='ocrx_word' id='word_1_116' title='bbox 731 1607 924 1659; x_wconf 83' lang='lat' dir='ltr'><strong><em>dicente</em></strong></span> <span class='ocrx_word' id='word_1_117' title='bbox 947 1602 1206 1674; x_wconf 76' lang='lat' dir='ltr'><strong><em>Apostolo,</em></strong></span> <span class='ocrx_word' id='word_1_118' title='bbox 1268 1621 1284 1652; x_wconf 80' lang='grc' dir='ltr'>ι</span> <span class='ocrx_word' id='word_1_119' title='bbox 1313 1600 1556 1656; x_wconf 80' lang='lat' dir='ltr'><strong><em>Curantes</em></strong></span> <span class='ocrx_word' id='word_1_120' title='bbox 1579 1611 1774 1652; x_wconf 87' lang='lat' dir='ltr'><strong><em>servare</em></strong></span> <span class='ocrx_word' id='word_1_121' title='bbox 1794 1595 1908 1650; x_wconf 64' lang='lat' dir='ltr'><strong><em>auio</em></strong></span> 
     </span>
    </p>
   </div>
   <div class='ocr_carea' id='block_1_15' title="bbox 335 1693 1913 1768">
    <p class='ocr_par' dir='ltr' id='par_1_15' title="bbox 335 1693 1913 1768">
     <span class='ocr_line' id='line_1_15' title="bbox 335 1693 1913 1768; baseline -0.008 -18"><span class='ocrx_word' id='word_1_122' title='bbox 335 1709 485 1751; x_wconf 85' lang='lat' dir='ltr'><strong><em>tatem</em></strong></span> <span class='ocrx_word' id='word_1_123' title='bbox 528 1699 734 1768; x_wconf 78' lang='lat' dir='ltr'><strong><em>spiritus</em></strong></span> <span class='ocrx_word' id='word_1_124' title='bbox 772 1698 824 1750; x_wconf 89' lang='lat' dir='ltr'><strong><em>in</em></strong></span> <span class='ocrx_word' id='word_1_125' title='bbox 854 1695 1205 1763; x_wconf 81' lang='lat' dir='ltr'><strong><em>conjunctione</em></strong></span> <span class='ocrx_word' id='word_1_126' title='bbox 1244 1693 1382 1763; x_wconf 81' lang='lat' dir='ltr'><strong><em>pacis</em></strong></span> <span class='ocrx_word' id='word_1_127' title='bbox 1420 1707 1439 1745; x_wconf 86' lang='lat'><strong><em>:</em></strong></span> <span class='ocrx_word' id='word_1_128' title='bbox 1475 1707 1631 1743; x_wconf 86' lang='lat' dir='ltr'><strong><em>unum</em></strong></span> <span class='ocrx_word' id='word_1_129' title='bbox 1661 1703 1842 1757; x_wconf 89' lang='lat' dir='ltr'><strong><em>corpus</em></strong></span> <span class='ocrx_word' id='word_1_130' title='bbox 1868 1696 1913 1740; x_wconf 88' lang='lat' dir='ltr'><strong><em>et</em></strong></span> 
     </span>
    </p>
   </div>
   <div class='ocr_carea' id='block_1_16' title="bbox 335 1780 1915 1858">
    <p class='ocr_par' dir='ltr' id='par_1_16' title="bbox 335 1780 1915 1858">
     <span class='ocr_line' id='line_1_16' title="bbox 335 1780 1915 1858; baseline -0.004 -17"><span class='ocrx_word' id='word_1_131' title='bbox 335 1806 464 1841; x_wconf 69' lang='grc' dir='ltr'><strong><em>ωιτη</em></strong></span> <span class='ocrx_word' id='word_1_132' title='bbox 503 1789 742 1858; x_wconf 80' lang='lat' dir='ltr'><strong><em>spiritus,</em></strong></span> <span class='ocrx_word' id='word_1_133' title='bbox 791 1788 914 1841; x_wconf 82' lang='lat' dir='ltr'><strong><em>sicut</em></strong></span> <span class='ocrx_word' id='word_1_134' title='bbox 955 1787 1114 1841; x_wconf 76' lang='lat' dir='ltr'><strong><em>vocati</em></strong></span> <span class='ocrx_word' id='word_1_135' title='bbox 1152 1787 1267 1841; x_wconf 87' lang='lat' dir='ltr'><strong><em>estis</em></strong></span> <span class='ocrx_word' id='word_1_136' title='bbox 1294 1786 1344 1838; x_wconf 90' lang='lat' dir='ltr'><strong><em>in</em></strong></span> <span class='ocrx_word' id='word_1_137' title='bbox 1377 1801 1480 1838; x_wconf 87' lang='lat' dir='ltr'><strong><em>una</em></strong></span> <span class='ocrx_word' id='word_1_138' title='bbox 1519 1797 1606 1852; x_wconf 86' lang='lat' dir='ltr'><strong><em>spe</em></strong></span> <span class='ocrx_word' id='word_1_139' title='bbox 1643 1780 1915 1834; x_wconf 81' lang='lat' dir='ltr'><strong><em>vocationis</em></strong></span> 
     </span>
    </p>
   </div>
   <div class='ocr_carea' id='block_1_17' title="bbox 332 1871 1916 1945">
    <p class='ocr_par' dir='ltr' id='par_1_17' title="bbox 332 1871 1916 1945">
     <span class='ocr_line' id='line_1_17' title="bbox 332 1871 1916 1945; baseline -0.004 -14"><span class='ocrx_word' id='word_1_140' title='bbox 332 1892 540 1941; x_wconf 68' lang='lat' dir='ltr'><strong><em>vestrm;</em></strong></span> <span class='ocrx_word' id='word_1_141' title='bbox 567 1896 693 1931; x_wconf 83' lang='lat' dir='ltr'><strong><em>unus</em></strong></span> <span class='ocrx_word' id='word_1_142' title='bbox 716 1876 981 1942; x_wconf 87' lang='lat' dir='ltr'><strong><em>Dominus,</em></strong></span> <span class='ocrx_word' id='word_1_143' title='bbox 1005 1895 1106 1930; x_wconf 90' lang='lat' dir='ltr'><strong><em>una</em></strong></span> <span class='ocrx_word' id='word_1_144' title='bbox 1127 1877 1273 1945; x_wconf 77' lang='lat' dir='ltr'><strong><em>fides,</em></strong></span> <span class='ocrx_word' id='word_1_145' title='bbox 1301 1892 1459 1929; x_wconf 90' lang='lat' dir='ltr'><strong><em>unum</em></strong></span> <span class='ocrx_word' id='word_1_146' title='bbox 1481 1871 1761 1941; x_wconf 86' lang='lat' dir='ltr'><strong><em>Baptisma,</em></strong></span> <span class='ocrx_word' id='word_1_147' title='bbox 1784 1887 1916 1924; x_wconf 87' lang='lat' dir='ltr'><strong><em>unus</em></strong></span> 
     </span>
    </p>
   </div>
   <div class='ocr_carea' id='block_1_18' title="bbox 335 1960 1915 2039">
    <p class='ocr_par' dir='ltr' id='par_1_18' title="bbox 335 1960 1915 2039">
     <span class='ocr_line' id='line_1_18' title="bbox 335 1960 1915 2039; baseline -0.004 -19"><span class='ocrx_word' id='word_1_148' title='bbox 335 1969 472 2022; x_wconf 84' lang='lat' dir='ltr'><strong><em>Deus</em></strong></span> <span class='ocrx_word' id='word_1_149' title='bbox 501 1989 518 2020; x_wconf 75' lang='grc' dir='ltr'><strong><em>ι</em></strong></span> <span class='ocrx_word' id='word_1_150' title='bbox 557 1967 768 2039; x_wconf 82' lang='lat' dir='ltr'><strong><em>(Ephes.</em></strong></span> <span class='ocrx_word' id='word_1_151' title='bbox 800 1983 872 2033; x_wconf 76' lang='lat' dir='ltr'><strong><em>tv,</em></strong></span> <span class='ocrx_word' id='word_1_152' title='bbox 895 1966 1034 2037; x_wconf 80' lang='lat'><strong><em>3-5).</em></strong></span> <span class='ocrx_word' id='word_1_153' title='bbox 1066 1965 1188 2020; x_wconf 66' lang='lat' dir='ltr'><strong><em>llaec</em></strong></span> <span class='ocrx_word' id='word_1_154' title='bbox 1214 1966 1382 2020; x_wconf 88' lang='lat' dir='ltr'><strong><em>omnia</em></strong></span> <span class='ocrx_word' id='word_1_155' title='bbox 1413 1963 1637 2018; x_wconf 80' lang='lat' dir='ltr'><strong><em>Ecclesia</em></strong></span> <span class='ocrx_word' id='word_1_156' title='bbox 1663 1960 1915 2016; x_wconf 83' lang='lat' dir='ltr'><strong><em>catholica</em></strong></span> 
     </span>
    </p>
   </div>
   <div class='ocr_carea' id='block_1_19' title="bbox 335 2053 1916 2132">
    <p class='ocr_par' dir='ltr' id='par_1_19' title="bbox 335 2053 1916 2132">
     <span class='ocr_line' id='line_1_19' title="bbox 335 2053 1916 2132; baseline -0.006 -17"><span class='ocrx_word' id='word_1_157' title='bbox 335 2063 571 2132; x_wconf 54' lang='lat' dir='ltr'><strong><em>liquitur.</em></strong></span> <span class='ocrx_word' id='word_1_158' title='bbox 615 2061 676 2113; x_wconf 66' lang='lat' dir='ltr'><strong><em>lft</em></strong></span> <span class='ocrx_word' id='word_1_159' title='bbox 715 2061 894 2113; x_wconf 80' lang='lat' dir='ltr'><strong><em>iterant</em></strong></span> <span class='ocrx_word' id='word_1_160' title='bbox 923 2059 973 2112; x_wconf 91' lang='lat' dir='ltr'><strong><em>in</em></strong></span> <span class='ocrx_word' id='word_1_161' title='bbox 1005 2058 1276 2129; x_wconf 74' lang='lat' dir='ltr'><strong><em>Evangelia</em></strong></span> <span class='ocrx_word' id='word_1_162' title='bbox 1304 2057 1459 2123; x_wconf 85' lang='lat' dir='ltr'><strong><em>dicit,</em></strong></span> <span class='ocrx_word' id='word_1_163' title='bbox 1495 2073 1514 2107; x_wconf 71' lang='grc' dir='ltr'>ι</span> <span class='ocrx_word' id='word_1_164' title='bbox 1557 2053 1706 2123; x_wconf 85' lang='lat' dir='ltr'><strong><em>Quod</em></strong></span> <span class='ocrx_word' id='word_1_165' title='bbox 1741 2061 1916 2106; x_wconf 84' lang='lat' dir='ltr'><strong><em>natum</em></strong></span> 
     </span>
    </p>
   </div>
   <div class='ocr_carea' id='block_1_20' title="bbox 336 2144 1912 2220">
    <p class='ocr_par' dir='ltr' id='par_1_20' title="bbox 336 2144 1912 2220">
     <span class='ocr_line' id='line_1_20' title="bbox 336 2144 1912 2220; baseline -0.007 -13"><span class='ocrx_word' id='word_1_166' title='bbox 336 2163 405 2209; x_wconf 82' lang='lat' dir='ltr'><strong><em>est</em></strong></span> <span class='ocrx_word' id='word_1_167' title='bbox 437 2157 497 2206; x_wconf 86' lang='lat' dir='ltr'><strong><em>de</em></strong></span> <span class='ocrx_word' id='word_1_168' title='bbox 530 2171 680 2207; x_wconf 81' lang='lat' dir='ltr'><strong><em>carne</em></strong></span> <span class='ocrx_word' id='word_1_169' title='bbox 701 2194 717 2218; x_wconf 97' lang='lat'><strong><em>,</em></strong></span> <span class='ocrx_word' id='word_1_170' title='bbox 753 2169 871 2206; x_wconf 89' lang='lat' dir='ltr'><strong><em>caro</em></strong></span> <span class='ocrx_word' id='word_1_171' title='bbox 914 2161 1024 2216; x_wconf 83' lang='lat' dir='ltr'><strong><em>est;</em></strong></span> <span class='ocrx_word' id='word_1_172' title='bbox 1068 2160 1116 2204; x_wconf 90' lang='lat' dir='ltr'><strong><em>et</em></strong></span> <span class='ocrx_word' id='word_1_173' title='bbox 1151 2149 1284 2220; x_wconf 89' lang='lat' dir='ltr'><strong><em>quod</em></strong></span> <span class='ocrx_word' id='word_1_174' title='bbox 1308 2157 1478 2202; x_wconf 87' lang='lat' dir='ltr'><strong><em>natum</em></strong></span> <span class='ocrx_word' id='word_1_175' title='bbox 1508 2157 1579 2201; x_wconf 86' lang='lat' dir='ltr'><strong><em>est</em></strong></span> <span class='ocrx_word' id='word_1_176' title='bbox 1602 2145 1667 2199; x_wconf 86' lang='lat' dir='ltr'><strong><em>de</em></strong></span> <span class='ocrx_word' id='word_1_177' title='bbox 1693 2144 1874 2215; x_wconf 85' lang='lat' dir='ltr'><strong><em>spiritu</em></strong></span> <span class='ocrx_word' id='word_1_178' title='bbox 1899 2184 1912 2206; x_wconf 95' lang='lat'><strong><em>,</em></strong></span> 
     </span>
    </p>
   </div>
   <div class='ocr_carea' id='block_1_21' title="bbox 338 2234 1916 2317">
    <p class='ocr_par' dir='ltr' id='par_1_21' title="bbox 338 2234 1916 2317">
     <span class='ocr_line' id='line_1_21' title="bbox 338 2234 1916 2317; baseline -0.006 -20"><span class='ocrx_word' id='word_1_179' title='bbox 338 2248 542 2315; x_wconf 82' lang='lat' dir='ltr'><strong><em>spiritus</em></strong></span> <span class='ocrx_word' id='word_1_180' title='bbox 568 2255 638 2298; x_wconf 90' lang='lat' dir='ltr'><strong><em>est</em></strong></span> <span class='ocrx_word' id='word_1_181' title='bbox 665 2244 844 2317; x_wconf 82' lang='lat' dir='ltr'><strong><em>(Jcan.</em></strong></span> <span class='ocrx_word' id='word_1_182' title='bbox 875 2259 950 2303; x_wconf 85' lang='grc' dir='ltr'>ιιι,</span> <span class='ocrx_word' id='word_1_183' title='bbox 975 2242 1028 2313; x_wconf 88' lang='lat'><strong><em>6)</em></strong></span> <span class='ocrx_word' id='word_1_184' title='bbox 1056 2257 1075 2295; x_wconf 89' lang='lat'><strong><em>:</em></strong></span> <span class='ocrx_word' id='word_1_185' title='bbox 1103 2241 1339 2313; x_wconf 88' lang='lat' dir='ltr'><strong><em>quoniam</em></strong></span> <span class='ocrx_word' id='word_1_186' title='bbox 1359 2239 1567 2310; x_wconf 81' lang='lat' dir='ltr'><strong><em>spiritus</em></strong></span> <span class='ocrx_word' id='word_1_187' title='bbox 1589 2234 1727 2290; x_wconf 89' lang='lat' dir='ltr'><strong><em>Deus</em></strong></span> <span class='ocrx_word' id='word_1_188' title='bbox 1752 2244 1845 2301; x_wconf 91' lang='lat' dir='ltr'><strong><em>est,</em></strong></span> <span class='ocrx_word' id='word_1_189' title='bbox 1871 2244 1916 2289; x_wconf 87' lang='lat' dir='ltr'><strong><em>et</em></strong></span> 
     </span>
    </p>
   </div>
   <div class='ocr_carea' id='block_1_22' title="bbox 339 2324 1916 2405">
    <p class='ocr_par' dir='ltr' id='par_1_22' title="bbox 339 2324 1916 2405">
     <span class='ocr_line' id='line_1_22' title="bbox 339 2324 1916 2405; baseline -0.008 -16"><span class='ocrx_word' id='word_1_190' title='bbox 339 2337 397 2389; x_wconf 80' lang='lat' dir='ltr'><strong><em>de</em></strong></span> <span class='ocrx_word' id='word_1_191' title='bbox 429 2336 533 2390; x_wconf 85' lang='lat' dir='ltr'><strong><em>Deo</em></strong></span> <span class='ocrx_word' id='word_1_192' title='bbox 557 2346 703 2389; x_wconf 89' lang='lat' dir='ltr'><strong><em>natus</em></strong></span> <span class='ocrx_word' id='word_1_193' title='bbox 728 2344 798 2389; x_wconf 78' lang='lat' dir='ltr'><strong><em>est</em></strong></span> <span class='ocrx_word' id='word_1_194' title='bbox 833 2354 850 2386; x_wconf 70' lang='grc' dir='ltr'><strong><em>ι</em></strong></span> <span class='ocrx_word' id='word_1_195' title='bbox 886 2331 992 2405; x_wconf 89' lang='lat' dir='ltr'><strong><em>(Id.</em></strong></span> <span class='ocrx_word' id='word_1_196' title='bbox 1023 2348 1094 2398; x_wconf 82' lang='lat' dir='ltr'><strong><em>tv,</em></strong></span> <span class='ocrx_word' id='word_1_197' title='bbox 1123 2328 1236 2400; x_wconf 68' lang='grc' dir='ltr'><strong><em>ει).</em></strong></span> <span class='ocrx_word' id='word_1_198' title='bbox 1265 2329 1403 2400; x_wconf 85' lang='lat' dir='ltr'><strong><em>Ergo</em></strong></span> <span class='ocrx_word' id='word_1_199' title='bbox 1426 2343 1597 2382; x_wconf 88' lang='lat' dir='ltr'><strong><em>omnes</em></strong></span> <span class='ocrx_word' id='word_1_200' title='bbox 1625 2324 1845 2380; x_wconf 62' lang='lat' dir='ltr'><strong><em>heretici</em></strong></span> <span class='ocrx_word' id='word_1_201' title='bbox 1871 2333 1916 2378; x_wconf 93' lang='lat' dir='ltr'><strong><em>et</em></strong></span> 
     </span>
    </p>
   </div>
   <div class='ocr_carea' id='block_1_23' title="bbox 337 2415 1914 2493">
    <p class='ocr_par' dir='ltr' id='par_1_23' title="bbox 337 2415 1914 2493">
     <span class='ocr_line' id='line_1_23' title="bbox 337 2415 1914 2493; baseline -0.007 -15"><span class='ocrx_word' id='word_1_202' title='bbox 337 2425 643 2478; x_wconf 68' lang='grc' dir='ltr'><strong><em>ειῑιὶεηιιιήεὶ</em></strong></span> <span class='ocrx_word' id='word_1_203' title='bbox 681 2424 851 2478; x_wconf 84' lang='lat' dir='ltr'><strong><em>omnia</em></strong></span> <span class='ocrx_word' id='word_1_204' title='bbox 896 2436 1218 2493; x_wconf 64' lang='lat' dir='ltr'><strong><em>quacumque</em></strong></span> <span class='ocrx_word' id='word_1_205' title='bbox 1258 2419 1450 2491; x_wconf 74' lang='lat' dir='ltr'><strong><em>faciunt</em></strong></span> <span class='ocrx_word' id='word_1_206' title='bbox 1487 2415 1718 2472; x_wconf 80' lang='lat' dir='ltr'><strong><em>carnalia</em></strong></span> <span class='ocrx_word' id='word_1_207' title='bbox 1763 2421 1914 2480; x_wconf 80' lang='lat' dir='ltr'><strong><em>sunt,</em></strong></span> 
     </span>
    </p>
   </div>
   <div class='ocr_carea' id='block_1_24' title="bbox 338 2507 1912 2586">
    <p class='ocr_par' dir='ltr' id='par_1_24' title="bbox 338 2507 1912 2586">
     <span class='ocr_line' id='line_1_24' title="bbox 338 2507 1912 2586; baseline -0.006 -18"><span class='ocrx_word' id='word_1_208' title='bbox 338 2517 532 2568; x_wconf 77' lang='lat' dir='ltr'><strong><em>dicente</em></strong></span> <span class='ocrx_word' id='word_1_209' title='bbox 554 2514 795 2586; x_wconf 80' lang='lat' dir='ltr'><strong><em>Apostolo</em></strong></span> <span class='ocrx_word' id='word_1_210' title='bbox 815 2556 830 2581; x_wconf 95' lang='lat'><strong><em>,</em></strong></span> <span class='ocrx_word' id='word_1_211' title='bbox 867 2532 886 2564; x_wconf 83' lang='grc'><strong><em>‹</em></strong></span> <span class='ocrx_word' id='word_1_212' title='bbox 925 2511 1198 2580; x_wconf 79' lang='lat' dir='ltr'><strong><em>Manifesta</em></strong></span> <span class='ocrx_word' id='word_1_213' title='bbox 1222 2518 1340 2564; x_wconf 82' lang='lat' dir='ltr'><strong><em>sunt</em></strong></span> <span class='ocrx_word' id='word_1_214' title='bbox 1367 2509 1500 2564; x_wconf 89' lang='lat' dir='ltr'><strong><em>enim</em></strong></span> <span class='ocrx_word' id='word_1_215' title='bbox 1527 2523 1681 2579; x_wconf 84' lang='lat' dir='ltr'><strong><em>opera</em></strong></span> <span class='ocrx_word' id='word_1_216' title='bbox 1705 2507 1876 2561; x_wconf 83' lang='lat' dir='ltr'><strong><em>carnis</em></strong></span> <span class='ocrx_word' id='word_1_217' title='bbox 1896 2546 1912 2573; x_wconf 96' lang='lat'><strong><em>,</em></strong></span> 
     </span>
    </p>
   </div>
   <div class='ocr_carea' id='block_1_25' title="bbox 338 2598 1914 2675">
    <p class='ocr_par' dir='ltr' id='par_1_25' title="bbox 338 2598 1914 2675">
     <span class='ocr_line' id='line_1_25' title="bbox 338 2598 1914 2675; baseline -0.002 -19"><span class='ocrx_word' id='word_1_218' title='bbox 338 2622 448 2675; x_wconf 63' lang='lat' dir='ltr'><strong><em>qua:</em></strong></span> <span class='ocrx_word' id='word_1_219' title='bbox 469 2617 582 2659; x_wconf 84' lang='lat' dir='ltr'><strong><em>sunt</em></strong></span> <span class='ocrx_word' id='word_1_220' title='bbox 604 2606 962 2674; x_wconf 74' lang='lat' dir='ltr'><strong><em>fornicationes</em></strong></span> <span class='ocrx_word' id='word_1_221' title='bbox 982 2645 995 2668; x_wconf 93' lang='lat'><strong><em>,</em></strong></span> <span class='ocrx_word' id='word_1_222' title='bbox 1021 2602 1384 2666; x_wconf 68' lang='lat' dir='ltr'><strong><em>immunditiw,</em></strong></span> <span class='ocrx_word' id='word_1_223' title='bbox 1413 2600 1661 2667; x_wconf 83' lang='lat' dir='ltr'><strong><em>incestus,</em></strong></span> <span class='ocrx_word' id='word_1_224' title='bbox 1692 2598 1914 2659; x_wconf 80' lang='lat' dir='ltr'><strong><em>idolola-</em></strong></span> 
     </span>
    </p>
   </div>
   <div class='ocr_carea' id='block_1_26' title="bbox 340 2689 1917 2766">
    <p class='ocr_par' dir='ltr' id='par_1_26' title="bbox 340 2689 1917 2766">
     <span class='ocr_line' id='line_1_26' title="bbox 340 2689 1917 2766; baseline -0.006 -16"><span class='ocrx_word' id='word_1_225' title='bbox 340 2699 464 2759; x_wconf 71' lang='lat' dir='ltr'><strong><em>triar,</em></strong></span> <span class='ocrx_word' id='word_1_226' title='bbox 498 2697 765 2766; x_wconf 68' lang='lat' dir='ltr'><strong><em>veneﬁcia,</em></strong></span> <span class='ocrx_word' id='word_1_227' title='bbox 790 2695 1093 2758; x_wconf 68' lang='lat' dir='ltr'><strong><em>inimicitiis,</em></strong></span> <span class='ocrx_word' id='word_1_228' title='bbox 1123 2691 1426 2756; x_wconf 85' lang='lat' dir='ltr'><strong><em>certamina,</em></strong></span> <span class='ocrx_word' id='word_1_229' title='bbox 1450 2689 1587 2744; x_wconf 80' lang='lat' dir='ltr'><strong><em>zelus</em></strong></span> <span class='ocrx_word' id='word_1_230' title='bbox 1605 2730 1619 2756; x_wconf 91' lang='lat'><strong><em>,</em></strong></span> <span class='ocrx_word' id='word_1_231' title='bbox 1646 2689 1757 2756; x_wconf 87' lang='lat' dir='ltr'><strong><em>ira,</em></strong></span> <span class='ocrx_word' id='word_1_232' title='bbox 1786 2689 1917 2742; x_wconf 79' lang='lat' dir='ltr'><strong><em>dioi-</em></strong></span> 
     </span>
    </p>
   </div>
   <div class='ocr_carea' id='block_1_27' title="bbox 342 2777 1914 2852">
    <p class='ocr_par' dir='ltr' id='par_1_27' title="bbox 342 2777 1914 2852">
     <span class='ocr_line' id='line_1_27' title="bbox 342 2777 1914 2852; baseline -0.006 -12"><span class='ocrx_word' id='word_1_233' title='bbox 342 2788 522 2852; x_wconf 87' lang='lat' dir='ltr'><strong><em>sioues,</em></strong></span> <span class='ocrx_word' id='word_1_234' title='bbox 556 2787 786 2851; x_wconf 77' lang='lat' dir='ltr'><strong><em>Iiwreses,</em></strong></span> <span class='ocrx_word' id='word_1_235' title='bbox 817 2797 862 2838; x_wconf 87' lang='lat' dir='ltr'><strong><em>et</em></strong></span> <span class='ocrx_word' id='word_1_236' title='bbox 891 2786 968 2838; x_wconf 75' lang='lat' dir='ltr'><strong><em>liis</em></strong></span> <span class='ocrx_word' id='word_1_237' title='bbox 995 2783 1220 2845; x_wconf 85' lang='lat' dir='ltr'><strong><em>similia;</em></strong></span> <span class='ocrx_word' id='word_1_238' title='bbox 1239 2781 1302 2836; x_wconf 85' lang='lat' dir='ltr'><strong><em>de</em></strong></span> <span class='ocrx_word' id='word_1_239' title='bbox 1321 2779 1503 2852; x_wconf 76' lang='lat' dir='ltr'><strong><em>quibus</em></strong></span> <span class='ocrx_word' id='word_1_240' title='bbox 1520 2779 1734 2850; x_wconf 61' lang='grc' dir='ltr'><strong><em>ρι’ωάἰωὶ</em></strong></span> <span class='ocrx_word' id='word_1_241' title='bbox 1755 2777 1914 2842; x_wconf 79' lang='lat' dir='ltr'><strong><em>vobis,</em></strong></span> 
     </span>
    </p>
   </div>
   <div class='ocr_carea' id='block_1_28' title="bbox 340 2872 1917 2946">
    <p class='ocr_par' dir='ltr' id='par_1_28' title="bbox 340 2872 1917 2946">
     <span class='ocr_line' id='line_1_28' title="bbox 340 2872 1917 2946; baseline -0.005 -16"><span class='ocrx_word' id='word_1_242' title='bbox 340 2878 463 2930; x_wconf 87' lang='lat' dir='ltr'><strong><em>sicut</em></strong></span> <span class='ocrx_word' id='word_1_243' title='bbox 493 2876 734 2946; x_wconf 76' lang='lat' dir='ltr'><strong><em>praedico,</em></strong></span> <span class='ocrx_word' id='word_1_244' title='bbox 760 2875 996 2945; x_wconf 88' lang='lat' dir='ltr'><strong><em>quoniam</em></strong></span> <span class='ocrx_word' id='word_1_245' title='bbox 1023 2875 1320 2944; x_wconf 86' lang='lat' dir='ltr'><strong><em>quicumque</em></strong></span> <span class='ocrx_word' id='word_1_246' title='bbox 1345 2873 1450 2925; x_wconf 86' lang='lat' dir='ltr'><strong><em>luec</em></strong></span> <span class='ocrx_word' id='word_1_247' title='bbox 1470 2872 1680 2942; x_wconf 79' lang='lat' dir='ltr'><strong><em>faciunt,</em></strong></span> <span class='ocrx_word' id='word_1_248' title='bbox 1707 2885 1917 2941; x_wconf 84' lang='lat' dir='ltr'><strong><em>regnum</em></strong></span> 
     </span>
    </p>
   </div>
   <div class='ocr_carea' id='block_1_29' title="bbox 341 2960 1918 3040">
    <p class='ocr_par' dir='ltr' id='par_1_29' title="bbox 341 2960 1918 3040">
     <span class='ocr_line' id='line_1_29' title="bbox 341 2960 1918 3040; baseline -0.005 -19"><span class='ocrx_word' id='word_1_249' title='bbox 341 2967 434 3022; x_wconf 81' lang='lat' dir='ltr'><strong><em>Dei</em></strong></span> <span class='ocrx_word' id='word_1_250' title='bbox 459 2985 561 3021; x_wconf 86' lang='lat' dir='ltr'><strong><em>non</em></strong></span> <span class='ocrx_word' id='word_1_251' title='bbox 587 2967 948 3040; x_wconf 71' lang='lat' dir='ltr'><strong><em>latereditabunt</em></strong></span> <span class='ocrx_word' id='word_1_252' title='bbox 977 2983 997 3018; x_wconf 71' lang='grc' dir='ltr'><strong>ι</strong></span> <span class='ocrx_word' id='word_1_253' title='bbox 1037 2963 1234 3035; x_wconf 62' lang='lat' dir='ltr'><strong><em>(Halat.</em></strong></span> <span class='ocrx_word' id='word_1_254' title='bbox 1268 2980 1298 3016; x_wconf 69' lang='grc' dir='ltr'><strong>γ</strong></span> <span class='ocrx_word' id='word_1_255' title='bbox 1319 3003 1335 3029; x_wconf 83' lang='grc'><strong><em>,</em></strong></span> <span class='ocrx_word' id='word_1_256' title='bbox 1365 2961 1574 3032; x_wconf 71' lang='grc'><strong><em>19-21).</em></strong></span> <span class='ocrx_word' id='word_1_257' title='bbox 1603 2960 1918 3015; x_wconf 71' lang='lat' dir='ltr'><strong><em>Condemuu</em></strong></span> 
     </span>
    </p>
   </div>
   <div class='ocr_carea' id='block_1_30' title="bbox 339 3049 1918 3126">
    <p class='ocr_par' dir='ltr' id='par_1_30' title="bbox 339 3049 1918 3126">
     <span class='ocr_line' id='line_1_30' title="bbox 339 3049 1918 3126; baseline -0.005 -14"><span class='ocrx_word' id='word_1_258' title='bbox 339 3075 478 3126; x_wconf 66' lang='lat' dir='ltr'><strong><em>eque</em></strong></span> <span class='ocrx_word' id='word_1_259' title='bbox 504 3057 776 3126; x_wconf 79' lang='lat' dir='ltr'><strong><em>Apostolus</em></strong></span> <span class='ocrx_word' id='word_1_260' title='bbox 797 3073 907 3109; x_wconf 87' lang='lat' dir='ltr'><strong><em>cum</em></strong></span> <span class='ocrx_word' id='word_1_261' title='bbox 929 3055 1160 3108; x_wconf 82' lang='lat' dir='ltr'><strong><em>onmibus</em></strong></span> <span class='ocrx_word' id='word_1_262' title='bbox 1182 3055 1328 3108; x_wconf 89' lang='lat' dir='ltr'><strong><em>malis</em></strong></span> <span class='ocrx_word' id='word_1_263' title='bbox 1349 3063 1397 3107; x_wconf 85' lang='lat' dir='ltr'><strong><em>et</em></strong></span> <span class='ocrx_word' id='word_1_264' title='bbox 1414 3068 1499 3107; x_wconf 85' lang='lat' dir='ltr'><strong><em>eos</em></strong></span> <span class='ocrx_word' id='word_1_265' title='bbox 1518 3053 1603 3122; x_wconf 79' lang='lat' dir='ltr'><strong><em>qui</em></strong></span> <span class='ocrx_word' id='word_1_266' title='bbox 1625 3049 1918 3105; x_wconf 80' lang='lat' dir='ltr'><strong><em>divisionem</em></strong></span> 
     </span>
    </p>
   </div>
   <div class='ocr_carea' id='block_1_31' title="bbox 341 3139 1920 3218">
    <p class='ocr_par' dir='ltr' id='par_1_31' title="bbox 341 3139 1920 3218">
     <span class='ocr_line' id='line_1_31' title="bbox 341 3139 1920 3218; baseline -0.003 -20"><span class='ocrx_word' id='word_1_267' title='bbox 341 3150 530 3218; x_wconf 72' lang='lat' dir='ltr'><strong><em>faciunt</em></strong></span> <span class='ocrx_word' id='word_1_268' title='bbox 551 3189 565 3210; x_wconf 94' lang='lat'><strong><em>,</em></strong></span> <span class='ocrx_word' id='word_1_269' title='bbox 604 3149 699 3198; x_wconf 82' lang='lat' dir='ltr'><strong><em>hoc</em></strong></span> <span class='ocrx_word' id='word_1_270' title='bbox 735 3155 842 3211; x_wconf 86' lang='lat' dir='ltr'><strong><em>est,</em></strong></span> <span class='ocrx_word' id='word_1_271' title='bbox 882 3145 1227 3199; x_wconf 81' lang='lat' dir='ltr'><strong><em>schismaticos</em></strong></span> <span class='ocrx_word' id='word_1_272' title='bbox 1260 3154 1305 3196; x_wconf 86' lang='lat' dir='ltr'><strong><em>et</em></strong></span> <span class='ocrx_word' id='word_1_273' title='bbox 1343 3143 1621 3197; x_wconf 72' lang='lat' dir='ltr'><strong><em>lmeticos.</em></strong></span> <span class='ocrx_word' id='word_1_274' title='bbox 1656 3139 1774 3195; x_wconf 83' lang='lat' dir='ltr'><strong><em>Nisi</em></strong></span> <span class='ocrx_word' id='word_1_275' title='bbox 1799 3155 1920 3211; x_wconf 85' lang='lat' dir='ltr'><strong><em>ergo</em></strong></span> 
     </span>
    </p>
   </div>
   <div class='ocr_carea' id='block_1_32' title="bbox 336 3231 1922 3306">
    <p class='ocr_par' dir='ltr' id='par_1_32' title="bbox 336 3231 1922 3306">
     <span class='ocr_line' id='line_1_32' title="bbox 336 3231 1922 3306; baseline -0.001 -18"><span class='ocrx_word' id='word_1_276' title='bbox 336 3237 619 3306; x_wconf 70' lang='lat' dir='ltr'><strong><em>acceperint</em></strong></span> <span class='ocrx_word' id='word_1_277' title='bbox 657 3235 915 3304; x_wconf 79' lang='lat' dir='ltr'><strong><em>Baptisma</em></strong></span> <span class='ocrx_word' id='word_1_278' title='bbox 938 3236 1159 3288; x_wconf 77' lang='lat' dir='ltr'><strong><em>salutare</em></strong></span> <span class='ocrx_word' id='word_1_279' title='bbox 1177 3235 1234 3287; x_wconf 83' lang='lat' dir='ltr'><strong><em>in</em></strong></span> <span class='ocrx_word' id='word_1_280' title='bbox 1263 3231 1490 3288; x_wconf 76' lang='lat' dir='ltr'><strong><em>Ecclesia</em></strong></span> <span class='ocrx_word' id='word_1_281' title='bbox 1524 3232 1777 3287; x_wconf 67' lang='lat' dir='ltr'><strong><em>catholica</em></strong></span> <span class='ocrx_word' id='word_1_282' title='bbox 1808 3248 1922 3302; x_wconf 74' lang='lat' dir='ltr'><strong><em>quc</em></strong></span> 
     </span>
    </p>
   </div>
   <div class='ocr_carea' id='block_1_33' title="bbox 341 3325 1921 3396">
    <p class='ocr_par' dir='ltr' id='par_1_33' title="bbox 341 3325 1921 3396">
     <span class='ocr_line' id='line_1_33' title="bbox 341 3325 1921 3396; baseline 0.001 -18"><span class='ocrx_word' id='word_1_283' title='bbox 341 3345 440 3379; x_wconf 82' lang='lat' dir='ltr'><strong><em>uua</em></strong></span> <span class='ocrx_word' id='word_1_284' title='bbox 465 3337 570 3388; x_wconf 81' lang='lat' dir='ltr'><strong><em>est,</em></strong></span> <span class='ocrx_word' id='word_1_285' title='bbox 601 3327 727 3379; x_wconf 80' lang='lat' dir='ltr'><strong><em>salvi</em></strong></span> <span class='ocrx_word' id='word_1_286' title='bbox 760 3342 867 3379; x_wconf 87' lang='lat' dir='ltr'><strong><em>esse</em></strong></span> <span class='ocrx_word' id='word_1_287' title='bbox 898 3343 996 3378; x_wconf 77' lang='lat' dir='ltr'><strong><em>non</em></strong></span> <span class='ocrx_word' id='word_1_288' title='bbox 1021 3335 1258 3396; x_wconf 81' lang='lat' dir='ltr'><strong><em>possunt,</em></strong></span> <span class='ocrx_word' id='word_1_289' title='bbox 1287 3326 1376 3378; x_wconf 77' lang='lat' dir='ltr'><strong><em>sed</em></strong></span> <span class='ocrx_word' id='word_1_290' title='bbox 1400 3340 1515 3378; x_wconf 79' lang='lat' dir='ltr'><strong><em>cum</em></strong></span> <span class='ocrx_word' id='word_1_291' title='bbox 1540 3325 1830 3380; x_wconf 75' lang='lat' dir='ltr'><strong><em>molibus</em></strong></span> <span class='ocrx_word' id='word_1_292' title='bbox 1869 3327 1921 3379; x_wconf 86' lang='lat' dir='ltr'><strong><em>in</em></strong></span> 
     </span>
    </p>
   </div>
   <div class='ocr_carea' id='block_1_34' title="bbox 339 3416 1223 3488">
    <p class='ocr_par' dir='ltr' id='par_1_34' title="bbox 339 3416 1223 3488">
     <span class='ocr_line' id='line_1_34' title="bbox 339 3416 1223 3488; baseline -0.002 -18"><span class='ocrx_word' id='word_1_293' title='bbox 339 3418 532 3488; x_wconf 65' lang='lat' dir='ltr'><strong><em>indicio</em></strong></span> <span class='ocrx_word' id='word_1_294' title='bbox 562 3416 764 3475; x_wconf 85' lang='lat' dir='ltr'><strong><em>Domini</em></strong></span> <span class='ocrx_word' id='word_1_295' title='bbox 793 3416 1164 3469; x_wconf 73' lang='lat' dir='ltr'><strong><em>damnabantur</em></strong></span> <span class='ocrx_word' id='word_1_296' title='bbox 1186 3417 1223 3468; x_wconf 78' lang='grc'><strong>⁸.</strong></span> 
     </span>
    </p>
   </div>
   <div class='ocr_carea' id='block_1_35' title="bbox 415 3506 1921 3578">
    <p class='ocr_par' dir='ltr' id='par_1_35' title="bbox 415 3506 1921 3578">
     <span class='ocr_line' id='line_1_35' title="bbox 415 3506 1921 3578; baseline -0.002 -14"><span class='ocrx_word' id='word_1_297' title='bbox 415 3511 503 3565; x_wconf 72' lang='lat' dir='ltr'><strong><em>i9.</em></strong></span> <span class='ocrx_word' id='word_1_298' title='bbox 534 3509 882 3563; x_wconf 77' lang='lat' dir='ltr'><strong><em>Nemesianns</em></strong></span> <span class='ocrx_word' id='word_1_299' title='bbox 909 3523 939 3562; x_wconf 69' lang='grc' dir='ltr'>ι</span> <span class='ocrx_word' id='word_1_300' title='bbox 966 3508 1205 3562; x_wconf 82' lang='lat' dir='ltr'><strong><em>&#39;I&#39;ubunls</em></strong></span> <span class='ocrx_word' id='word_1_301' title='bbox 1231 3509 1254 3540; x_wconf 79' lang='grc'>¹</span> <span class='ocrx_word' id='word_1_302' title='bbox 1281 3506 1444 3561; x_wconf 77' lang='lat' dir='ltr'><strong><em>multa</em></strong></span> <span class='ocrx_word' id='word_1_303' title='bbox 1467 3507 1651 3578; x_wconf 76' lang='lat' dir='ltr'><strong><em>posuit</em></strong></span> <span class='ocrx_word' id='word_1_304' title='bbox 1677 3507 1921 3562; x_wconf 76' lang='lat' dir='ltr'><strong><em>testimo—</em></strong></span> 
     </span>
    </p>
   </div>
   <div class='ocr_carea' id='block_1_36' title="bbox 340 3599 1921 3670">
    <p class='ocr_par' dir='ltr' id='par_1_36' title="bbox 340 3599 1921 3670">
     <span class='ocr_line' id='line_1_36' title="bbox 340 3599 1921 3670; baseline -0.002 -14"><span class='ocrx_word' id='word_1_305' title='bbox 340 3603 428 3656; x_wconf 77' lang='lat' dir='ltr'><strong><em>Ilia</em></strong></span> <span class='ocrx_word' id='word_1_306' title='bbox 449 3601 841 3670; x_wconf 69' lang='lat' dir='ltr'><strong><em>Scripturarum</em></strong></span> <span class='ocrx_word' id='word_1_307' title='bbox 873 3617 886 3654; x_wconf 87' lang='lat'><strong>:</strong></span> <span class='ocrx_word' id='word_1_308' title='bbox 915 3601 1005 3654; x_wconf 75' lang='lat' dir='ltr'><strong><em>sed</em></strong></span> <span class='ocrx_word' id='word_1_309' title='bbox 1028 3613 1126 3669; x_wconf 83' lang='lat' dir='ltr'><strong><em>pro</em></strong></span> <span class='ocrx_word' id='word_1_310' title='bbox 1152 3602 1412 3655; x_wconf 68' lang='lat' dir='ltr'><strong><em>sententia</em></strong></span> <span class='ocrx_word' id='word_1_311' title='bbox 1433 3599 1741 3665; x_wconf 60' lang='lat' dir='ltr'><strong><em>Catholica,</em></strong></span> <span class='ocrx_word' id='word_1_312' title='bbox 1765 3614 1921 3666; x_wconf 80' lang='lat' dir='ltr'><strong><em>quam</em></strong></span> 
     </span>
    </p>
   </div>
   <div class='ocr_carea' id='block_1_37' title="bbox 342 3692 1921 3763">
    <p class='ocr_par' dir='ltr' id='par_1_37' title="bbox 342 3692 1921 3763">
     <span class='ocr_line' id='line_1_37' title="bbox 342 3692 1921 3763; baseline -0.003 -13"><span class='ocrx_word' id='word_1_313' title='bbox 342 3695 714 3750; x_wconf 66' lang='lat' dir='ltr'><strong><em>declarandam</em></strong></span> <span class='ocrx_word' id='word_1_314' title='bbox 751 3704 803 3749; x_wconf 88' lang='lat' dir='ltr'><strong><em>ct</em></strong></span> <span class='ocrx_word' id='word_1_315' title='bbox 841 3694 1316 3748; x_wconf 62' lang='lat' dir='ltr'><strong><em>consmendandam</em></strong></span> <span class='ocrx_word' id='word_1_316' title='bbox 1358 3693 1724 3763; x_wconf 81' lang='lat' dir='ltr'><strong><em>suscepimus,</em></strong></span> <span class='ocrx_word' id='word_1_317' title='bbox 1758 3692 1921 3746; x_wconf 86' lang='lat' dir='ltr'><strong><em>multa</em></strong></span> 
     </span>
    </p>
   </div>
   <div class='ocr_carea' id='block_1_38' title="bbox 346 3784 1925 3855">
    <p class='ocr_par' dir='ltr' id='par_1_38' title="bbox 346 3784 1925 3855">
     <span class='ocr_line' id='line_1_38' title="bbox 346 3784 1925 3855; baseline -0.001 -15"><span class='ocrx_word' id='word_1_318' title='bbox 346 3788 552 3840; x_wconf 79' lang='lat' dir='ltr'><strong><em>locutus</em></strong></span> <span class='ocrx_word' id='word_1_319' title='bbox 572 3797 678 3840; x_wconf 77' lang='lat' dir='ltr'><strong><em>est.</em></strong></span> <span class='ocrx_word' id='word_1_320' title='bbox 704 3785 812 3840; x_wconf 79' lang='lat' dir='ltr'><strong><em>Nisi</em></strong></span> <span class='ocrx_word' id='word_1_321' title='bbox 842 3786 976 3839; x_wconf 82' lang='lat' dir='ltr'><strong><em>forte</em></strong></span> <span class='ocrx_word' id='word_1_322' title='bbox 1004 3784 1290 3854; x_wconf 74' lang='lat' dir='ltr'><strong><em>putandum</em></strong></span> <span class='ocrx_word' id='word_1_323' title='bbox 1321 3793 1422 3850; x_wconf 78' lang='lat' dir='ltr'><strong><em>est,</em></strong></span> <span class='ocrx_word' id='word_1_324' title='bbox 1449 3785 1572 3855; x_wconf 78' lang='lat' dir='ltr'><strong><em>quia</em></strong></span> <span class='ocrx_word' id='word_1_325' title='bbox 1602 3797 1706 3838; x_wconf 87' lang='lat' dir='ltr'><strong><em>non</em></strong></span> <span class='ocrx_word' id='word_1_326' title='bbox 1733 3784 1846 3852; x_wconf 81' lang='lat' dir='ltr'><strong><em>ﬁdit</em></strong></span> <span class='ocrx_word' id='word_1_327' title='bbox 1871 3785 1925 3838; x_wconf 86' lang='lat' dir='ltr'><strong><em>in</em></strong></span> 
     </span>
    </p>
   </div>
   <div class='ocr_carea' id='block_1_39' title="bbox 349 3875 1923 3947">
    <p class='ocr_par' dir='ltr' id='par_1_39' title="bbox 349 3875 1923 3947">
     <span class='ocr_line' id='line_1_39' title="bbox 349 3875 1923 3947; baseline 0.003 -23"><span class='ocrx_word' id='word_1_328' title='bbox 349 3879 492 3930; x_wconf 69' lang='lat' dir='ltr'><strong><em>tcclsis</em></strong></span> <span class='ocrx_word' id='word_1_329' title='bbox 507 3878 599 3947; x_wconf 79' lang='lat' dir='ltr'><strong><em>qui</em></strong></span> <span class='ocrx_word' id='word_1_330' title='bbox 625 3877 734 3930; x_wconf 77' lang='lat' dir='ltr'><strong><em>ﬁdit</em></strong></span> <span class='ocrx_word' id='word_1_331' title='bbox 765 3877 814 3928; x_wconf 90' lang='lat' dir='ltr'><strong><em>in</em></strong></span> <span class='ocrx_word' id='word_1_332' title='bbox 842 3889 936 3944; x_wconf 86' lang='lat' dir='ltr'><strong><em>spe</em></strong></span> <span class='ocrx_word' id='word_1_333' title='bbox 957 3891 1130 3930; x_wconf 86' lang='lat' dir='ltr'><strong><em>rerum</em></strong></span> <span class='ocrx_word' id='word_1_334' title='bbox 1155 3876 1550 3946; x_wconf 85' lang='lat' dir='ltr'><strong><em>temporalium,</em></strong></span> <span class='ocrx_word' id='word_1_335' title='bbox 1573 3875 1711 3928; x_wconf 83' lang='lat' dir='ltr'><strong><em>sicut</em></strong></span> <span class='ocrx_word' id='word_1_336' title='bbox 1735 3888 1923 3928; x_wconf 75' lang='lat' dir='ltr'><strong><em>omnes</em></strong></span> 
     </span>
    </p>
   </div>
   <div class='ocr_carea' id='block_1_40' title="bbox 341 3962 1922 4036">
    <p class='ocr_par' dir='ltr' id='par_1_40' title="bbox 341 3962 1922 4036">
     <span class='ocr_line' id='line_1_40' title="bbox 341 3962 1922 4036; baseline -0.003 -16"><span class='ocrx_word' id='word_1_337' title='bbox 341 3968 487 4020; x_wconf 60' lang='lat' dir='ltr'><strong><em>stari</em></strong></span> <span class='ocrx_word' id='word_1_338' title='bbox 517 3978 678 4036; x_wconf 74' lang='lat' dir='ltr'><strong><em>atque</em></strong></span> <span class='ocrx_word' id='word_1_339' title='bbox 719 3977 992 4035; x_wconf 76' lang='lat' dir='ltr'><strong><em>raptores,</em></strong></span> <span class='ocrx_word' id='word_1_340' title='bbox 1023 3975 1074 4019; x_wconf 91' lang='lat' dir='ltr'><strong><em>et</em></strong></span> <span class='ocrx_word' id='word_1_341' title='bbox 1107 3967 1198 4035; x_wconf 88' lang='lat' dir='ltr'><strong><em>qui</em></strong></span> <span class='ocrx_word' id='word_1_342' title='bbox 1241 3965 1438 4018; x_wconf 62' lang='lat' dir='ltr'><strong><em>Sict-nio</em></strong></span> <span class='ocrx_word' id='word_1_343' title='bbox 1468 3979 1574 4017; x_wconf 86' lang='lat' dir='ltr'><strong><em>non</em></strong></span> <span class='ocrx_word' id='word_1_344' title='bbox 1612 3962 1766 4017; x_wconf 79' lang='lat' dir='ltr'><strong><em>iactis</em></strong></span> <span class='ocrx_word' id='word_1_345' title='bbox 1787 4004 1800 4027; x_wconf 92' lang='lat'><strong><em>,</em></strong></span> <span class='ocrx_word' id='word_1_346' title='bbox 1827 3962 1922 4016; x_wconf 88' lang='lat' dir='ltr'><strong><em>sed</em></strong></span> 
     </span>
    </p>
   </div>
   <div class='ocr_carea' id='block_1_41' title="bbox 345 4055 1925 4126">
    <p class='ocr_par' dir='ltr' id='par_1_41' title="bbox 345 4055 1925 4126">
     <span class='ocr_line' id='line_1_41' title="bbox 345 4055 1925 4126; baseline 0 -18"><span class='ocrx_word' id='word_1_347' title='bbox 345 4058 522 4111; x_wconf 67' lang='lat' dir='ltr'><strong><em>verbis</em></strong></span> <span class='ocrx_word' id='word_1_348' title='bbox 546 4058 851 4110; x_wconf 65' lang='lat' dir='ltr'><strong><em>renuntiant</em></strong></span> <span class='ocrx_word' id='word_1_349' title='bbox 872 4099 884 4120; x_wconf 93' lang='lat'><strong><em>,</em></strong></span> <span class='ocrx_word' id='word_1_350' title='bbox 912 4057 1095 4126; x_wconf 81' lang='lat' dir='ltr'><strong><em>quales</em></strong></span> <span class='ocrx_word' id='word_1_351' title='bbox 1126 4065 1300 4110; x_wconf 77' lang='lat' dir='ltr'><strong><em>tamen</em></strong></span> <span class='ocrx_word' id='word_1_352' title='bbox 1331 4057 1470 4110; x_wconf 78' lang='lat' dir='ltr'><strong><em>intus</em></strong></span> <span class='ocrx_word' id='word_1_353' title='bbox 1499 4064 1553 4110; x_wconf 87' lang='lat' dir='ltr'><strong><em>et</em></strong></span> <span class='ocrx_word' id='word_1_354' title='bbox 1579 4055 1846 4126; x_wconf 79' lang='lat' dir='ltr'><strong><em>baptizare</em></strong></span> <span class='ocrx_word' id='word_1_355' title='bbox 1871 4064 1925 4108; x_wconf 92' lang='lat' dir='ltr'><strong><em>ct</em></strong></span> 
     </span>
    </p>
   </div>
   <div class='ocr_carea' id='block_1_42' title="bbox 343 4146 1922 4218">
    <p class='ocr_par' dir='ltr' id='par_1_42' title="bbox 343 4146 1922 4218">
     <span class='ocr_line' id='line_1_42' title="bbox 343 4146 1922 4218; baseline -0.003 -16"><span class='ocrx_word' id='word_1_356' title='bbox 343 4147 602 4216; x_wconf 72' lang='lat' dir='ltr'><strong><em>baptizari</em></strong></span> <span class='ocrx_word' id='word_1_357' title='bbox 637 4148 831 4211; x_wconf 71' lang='lat' dir='ltr'><strong><em>etiam,</em></strong></span> <span class='ocrx_word' id='word_1_358' title='bbox 862 4147 1153 4216; x_wconf 71' lang='lat' dir='ltr'><strong><em>Cyprianus</em></strong></span> <span class='ocrx_word' id='word_1_359' title='bbox 1193 4157 1274 4201; x_wconf 85' lang='lat' dir='ltr'><strong><em>est</em></strong></span> <span class='ocrx_word' id='word_1_360' title='bbox 1309 4147 1464 4200; x_wconf 82' lang='lat' dir='ltr'><strong><em>testis</em></strong></span> <span class='ocrx_word' id='word_1_361' title='bbox 1499 4146 1690 4218; x_wconf 75' lang='lat' dir='ltr'><strong><em>(Epist.</em></strong></span> <span class='ocrx_word' id='word_1_362' title='bbox 1731 4147 1827 4213; x_wconf 73' lang='lat'><strong><em>15-,</em></strong></span> <span class='ocrx_word' id='word_1_363' title='bbox 1855 4146 1922 4198; x_wconf 83' lang='lat' dir='ltr'><strong><em>ad</em></strong></span> 
     </span>
    </p>
   </div>
   <div class='ocr_carea' id='block_1_43' title="bbox 345 4237 1921 4313">
    <p class='ocr_par' dir='ltr' id='par_1_43' title="bbox 345 4237 1921 4313">
     <span class='ocr_line' id='line_1_43' title="bbox 345 4237 1921 4313; baseline 0 -19"><span class='ocrx_word' id='word_1_364' title='bbox 345 4238 610 4313; x_wconf 76' lang='lat' dir='ltr'><strong><em>Clericos).</em></strong></span> <span class='ocrx_word' id='word_1_365' title='bbox 643 4239 744 4308; x_wconf 72' lang='lat' dir='ltr'><strong><em>Ipsi</em></strong></span> <span class='ocrx_word' id='word_1_366' title='bbox 773 4251 1044 4308; x_wconf 80' lang='lat' dir='ltr'><strong><em>sequuntur</em></strong></span> <span class='ocrx_word' id='word_1_367' title='bbox 1067 4241 1216 4294; x_wconf 87' lang='lat' dir='ltr'><strong><em>etiam</em></strong></span> <span class='ocrx_word' id='word_1_368' title='bbox 1245 4256 1359 4294; x_wconf 80' lang='lat' dir='ltr'><strong><em>aves</em></strong></span> <span class='ocrx_word' id='word_1_369' title='bbox 1379 4240 1606 4293; x_wconf 72' lang='lat' dir='ltr'><strong><em>volantes</em></strong></span> <span class='ocrx_word' id='word_1_370' title='bbox 1623 4237 1807 4312; x_wconf 72' lang='lat' dir='ltr'><strong><em>(Prov.</em></strong></span> <span class='ocrx_word' id='word_1_371' title='bbox 1853 4253 1885 4294; x_wconf 73' lang='grc' dir='ltr'>ι</span> <span class='ocrx_word' id='word_1_372' title='bbox 1907 4280 1921 4306; x_wconf 89' lang='grc'><em>,</em></span> 
     </span>
    </p>
   </div>
   <div class='ocr_carea' id='block_1_44' title="bbox 345 4329 1926 4403">
    <p class='ocr_par' dir='ltr' id='par_1_44' title="bbox 345 4329 1926 4403">
     <span class='ocr_line' id='line_1_44' title="bbox 345 4329 1926 4403; baseline -0.001 -16"><span class='ocrx_word' id='word_1_373' title='bbox 345 4335 425 4403; x_wconf 72' lang='grc'><strong><em>4),</em></strong></span> <span class='ocrx_word' id='word_1_374' title='bbox 453 4334 576 4403; x_wconf 87' lang='lat' dir='ltr'><strong><em>quia</em></strong></span> <span class='ocrx_word' id='word_1_375' title='bbox 607 4348 712 4386; x_wconf 81' lang='lat' dir='ltr'><strong><em>non</em></strong></span> <span class='ocrx_word' id='word_1_376' title='bbox 741 4330 1143 4402; x_wconf 78' lang='lat' dir='ltr'><strong><em>spprcbeudunt</em></strong></span> <span class='ocrx_word' id='word_1_377' title='bbox 1163 4349 1278 4402; x_wconf 70' lang='lat' dir='ltr'><strong><em>qum</em></strong></span> <span class='ocrx_word' id='word_1_378' title='bbox 1299 4332 1700 4400; x_wconf 84' lang='lat' dir='ltr'><strong><em>concupiscunt.</em></strong></span> <span class='ocrx_word' id='word_1_379' title='bbox 1728 4329 1926 4385; x_wconf 85' lang='lat' dir='ltr'><strong><em>Deserit</em></strong></span> 
     </span>
    </p>
   </div>
   <div class='ocr_carea' id='block_1_45' title="bbox 345 4422 1925 4492">
    <p class='ocr_par' dir='ltr' id='par_1_45' title="bbox 345 4422 1925 4492">
     <span class='ocr_line' id='line_1_45' title="bbox 345 4422 1925 4492; baseline -0.001 -15"><span class='ocrx_word' id='word_1_380' title='bbox 345 4436 508 4477; x_wconf 74' lang='lat' dir='ltr'><strong><em>autem</em></strong></span> <span class='ocrx_word' id='word_1_381' title='bbox 539 4425 644 4477; x_wconf 81' lang='lat' dir='ltr'><strong><em>vias</em></strong></span> <span class='ocrx_word' id='word_1_382' title='bbox 673 4424 833 4476; x_wconf 69' lang='lat' dir='ltr'><strong><em>vineae</em></strong></span> <span class='ocrx_word' id='word_1_383' title='bbox 857 4439 987 4485; x_wconf 72' lang='lat' dir='ltr'><strong><em>siue,</em></strong></span> <span class='ocrx_word' id='word_1_384' title='bbox 1011 4434 1064 4476; x_wconf 26' lang='lat' dir='ltr'><strong><em>iet</em></strong></span> <span class='ocrx_word' id='word_1_385' title='bbox 1100 4439 1131 4476; x_wconf 89' lang='lat' dir='ltr'><strong><em>a</em></strong></span> <span class='ocrx_word' id='word_1_386' title='bbox 1167 4424 1343 4476; x_wconf 81' lang='lat' dir='ltr'><strong><em>semita</em></strong></span> <span class='ocrx_word' id='word_1_387' title='bbox 1378 4422 1533 4492; x_wconf 82' lang='lat' dir='ltr'><strong><em>agelli</em></strong></span> <span class='ocrx_word' id='word_1_388' title='bbox 1565 4422 1643 4475; x_wconf 91' lang='lat' dir='ltr'><strong><em>sui</em></strong></span> <span class='ocrx_word' id='word_1_389' title='bbox 1676 4430 1846 4487; x_wconf 86' lang='lat' dir='ltr'><strong><em>errat;</em></strong></span> <span class='ocrx_word' id='word_1_390' title='bbox 1878 4431 1925 4475; x_wconf 90' lang='lat' dir='ltr'><strong><em>et</em></strong></span> 
     </span>
    </p>
   </div>
   <div class='ocr_carea' id='block_1_46' title="bbox 345 4511 1925 4584">
    <p class='ocr_par' dir='ltr' id='par_1_46' title="bbox 345 4511 1925 4584">
     <span class='ocr_line' id='line_1_46' title="bbox 345 4511 1925 4584; baseline -0.001 -18"><span class='ocrx_word' id='word_1_391' title='bbox 345 4515 626 4584; x_wconf 77' lang='lat' dir='ltr'><strong><em>ingreditur</em></strong></span> <span class='ocrx_word' id='word_1_392' title='bbox 643 4531 732 4584; x_wconf 88' lang='lat' dir='ltr'><strong><em>per</em></strong></span> <span class='ocrx_word' id='word_1_393' title='bbox 755 4514 868 4566; x_wconf 78' lang='lat' dir='ltr'><strong><em>auia</em></strong></span> <span class='ocrx_word' id='word_1_394' title='bbox 889 4513 999 4566; x_wconf 90' lang='lat' dir='ltr'><strong><em>loca</em></strong></span> <span class='ocrx_word' id='word_1_395' title='bbox 1018 4522 1168 4582; x_wconf 85' lang='lat' dir='ltr'><strong><em>atque</em></strong></span> <span class='ocrx_word' id='word_1_396' title='bbox 1184 4513 1330 4564; x_wconf 86' lang='lat' dir='ltr'><strong><em>arida</em></strong></span> <span class='ocrx_word' id='word_1_397' title='bbox 1350 4523 1396 4565; x_wconf 90' lang='lat' dir='ltr'><strong><em>et</em></strong></span> <span class='ocrx_word' id='word_1_398' title='bbox 1418 4523 1602 4565; x_wconf 83' lang='lat' dir='ltr'><strong><em>terram</em></strong></span> <span class='ocrx_word' id='word_1_399' title='bbox 1623 4511 1925 4566; x_wconf 77' lang='lat' dir='ltr'><strong><em>destinatam</em></strong></span> 
     </span>
    </p>
   </div>
   <div class='ocr_carea' id='block_1_47' title="bbox 345 4602 1924 4673">
    <p class='ocr_par' dir='ltr' id='par_1_47' title="bbox 345 4602 1924 4673">
     <span class='ocr_line' id='line_1_47' title="bbox 345 4602 1924 4673; baseline -0.001 -16"><span class='ocrx_word' id='word_1_400' title='bbox 345 4606 430 4657; x_wconf 74' lang='lat' dir='ltr'><strong><em>siti</em></strong></span> <span class='ocrx_word' id='word_1_401' title='bbox 448 4647 462 4669; x_wconf 89' lang='lat'><strong><em>,</em></strong></span> <span class='ocrx_word' id='word_1_402' title='bbox 492 4604 812 4673; x_wconf 77' lang='lat' dir='ltr'><strong><em>consequitur</em></strong></span> <span class='ocrx_word' id='word_1_403' title='bbox 840 4612 1008 4656; x_wconf 68' lang='lat' dir='ltr'><strong><em>autem</em></strong></span> <span class='ocrx_word' id='word_1_404' title='bbox 1041 4602 1272 4656; x_wconf 77' lang='lat' dir='ltr'><strong><em>manibus</em></strong></span> <span class='ocrx_word' id='word_1_405' title='bbox 1295 4603 1637 4672; x_wconf 76' lang='lat' dir='ltr'><strong><em>infructuosa,</em></strong></span> <span class='ocrx_word' id='word_1_406' title='bbox 1669 4617 1772 4657; x_wconf 89' lang='lat' dir='ltr'><strong><em>non</em></strong></span> <span class='ocrx_word' id='word_1_407' title='bbox 1813 4603 1924 4656; x_wconf 73' lang='lat' dir='ltr'><strong><em>ba:-</em></strong></span> 
     </span>
    </p>
   </div>
   <div class='ocr_carea' id='block_1_48' title="bbox 345 4695 1922 4766">
    <p class='ocr_par' dir='ltr' id='par_1_48' title="bbox 345 4695 1922 4766">
     <span class='ocr_line' id='line_1_48' title="bbox 345 4695 1922 4766; baseline -0.001 -16"><span class='ocrx_word' id='word_1_408' title='bbox 345 4698 546 4751; x_wconf 69' lang='lat' dir='ltr'><strong><em>rcticns</em></strong></span> <span class='ocrx_word' id='word_1_409' title='bbox 569 4705 774 4750; x_wconf 76' lang='lat' dir='ltr'><strong><em>tantum</em></strong></span> <span class='ocrx_word' id='word_1_410' title='bbox 800 4739 815 4764; x_wconf 89' lang='lat'><strong><em>,</em></strong></span> <span class='ocrx_word' id='word_1_411' title='bbox 847 4695 939 4750; x_wconf 89' lang='lat' dir='ltr'><strong><em>scd</em></strong></span> <span class='ocrx_word' id='word_1_412' title='bbox 967 4696 1140 4749; x_wconf 80' lang='lat' dir='ltr'><strong><em>onmis</em></strong></span> <span class='ocrx_word' id='word_1_413' title='bbox 1165 4695 1253 4764; x_wconf 86' lang='lat' dir='ltr'><strong><em>qui</em></strong></span> <span class='ocrx_word' id='word_1_414' title='bbox 1285 4695 1424 4749; x_wconf 82' lang='lat' dir='ltr'><strong><em>male.</em></strong></span> <span class='ocrx_word' id='word_1_415' title='bbox 1449 4696 1575 4750; x_wconf 78' lang='lat' dir='ltr'><strong><em>vivit</em></strong></span> <span class='ocrx_word' id='word_1_416' title='bbox 1605 4713 1618 4748; x_wconf 92' lang='lat'>:</span> <span class='ocrx_word' id='word_1_417' title='bbox 1655 4696 1775 4766; x_wconf 81' lang='lat' dir='ltr'><strong><em>quia</em></strong></span> <span class='ocrx_word' id='word_1_418' title='bbox 1803 4710 1922 4750; x_wconf 82' lang='lat' dir='ltr'><strong><em>om-</em></strong></span> 
     </span>
    </p>
   </div>
   <div class='ocr_carea' id='block_1_49' title="bbox 345 4787 1923 4857">
    <p class='ocr_par' dir='ltr' id='par_1_49' title="bbox 345 4787 1923 4857">
     <span class='ocr_line' id='line_1_49' title="bbox 345 4787 1923 4857; baseline 0.002 -18"><span class='ocrx_word' id='word_1_419' title='bbox 345 4787 429 4840; x_wconf 79' lang='lat' dir='ltr'><strong><em>nis</em></strong></span> <span class='ocrx_word' id='word_1_420' title='bbox 440 4788 642 4856; x_wconf 70' lang='lat' dir='ltr'><strong><em>iustitia</em></strong></span> <span class='ocrx_word' id='word_1_421' title='bbox 653 4787 929 4842; x_wconf 71' lang='lat' dir='ltr'><strong><em>fructuosa</em></strong></span> <span class='ocrx_word' id='word_1_422' title='bbox 945 4795 1047 4849; x_wconf 78' lang='lat' dir='ltr'><strong><em>est.</em></strong></span> <span class='ocrx_word' id='word_1_423' title='bbox 1059 4794 1116 4840; x_wconf 87' lang='lat' dir='ltr'><strong><em>ct</em></strong></span> <span class='ocrx_word' id='word_1_424' title='bbox 1127 4787 1299 4840; x_wconf 79' lang='lat' dir='ltr'><strong><em>cumis</em></strong></span> <span class='ocrx_word' id='word_1_425' title='bbox 1313 4787 1564 4857; x_wconf 80' lang='lat' dir='ltr'><strong><em>iniquitas</em></strong></span> <span class='ocrx_word' id='word_1_426' title='bbox 1578 4787 1899 4842; x_wconf 71' lang='lat' dir='ltr'><strong><em>infructuosa</em></strong></span> <span class='ocrx_word' id='word_1_427' title='bbox 1908 4825 1923 4842; x_wconf 92' lang='lat'><strong><em>.</em></strong></span> 
     </span>
    </p>
   </div>
   <div class='ocr_carea' id='block_1_50' title="bbox 344 4879 1922 4952">
    <p class='ocr_par' dir='ltr' id='par_1_50' title="bbox 344 4879 1922 4952">
     <span class='ocr_line' id='line_1_50' title="bbox 344 4879 1922 4952; baseline 0.004 -24"><span class='ocrx_word' id='word_1_428' title='bbox 344 4881 445 4948; x_wconf 77' lang='lat' dir='ltr'><strong><em>Qui</em></strong></span> <span class='ocrx_word' id='word_1_429' title='bbox 485 4896 612 4936; x_wconf 68' lang='lat' dir='ltr'><strong><em>vero</em></strong></span> <span class='ocrx_word' id='word_1_430' title='bbox 641 4896 826 4951; x_wconf 86' lang='lat' dir='ltr'><strong><em>aquam</em></strong></span> <span class='ocrx_word' id='word_1_431' title='bbox 841 4879 1060 4934; x_wconf 72' lang='lat' dir='ltr'><strong><em>alienam</em></strong></span> <span class='ocrx_word' id='word_1_432' title='bbox 1087 4880 1152 4934; x_wconf 73' lang='lat' dir='ltr'><strong><em>de</em></strong></span> <span class='ocrx_word' id='word_1_433' title='bbox 1177 4883 1316 4952; x_wconf 80' lang='lat' dir='ltr'><strong><em>{ante</em></strong></span> <span class='ocrx_word' id='word_1_434' title='bbox 1339 4889 1574 4934; x_wconf 71' lang='lat' dir='ltr'><strong><em>extraneo</em></strong></span> <span class='ocrx_word' id='word_1_435' title='bbox 1597 4880 1797 4948; x_wconf 68' lang='lat' dir='ltr'><strong><em>bibunt,</em></strong></span> <span class='ocrx_word' id='word_1_436' title='bbox 1817 4896 1922 4935; x_wconf 83' lang='lat' dir='ltr'><strong><em>non</em></strong></span> 
     </span>
    </p>
   </div>
   <div class='ocr_carea' id='block_1_51' title="bbox 347 4969 1925 5040">
    <p class='ocr_par' dir='ltr' id='par_1_51' title="bbox 347 4969 1925 5040">
     <span class='ocr_line' id='line_1_51' title="bbox 347 4969 1925 5040; baseline 0.002 -17"><span class='ocrx_word' id='word_1_437' title='bbox 347 4970 579 5025; x_wconf 67' lang='lat' dir='ltr'><strong><em>bmretici</em></strong></span> <span class='ocrx_word' id='word_1_438' title='bbox 610 4979 813 5024; x_wconf 81' lang='lat' dir='ltr'><strong><em>tantum</em></strong></span> <span class='ocrx_word' id='word_1_439' title='bbox 836 4978 989 5037; x_wconf 84' lang='lat' dir='ltr'><strong><em>sunt,</em></strong></span> <span class='ocrx_word' id='word_1_440' title='bbox 1021 4971 1114 5025; x_wconf 77' lang='lat' dir='ltr'><strong><em>sed</em></strong></span> <span class='ocrx_word' id='word_1_441' title='bbox 1139 4984 1324 5025; x_wconf 82' lang='lat' dir='ltr'><strong><em>omnes</em></strong></span> <span class='ocrx_word' id='word_1_442' title='bbox 1349 4970 1437 5040; x_wconf 86' lang='lat' dir='ltr'><strong><em>qui</em></strong></span> <span class='ocrx_word' id='word_1_443' title='bbox 1473 4985 1583 5024; x_wconf 85' lang='lat' dir='ltr'><strong><em>non</em></strong></span> <span class='ocrx_word' id='word_1_444' title='bbox 1621 4969 1806 5024; x_wconf 79' lang='lat' dir='ltr'><strong><em>vivunt</em></strong></span> <span class='ocrx_word' id='word_1_445' title='bbox 1836 4983 1925 5026; x_wconf 80' lang='lat' dir='ltr'><strong><em>so-</em></strong></span> 
     </span>
    </p>
   </div>
   <div class='ocr_carea' id='block_1_52' title="bbox 347 5061 1923 5132">
    <p class='ocr_par' dir='ltr' id='par_1_52' title="bbox 347 5061 1923 5132">
     <span class='ocr_line' id='line_1_52' title="bbox 347 5061 1923 5132; baseline 0.001 -17"><span class='ocrx_word' id='word_1_446' title='bbox 347 5063 576 5116; x_wconf 88' lang='lat' dir='ltr'><strong><em>cnndum</em></strong></span> <span class='ocrx_word' id='word_1_447' title='bbox 606 5077 667 5116; x_wconf 83' lang='lat' dir='ltr'><strong><em>ea</em></strong></span> <span class='ocrx_word' id='word_1_448' title='bbox 699 5077 815 5132; x_wconf 69' lang='lat' dir='ltr'><strong><em>qua:</em></strong></span> <span class='ocrx_word' id='word_1_449' title='bbox 852 5062 1011 5117; x_wconf 80' lang='lat' dir='ltr'><strong><em>docet</em></strong></span> <span class='ocrx_word' id='word_1_450' title='bbox 1045 5062 1212 5126; x_wconf 69' lang='lat' dir='ltr'><strong><em>Deus,</em></strong></span> <span class='ocrx_word' id='word_1_451' title='bbox 1239 5071 1296 5116; x_wconf 84' lang='lat' dir='ltr'><strong><em>ct</em></strong></span> <span class='ocrx_word' id='word_1_452' title='bbox 1325 5063 1508 5115; x_wconf 82' lang='lat' dir='ltr'><strong><em>vivunt</em></strong></span> <span class='ocrx_word' id='word_1_453' title='bbox 1541 5061 1835 5117; x_wconf 77' lang='lat' dir='ltr'><strong><em>secundum</em></strong></span> <span class='ocrx_word' id='word_1_454' title='bbox 1861 5076 1923 5116; x_wconf 80' lang='lat' dir='ltr'><strong><em>ea</em></strong></span> 
     </span>
    </p>
   </div>
   <div class='ocr_carea' id='block_1_53' title="bbox 345 5150 1925 5221">
    <p class='ocr_par' dir='ltr' id='par_1_53' title="bbox 345 5150 1925 5221">
     <span class='ocr_line' id='line_1_53' title="bbox 345 5150 1925 5221; baseline 0.001 -17"><span class='ocrx_word' id='word_1_455' title='bbox 345 5167 465 5221; x_wconf 70' lang='lat' dir='ltr'><strong><em>qua:</em></strong></span> <span class='ocrx_word' id='word_1_456' title='bbox 489 5150 648 5207; x_wconf 84' lang='lat' dir='ltr'><strong><em>docet</em></strong></span> <span class='ocrx_word' id='word_1_457' title='bbox 673 5152 934 5206; x_wconf 78' lang='lat' dir='ltr'><strong><em>diabolus.</em></strong></span> <span class='ocrx_word' id='word_1_458' title='bbox 963 5151 1093 5206; x_wconf 78' lang='lat' dir='ltr'><strong><em>Nam</em></strong></span> <span class='ocrx_word' id='word_1_459' title='bbox 1121 5153 1163 5206; x_wconf 87' lang='lat' dir='ltr'><strong><em>si</em></strong></span> <span class='ocrx_word' id='word_1_460' title='bbox 1193 5151 1260 5205; x_wconf 73' lang='lat' dir='ltr'><strong><em>de</em></strong></span> <span class='ocrx_word' id='word_1_461' title='bbox 1281 5151 1552 5221; x_wconf 75' lang='lat' dir='ltr'><strong><em>Baptisum</em></strong></span> <span class='ocrx_word' id='word_1_462' title='bbox 1571 5152 1794 5217; x_wconf 65' lang='lat' dir='ltr'><strong><em>dicunt,</em></strong></span> <span class='ocrx_word' id='word_1_463' title='bbox 1820 5167 1925 5206; x_wconf 85' lang='lat' dir='ltr'><strong><em>non</em></strong></span> 
     </span>
    </p>
   </div>
   <div class='ocr_carea' id='block_1_54' title="bbox 346 5241 1926 5314">
    <p class='ocr_par' dir='ltr' id='par_1_54' title="bbox 346 5241 1926 5314">
     <span class='ocr_line' id='line_1_54' title="bbox 346 5241 1926 5314; baseline 0.001 -18"><span class='ocrx_word' id='word_1_464' title='bbox 346 5242 550 5296; x_wconf 83' lang='lat' dir='ltr'><strong><em>diceret</em></strong></span> <span class='ocrx_word' id='word_1_465' title='bbox 567 5283 581 5307; x_wconf 92' lang='lat'><strong><em>,</em></strong></span> <span class='ocrx_word' id='word_1_466' title='bbox 625 5241 735 5297; x_wconf 79' lang='lat' dir='ltr'><strong><em>Nec</em></strong></span> <span class='ocrx_word' id='word_1_467' title='bbox 761 5242 824 5296; x_wconf 85' lang='lat' dir='ltr'><strong><em>de</em></strong></span> <span class='ocrx_word' id='word_1_468' title='bbox 850 5245 986 5314; x_wconf 75' lang='lat' dir='ltr'><strong><em>fonte</em></strong></span> <span class='ocrx_word' id='word_1_469' title='bbox 1009 5252 1244 5296; x_wconf 76' lang='lat' dir='ltr'><strong><em>extraneo</em></strong></span> <span class='ocrx_word' id='word_1_470' title='bbox 1279 5243 1495 5306; x_wconf 83' lang='lat' dir='ltr'><strong><em>biberis;</em></strong></span> <span class='ocrx_word' id='word_1_471' title='bbox 1524 5243 1616 5298; x_wconf 86' lang='lat' dir='ltr'><strong><em>sed</em></strong></span> <span class='ocrx_word' id='word_1_472' title='bbox 1634 5285 1646 5309; x_wconf 94' lang='lat'><strong><em>,</em></strong></span> <span class='ocrx_word' id='word_1_473' title='bbox 1680 5242 1756 5298; x_wconf 84' lang='lat' dir='ltr'><strong><em>De</em></strong></span> <span class='ocrx_word' id='word_1_474' title='bbox 1783 5241 1926 5298; x_wconf 75' lang='lat' dir='ltr'><strong><em>fonte</em></strong></span> 
     </span>
    </p>
   </div>
   <div class='ocr_carea' id='block_1_55' title="bbox 345 5332 1922 5404">
    <p class='ocr_par' dir='ltr' id='par_1_55' title="bbox 345 5332 1922 5404">
     <span class='ocr_line' id='line_1_55' title="bbox 345 5332 1922 5404; baseline 0.001 -18"><span class='ocrx_word' id='word_1_475' title='bbox 345 5341 601 5387; x_wconf 77' lang='lat' dir='ltr'><strong><em>extraneo</em></strong></span> <span class='ocrx_word' id='word_1_476' title='bbox 629 5349 732 5387; x_wconf 86' lang='lat' dir='ltr'><strong><em>non</em></strong></span> <span class='ocrx_word' id='word_1_477' title='bbox 764 5342 814 5387; x_wconf 86' lang='lat' dir='ltr'><strong><em>te</em></strong></span> <span class='ocrx_word' id='word_1_478' title='bbox 834 5333 1080 5387; x_wconf 79' lang='lat' dir='ltr'><strong><em>ablucris.</em></strong></span> <span class='ocrx_word' id='word_1_479' title='bbox 1108 5332 1224 5387; x_wconf 74' lang='lat' dir='ltr'><strong><em>iam</em></strong></span> <span class='ocrx_word' id='word_1_480' title='bbox 1247 5348 1371 5388; x_wconf 83' lang='lat' dir='ltr'><strong><em>vero</em></strong></span> <span class='ocrx_word' id='word_1_481' title='bbox 1392 5334 1530 5404; x_wconf 81' lang='lat' dir='ltr'><strong><em>quod</em></strong></span> <span class='ocrx_word' id='word_1_482' title='bbox 1558 5334 1810 5389; x_wconf 80' lang='lat' dir='ltr'><strong><em>Dominus</em></strong></span> <span class='ocrx_word' id='word_1_483' title='bbox 1830 5334 1922 5399; x_wconf 82' lang='lat' dir='ltr'><strong><em>sit,</em></strong></span> 
     </span>
    </p>
   </div>
   <div class='ocr_carea' id='block_1_56' title="bbox 350 5424 1927 5496">
    <p class='ocr_par' dir='ltr' id='par_1_56' title="bbox 350 5424 1927 5496">
     <span class='ocr_line' id='line_1_56' title="bbox 350 5424 1927 5496; baseline 0.001 -19"><span class='ocrx_word' id='word_1_484' title='bbox 350 5424 469 5478; x_wconf 69' lang='lat' dir='ltr'><strong><em>Nisi</em></strong></span> <span class='ocrx_word' id='word_1_485' title='bbox 497 5427 608 5495; x_wconf 87' lang='lat' dir='ltr'><strong><em>quis</em></strong></span> <span class='ocrx_word' id='word_1_486' title='bbox 637 5435 840 5479; x_wconf 88' lang='lat' dir='ltr'><strong><em>renatus</em></strong></span> <span class='ocrx_word' id='word_1_487' title='bbox 867 5425 1017 5496; x_wconf 77' lang='lat' dir='ltr'><strong><em>fuerit</em></strong></span> <span class='ocrx_word' id='word_1_488' title='bbox 1045 5441 1108 5478; x_wconf 71' lang='lat' dir='ltr'><strong><em>ex</em></strong></span> <span class='ocrx_word' id='word_1_489' title='bbox 1137 5441 1270 5494; x_wconf 89' lang='lat' dir='ltr'><strong><em>aqua</em></strong></span> <span class='ocrx_word' id='word_1_490' title='bbox 1307 5437 1351 5479; x_wconf 90' lang='lat' dir='ltr'><strong><em>et</em></strong></span> <span class='ocrx_word' id='word_1_491' title='bbox 1380 5425 1605 5495; x_wconf 82' lang='lat' dir='ltr'><strong><em>Spiritu,</em></strong></span> <span class='ocrx_word' id='word_1_492' title='bbox 1641 5443 1741 5479; x_wconf 89' lang='lat' dir='ltr'><strong><em>non</em></strong></span> <span class='ocrx_word' id='word_1_493' title='bbox 1769 5436 1927 5495; x_wconf 75' lang='lat' dir='ltr'><strong><em>potest</em></strong></span> 
     </span>
    </p>
   </div>
   <div class='ocr_carea' id='block_1_57' title="bbox 407 5579 1928 5652">
    <p class='ocr_par' dir='ltr' id='par_1_57' title="bbox 407 5579 1928 5652">
     <span class='ocr_line' id='line_1_57' title="bbox 407 5579 1928 5652; baseline -0.001 -24"><span class='ocrx_word' id='word_1_494' title='bbox 407 5581 434 5652; x_wconf 47' lang='grc' dir='ltr'><strong><em>ί.</em></strong></span> <span class='ocrx_word' id='word_1_495' title='bbox 454 5587 565 5652; x_wconf 58' lang='lat' dir='ltr'><strong><em>litae</em></strong></span> <span class='ocrx_word' id='word_1_496' title='bbox 586 5587 688 5630; x_wconf 71' lang='lat' dir='ltr'><strong><em>tota</em></strong></span> <span class='ocrx_word' id='word_1_497' title='bbox 722 5581 995 5630; x_wconf 63' lang='grc' dir='ltr'><strong><em>»ἰθαιθεὶαηὶ</em></strong></span> <span class='ocrx_word' id='word_1_498' title='bbox 1017 5581 1260 5630; x_wconf 81' lang='lat' dir='ltr'><strong><em>sententis</em></strong></span> <span class='ocrx_word' id='word_1_499' title='bbox 1307 5580 1444 5630; x_wconf 77' lang='lat' dir='ltr'><strong><em>abest</em></strong></span> <span class='ocrx_word' id='word_1_500' title='bbox 1466 5579 1529 5628; x_wconf 83' lang='lat' dir='ltr'><strong><em>ab</em></strong></span> <span class='ocrx_word' id='word_1_501' title='bbox 1555 5588 1658 5628; x_wconf 77' lang='lat' dir='ltr'><strong><em>Am.</em></strong></span> <span class='ocrx_word' id='word_1_502' title='bbox 1675 5587 1730 5630; x_wconf 78' lang='lat' dir='ltr'><strong><em>ct</em></strong></span> <span class='ocrx_word' id='word_1_503' title='bbox 1763 5592 1928 5629; x_wconf 73' lang='lat' dir='ltr'><strong><em>mttu-</em></strong></span> 
     </span>
    </p>
   </div>
   <div class='ocr_carea' id='block_1_58' title="bbox 345 5643 1929 5756">
    <p class='ocr_par' dir='ltr' id='par_1_58' title="bbox 345 5643 1929 5756">
     <span class='ocr_line' id='line_1_58' title="bbox 457 5656 551 5690; baseline 0 0"><span class='ocrx_word' id='word_1_504' title='bbox 457 5656 470 5684; x_wconf 77' lang='grc' dir='ltr'>ι</span> <span class='ocrx_word' id='word_1_505' title='bbox 539 5679 551 5690; x_wconf 95' lang='grc'><strong>.</strong></span> 
     </span>
     <span class='ocr_line' id='line_1_59' title="bbox 345 5643 1929 5756; baseline 0.001 -7"><span class='ocrx_word' id='word_1_506' title='bbox 345 5643 604 5756; x_wconf 34' lang='lat' dir='ltr'><strong><em>“Theano</em></strong></span> <span class='ocrx_word' id='word_1_507' title='bbox 639 5702 797 5753; x_wconf 80' lang='lat' dir='ltr'><strong><em>codex</em></strong></span> <span class='ocrx_word' id='word_1_508' title='bbox 820 5703 1128 5753; x_wconf 86' lang='lat' dir='ltr'><strong><em>Corbelensis</em></strong></span> <span class='ocrx_word' id='word_1_509' title='bbox 1151 5716 1163 5750; x_wconf 89' lang='lat'>:</span> <span class='ocrx_word' id='word_1_510' title='bbox 1192 5701 1520 5754; x_wconf 70' lang='lat' dir='ltr'><strong><em>Nemessianus</em></strong></span> <span class='ocrx_word' id='word_1_511' title='bbox 1542 5711 1700 5753; x_wconf 87' lang='lat' dir='ltr'><strong><em>autem</em></strong></span> <span class='ocrx_word' id='word_1_512' title='bbox 1723 5716 1754 5752; x_wconf 90' lang='lat' dir='ltr'><strong><em>a</em></strong></span> <span class='ocrx_word' id='word_1_513' title='bbox 1783 5702 1929 5752; x_wconf 77' lang='lat' dir='ltr'><strong><em>Tubu-</em></strong></span> 
     </span>
    </p>
   </div>
   <div class='ocr_carea' id='block_1_59' title="bbox 335 5763 1928 5876">
    <p class='ocr_par' dir='ltr' id='par_1_59' title="bbox 335 5763 1928 5876">
     <span class='ocr_line' id='line_1_60' title="bbox 335 5763 1928 5876; baseline 0.003 -67"><span class='ocrx_word' id='word_1_514' title='bbox 335 5763 434 5876; x_wconf 55' lang='lat' dir='ltr'><strong><em>sAiis.</em></strong></span> <span class='ocrx_word' id='word_1_515' title='bbox 467 5772 563 5814; x_wconf 67' lang='grc' dir='ltr'><strong><em>τοι</em></strong></span> <span class='ocrx_word' id='word_1_516' title='bbox 581 5802 596 5826; x_wconf 84' lang='grc'><em>,</em></span> <span class='ocrx_word' id='word_1_517' title='bbox 622 5771 780 5814; x_wconf 69' lang='lat' dir='ltr'><strong><em>eadem</em></strong></span> <span class='ocrx_word' id='word_1_518' title='bbox 798 5799 814 5825; x_wconf 88' lang='lat'><strong><em>,</em></strong></span> <span class='ocrx_word' id='word_1_519' title='bbox 838 5773 915 5814; x_wconf 86' lang='lat' dir='ltr'><strong><em>est</em></strong></span> <span class='ocrx_word' id='word_1_520' title='bbox 940 5765 987 5812; x_wconf 90' lang='lat' dir='ltr'><strong><em>in</em></strong></span> <span class='ocrx_word' id='word_1_521' title='bbox 1018 5763 1126 5812; x_wconf 82' lang='lat' dir='ltr'><strong><em>aliis</em></strong></span> <span class='ocrx_word' id='word_1_522' title='bbox 1157 5777 1351 5826; x_wconf 78' lang='lat' dir='ltr'><strong><em>quoque</em></strong></span> <span class='ocrx_word' id='word_1_523' title='bbox 1375 5765 1709 5826; x_wconf 67' lang='lat' dir='ltr'><strong><em>nuauscriptis</em></strong></span> <span class='ocrx_word' id='word_1_524' title='bbox 1731 5771 1783 5814; x_wconf 82' lang='lat' dir='ltr'><strong><em>et</em></strong></span> <span class='ocrx_word' id='word_1_525' title='bbox 1804 5765 1928 5836; x_wconf 61' lang='lat' dir='ltr'><strong><em>apud</em></strong></span> 
     </span>
    </p>
   </div>
   <div class='ocr_carea' id='block_1_60' title="bbox 1678 378 2210 447">
    <p class='ocr_par' dir='ltr' id='par_1_60' title="bbox 1678 378 2210 447">
     <span class='ocr_line' id='line_1_61' title="bbox 1678 378 2210 447; baseline -0.004 0"><span class='ocrx_word' id='word_1_526' title='bbox 1678 380 1882 447; x_wconf 73' lang='lat' dir='ltr'><strong><em>LtBElt</em></strong></span> <span class='ocrx_word' id='word_1_527' title='bbox 1919 378 2210 446; x_wconf 78' lang='lat' dir='ltr'><strong><em>SEXTUS.</em></strong></span> 
     </span>
    </p>
   </div>
   <div class='ocr_carea' id='block_1_61' title="bbox 3491 388 3596 443">
    <p class='ocr_par' dir='ltr' id='par_1_61' title="bbox 3491 388 3596 443">
     <span class='ocr_line' id='line_1_62' title="bbox 3491 388 3596 443; baseline -0.01 0"><span class='ocrx_word' id='word_1_528' title='bbox 3491 388 3596 443; x_wconf 72' lang='lat'><strong><em>206</em></strong></span> 
     </span>
    </p>
   </div>
   <div class='ocr_carea' id='block_1_62' title="bbox 2020 496 3596 571">
    <p class='ocr_par' dir='ltr' id='par_1_62' title="bbox 2020 496 3596 571">
     <span class='ocr_line' id='line_1_63' title="bbox 2020 496 3596 571; baseline 0.004 -23"><span class='ocrx_word' id='word_1_529' title='bbox 2020 496 2230 551; x_wconf 84' lang='lat' dir='ltr'><strong><em>introire</em></strong></span> <span class='ocrx_word' id='word_1_530' title='bbox 2253 496 2305 550; x_wconf 89' lang='lat' dir='ltr'><strong><em>in</em></strong></span> <span class='ocrx_word' id='word_1_531' title='bbox 2335 513 2543 568; x_wconf 86' lang='lat' dir='ltr'><strong><em>regnum</em></strong></span> <span class='ocrx_word' id='word_1_532' title='bbox 2570 497 2661 551; x_wconf 87' lang='lat' dir='ltr'><strong><em>Dei</em></strong></span> <span class='ocrx_word' id='word_1_533' title='bbox 2688 497 2866 570; x_wconf 80' lang='lat' dir='ltr'><strong><em>(Joan.</em></strong></span> <span class='ocrx_word' id='word_1_534' title='bbox 2892 515 2967 563; x_wconf 84' lang='lat' dir='ltr'><strong><em>nl,</em></strong></span> <span class='ocrx_word' id='word_1_535' title='bbox 2991 498 3066 571; x_wconf 74' lang='grc' dir='ltr'><strong><em>ὅ),</em></strong></span> <span class='ocrx_word' id='word_1_536' title='bbox 3092 497 3217 570; x_wconf 86' lang='lat' dir='ltr'><strong><em>quid</em></strong></span> <span class='ocrx_word' id='word_1_537' title='bbox 3239 515 3360 554; x_wconf 76' lang='lat' dir='ltr'><strong><em>eunt</em></strong></span> <span class='ocrx_word' id='word_1_538' title='bbox 3388 500 3596 571; x_wconf 71' lang='lat' dir='ltr'><strong><em>adjutet</em></strong></span> 
     </span>
    </p>
   </div>
   <div class='ocr_carea' id='block_1_63' title="bbox 2023 586 3596 659">
    <p class='ocr_par' dir='ltr' id='par_1_63' title="bbox 2023 586 3596 659">
     <span class='ocr_line' id='line_1_64' title="bbox 2023 586 3596 659; baseline 0.004 -18"><span class='ocrx_word' id='word_1_539' title='bbox 2023 586 2087 642; x_wconf 71' lang='lat' dir='ltr'><strong><em>sd</em></strong></span> <span class='ocrx_word' id='word_1_540' title='bbox 2117 588 2167 642; x_wconf 88' lang='lat' dir='ltr'><strong><em>id</em></strong></span> <span class='ocrx_word' id='word_1_541' title='bbox 2195 589 2336 658; x_wconf 89' lang='lat' dir='ltr'><strong><em>quod</em></strong></span> <span class='ocrx_word' id='word_1_542' title='bbox 2365 600 2528 659; x_wconf 90' lang='lat' dir='ltr'><strong><em>putat,</em></strong></span> <span class='ocrx_word' id='word_1_543' title='bbox 2559 593 2776 646; x_wconf 87' lang='lat' dir='ltr'><strong><em>omnino</em></strong></span> <span class='ocrx_word' id='word_1_544' title='bbox 2807 608 2910 647; x_wconf 90' lang='lat' dir='ltr'><strong><em>non</em></strong></span> <span class='ocrx_word' id='word_1_545' title='bbox 2943 591 3115 646; x_wconf 77' lang='lat' dir='ltr'><strong><em>video.</em></strong></span> <span class='ocrx_word' id='word_1_546' title='bbox 3151 594 3302 648; x_wconf 78' lang='lat' dir='ltr'><strong><em>Aliud</em></strong></span> <span class='ocrx_word' id='word_1_547' title='bbox 3324 601 3409 648; x_wconf 88' lang='lat' dir='ltr'><strong><em>est</em></strong></span> <span class='ocrx_word' id='word_1_548' title='bbox 3432 595 3596 659; x_wconf 85' lang='lat' dir='ltr'><strong><em>enim,</em></strong></span> 
     </span>
    </p>
   </div>
   <div class='ocr_carea' id='block_1_64' title="bbox 2019 677 3601 754">
    <p class='ocr_par' dir='ltr' id='par_1_64' title="bbox 2019 677 3601 754">
     <span class='ocr_line' id='line_1_65' title="bbox 2019 677 3601 754; baseline 0.005 -22"><span class='ocrx_word' id='word_1_549' title='bbox 2019 677 2204 734; x_wconf 84' lang='lat' dir='ltr'><strong><em>Omnis</em></strong></span> <span class='ocrx_word' id='word_1_550' title='bbox 2224 680 2310 749; x_wconf 85' lang='lat' dir='ltr'><strong><em>qui</em></strong></span> <span class='ocrx_word' id='word_1_551' title='bbox 2339 681 2552 736; x_wconf 78' lang='lat' dir='ltr'><strong><em>intrabit</em></strong></span> <span class='ocrx_word' id='word_1_552' title='bbox 2580 683 2630 737; x_wconf 91' lang='lat' dir='ltr'><strong><em>in</em></strong></span> <span class='ocrx_word' id='word_1_553' title='bbox 2659 699 2878 754; x_wconf 84' lang='lat' dir='ltr'><strong><em>regnum</em></strong></span> <span class='ocrx_word' id='word_1_554' title='bbox 2904 685 3161 739; x_wconf 80' lang='lat' dir='ltr'><strong><em>cmlorum</em></strong></span> <span class='ocrx_word' id='word_1_555' title='bbox 3192 685 3342 753; x_wconf 80' lang='lat' dir='ltr'><strong><em>prius</em></strong></span> <span class='ocrx_word' id='word_1_556' title='bbox 3364 687 3601 740; x_wconf 79' lang='lat' dir='ltr'><strong><em>renasci-</em></strong></span> 
     </span>
    </p>
   </div>
   <div class='ocr_carea' id='block_1_65' title="bbox 2021 771 3598 846">
    <p class='ocr_par' dir='ltr' id='par_1_65' title="bbox 2021 771 3598 846">
     <span class='ocr_line' id='line_1_66' title="bbox 2021 771 3598 846; baseline 0.004 -23"><span class='ocrx_word' id='word_1_557' title='bbox 2021 777 2105 824; x_wconf 87' lang='lat' dir='ltr'><strong><em>tur</em></strong></span> <span class='ocrx_word' id='word_1_558' title='bbox 2127 785 2191 824; x_wconf 80' lang='lat' dir='ltr'><strong><em>ex</em></strong></span> <span class='ocrx_word' id='word_1_559' title='bbox 2220 785 2354 841; x_wconf 88' lang='lat' dir='ltr'><strong><em>aqua</em></strong></span> <span class='ocrx_word' id='word_1_560' title='bbox 2376 783 2433 827; x_wconf 82' lang='lat' dir='ltr'><strong><em>et</em></strong></span> <span class='ocrx_word' id='word_1_561' title='bbox 2448 771 2670 844; x_wconf 81' lang='lat' dir='ltr'><strong><em>Spiritu,</em></strong></span> <span class='ocrx_word' id='word_1_562' title='bbox 2697 775 2815 844; x_wconf 87' lang='lat' dir='ltr'><strong><em>quia</em></strong></span> <span class='ocrx_word' id='word_1_563' title='bbox 2839 775 2936 830; x_wconf 86' lang='lat' dir='ltr'><strong><em>nisi</em></strong></span> <span class='ocrx_word' id='word_1_564' title='bbox 2962 784 3174 830; x_wconf 78' lang='lat' dir='ltr'><strong><em>rcua‘tus</em></strong></span> <span class='ocrx_word' id='word_1_565' title='bbox 3197 774 3356 830; x_wconf 74' lang='lat' dir='ltr'><strong><em>fuerit</em></strong></span> <span class='ocrx_word' id='word_1_566' title='bbox 3376 791 3440 831; x_wconf 81' lang='lat' dir='ltr'><strong><em>ex</em></strong></span> <span class='ocrx_word' id='word_1_567' title='bbox 3464 791 3598 846; x_wconf 81' lang='lat' dir='ltr'><strong><em>aqua</em></strong></span> 
     </span>
    </p>
   </div>
   <div class='ocr_carea' id='block_1_66' title="bbox 2019 861 3600 939">
    <p class='ocr_par' dir='ltr' id='par_1_66' title="bbox 2019 861 3600 939">
     <span class='ocr_line' id='line_1_67' title="bbox 2019 861 3600 939; baseline 0.005 -25"><span class='ocrx_word' id='word_1_568' title='bbox 2019 870 2069 914; x_wconf 82' lang='lat' dir='ltr'><strong><em>et</em></strong></span> <span class='ocrx_word' id='word_1_569' title='bbox 2107 861 2306 932; x_wconf 85' lang='lat' dir='ltr'><strong><em>Spiritu</em></strong></span> <span class='ocrx_word' id='word_1_570' title='bbox 2332 906 2347 931; x_wconf 94' lang='lat'><strong><em>,</em></strong></span> <span class='ocrx_word' id='word_1_571' title='bbox 2386 879 2490 920; x_wconf 88' lang='lat' dir='ltr'><strong><em>non</em></strong></span> <span class='ocrx_word' id='word_1_572' title='bbox 2529 866 2747 921; x_wconf 70' lang='lat' dir='ltr'><strong><em>intrabit</em></strong></span> <span class='ocrx_word' id='word_1_573' title='bbox 2785 868 2835 921; x_wconf 86' lang='lat' dir='ltr'><strong><em>in</em></strong></span> <span class='ocrx_word' id='word_1_574' title='bbox 2875 883 3094 938; x_wconf 76' lang='lat' dir='ltr'><strong><em>regnum</em></strong></span> <span class='ocrx_word' id='word_1_575' title='bbox 3131 867 3385 923; x_wconf 78' lang='lat' dir='ltr'><strong><em>cmlorum</em></strong></span> <span class='ocrx_word' id='word_1_576' title='bbox 3411 885 3426 934; x_wconf 89' lang='lat'><strong><em>;</em></strong></span> <span class='ocrx_word' id='word_1_577' title='bbox 3457 867 3600 939; x_wconf 83' lang='lat' dir='ltr'><strong><em>quod</em></strong></span> 
     </span>
    </p>
   </div>
   <div class='ocr_carea' id='block_1_67' title="bbox 2020 949 3600 1030">
    <p class='ocr_par' dir='ltr' id='par_1_67' title="bbox 2020 949 3600 1030">
     <span class='ocr_line' id='line_1_68' title="bbox 2020 949 3600 1030; baseline 0.006 -27"><span class='ocrx_word' id='word_1_578' title='bbox 2020 949 2279 1008; x_wconf 82' lang='lat' dir='ltr'><strong><em>Dominus</em></strong></span> <span class='ocrx_word' id='word_1_579' title='bbox 2307 953 2457 1020; x_wconf 84' lang='lat' dir='ltr'><strong><em>dixit,</em></strong></span> <span class='ocrx_word' id='word_1_580' title='bbox 2486 963 2539 1011; x_wconf 88' lang='lat' dir='ltr'><strong><em>et</em></strong></span> <span class='ocrx_word' id='word_1_581' title='bbox 2562 971 2747 1011; x_wconf 73' lang='lat' dir='ltr'><strong><em>verum</em></strong></span> <span class='ocrx_word' id='word_1_582' title='bbox 2770 969 2853 1012; x_wconf 83' lang='lat' dir='ltr'><strong><em>est</em></strong></span> <span class='ocrx_word' id='word_1_583' title='bbox 2878 975 2890 1011; x_wconf 93' lang='lat'>:</span> <span class='ocrx_word' id='word_1_584' title='bbox 2916 959 3054 1014; x_wconf 80' lang='lat' dir='ltr'><strong><em>aliud</em></strong></span> <span class='ocrx_word' id='word_1_585' title='bbox 3077 971 3274 1026; x_wconf 89' lang='lat' dir='ltr'><strong><em>autem,</em></strong></span> <span class='ocrx_word' id='word_1_586' title='bbox 3297 959 3490 1016; x_wconf 84' lang='lat' dir='ltr'><strong><em>Omnis</em></strong></span> <span class='ocrx_word' id='word_1_587' title='bbox 3509 961 3600 1030; x_wconf 89' lang='lat' dir='ltr'><strong><em>qui</em></strong></span> 
     </span>
    </p>
   </div>
   <div class='ocr_carea' id='block_1_68' title="bbox 2021 1045 3602 1118">
    <p class='ocr_par' dir='ltr' id='par_1_68' title="bbox 2021 1045 3602 1118">
     <span class='ocr_line' id='line_1_69' title="bbox 2021 1045 3602 1118; baseline 0.004 -22"><span class='ocrx_word' id='word_1_588' title='bbox 2021 1045 2256 1099; x_wconf 84' lang='lat' dir='ltr'><strong><em>nascitur</em></strong></span> <span class='ocrx_word' id='word_1_589' title='bbox 2279 1061 2342 1099; x_wconf 80' lang='lat' dir='ltr'><strong><em>ex</em></strong></span> <span class='ocrx_word' id='word_1_590' title='bbox 2378 1061 2511 1116; x_wconf 87' lang='lat' dir='ltr'><strong><em>aqua</em></strong></span> <span class='ocrx_word' id='word_1_591' title='bbox 2539 1059 2589 1102; x_wconf 87' lang='lat' dir='ltr'><strong><em>ct</em></strong></span> <span class='ocrx_word' id='word_1_592' title='bbox 2623 1047 2823 1116; x_wconf 80' lang='lat' dir='ltr'><strong><em>Spiritu</em></strong></span> <span class='ocrx_word' id='word_1_593' title='bbox 2853 1049 3066 1104; x_wconf 82' lang='lat' dir='ltr'><strong><em>intrabit</em></strong></span> <span class='ocrx_word' id='word_1_594' title='bbox 3099 1050 3150 1104; x_wconf 91' lang='lat' dir='ltr'><strong><em>in</em></strong></span> <span class='ocrx_word' id='word_1_595' title='bbox 3179 1065 3402 1118; x_wconf 77' lang='lat' dir='ltr'><strong><em>regnum</em></strong></span> <span class='ocrx_word' id='word_1_596' title='bbox 3434 1050 3602 1105; x_wconf 76' lang='lat' dir='ltr'><strong><em>cmlo-</em></strong></span> 
     </span>
    </p>
   </div>
   <div class='ocr_carea' id='block_1_69' title="bbox 2020 1134 3601 1212">
    <p class='ocr_par' dir='ltr' id='par_1_69' title="bbox 2020 1134 3601 1212">
     <span class='ocr_line' id='line_1_70' title="bbox 2020 1134 3601 1212; baseline 0.006 -26"><span class='ocrx_word' id='word_1_597' title='bbox 2020 1145 2168 1196; x_wconf 85' lang='lat' dir='ltr'><strong><em>rum;</em></strong></span> <span class='ocrx_word' id='word_1_598' title='bbox 2192 1134 2330 1204; x_wconf 83' lang='lat' dir='ltr'><strong><em>quod</em></strong></span> <span class='ocrx_word' id='word_1_599' title='bbox 2353 1136 2536 1206; x_wconf 83' lang='lat' dir='ltr'><strong><em>utique</em></strong></span> <span class='ocrx_word' id='word_1_600' title='bbox 2559 1137 2744 1192; x_wconf 58' lang='lat' dir='ltr'><strong><em>falsum</em></strong></span> <span class='ocrx_word' id='word_1_601' title='bbox 2766 1149 2865 1194; x_wconf 89' lang='lat' dir='ltr'><strong><em>est.</em></strong></span> <span class='ocrx_word' id='word_1_602' title='bbox 2886 1139 3016 1194; x_wconf 80' lang='lat' dir='ltr'><strong><em>Nam</em></strong></span> <span class='ocrx_word' id='word_1_603' title='bbox 3037 1152 3088 1195; x_wconf 84' lang='lat' dir='ltr'><strong><em>et</em></strong></span> <span class='ocrx_word' id='word_1_604' title='bbox 3103 1141 3288 1196; x_wconf 87' lang='lat' dir='ltr'><strong><em>Simon</em></strong></span> <span class='ocrx_word' id='word_1_605' title='bbox 3309 1141 3402 1196; x_wconf 77' lang='lat' dir='ltr'><strong><em>ille</em></strong></span> <span class='ocrx_word' id='word_1_606' title='bbox 3415 1157 3601 1212; x_wconf 78' lang='lat' dir='ltr'><strong><em>magus</em></strong></span> 
     </span>
    </p>
   </div>
   <div class='ocr_carea' id='block_1_70' title="bbox 2017 1229 3598 1302">
    <p class='ocr_par' dir='ltr' id='par_1_70' title="bbox 2017 1229 3598 1302">
     <span class='ocr_line' id='line_1_71' title="bbox 2017 1229 3598 1302; baseline 0.006 -25"><span class='ocrx_word' id='word_1_607' title='bbox 2017 1233 2175 1279; x_wconf 84' lang='lat' dir='ltr'><strong><em>natus</em></strong></span> <span class='ocrx_word' id='word_1_608' title='bbox 2202 1235 2314 1280; x_wconf 85' lang='lat' dir='ltr'><strong><em>erat</em></strong></span> <span class='ocrx_word' id='word_1_609' title='bbox 2334 1242 2397 1281; x_wconf 78' lang='lat' dir='ltr'><strong><em>ex</em></strong></span> <span class='ocrx_word' id='word_1_610' title='bbox 2421 1243 2557 1298; x_wconf 75' lang='lat' dir='ltr'><strong><em>aqua</em></strong></span> <span class='ocrx_word' id='word_1_611' title='bbox 2587 1236 2640 1284; x_wconf 86' lang='lat' dir='ltr'><strong><em>et</em></strong></span> <span class='ocrx_word' id='word_1_612' title='bbox 2665 1229 2858 1299; x_wconf 75' lang='lat' dir='ltr'><strong><em>Spiritu</em></strong></span> <span class='ocrx_word' id='word_1_613' title='bbox 2881 1229 3017 1302; x_wconf 71' lang='lat' dir='ltr'><strong><em>(Act.</em></strong></span> <span class='ocrx_word' id='word_1_614' title='bbox 3047 1245 3135 1284; x_wconf 73' lang='lat' dir='ltr'><strong><em>rm</em></strong></span> <span class='ocrx_word' id='word_1_615' title='bbox 3157 1273 3169 1294; x_wconf 94' lang='lat'><strong><em>,</em></strong></span> <span class='ocrx_word' id='word_1_616' title='bbox 3201 1229 3311 1301; x_wconf 76' lang='lat' dir='ltr'><strong><em>t3),</em></strong></span> <span class='ocrx_word' id='word_1_617' title='bbox 3339 1242 3392 1286; x_wconf 87' lang='lat' dir='ltr'><strong><em>et</em></strong></span> <span class='ocrx_word' id='word_1_618' title='bbox 3423 1241 3598 1288; x_wconf 78' lang='lat' dir='ltr'><strong><em>tamen</em></strong></span> 
     </span>
    </p>
   </div>
   <div class='ocr_carea' id='block_1_71' title="bbox 2021 1316 3602 1391">
    <p class='ocr_par' dir='ltr' id='par_1_71' title="bbox 2021 1316 3602 1391">
     <span class='ocr_line' id='line_1_72' title="bbox 2021 1316 3602 1391; baseline 0.006 -24"><span class='ocrx_word' id='word_1_619' title='bbox 2021 1330 2124 1370; x_wconf 84' lang='lat' dir='ltr'><strong><em>non</em></strong></span> <span class='ocrx_word' id='word_1_620' title='bbox 2160 1316 2375 1373; x_wconf 81' lang='lat' dir='ltr'><strong><em>intravit</em></strong></span> <span class='ocrx_word' id='word_1_621' title='bbox 2409 1320 2460 1372; x_wconf 87' lang='lat' dir='ltr'><strong><em>in</em></strong></span> <span class='ocrx_word' id='word_1_622' title='bbox 2503 1335 2720 1391; x_wconf 76' lang='lat' dir='ltr'><strong><em>regnum</em></strong></span> <span class='ocrx_word' id='word_1_623' title='bbox 2752 1320 3026 1377; x_wconf 67' lang='lat' dir='ltr'><strong><em>maiorum.</em></strong></span> <span class='ocrx_word' id='word_1_624' title='bbox 3066 1322 3154 1378; x_wconf 90' lang='lat' dir='ltr'><strong><em>Sic</em></strong></span> <span class='ocrx_word' id='word_1_625' title='bbox 3201 1322 3312 1377; x_wconf 86' lang='lat' dir='ltr'><strong><em>licri</em></strong></span> <span class='ocrx_word' id='word_1_626' title='bbox 3347 1333 3516 1391; x_wconf 68' lang='lat' dir='ltr'><strong><em>potest</em></strong></span> <span class='ocrx_word' id='word_1_627' title='bbox 3546 1335 3602 1378; x_wconf 87' lang='lat' dir='ltr'><strong><em>ut</em></strong></span> 
     </span>
    </p>
   </div>
   <div class='ocr_carea' id='block_1_72' title="bbox 2017 1403 3602 1485">
    <p class='ocr_par' dir='ltr' id='par_1_72' title="bbox 2017 1403 3602 1485">
     <span class='ocr_line' id='line_1_73' title="bbox 2017 1403 3602 1485; baseline 0.006 -28"><span class='ocrx_word' id='word_1_628' title='bbox 2017 1403 2286 1462; x_wconf 67' lang='lat' dir='ltr'><strong><em>lnoreticis</em></strong></span> <span class='ocrx_word' id='word_1_629' title='bbox 2313 1409 2471 1464; x_wconf 82' lang='lat' dir='ltr'><strong><em>etiam</em></strong></span> <span class='ocrx_word' id='word_1_630' title='bbox 2497 1411 2790 1482; x_wconf 78' lang='lat' dir='ltr'><strong><em>contingat.</em></strong></span> <span class='ocrx_word' id='word_1_631' title='bbox 2816 1414 2918 1466; x_wconf 84' lang='lat' dir='ltr'><strong><em>Aut</em></strong></span> <span class='ocrx_word' id='word_1_632' title='bbox 2940 1412 2984 1466; x_wconf 79' lang='lat' dir='ltr'><strong><em>si</em></strong></span> <span class='ocrx_word' id='word_1_633' title='bbox 3007 1428 3108 1466; x_wconf 85' lang='lat' dir='ltr'><strong><em>non</em></strong></span> <span class='ocrx_word' id='word_1_634' title='bbox 3141 1414 3373 1467; x_wconf 82' lang='lat' dir='ltr'><strong><em>nascitur</em></strong></span> <span class='ocrx_word' id='word_1_635' title='bbox 3391 1429 3455 1469; x_wconf 81' lang='lat' dir='ltr'><strong><em>cx</em></strong></span> <span class='ocrx_word' id='word_1_636' title='bbox 3480 1413 3602 1485; x_wconf 82' lang='lat' dir='ltr'><strong><em>Spi-</em></strong></span> 
     </span>
    </p>
   </div>
   <div class='ocr_carea' id='block_1_73' title="bbox 2019 1498 3600 1577">
    <p class='ocr_par' dir='ltr' id='par_1_73' title="bbox 2019 1498 3600 1577">
     <span class='ocr_line' id='line_1_74' title="bbox 2019 1498 3600 1577; baseline 0.007 -28"><span class='ocrx_word' id='word_1_637' title='bbox 2019 1498 2123 1551; x_wconf 79' lang='lat' dir='ltr'><strong><em>ritu</em></strong></span> <span class='ocrx_word' id='word_1_638' title='bbox 2149 1498 2247 1553; x_wconf 83' lang='lat' dir='ltr'><strong><em>nisi</em></strong></span> <span class='ocrx_word' id='word_1_639' title='bbox 2287 1502 2375 1570; x_wconf 87' lang='lat' dir='ltr'><strong><em>qui</em></strong></span> <span class='ocrx_word' id='word_1_640' title='bbox 2413 1502 2588 1558; x_wconf 73' lang='lat' dir='ltr'><strong><em>veraci</em></strong></span> <span class='ocrx_word' id='word_1_641' title='bbox 2623 1506 2972 1558; x_wconf 81' lang='lat' dir='ltr'><strong><em>conversione</em></strong></span> <span class='ocrx_word' id='word_1_642' title='bbox 3004 1514 3267 1570; x_wconf 78' lang='lat' dir='ltr'><strong><em>mutatur,</em></strong></span> <span class='ocrx_word' id='word_1_643' title='bbox 3293 1522 3482 1560; x_wconf 83' lang='lat' dir='ltr'><strong><em>Olllllt‘s</em></strong></span> <span class='ocrx_word' id='word_1_644' title='bbox 3511 1508 3600 1577; x_wconf 77' lang='lat' dir='ltr'><strong><em>qui</em></strong></span> 
     </span>
    </p>
   </div>
   <div class='ocr_carea' id='block_1_74' title="bbox 2017 1589 3596 1667">
    <p class='ocr_par' dir='ltr' id='par_1_74' title="bbox 2017 1589 3596 1667">
     <span class='ocr_line' id='line_1_75' title="bbox 2017 1589 3596 1667; baseline 0.008 -26"><span class='ocrx_word' id='word_1_645' title='bbox 2017 1589 2215 1643; x_wconf 68' lang='lat' dir='ltr'><strong><em>stmulo</em></strong></span> <span class='ocrx_word' id='word_1_646' title='bbox 2239 1592 2416 1646; x_wconf 72' lang='lat' dir='ltr'><strong><em>verbis</em></strong></span> <span class='ocrx_word' id='word_1_647' title='bbox 2445 1601 2498 1647; x_wconf 86' lang='lat' dir='ltr'><strong><em>et</em></strong></span> <span class='ocrx_word' id='word_1_648' title='bbox 2525 1607 2628 1646; x_wconf 84' lang='lat' dir='ltr'><strong><em>non</em></strong></span> <span class='ocrx_word' id='word_1_649' title='bbox 2657 1593 2808 1649; x_wconf 81' lang='lat' dir='ltr'><strong><em>iactis</em></strong></span> <span class='ocrx_word' id='word_1_650' title='bbox 2835 1596 3157 1662; x_wconf 73' lang='lat' dir='ltr'><strong><em>renuntiant,</em></strong></span> <span class='ocrx_word' id='word_1_651' title='bbox 3186 1612 3289 1649; x_wconf 87' lang='lat' dir='ltr'><strong><em>non</em></strong></span> <span class='ocrx_word' id='word_1_652' title='bbox 3324 1595 3504 1667; x_wconf 81' lang='lat' dir='ltr'><strong><em>utique</em></strong></span> <span class='ocrx_word' id='word_1_653' title='bbox 3530 1599 3596 1653; x_wconf 86' lang='lat' dir='ltr'><strong><em>dc</em></strong></span> 
     </span>
    </p>
   </div>
   <div class='ocr_carea' id='block_1_75' title="bbox 2018 1678 3603 1758">
    <p class='ocr_par' dir='ltr' id='par_1_75' title="bbox 2018 1678 3603 1758">
     <span class='ocr_line' id='line_1_76' title="bbox 2018 1678 3603 1758; baseline 0.006 -25"><span class='ocrx_word' id='word_1_654' title='bbox 2018 1678 2213 1749; x_wconf 85' lang='lat' dir='ltr'><strong><em>Spiritu</em></strong></span> <span class='ocrx_word' id='word_1_655' title='bbox 2237 1723 2250 1748; x_wconf 96' lang='lat'><strong><em>,</em></strong></span> <span class='ocrx_word' id='word_1_656' title='bbox 2289 1683 2384 1738; x_wconf 87' lang='lat' dir='ltr'><strong><em>scd</em></strong></span> <span class='ocrx_word' id='word_1_657' title='bbox 2424 1698 2489 1739; x_wconf 79' lang='lat' dir='ltr'><strong><em>ex</em></strong></span> <span class='ocrx_word' id='word_1_658' title='bbox 2533 1699 2664 1756; x_wconf 88' lang='lat' dir='ltr'><strong><em>aqua</em></strong></span> <span class='ocrx_word' id='word_1_659' title='bbox 2705 1687 2817 1740; x_wconf 86' lang='lat' dir='ltr'><strong><em>sola</em></strong></span> <span class='ocrx_word' id='word_1_660' title='bbox 2858 1692 3146 1741; x_wconf 67' lang='lat' dir='ltr'><strong><em>nascuntur</em></strong></span> <span class='ocrx_word' id='word_1_661' title='bbox 3176 1701 3192 1741; x_wconf 66' lang='lat' dir='ltr'><strong><em>f:</em></strong></span> <span class='ocrx_word' id='word_1_662' title='bbox 3225 1688 3311 1758; x_wconf 89' lang='lat' dir='ltr'><strong><em>qui</em></strong></span> <span class='ocrx_word' id='word_1_663' title='bbox 3341 1697 3516 1743; x_wconf 79' lang='lat' dir='ltr'><strong><em>tamen</em></strong></span> <span class='ocrx_word' id='word_1_664' title='bbox 3547 1701 3603 1743; x_wconf 72' lang='lat' dir='ltr'><strong><em>et</em></strong></span> 
     </span>
    </p>
   </div>
   <div class='ocr_carea' id='block_1_76' title="bbox 2018 1771 3598 1846">
    <p class='ocr_par' dir='ltr' id='par_1_76' title="bbox 2018 1771 3598 1846">
     <span class='ocr_line' id='line_1_77' title="bbox 2018 1771 3598 1846; baseline 0.006 -24"><span class='ocrx_word' id='word_1_665' title='bbox 2018 1771 2162 1825; x_wconf 85' lang='lat' dir='ltr'><strong><em>intus</em></strong></span> <span class='ocrx_word' id='word_1_666' title='bbox 2184 1781 2318 1827; x_wconf 86' lang='lat' dir='ltr'><strong><em>tcstc</em></strong></span> <span class='ocrx_word' id='word_1_667' title='bbox 2342 1773 2612 1846; x_wconf 84' lang='lat' dir='ltr'><strong><em>Cypriano</em></strong></span> <span class='ocrx_word' id='word_1_668' title='bbox 2638 1787 2779 1830; x_wconf 89' lang='lat' dir='ltr'><strong><em>sunt.</em></strong></span> <span class='ocrx_word' id='word_1_669' title='bbox 2810 1775 3036 1832; x_wconf 52' lang='lat' dir='ltr'><strong><em>Necesse</em></strong></span> <span class='ocrx_word' id='word_1_670' title='bbox 3062 1786 3143 1832; x_wconf 90' lang='lat' dir='ltr'><strong><em>cst</em></strong></span> <span class='ocrx_word' id='word_1_671' title='bbox 3177 1779 3319 1833; x_wconf 84' lang='lat' dir='ltr'><strong><em>enim</em></strong></span> <span class='ocrx_word' id='word_1_672' title='bbox 3351 1788 3412 1834; x_wconf 87' lang='lat' dir='ltr'><strong><em>ut</em></strong></span> <span class='ocrx_word' id='word_1_673' title='bbox 3438 1795 3598 1832; x_wconf 80' lang='lat' dir='ltr'><strong><em>unum</em></strong></span> 
     </span>
    </p>
   </div>
   <div class='ocr_carea' id='block_1_77' title="bbox 2019 1862 3600 1942">
    <p class='ocr_par' dir='ltr' id='par_1_77' title="bbox 2019 1862 3600 1942">
     <span class='ocr_line' id='line_1_78' title="bbox 2019 1862 3600 1942; baseline 0.006 -27"><span class='ocrx_word' id='word_1_674' title='bbox 2019 1862 2086 1916; x_wconf 88' lang='lat' dir='ltr'><strong><em>dc</em></strong></span> <span class='ocrx_word' id='word_1_675' title='bbox 2111 1863 2316 1921; x_wconf 83' lang='lat' dir='ltr'><strong><em>duobus</em></strong></span> <span class='ocrx_word' id='word_1_676' title='bbox 2346 1866 2667 1922; x_wconf 84' lang='lat' dir='ltr'><strong><em>concedatur</em></strong></span> <span class='ocrx_word' id='word_1_677' title='bbox 2697 1885 2711 1922; x_wconf 89' lang='lat'><strong>:</strong></span> <span class='ocrx_word' id='word_1_678' title='bbox 2743 1877 2832 1922; x_wconf 78' lang='lat' dir='ltr'><strong><em>aut</em></strong></span> <span class='ocrx_word' id='word_1_679' title='bbox 2874 1869 2947 1922; x_wconf 81' lang='lat' dir='ltr'><strong><em>ilti</em></strong></span> <span class='ocrx_word' id='word_1_680' title='bbox 2987 1870 3074 1942; x_wconf 89' lang='lat' dir='ltr'><strong><em>qui</em></strong></span> <span class='ocrx_word' id='word_1_681' title='bbox 3117 1869 3376 1925; x_wconf 78' lang='lat' dir='ltr'><strong><em>faltacitcr</em></strong></span> <span class='ocrx_word' id='word_1_682' title='bbox 3401 1872 3600 1925; x_wconf 67' lang='lat' dir='ltr'><strong><em>smeum</em></strong></span> 
     </span>
    </p>
   </div>
   <div class='ocr_carea' id='block_1_78' title="bbox 2020 1957 3597 2036">
    <p class='ocr_par' dir='ltr' id='par_1_78' title="bbox 2020 1957 3597 2036">
     <span class='ocr_line' id='line_1_79' title="bbox 2020 1957 3597 2036; baseline 0.008 -28"><span class='ocrx_word' id='word_1_683' title='bbox 2020 1957 2348 2022; x_wconf 83' lang='lat' dir='ltr'><strong><em>renuntiant,</em></strong></span> <span class='ocrx_word' id='word_1_684' title='bbox 2379 1970 2668 2015; x_wconf 83' lang='lat' dir='ltr'><strong><em>nascuntur</em></strong></span> <span class='ocrx_word' id='word_1_685' title='bbox 2691 1959 2757 2016; x_wconf 85' lang='lat' dir='ltr'><strong><em>de</em></strong></span> <span class='ocrx_word' id='word_1_686' title='bbox 2788 1961 2992 2032; x_wconf 52' lang='lat' dir='ltr'><strong><em>ﬁnit-itu</em></strong></span> <span class='ocrx_word' id='word_1_687' title='bbox 3012 2006 3025 2028; x_wconf 86' lang='lat'><strong><em>,</em></strong></span> <span class='ocrx_word' id='word_1_688' title='bbox 3056 1966 3296 2034; x_wconf 79' lang='lat' dir='ltr'><strong><em>quanwis</em></strong></span> <span class='ocrx_word' id='word_1_689' title='bbox 3326 1965 3392 2020; x_wconf 89' lang='lat' dir='ltr'><strong><em>ad</em></strong></span> <span class='ocrx_word' id='word_1_690' title='bbox 3421 1968 3597 2036; x_wconf 78' lang='lat' dir='ltr'><strong><em>perni-</em></strong></span> 
     </span>
    </p>
   </div>
   <div class='ocr_carea' id='block_1_79' title="bbox 2018 2050 3596 2127">
    <p class='ocr_par' dir='ltr' id='par_1_79' title="bbox 2018 2050 3596 2127">
     <span class='ocr_line' id='line_1_80' title="bbox 2018 2050 3596 2127; baseline 0.008 -25"><span class='ocrx_word' id='word_1_691' title='bbox 2018 2050 2175 2114; x_wconf 79' lang='lat' dir='ltr'><strong><em>cium,</em></strong></span> <span class='ocrx_word' id='word_1_692' title='bbox 2207 2065 2310 2104; x_wconf 90' lang='lat' dir='ltr'><strong><em>non</em></strong></span> <span class='ocrx_word' id='word_1_693' title='bbox 2333 2051 2399 2105; x_wconf 79' lang='lat' dir='ltr'><strong><em>ad</em></strong></span> <span class='ocrx_word' id='word_1_694' title='bbox 2425 2053 2668 2117; x_wconf 74' lang='lat' dir='ltr'><strong><em>Salutem,</em></strong></span> <span class='ocrx_word' id='word_1_695' title='bbox 2701 2065 2861 2124; x_wconf 84' lang='lat' dir='ltr'><strong><em>atque</em></strong></span> <span class='ocrx_word' id='word_1_696' title='bbox 2889 2055 2960 2110; x_wconf 80' lang='lat' dir='ltr'><strong><em>ita</em></strong></span> <span class='ocrx_word' id='word_1_697' title='bbox 2984 2068 3210 2127; x_wconf 85' lang='lat' dir='ltr'><strong><em>possunt</em></strong></span> <span class='ocrx_word' id='word_1_698' title='bbox 3237 2069 3286 2113; x_wconf 90' lang='lat' dir='ltr'><strong><em>ct</em></strong></span> <span class='ocrx_word' id='word_1_699' title='bbox 3312 2055 3548 2114; x_wconf 69' lang='lat' dir='ltr'><strong><em>haeretici</em></strong></span> <span class='ocrx_word' id='word_1_700' title='bbox 3584 2080 3596 2114; x_wconf 89' lang='lat'>:</span> 
     </span>
    </p>
   </div>
   <div class='ocr_carea' id='block_1_80' title="bbox 2018 2141 3601 2222">
    <p class='ocr_par' dir='ltr' id='par_1_80' title="bbox 2018 2141 3601 2222">
     <span class='ocr_line' id='line_1_81' title="bbox 2018 2141 3601 2222; baseline 0.008 -30"><span class='ocrx_word' id='word_1_701' title='bbox 2018 2148 2110 2192; x_wconf 84' lang='lat' dir='ltr'><strong><em>aut</em></strong></span> <span class='ocrx_word' id='word_1_702' title='bbox 2133 2141 2176 2194; x_wconf 84' lang='lat' dir='ltr'><strong><em>si</em></strong></span> <span class='ocrx_word' id='word_1_703' title='bbox 2203 2141 2330 2195; x_wconf 82' lang='lat' dir='ltr'><strong><em>illud</em></strong></span> <span class='ocrx_word' id='word_1_704' title='bbox 2357 2144 2494 2212; x_wconf 84' lang='lat' dir='ltr'><strong><em>quod</em></strong></span> <span class='ocrx_word' id='word_1_705' title='bbox 2533 2147 2784 2214; x_wconf 85' lang='lat' dir='ltr'><strong><em>scriptum</em></strong></span> <span class='ocrx_word' id='word_1_706' title='bbox 2821 2156 2931 2214; x_wconf 87' lang='lat' dir='ltr'><strong><em>est,</em></strong></span> <span class='ocrx_word' id='word_1_707' title='bbox 2963 2148 3185 2203; x_wconf 87' lang='lat' dir='ltr'><strong><em>Sanctus</em></strong></span> <span class='ocrx_word' id='word_1_708' title='bbox 3218 2151 3349 2204; x_wconf 89' lang='lat' dir='ltr'><strong><em>enim</em></strong></span> <span class='ocrx_word' id='word_1_709' title='bbox 3378 2151 3601 2222; x_wconf 85' lang='lat' dir='ltr'><strong><em>Spiritus</em></strong></span> 
     </span>
    </p>
   </div>
   <div class='ocr_carea' id='block_1_81' title="bbox 2019 2231 3600 2310">
    <p class='ocr_par' dir='ltr' id='par_1_81' title="bbox 2019 2231 3600 2310">
     <span class='ocr_line' id='line_1_82' title="bbox 2019 2231 3600 2310; baseline 0.006 -27"><span class='ocrx_word' id='word_1_710' title='bbox 2019 2231 2302 2299; x_wconf 71' lang='lat' dir='ltr'><strong><em>disciplina:</em></strong></span> <span class='ocrx_word' id='word_1_711' title='bbox 2326 2233 2530 2306; x_wconf 78' lang='lat' dir='ltr'><strong><em>eﬂ‘agiet</em></strong></span> <span class='ocrx_word' id='word_1_712' title='bbox 2548 2236 2722 2304; x_wconf 71' lang='lat' dir='ltr'><strong><em>[ictum</em></strong></span> <span class='ocrx_word' id='word_1_713' title='bbox 2744 2236 2902 2308; x_wconf 88' lang='lat' dir='ltr'><strong><em>(Sap.</em></strong></span> <span class='ocrx_word' id='word_1_714' title='bbox 2929 2252 2967 2305; x_wconf 81' lang='grc' dir='ltr'><strong><em>ι,</em></strong></span> <span class='ocrx_word' id='word_1_715' title='bbox 2996 2238 3074 2310; x_wconf 83' lang='lat'><strong><em>5),</em></strong></span> <span class='ocrx_word' id='word_1_716' title='bbox 3105 2239 3265 2294; x_wconf 88' lang='lat' dir='ltr'><strong><em>ctiam</em></strong></span> <span class='ocrx_word' id='word_1_717' title='bbox 3287 2237 3352 2294; x_wconf 84' lang='lat' dir='ltr'><strong><em>ad</em></strong></span> <span class='ocrx_word' id='word_1_718' title='bbox 3383 2240 3481 2296; x_wconf 86' lang='lat' dir='ltr'><strong><em>hoc</em></strong></span> <span class='ocrx_word' id='word_1_719' title='bbox 3506 2257 3600 2296; x_wconf 76' lang='lat' dir='ltr'><strong><em>Va-</em></strong></span> 
     </span>
    </p>
   </div>
   <div class='ocr_carea' id='block_1_82' title="bbox 2015 2318 3603 2388">
    <p class='ocr_par' dir='ltr' id='par_1_82' title="bbox 2015 2318 3603 2388">
     <span class='ocr_line' id='line_1_83' title="bbox 2015 2318 3603 2388; baseline 0.006 -12"><span class='ocrx_word' id='word_1_720' title='bbox 2015 2318 2092 2376; x_wconf 83' lang='lat' dir='ltr'><strong><em>let</em></strong></span> <span class='ocrx_word' id='word_1_721' title='bbox 2108 2357 2127 2388; x_wconf 52' lang='lat'><strong><em>»,</em></strong></span> <span class='ocrx_word' id='word_1_722' title='bbox 2152 2331 2214 2376; x_wconf 82' lang='lat' dir='ltr'><strong><em>ut</em></strong></span> <span class='ocrx_word' id='word_1_723' title='bbox 2247 2323 2503 2382; x_wconf 79' lang='lat' dir='ltr'><strong><em>fallaciter</em></strong></span> <span class='ocrx_word' id='word_1_724' title='bbox 2535 2326 2731 2382; x_wconf 82' lang='lat' dir='ltr'><strong><em>sacculo</em></strong></span> <span class='ocrx_word' id='word_1_725' title='bbox 2768 2327 3132 2386; x_wconf 78' lang='lat' dir='ltr'><strong><em>renuntiantes</em></strong></span> <span class='ocrx_word' id='word_1_726' title='bbox 3170 2345 3274 2385; x_wconf 88' lang='lat' dir='ltr'><strong><em>non</em></strong></span> <span class='ocrx_word' id='word_1_727' title='bbox 3317 2342 3603 2388; x_wconf 73' lang='lat' dir='ltr'><strong><em>nascantur</em></strong></span> 
     </span>
    </p>
   </div>
   <div class='ocr_carea' id='block_1_83' title="bbox 2020 2412 3600 2492">
    <p class='ocr_par' dir='ltr' id='par_1_83' title="bbox 2020 2412 3600 2492">
     <span class='ocr_line' id='line_1_84' title="bbox 2020 2412 3600 2492; baseline 0.006 -24"><span class='ocrx_word' id='word_1_728' title='bbox 2020 2412 2087 2468; x_wconf 89' lang='lat' dir='ltr'><strong><em>dc</em></strong></span> <span class='ocrx_word' id='word_1_729' title='bbox 2112 2413 2349 2483; x_wconf 88' lang='lat' dir='ltr'><strong><em>Spiritu;</em></strong></span> <span class='ocrx_word' id='word_1_730' title='bbox 2381 2426 2553 2486; x_wconf 84' lang='lat' dir='ltr'><strong><em>potest</em></strong></span> <span class='ocrx_word' id='word_1_731' title='bbox 2591 2419 2710 2489; x_wconf 88' lang='lat' dir='ltr'><strong><em>quis</em></strong></span> <span class='ocrx_word' id='word_1_732' title='bbox 2736 2419 2994 2490; x_wconf 79' lang='lat' dir='ltr'><strong><em>baptizari</em></strong></span> <span class='ocrx_word' id='word_1_733' title='bbox 3023 2436 3156 2492; x_wconf 78' lang='lat' dir='ltr'><strong><em>aqua</em></strong></span> <span class='ocrx_word' id='word_1_734' title='bbox 3179 2464 3194 2489; x_wconf 95' lang='lat'><strong><em>,</em></strong></span> <span class='ocrx_word' id='word_1_735' title='bbox 3225 2431 3277 2476; x_wconf 87' lang='lat' dir='ltr'><strong><em>et</em></strong></span> <span class='ocrx_word' id='word_1_736' title='bbox 3313 2439 3417 2477; x_wconf 90' lang='lat' dir='ltr'><strong><em>non</em></strong></span> <span class='ocrx_word' id='word_1_737' title='bbox 3453 2427 3600 2481; x_wconf 83' lang='lat' dir='ltr'><strong><em>nasci</em></strong></span> 
     </span>
    </p>
   </div>
   <div class='ocr_carea' id='block_1_84' title="bbox 2020 2502 3603 2587">
    <p class='ocr_par' dir='ltr' id='par_1_84' title="bbox 2020 2502 3603 2587">
     <span class='ocr_line' id='line_1_85' title="bbox 2020 2502 3603 2587; baseline 0.007 -29"><span class='ocrx_word' id='word_1_738' title='bbox 2020 2502 2088 2560; x_wconf 83' lang='lat' dir='ltr'><strong><em>de</em></strong></span> <span class='ocrx_word' id='word_1_739' title='bbox 2112 2505 2347 2576; x_wconf 80' lang='lat' dir='ltr'><strong><em>Spiritu;</em></strong></span> <span class='ocrx_word' id='word_1_740' title='bbox 2379 2519 2432 2563; x_wconf 86' lang='lat' dir='ltr'><strong><em>ct</em></strong></span> <span class='ocrx_word' id='word_1_741' title='bbox 2447 2505 2645 2564; x_wconf 85' lang='lat' dir='ltr'><strong><em>frustra</em></strong></span> <span class='ocrx_word' id='word_1_742' title='bbox 2669 2508 3016 2567; x_wconf 83' lang='lat' dir='ltr'><strong><em>Ncmesianus</em></strong></span> <span class='ocrx_word' id='word_1_743' title='bbox 3047 2513 3139 2580; x_wconf 82' lang='lat' dir='ltr'><strong><em>ait,</em></strong></span> <span class='ocrx_word' id='word_1_744' title='bbox 3175 2511 3351 2584; x_wconf 84' lang='lat' dir='ltr'><strong><em>Neque</em></strong></span> <span class='ocrx_word' id='word_1_745' title='bbox 3377 2514 3603 2587; x_wconf 75' lang='lat' dir='ltr'><strong><em>Spiritus</em></strong></span> 
     </span>
    </p>
   </div>
   <div class='ocr_carea' id='block_1_85' title="bbox 2020 2596 3602 2674">
    <p class='ocr_par' dir='ltr' id='par_1_85' title="bbox 2020 2596 3602 2674">
     <span class='ocr_line' id='line_1_86' title="bbox 2020 2596 3602 2674; baseline 0.009 -26"><span class='ocrx_word' id='word_1_746' title='bbox 2020 2596 2129 2650; x_wconf 86' lang='lat' dir='ltr'><strong><em>sine</em></strong></span> <span class='ocrx_word' id='word_1_747' title='bbox 2150 2613 2283 2667; x_wconf 88' lang='lat' dir='ltr'><strong><em>aqua</em></strong></span> <span class='ocrx_word' id='word_1_748' title='bbox 2304 2599 2504 2670; x_wconf 82' lang='lat' dir='ltr'><strong><em>cperari</em></strong></span> <span class='ocrx_word' id='word_1_749' title='bbox 2523 2608 2701 2670; x_wconf 88' lang='lat' dir='ltr'><strong><em>potest,</em></strong></span> <span class='ocrx_word' id='word_1_750' title='bbox 2724 2618 2812 2656; x_wconf 89' lang='lat' dir='ltr'><strong><em>nec</em></strong></span> <span class='ocrx_word' id='word_1_751' title='bbox 2830 2620 2964 2674; x_wconf 88' lang='lat' dir='ltr'><strong><em>aqua</em></strong></span> <span class='ocrx_word' id='word_1_752' title='bbox 2984 2604 3091 2659; x_wconf 87' lang='lat' dir='ltr'><strong><em>sine</em></strong></span> <span class='ocrx_word' id='word_1_753' title='bbox 3111 2603 3328 2674; x_wconf 83' lang='lat' dir='ltr'><strong><em>Spiritu.</em></strong></span> <span class='ocrx_word' id='word_1_754' title='bbox 3353 2605 3602 2665; x_wconf 73' lang='lat' dir='ltr'><strong><em>Jamvcro</em></strong></span> 
     </span>
    </p>
   </div>
   <div class='ocr_carea' id='block_1_86' title="bbox 2020 2687 3602 2765">
    <p class='ocr_par' dir='ltr' id='par_1_86' title="bbox 2020 2687 3602 2765">
     <span class='ocr_line' id='line_1_87' title="bbox 2020 2687 3602 2765; baseline 0.008 -25"><span class='ocrx_word' id='word_1_755' title='bbox 2020 2694 2076 2740; x_wconf 82' lang='lat' dir='ltr'><strong><em>ct</em></strong></span> <span class='ocrx_word' id='word_1_756' title='bbox 2102 2687 2226 2743; x_wconf 86' lang='lat' dir='ltr'><strong><em>alibi</em></strong></span> <span class='ocrx_word' id='word_1_757' title='bbox 2255 2703 2399 2759; x_wconf 72' lang='lat' dir='ltr'><strong><em>sarpe</em></strong></span> <span class='ocrx_word' id='word_1_758' title='bbox 2424 2689 2626 2746; x_wconf 84' lang='lat' dir='ltr'><strong><em>dictum</em></strong></span> <span class='ocrx_word' id='word_1_759' title='bbox 2656 2700 2756 2758; x_wconf 86' lang='lat' dir='ltr'><strong><em>est,</em></strong></span> <span class='ocrx_word' id='word_1_760' title='bbox 2789 2693 3056 2764; x_wconf 88' lang='lat' dir='ltr'><strong><em>quomodo</em></strong></span> <span class='ocrx_word' id='word_1_761' title='bbox 3086 2693 3199 2752; x_wconf 84' lang='lat' dir='ltr'><strong><em>ﬁeri</em></strong></span> <span class='ocrx_word' id='word_1_762' title='bbox 3231 2697 3395 2765; x_wconf 81' lang='lat' dir='ltr'><strong><em>possit</em></strong></span> <span class='ocrx_word' id='word_1_763' title='bbox 3421 2707 3477 2752; x_wconf 84' lang='lat' dir='ltr'><strong><em>ut</em></strong></span> <span class='ocrx_word' id='word_1_764' title='bbox 3506 2699 3602 2753; x_wconf 83' lang='lat' dir='ltr'><strong><em>ba-</em></strong></span> 
     </span>
    </p>
   </div>
   <div class='ocr_carea' id='block_1_87' title="bbox 2021 2777 3600 2857">
    <p class='ocr_par' dir='ltr' id='par_1_87' title="bbox 2021 2777 3600 2857">
     <span class='ocr_line' id='line_1_88' title="bbox 2021 2777 3600 2857; baseline 0.008 -25"><span class='ocrx_word' id='word_1_765' title='bbox 2021 2777 2180 2833; x_wconf 86' lang='lat' dir='ltr'><strong><em>beant</em></strong></span> <span class='ocrx_word' id='word_1_766' title='bbox 2224 2783 2578 2836; x_wconf 86' lang='lat' dir='ltr'><strong><em>communiter</em></strong></span> <span class='ocrx_word' id='word_1_767' title='bbox 2622 2796 2782 2837; x_wconf 90' lang='lat' dir='ltr'><strong><em>unum</em></strong></span> <span class='ocrx_word' id='word_1_768' title='bbox 2825 2783 3132 2854; x_wconf 80' lang='lat' dir='ltr'><strong><em>Baptisma,</em></strong></span> <span class='ocrx_word' id='word_1_769' title='bbox 3179 2787 3268 2857; x_wconf 88' lang='lat' dir='ltr'><strong><em>qui</em></strong></span> <span class='ocrx_word' id='word_1_770' title='bbox 3309 2787 3600 2844; x_wconf 79' lang='lat' dir='ltr'><strong><em>Ecclesiam</em></strong></span> 
     </span>
    </p>
   </div>
   <div class='ocr_carea' id='block_1_88' title="bbox 2021 2868 3602 2948">
    <p class='ocr_par' dir='ltr' id='par_1_88' title="bbox 2021 2868 3602 2948">
     <span class='ocr_line' id='line_1_89' title="bbox 2021 2868 3602 2948; baseline 0.008 -26"><span class='ocrx_word' id='word_1_771' title='bbox 2021 2883 2128 2923; x_wconf 87' lang='lat' dir='ltr'><strong><em>non</em></strong></span> <span class='ocrx_word' id='word_1_772' title='bbox 2169 2868 2366 2924; x_wconf 80' lang='lat' dir='ltr'><strong><em>habent</em></strong></span> <span class='ocrx_word' id='word_1_773' title='bbox 2405 2883 2568 2925; x_wconf 88' lang='lat' dir='ltr'><strong><em>unam</em></strong></span> <span class='ocrx_word' id='word_1_774' title='bbox 2617 2887 2630 2925; x_wconf 90' lang='lat'><strong>:</strong></span> <span class='ocrx_word' id='word_1_775' title='bbox 2675 2873 2813 2927; x_wconf 88' lang='lat' dir='ltr'><strong><em>sicut</em></strong></span> <span class='ocrx_word' id='word_1_776' title='bbox 2856 2874 2970 2929; x_wconf 79' lang='lat' dir='ltr'><strong><em>ﬁeri</em></strong></span> <span class='ocrx_word' id='word_1_777' title='bbox 3021 2885 3194 2946; x_wconf 75' lang='lat' dir='ltr'><strong><em>potest</em></strong></span> <span class='ocrx_word' id='word_1_778' title='bbox 3235 2877 3288 2933; x_wconf 78' lang='lat' dir='ltr'><strong><em>in</em></strong></span> <span class='ocrx_word' id='word_1_779' title='bbox 3325 2876 3436 2948; x_wconf 83' lang='lat' dir='ltr'><strong><em>ipsa</em></strong></span> <span class='ocrx_word' id='word_1_780' title='bbox 3465 2879 3602 2935; x_wconf 88' lang='lat' dir='ltr'><strong><em>intus</em></strong></span> 
     </span>
    </p>
   </div>
   <div class='ocr_carea' id='block_1_89' title="bbox 2023 2961 3604 3043">
    <p class='ocr_par' dir='ltr' id='par_1_89' title="bbox 2023 2961 3604 3043">
     <span class='ocr_line' id='line_1_90' title="bbox 2023 2961 3604 3043; baseline 0.008 -28"><span class='ocrx_word' id='word_1_781' title='bbox 2023 2961 2258 3017; x_wconf 84' lang='lat' dir='ltr'><strong><em>Ecclesia</em></strong></span> <span class='ocrx_word' id='word_1_782' title='bbox 2297 2969 2356 3017; x_wconf 84' lang='lat' dir='ltr'><strong><em>ut</em></strong></span> <span class='ocrx_word' id='word_1_783' title='bbox 2397 2977 2503 3018; x_wconf 87' lang='lat' dir='ltr'><strong><em>non</em></strong></span> <span class='ocrx_word' id='word_1_784' title='bbox 2541 2961 2774 3021; x_wconf 79' lang='lat' dir='ltr'><strong><em>habeant</em></strong></span> <span class='ocrx_word' id='word_1_785' title='bbox 2817 2982 2980 3022; x_wconf 84' lang='lat' dir='ltr'><strong><em>unum</em></strong></span> <span class='ocrx_word' id='word_1_786' title='bbox 3013 2967 3271 3038; x_wconf 84' lang='lat' dir='ltr'><strong><em>Spiritum</em></strong></span> <span class='ocrx_word' id='word_1_787' title='bbox 3311 2973 3476 3026; x_wconf 81' lang='lat' dir='ltr'><strong><em>sancti</em></strong></span> <span class='ocrx_word' id='word_1_788' title='bbox 3509 2988 3604 3043; x_wconf 84' lang='lat' dir='ltr'><strong><em>per</em></strong></span> 
     </span>
    </p>
   </div>
   <div class='ocr_carea' id='block_1_90' title="bbox 2019 3052 3604 3128">
    <p class='ocr_par' dir='ltr' id='par_1_90' title="bbox 2019 3052 3604 3128">
     <span class='ocr_line' id='line_1_91' title="bbox 2019 3052 3604 3128; baseline 0.008 -21"><span class='ocrx_word' id='word_1_789' title='bbox 2019 3052 2277 3122; x_wconf 84' lang='lat' dir='ltr'><strong><em>justitiam</em></strong></span> <span class='ocrx_word' id='word_1_790' title='bbox 2298 3062 2353 3109; x_wconf 81' lang='lat' dir='ltr'><strong><em>et</em></strong></span> <span class='ocrx_word' id='word_1_791' title='bbox 2372 3053 2634 3111; x_wconf 84' lang='lat' dir='ltr'><strong><em>immundi</em></strong></span> <span class='ocrx_word' id='word_1_792' title='bbox 2656 3069 2752 3126; x_wconf 88' lang='lat' dir='ltr'><strong><em>per</em></strong></span> <span class='ocrx_word' id='word_1_793' title='bbox 2773 3059 3070 3128; x_wconf 82' lang='lat' dir='ltr'><strong><em>avaritiam,</em></strong></span> <span class='ocrx_word' id='word_1_794' title='bbox 3099 3069 3152 3116; x_wconf 87' lang='lat' dir='ltr'><strong><em>ct</em></strong></span> <span class='ocrx_word' id='word_1_795' title='bbox 3170 3069 3351 3118; x_wconf 77' lang='lat' dir='ltr'><strong><em>tamen</em></strong></span> <span class='ocrx_word' id='word_1_796' title='bbox 3377 3063 3604 3120; x_wconf 80' lang='lat' dir='ltr'><strong><em>habeant</em></strong></span> 
     </span>
    </p>
   </div>
   <div class='ocr_carea' id='block_1_91' title="bbox 2023 3143 3600 3224">
    <p class='ocr_par' dir='ltr' id='par_1_91' title="bbox 2023 3143 3600 3224">
     <span class='ocr_line' id='line_1_92' title="bbox 2023 3143 3600 3224; baseline 0.007 -27"><span class='ocrx_word' id='word_1_797' title='bbox 2023 3157 2185 3197; x_wconf 89' lang='lat' dir='ltr'><strong><em>unum</em></strong></span> <span class='ocrx_word' id='word_1_798' title='bbox 2215 3143 2502 3215; x_wconf 73' lang='lat' dir='ltr'><strong><em>Baptisms.</em></strong></span> <span class='ocrx_word' id='word_1_799' title='bbox 2536 3145 2627 3202; x_wconf 88' lang='lat' dir='ltr'><strong><em>Sic</em></strong></span> <span class='ocrx_word' id='word_1_800' title='bbox 2661 3147 2804 3202; x_wconf 83' lang='lat' dir='ltr'><strong><em>enim</em></strong></span> <span class='ocrx_word' id='word_1_801' title='bbox 2831 3147 3027 3203; x_wconf 87' lang='lat' dir='ltr'><strong><em>dictum</em></strong></span> <span class='ocrx_word' id='word_1_802' title='bbox 3053 3159 3136 3206; x_wconf 83' lang='lat' dir='ltr'><strong><em>cst</em></strong></span> <span class='ocrx_word' id='word_1_803' title='bbox 3156 3194 3171 3218; x_wconf 91' lang='lat'><strong><em>,</em></strong></span> <span class='ocrx_word' id='word_1_804' title='bbox 3201 3169 3352 3205; x_wconf 86' lang='lat' dir='ltr'><strong><em>unum</em></strong></span> <span class='ocrx_word' id='word_1_805' title='bbox 3380 3170 3561 3224; x_wconf 79' lang='lat' dir='ltr'><strong><em>corpus</em></strong></span> <span class='ocrx_word' id='word_1_806' title='bbox 3583 3197 3600 3221; x_wconf 96' lang='lat'><strong><em>,</em></strong></span> 
     </span>
    </p>
   </div>
   <div class='ocr_carea' id='block_1_92' title="bbox 2023 3233 3603 3314">
    <p class='ocr_par' dir='ltr' id='par_1_92' title="bbox 2023 3233 3603 3314">
     <span class='ocr_line' id='line_1_93' title="bbox 2023 3233 3603 3314; baseline 0.006 -26"><span class='ocrx_word' id='word_1_807' title='bbox 2023 3233 2074 3288; x_wconf 88' lang='lat' dir='ltr'><strong><em>id</em></strong></span> <span class='ocrx_word' id='word_1_808' title='bbox 2104 3243 2220 3302; x_wconf 89' lang='lat' dir='ltr'><strong><em>est,</em></strong></span> <span class='ocrx_word' id='word_1_809' title='bbox 2252 3234 2524 3314; x_wconf 80' lang='lat' dir='ltr'><strong><em>Ecclesia;</em></strong></span> <span class='ocrx_word' id='word_1_810' title='bbox 2552 3236 2689 3292; x_wconf 84' lang='lat' dir='ltr'><strong><em>sicut</em></strong></span> <span class='ocrx_word' id='word_1_811' title='bbox 2707 3281 2721 3305; x_wconf 93' lang='lat'><strong><em>,</em></strong></span> <span class='ocrx_word' id='word_1_812' title='bbox 2751 3254 2884 3294; x_wconf 79' lang='lat' dir='ltr'><strong><em>unus</em></strong></span> <span class='ocrx_word' id='word_1_813' title='bbox 2906 3240 3162 3311; x_wconf 80' lang='lat' dir='ltr'><strong><em>Spiritus,</em></strong></span> <span class='ocrx_word' id='word_1_814' title='bbox 3195 3254 3247 3297; x_wconf 86' lang='lat' dir='ltr'><strong><em>et</em></strong></span> <span class='ocrx_word' id='word_1_815' title='bbox 3272 3289 3288 3310; x_wconf 86' lang='grc'><em>,</em></span> <span class='ocrx_word' id='word_1_816' title='bbox 3318 3261 3469 3297; x_wconf 85' lang='lat' dir='ltr'><strong><em>unum</em></strong></span> <span class='ocrx_word' id='word_1_817' title='bbox 3499 3245 3603 3298; x_wconf 75' lang='lat' dir='ltr'><strong><em>tta-</em></strong></span> 
     </span>
    </p>
   </div>
   <div class='ocr_carea' id='block_1_93' title="bbox 2025 3325 3604 3402">
    <p class='ocr_par' dir='ltr' id='par_1_93' title="bbox 2025 3325 3604 3402">
     <span class='ocr_line' id='line_1_94' title="bbox 2025 3325 3604 3402; baseline 0.006 -23"><span class='ocrx_word' id='word_1_818' title='bbox 2025 3327 2226 3396; x_wconf 83' lang='lat' dir='ltr'><strong><em>ptisma.</em></strong></span> <span class='ocrx_word' id='word_1_819' title='bbox 2258 3325 2376 3402; x_wconf 69' lang='lat' dir='ltr'><strong><em>iam</em></strong></span> <span class='ocrx_word' id='word_1_820' title='bbox 2410 3337 2601 3382; x_wconf 65' lang='lat' dir='ltr'><strong><em>cratera</em></strong></span> <span class='ocrx_word' id='word_1_821' title='bbox 2643 3343 2761 3400; x_wconf 68' lang='lat' dir='ltr'><strong><em>qua:</em></strong></span> <span class='ocrx_word' id='word_1_822' title='bbox 2804 3330 2968 3394; x_wconf 76' lang='lat' dir='ltr'><strong><em>dixit,</em></strong></span> <span class='ocrx_word' id='word_1_823' title='bbox 3000 3339 3194 3386; x_wconf 70' lang='lat' dir='ltr'><strong><em>ucstra:</em></strong></span> <span class='ocrx_word' id='word_1_824' title='bbox 3227 3334 3399 3402; x_wconf 85' lang='lat' dir='ltr'><strong><em>potius</em></strong></span> <span class='ocrx_word' id='word_1_825' title='bbox 3428 3349 3604 3390; x_wconf 82' lang='lat' dir='ltr'><strong><em>asser-</em></strong></span> 
     </span>
    </p>
   </div>
   <div class='ocr_carea' id='block_1_94' title="bbox 2027 3419 3604 3495">
    <p class='ocr_par' dir='ltr' id='par_1_94' title="bbox 2027 3419 3604 3495">
     <span class='ocr_line' id='line_1_95' title="bbox 2027 3419 3604 3495; baseline 0.004 -22"><span class='ocrx_word' id='word_1_826' title='bbox 2027 3420 2154 3474; x_wconf 88' lang='lat' dir='ltr'><strong><em>tioni</em></strong></span> <span class='ocrx_word' id='word_1_827' title='bbox 2195 3419 2568 3490; x_wconf 74' lang='lat' dir='ltr'><strong><em>suffragantur.</em></strong></span> <span class='ocrx_word' id='word_1_828' title='bbox 2613 3421 2793 3477; x_wconf 79' lang='lat' dir='ltr'><strong><em>Posuit</em></strong></span> <span class='ocrx_word' id='word_1_829' title='bbox 2831 3422 2972 3476; x_wconf 80' lang='lat' dir='ltr'><strong><em>enim</em></strong></span> <span class='ocrx_word' id='word_1_830' title='bbox 3014 3439 3078 3477; x_wconf 74' lang='lat' dir='ltr'><strong><em>ex</em></strong></span> <span class='ocrx_word' id='word_1_831' title='bbox 3124 3423 3410 3495; x_wconf 66' lang='lat' dir='ltr'><strong><em>Evngclio</em></strong></span> <span class='ocrx_word' id='word_1_832' title='bbox 3450 3427 3604 3480; x_wconf 79' lang='lat' dir='ltr'><strong><em>testi-</em></strong></span> 
     </span>
    </p>
   </div>
   <div class='ocr_carea' id='block_1_95' title="bbox 2025 3509 3608 3587">
    <p class='ocr_par' dir='ltr' id='par_1_95' title="bbox 2025 3509 3608 3587">
     <span class='ocr_line' id='line_1_96' title="bbox 2025 3509 3608 3587; baseline 0.005 -23"><span class='ocrx_word' id='word_1_833' title='bbox 2025 3509 2282 3576; x_wconf 86' lang='lat' dir='ltr'><strong><em>monium,</em></strong></span> <span class='ocrx_word' id='word_1_834' title='bbox 2315 3509 2466 3578; x_wconf 82' lang='lat' dir='ltr'><strong><em>Quod</em></strong></span> <span class='ocrx_word' id='word_1_835' title='bbox 2491 3521 2663 3564; x_wconf 87' lang='lat' dir='ltr'><strong><em>natum</em></strong></span> <span class='ocrx_word' id='word_1_836' title='bbox 2695 3521 2771 3566; x_wconf 72' lang='lat' dir='ltr'><strong><em>est</em></strong></span> <span class='ocrx_word' id='word_1_837' title='bbox 2803 3513 2867 3568; x_wconf 91' lang='lat' dir='ltr'><strong><em>de</em></strong></span> <span class='ocrx_word' id='word_1_838' title='bbox 2900 3529 3051 3566; x_wconf 86' lang='lat' dir='ltr'><strong><em>carne</em></strong></span> <span class='ocrx_word' id='word_1_839' title='bbox 3071 3557 3084 3576; x_wconf 91' lang='lat'><strong><em>,</em></strong></span> <span class='ocrx_word' id='word_1_840' title='bbox 3114 3528 3168 3567; x_wconf 83' lang='lat' dir='ltr'><strong><em>ca</em></strong></span> <span class='ocrx_word' id='word_1_841' title='bbox 3181 3529 3234 3569; x_wconf 89' lang='lat' dir='ltr'><strong><em>ro</em></strong></span> <span class='ocrx_word' id='word_1_842' title='bbox 3261 3526 3366 3581; x_wconf 85' lang='lat' dir='ltr'><strong><em>est;</em></strong></span> <span class='ocrx_word' id='word_1_843' title='bbox 3396 3525 3440 3570; x_wconf 81' lang='lat' dir='ltr'><strong><em>et</em></strong></span> <span class='ocrx_word' id='word_1_844' title='bbox 3473 3521 3608 3587; x_wconf 63' lang='lat' dir='ltr'><strong><em>quod</em></strong></span> 
     </span>
    </p>
   </div>
   <div class='ocr_carea' id='block_1_96' title="bbox 2026 3603 3606 3679">
    <p class='ocr_par' dir='ltr' id='par_1_96' title="bbox 2026 3603 3606 3679">
     <span class='ocr_line' id='line_1_97' title="bbox 2026 3603 3606 3679; baseline 0.004 -25"><span class='ocrx_word' id='word_1_845' title='bbox 2026 3610 2200 3655; x_wconf 79' lang='lat' dir='ltr'><strong><em>natum</em></strong></span> <span class='ocrx_word' id='word_1_846' title='bbox 2233 3611 2306 3656; x_wconf 87' lang='lat' dir='ltr'><strong><em>est</em></strong></span> <span class='ocrx_word' id='word_1_847' title='bbox 2331 3603 2394 3658; x_wconf 86' lang='lat' dir='ltr'><strong><em>de</em></strong></span> <span class='ocrx_word' id='word_1_848' title='bbox 2415 3603 2627 3674; x_wconf 85' lang='lat' dir='ltr'><strong><em>spiritu,</em></strong></span> <span class='ocrx_word' id='word_1_849' title='bbox 2660 3603 2867 3675; x_wconf 85' lang='lat' dir='ltr'><strong><em>spiritus</em></strong></span> <span class='ocrx_word' id='word_1_850' title='bbox 2899 3613 2970 3658; x_wconf 87' lang='lat' dir='ltr'><strong><em>est</em></strong></span> <span class='ocrx_word' id='word_1_851' title='bbox 3002 3603 3179 3679; x_wconf 80' lang='lat' dir='ltr'><strong><em>(Joan.</em></strong></span> <span class='ocrx_word' id='word_1_852' title='bbox 3218 3621 3310 3670; x_wconf 76' lang='lat' dir='ltr'><strong><em>In,</em></strong></span> <span class='ocrx_word' id='word_1_853' title='bbox 3351 3607 3406 3678; x_wconf 77' lang='grc' dir='ltr'><strong><em>ὓ)</em></strong></span> <span class='ocrx_word' id='word_1_854' title='bbox 3433 3626 3446 3673; x_wconf 90' lang='grc'>;</span> <span class='ocrx_word' id='word_1_855' title='bbox 3487 3611 3606 3679; x_wconf 82' lang='lat' dir='ltr'><strong><em>quia</em></strong></span> 
     </span>
    </p>
   </div>
   <div class='ocr_carea' id='block_1_97' title="bbox 2027 3690 3608 3770">
    <p class='ocr_par' dir='ltr' id='par_1_97' title="bbox 2027 3690 3608 3770">
     <span class='ocr_line' id='line_1_98' title="bbox 2027 3690 3608 3770; baseline 0.006 -25"><span class='ocrx_word' id='word_1_856' title='bbox 2027 3690 2165 3747; x_wconf 80' lang='lat' dir='ltr'><strong><em>Deus</em></strong></span> <span class='ocrx_word' id='word_1_857' title='bbox 2189 3692 2394 3761; x_wconf 89' lang='lat' dir='ltr'><strong><em>spiritus</em></strong></span> <span class='ocrx_word' id='word_1_858' title='bbox 2421 3703 2511 3762; x_wconf 86' lang='lat' dir='ltr'><strong><em>est,</em></strong></span> <span class='ocrx_word' id='word_1_859' title='bbox 2541 3703 2584 3747; x_wconf 86' lang='lat' dir='ltr'><strong><em>et</em></strong></span> <span class='ocrx_word' id='word_1_860' title='bbox 2610 3710 2673 3748; x_wconf 70' lang='lat' dir='ltr'><strong><em>ea:</em></strong></span> <span class='ocrx_word' id='word_1_861' title='bbox 2698 3692 2806 3748; x_wconf 85' lang='lat' dir='ltr'><strong><em>Deo</em></strong></span> <span class='ocrx_word' id='word_1_862' title='bbox 2837 3705 2983 3750; x_wconf 87' lang='lat' dir='ltr'><strong><em>natus</em></strong></span> <span class='ocrx_word' id='word_1_863' title='bbox 3009 3705 3084 3750; x_wconf 87' lang='lat' dir='ltr'><strong><em>est</em></strong></span> <span class='ocrx_word' id='word_1_864' title='bbox 3109 3694 3218 3767; x_wconf 88' lang='lat' dir='ltr'><strong><em>(Id.</em></strong></span> <span class='ocrx_word' id='word_1_865' title='bbox 3268 3712 3324 3752; x_wconf 81' lang='lat' dir='ltr'><strong><em>IV</em></strong></span> <span class='ocrx_word' id='word_1_866' title='bbox 3347 3740 3360 3763; x_wconf 94' lang='lat'><strong><em>,</em></strong></span> <span class='ocrx_word' id='word_1_867' title='bbox 3389 3697 3481 3770; x_wconf 69' lang='lat'><strong><em>9.1)</em></strong></span> <span class='ocrx_word' id='word_1_868' title='bbox 3508 3694 3524 3754; x_wconf 75' lang='grc' dir='ltr'><strong>ἐ</strong></span> <span class='ocrx_word' id='word_1_869' title='bbox 3553 3711 3608 3755; x_wconf 78' lang='lat' dir='ltr'><strong><em>et</em></strong></span> 
     </span>
    </p>
   </div>
   <div class='ocr_carea' id='block_1_98' title="bbox 2030 3784 3602 3858">
    <p class='ocr_par' dir='ltr' id='par_1_98' title="bbox 2030 3784 3602 3858">
     <span class='ocr_line' id='line_1_99' title="bbox 2030 3784 3602 3858; baseline 0.004 -21"><span class='ocrx_word' id='word_1_870' title='bbox 2030 3784 2224 3850; x_wconf 84' lang='lat' dir='ltr'><strong><em>intulit,</em></strong></span> <span class='ocrx_word' id='word_1_871' title='bbox 2260 3784 2396 3854; x_wconf 79' lang='lat' dir='ltr'><strong><em>Ergo</em></strong></span> <span class='ocrx_word' id='word_1_872' title='bbox 2421 3801 2591 3838; x_wconf 84' lang='lat' dir='ltr'><strong><em>omnes</em></strong></span> <span class='ocrx_word' id='word_1_873' title='bbox 2620 3785 2845 3840; x_wconf 78' lang='lat' dir='ltr'><strong><em>Itan&#39;etici</em></strong></span> <span class='ocrx_word' id='word_1_874' title='bbox 2871 3797 2916 3840; x_wconf 85' lang='lat' dir='ltr'><strong><em>et</em></strong></span> <span class='ocrx_word' id='word_1_875' title='bbox 2935 3788 3243 3842; x_wconf 81' lang='lat' dir='ltr'><strong><em>scltismatici</em></strong></span> <span class='ocrx_word' id='word_1_876' title='bbox 3271 3792 3438 3858; x_wconf 77' lang='lat' dir='ltr'><strong><em>ontnia</em></strong></span> <span class='ocrx_word' id='word_1_877' title='bbox 3466 3807 3602 3858; x_wconf 64' lang='lat' dir='ltr'><strong><em>(Iacc-</em></strong></span> 
     </span>
    </p>
   </div>
   <div class='ocr_carea' id='block_1_99' title="bbox 2027 3873 3605 3946">
    <p class='ocr_par' dir='ltr' id='par_1_99' title="bbox 2027 3873 3605 3946">
     <span class='ocr_line' id='line_1_100' title="bbox 2027 3873 3605 3946; baseline 0.004 -21"><span class='ocrx_word' id='word_1_878' title='bbox 2027 3887 2237 3941; x_wconf 88' lang='lat' dir='ltr'><strong><em>cumque</em></strong></span> <span class='ocrx_word' id='word_1_879' title='bbox 2254 3873 2447 3941; x_wconf 75' lang='lat' dir='ltr'><strong><em>faciunt</em></strong></span> <span class='ocrx_word' id='word_1_880' title='bbox 2467 3874 2690 3926; x_wconf 82' lang='lat' dir='ltr'><strong><em>carnalia</em></strong></span> <span class='ocrx_word' id='word_1_881' title='bbox 2723 3884 2871 3937; x_wconf 87' lang='lat' dir='ltr'><strong><em>sunt,</em></strong></span> <span class='ocrx_word' id='word_1_882' title='bbox 2906 3875 3100 3930; x_wconf 83' lang='lat' dir='ltr'><strong><em>dicente</em></strong></span> <span class='ocrx_word' id='word_1_883' title='bbox 3130 3879 3366 3946; x_wconf 72' lang='lat' dir='ltr'><strong><em>Apostolo</em></strong></span> <span class='ocrx_word' id='word_1_884' title='bbox 3386 3920 3401 3944; x_wconf 98' lang='lat'><strong><em>,</em></strong></span> <span class='ocrx_word' id='word_1_885' title='bbox 3433 3898 3451 3929; x_wconf 85' lang='grc'><strong>‹</strong></span> <span class='ocrx_word' id='word_1_886' title='bbox 3491 3879 3605 3932; x_wconf 78' lang='lat' dir='ltr'><strong><em>Mu-</em></strong></span> 
     </span>
    </p>
   </div>
   <div class='ocr_carea' id='block_1_100' title="bbox 2029 3964 3602 4038">
    <p class='ocr_par' dir='ltr' id='par_1_100' title="bbox 2029 3964 3602 4038">
     <span class='ocr_line' id='line_1_101' title="bbox 2029 3964 3602 4038; baseline 0.006 -22"><span class='ocrx_word' id='word_1_887' title='bbox 2029 3964 2211 4033; x_wconf 75' lang='lat' dir='ltr'><strong><em>nifesta</em></strong></span> <span class='ocrx_word' id='word_1_888' title='bbox 2235 3965 2367 4017; x_wconf 90' lang='lat' dir='ltr'><strong><em>enim</em></strong></span> <span class='ocrx_word' id='word_1_889' title='bbox 2393 3973 2509 4018; x_wconf 89' lang='lat' dir='ltr'><strong><em>sunt</em></strong></span> <span class='ocrx_word' id='word_1_890' title='bbox 2533 3981 2685 4036; x_wconf 74' lang='lat' dir='ltr'><strong><em>Opera</em></strong></span> <span class='ocrx_word' id='word_1_891' title='bbox 2714 3967 2911 4033; x_wconf 87' lang='lat' dir='ltr'><strong><em>carnis,</em></strong></span> <span class='ocrx_word' id='word_1_892' title='bbox 2938 3983 3049 4036; x_wconf 77' lang='lat' dir='ltr'><strong><em>qua:</em></strong></span> <span class='ocrx_word' id='word_1_893' title='bbox 3073 3979 3189 4022; x_wconf 84' lang='lat' dir='ltr'><strong><em>sunt</em></strong></span> <span class='ocrx_word' id='word_1_894' title='bbox 3225 3971 3602 4038; x_wconf 78' lang='lat' dir='ltr'><strong><em>fornicationes,</em></strong></span> 
     </span>
    </p>
   </div>
   <div class='ocr_carea' id='block_1_101' title="bbox 2028 4042 3609 4133">
    <p class='ocr_par' dir='ltr' id='par_1_101' title="bbox 2028 4042 3609 4133">
     <span class='ocr_line' id='line_1_102' title="bbox 2028 4042 3609 4133; baseline 0.006 -23"><span class='ocrx_word' id='word_1_895' title='bbox 2028 4056 2381 4124; x_wconf 74' lang='lat' dir='ltr'><strong><em>immunditite;</em></strong></span> <span class='ocrx_word' id='word_1_896' title='bbox 2399 4065 2480 4114; x_wconf 74' lang='lat' dir='ltr'><strong><em>set</em></strong></span> <span class='ocrx_word' id='word_1_897' title='bbox 2504 4042 2696 4114; x_wconf 69' lang='lat' dir='ltr'><strong><em>cwtera</em></strong></span> <span class='ocrx_word' id='word_1_898' title='bbox 2722 4076 2839 4130; x_wconf 73' lang='lat' dir='ltr'><strong><em>qua:</em></strong></span> <span class='ocrx_word' id='word_1_899' title='bbox 2871 4061 2941 4116; x_wconf 88' lang='lat' dir='ltr'><strong><em>ibi</em></strong></span> <span class='ocrx_word' id='word_1_900' title='bbox 2962 4061 3092 4117; x_wconf 85' lang='lat' dir='ltr'><strong><em>dicit</em></strong></span> <span class='ocrx_word' id='word_1_901' title='bbox 3115 4065 3423 4133; x_wconf 62' lang='lat' dir='ltr'><strong><em>Apostolus,</em></strong></span> <span class='ocrx_word' id='word_1_902' title='bbox 3445 4066 3528 4119; x_wconf 89' lang='lat' dir='ltr'><strong><em>ubi</em></strong></span> <span class='ocrx_word' id='word_1_903' title='bbox 3554 4075 3609 4119; x_wconf 81' lang='lat' dir='ltr'><strong><em>et</em></strong></span> 
     </span>
    </p>
   </div>
   <div class='ocr_carea' id='block_1_102' title="bbox 2031 4148 3607 4220">
    <p class='ocr_par' dir='ltr' id='par_1_102' title="bbox 2031 4148 3607 4220">
     <span class='ocr_line' id='line_1_103' title="bbox 2031 4148 3607 4220; baseline 0.005 -19"><span class='ocrx_word' id='word_1_904' title='bbox 2031 4148 2263 4203; x_wconf 78' lang='lat' dir='ltr'><strong><em>lnurcses</em></strong></span> <span class='ocrx_word' id='word_1_905' title='bbox 2283 4150 2738 4216; x_wconf 76' lang='lat' dir='ltr'><strong><em>commemoravit,</em></strong></span> <span class='ocrx_word' id='word_1_906' title='bbox 2758 4150 2857 4206; x_wconf 88' lang='lat' dir='ltr'><strong><em>iste</em></strong></span> <span class='ocrx_word' id='word_1_907' title='bbox 2885 4163 3170 4208; x_wconf 79' lang='lat' dir='ltr'><strong><em>exsecutus</em></strong></span> <span class='ocrx_word' id='word_1_908' title='bbox 3190 4162 3301 4208; x_wconf 82' lang='lat' dir='ltr'><strong><em>est:</em></strong></span> <span class='ocrx_word' id='word_1_909' title='bbox 3327 4177 3342 4206; x_wconf 79' lang='grc' dir='ltr'>ι</span> <span class='ocrx_word' id='word_1_910' title='bbox 3357 4154 3607 4220; x_wconf 84' lang='lat' dir='ltr'><strong><em>Quoniam</em></strong></span> 
     </span>
    </p>
   </div>
   <div class='ocr_carea' id='block_1_103' title="bbox 2029 4237 3600 4314">
    <p class='ocr_par' dir='ltr' id='par_1_103' title="bbox 2029 4237 3600 4314">
     <span class='ocr_line' id='line_1_104' title="bbox 2029 4237 3600 4314; baseline 0.009 -27"><span class='ocrx_word' id='word_1_911' title='bbox 2029 4237 2330 4309; x_wconf 84' lang='lat' dir='ltr'><strong><em>quicumque</em></strong></span> <span class='ocrx_word' id='word_1_912' title='bbox 2353 4239 2459 4293; x_wconf 68' lang='lat' dir='ltr'><strong><em>liam</em></strong></span> <span class='ocrx_word' id='word_1_913' title='bbox 2484 4239 2694 4310; x_wconf 79' lang='lat' dir='ltr'><strong><em>faciunt,</em></strong></span> <span class='ocrx_word' id='word_1_914' title='bbox 2721 4257 2926 4314; x_wconf 86' lang='lat' dir='ltr'><strong><em>regnum</em></strong></span> <span class='ocrx_word' id='word_1_915' title='bbox 2953 4241 3046 4298; x_wconf 84' lang='lat' dir='ltr'><strong><em>Dei</em></strong></span> <span class='ocrx_word' id='word_1_916' title='bbox 3074 4260 3176 4299; x_wconf 88' lang='lat' dir='ltr'><strong><em>non</em></strong></span> <span class='ocrx_word' id='word_1_917' title='bbox 3206 4244 3600 4301; x_wconf 63' lang='lat' dir='ltr'><strong><em>haereditabunn</em></strong></span> 
     </span>
    </p>
   </div>
   <div class='ocr_carea' id='block_1_104' title="bbox 2031 4330 3608 4406">
    <p class='ocr_par' dir='ltr' id='par_1_104' title="bbox 2031 4330 3608 4406">
     <span class='ocr_line' id='line_1_105' title="bbox 2031 4330 3608 4406; baseline 0.006 -23"><span class='ocrx_word' id='word_1_918' title='bbox 2031 4330 2226 4402; x_wconf 64' lang='lat' dir='ltr'><strong><em>(Halat.</em></strong></span> <span class='ocrx_word' id='word_1_919' title='bbox 2251 4330 2516 4402; x_wconf 72' lang='lat' dir='ltr'><strong><em>v,l9&#39;9.l).</em></strong></span> <span class='ocrx_word' id='word_1_920' title='bbox 2545 4331 2746 4389; x_wconf 82' lang='lat' dir='ltr'><strong><em>Deinde</em></strong></span> <span class='ocrx_word' id='word_1_921' title='bbox 2766 4335 2960 4406; x_wconf 78' lang='lat' dir='ltr'><strong><em>adjecit</em></strong></span> <span class='ocrx_word' id='word_1_922' title='bbox 2984 4378 2998 4402; x_wconf 96' lang='lat'><strong><em>,</em></strong></span> <span class='ocrx_word' id='word_1_923' title='bbox 3021 4345 3075 4390; x_wconf 84' lang='lat' dir='ltr'><strong><em>ct</em></strong></span> <span class='ocrx_word' id='word_1_924' title='bbox 3107 4337 3238 4392; x_wconf 80' lang='lat' dir='ltr'><strong><em>dixit</em></strong></span> <span class='ocrx_word' id='word_1_925' title='bbox 3261 4351 3277 4394; x_wconf 88' lang='lat'><strong>:</strong></span> <span class='ocrx_word' id='word_1_926' title='bbox 3299 4337 3608 4394; x_wconf 82' lang='lat' dir='ltr'><strong><em>Condentnat</em></strong></span> 
     </span>
    </p>
   </div>
   <div class='ocr_carea' id='block_1_105' title="bbox 2029 4421 3603 4495">
    <p class='ocr_par' dir='ltr' id='par_1_105' title="bbox 2029 4421 3603 4495">
     <span class='ocr_line' id='line_1_106' title="bbox 2029 4421 3603 4495; baseline 0.005 -21"><span class='ocrx_word' id='word_1_927' title='bbox 2029 4422 2198 4490; x_wconf 89' lang='lat' dir='ltr'><strong><em>itaque</em></strong></span> <span class='ocrx_word' id='word_1_928' title='bbox 2224 4421 2494 4492; x_wconf 77' lang='lat' dir='ltr'><strong><em>Apostolus</em></strong></span> <span class='ocrx_word' id='word_1_929' title='bbox 2518 4438 2632 4476; x_wconf 85' lang='lat' dir='ltr'><strong><em>cum</em></strong></span> <span class='ocrx_word' id='word_1_930' title='bbox 2660 4424 2890 4480; x_wconf 82' lang='lat' dir='ltr'><strong><em>omnibus</em></strong></span> <span class='ocrx_word' id='word_1_931' title='bbox 2919 4427 3066 4481; x_wconf 80' lang='lat' dir='ltr'><strong><em>malis</em></strong></span> <span class='ocrx_word' id='word_1_932' title='bbox 3091 4435 3135 4480; x_wconf 90' lang='lat' dir='ltr'><strong><em>et</em></strong></span> <span class='ocrx_word' id='word_1_933' title='bbox 3168 4443 3250 4480; x_wconf 85' lang='lat' dir='ltr'><strong><em>eos</em></strong></span> <span class='ocrx_word' id='word_1_934' title='bbox 3283 4429 3368 4495; x_wconf 91' lang='lat' dir='ltr'><strong><em>qui</em></strong></span> <span class='ocrx_word' id='word_1_935' title='bbox 3395 4429 3603 4484; x_wconf 82' lang='lat' dir='ltr'><strong><em>divisio-</em></strong></span> 
     </span>
    </p>
   </div>
   <div class='ocr_carea' id='block_1_106' title="bbox 2029 4513 3604 4587">
    <p class='ocr_par' dir='ltr' id='par_1_106' title="bbox 2029 4513 3604 4587">
     <span class='ocr_line' id='line_1_107' title="bbox 2029 4513 3604 4587; baseline 0.006 -21"><span class='ocrx_word' id='word_1_936' title='bbox 2029 4527 2144 4566; x_wconf 85' lang='lat' dir='ltr'><strong><em>nem</em></strong></span> <span class='ocrx_word' id='word_1_937' title='bbox 2171 4513 2383 4583; x_wconf 81' lang='lat' dir='ltr'><strong><em>faciunt,</em></strong></span> <span class='ocrx_word' id='word_1_938' title='bbox 2403 4513 2496 4566; x_wconf 74' lang='lat' dir='ltr'><strong><em>hoc</em></strong></span> <span class='ocrx_word' id='word_1_939' title='bbox 2513 4523 2607 4580; x_wconf 84' lang='lat' dir='ltr'><strong><em>est,</em></strong></span> <span class='ocrx_word' id='word_1_940' title='bbox 2639 4516 2984 4572; x_wconf 83' lang='lat' dir='ltr'><strong><em>schismatieos</em></strong></span> <span class='ocrx_word' id='word_1_941' title='bbox 3032 4527 3078 4572; x_wconf 89' lang='lat' dir='ltr'><strong><em>et</em></strong></span> <span class='ocrx_word' id='word_1_942' title='bbox 3128 4518 3410 4572; x_wconf 82' lang='lat' dir='ltr'><strong><em>ltwrcticos.</em></strong></span> <span class='ocrx_word' id='word_1_943' title='bbox 3440 4520 3604 4587; x_wconf 81' lang='lat' dir='ltr'><strong><em>Bene,</em></strong></span> 
     </span>
    </p>
   </div>
   <div class='ocr_carea' id='block_1_107' title="bbox 2030 4603 3609 4683">
    <p class='ocr_par' dir='ltr' id='par_1_107' title="bbox 2030 4603 3609 4683">
     <span class='ocr_line' id='line_1_108' title="bbox 2030 4603 3609 4683; baseline 0.008 -27"><span class='ocrx_word' id='word_1_944' title='bbox 2030 4603 2170 4674; x_wconf 83' lang='lat' dir='ltr'><strong><em>quod</em></strong></span> <span class='ocrx_word' id='word_1_945' title='bbox 2194 4617 2515 4659; x_wconf 83' lang='lat' dir='ltr'><strong><em>enumerans</em></strong></span> <span class='ocrx_word' id='word_1_946' title='bbox 2546 4619 2704 4674; x_wconf 84' lang='lat' dir='ltr'><strong><em>opera</em></strong></span> <span class='ocrx_word' id='word_1_947' title='bbox 2729 4607 2906 4661; x_wconf 83' lang='lat' dir='ltr'><strong><em>carnis</em></strong></span> <span class='ocrx_word' id='word_1_948' title='bbox 2925 4649 2940 4672; x_wconf 96' lang='lat'><strong><em>,</em></strong></span> <span class='ocrx_word' id='word_1_949' title='bbox 2982 4608 3120 4664; x_wconf 83' lang='lat' dir='ltr'><strong><em>inter</em></strong></span> <span class='ocrx_word' id='word_1_950' title='bbox 3145 4626 3262 4683; x_wconf 73' lang='lat' dir='ltr'><strong><em>qua:</em></strong></span> <span class='ocrx_word' id='word_1_951' title='bbox 3297 4619 3351 4665; x_wconf 89' lang='lat' dir='ltr'><strong><em>et</em></strong></span> <span class='ocrx_word' id='word_1_952' title='bbox 3376 4609 3609 4668; x_wconf 72' lang='lat' dir='ltr'><strong><em>btcreses</em></strong></span> 
     </span>
    </p>
   </div>
   <div class='ocr_carea' id='block_1_108' title="bbox 2031 4694 3613 4773">
    <p class='ocr_par' dir='ltr' id='par_1_108' title="bbox 2031 4694 3613 4773">
     <span class='ocr_line' id='line_1_109' title="bbox 2031 4694 3613 4773; baseline 0.006 -25"><span class='ocrx_word' id='word_1_953' title='bbox 2031 4704 2173 4761; x_wconf 88' lang='lat' dir='ltr'><strong><em>sunt,</em></strong></span> <span class='ocrx_word' id='word_1_954' title='bbox 2209 4695 2408 4750; x_wconf 84' lang='lat' dir='ltr'><strong><em>invenit</em></strong></span> <span class='ocrx_word' id='word_1_955' title='bbox 2440 4701 2494 4749; x_wconf 90' lang='lat' dir='ltr'><strong><em>et</em></strong></span> <span class='ocrx_word' id='word_1_956' title='bbox 2519 4694 2650 4749; x_wconf 77' lang='lat' dir='ltr'><strong><em>dixit</em></strong></span> <span class='ocrx_word' id='word_1_957' title='bbox 2684 4695 2844 4751; x_wconf 76' lang='lat' dir='ltr'><strong><em>simul</em></strong></span> <span class='ocrx_word' id='word_1_958' title='bbox 2879 4697 3056 4752; x_wconf 81' lang='lat' dir='ltr'><strong><em>omnia</em></strong></span> <span class='ocrx_word' id='word_1_959' title='bbox 3093 4699 3431 4757; x_wconf 84' lang='lat' dir='ltr'><strong><em>damnantem</em></strong></span> <span class='ocrx_word' id='word_1_960' title='bbox 3466 4702 3613 4773; x_wconf 73' lang='lat' dir='ltr'><strong><em>Apo-</em></strong></span> 
     </span>
    </p>
   </div>
   <div class='ocr_carea' id='block_1_109' title="bbox 2032 4787 3607 4868">
    <p class='ocr_par' dir='ltr' id='par_1_109' title="bbox 2032 4787 3607 4868">
     <span class='ocr_line' id='line_1_110' title="bbox 2032 4787 3607 4868; baseline 0.005 -27"><span class='ocrx_word' id='word_1_961' title='bbox 2032 4789 2246 4842; x_wconf 87' lang='lat' dir='ltr'><strong><em>stolum.</em></strong></span> <span class='ocrx_word' id='word_1_962' title='bbox 2282 4787 2578 4857; x_wconf 79' lang='lat' dir='ltr'><strong><em>lnterroget</em></strong></span> <span class='ocrx_word' id='word_1_963' title='bbox 2604 4799 2730 4858; x_wconf 78' lang='lat' dir='ltr'><strong><em>ergo</em></strong></span> <span class='ocrx_word' id='word_1_964' title='bbox 2771 4789 2942 4858; x_wconf 79' lang='lat' dir='ltr'><strong><em>ipsum</em></strong></span> <span class='ocrx_word' id='word_1_965' title='bbox 2981 4798 3219 4845; x_wconf 83' lang='lat' dir='ltr'><strong><em>sanctum</em></strong></span> <span class='ocrx_word' id='word_1_966' title='bbox 3249 4791 3571 4868; x_wconf 84' lang='lat' dir='ltr'><strong><em>Cyprianum</em></strong></span> <span class='ocrx_word' id='word_1_967' title='bbox 3593 4837 3607 4858; x_wconf 88' lang='lat'><strong><em>,</em></strong></span> 
     </span>
    </p>
   </div>
   <div class='ocr_carea' id='block_1_110' title="bbox 2032 4877 3606 4948">
    <p class='ocr_par' dir='ltr' id='par_1_110' title="bbox 2032 4877 3606 4948">
     <span class='ocr_line' id='line_1_111' title="bbox 2032 4877 3606 4948; baseline 0.004 -17"><span class='ocrx_word' id='word_1_968' title='bbox 2032 4886 2088 4931; x_wconf 81' lang='lat' dir='ltr'><strong><em>ct</em></strong></span> <span class='ocrx_word' id='word_1_969' title='bbox 2123 4878 2301 4931; x_wconf 83' lang='lat' dir='ltr'><strong><em>audiat</em></strong></span> <span class='ocrx_word' id='word_1_970' title='bbox 2341 4878 2410 4932; x_wconf 83' lang='lat' dir='ltr'><strong><em>ab</em></strong></span> <span class='ocrx_word' id='word_1_971' title='bbox 2443 4891 2514 4932; x_wconf 84' lang='lat' dir='ltr'><strong><em>eo</em></strong></span> <span class='ocrx_word' id='word_1_972' title='bbox 2551 4891 2707 4948; x_wconf 84' lang='lat' dir='ltr'><strong><em>quam</em></strong></span> <span class='ocrx_word' id='word_1_973' title='bbox 2747 4877 2895 4932; x_wconf 82' lang='lat' dir='ltr'><strong><em>multi</em></strong></span> <span class='ocrx_word' id='word_1_974' title='bbox 2933 4878 3092 4933; x_wconf 75' lang='lat' dir='ltr'><strong><em>etiam</em></strong></span> <span class='ocrx_word' id='word_1_975' title='bbox 3133 4878 3276 4935; x_wconf 72' lang='lat' dir='ltr'><strong><em>intu’s</em></strong></span> <span class='ocrx_word' id='word_1_976' title='bbox 3313 4885 3606 4939; x_wconf 83' lang='lat' dir='ltr'><strong><em>secundum</em></strong></span> 
     </span>
    </p>
   </div>
   <div class='ocr_carea' id='block_1_111' title="bbox 2031 4968 3612 5038">
    <p class='ocr_par' dir='ltr' id='par_1_111' title="bbox 2031 4968 3612 5038">
     <span class='ocr_line' id='line_1_112' title="bbox 2031 4968 3612 5038; baseline 0.004 -17"><span class='ocrx_word' id='word_1_977' title='bbox 2031 4982 2192 5036; x_wconf 79' lang='lat' dir='ltr'><strong><em>Opera</em></strong></span> <span class='ocrx_word' id='word_1_978' title='bbox 2220 4968 2355 5021; x_wconf 83' lang='lat' dir='ltr'><strong><em>mala</em></strong></span> <span class='ocrx_word' id='word_1_979' title='bbox 2381 4968 2556 5023; x_wconf 83' lang='lat' dir='ltr'><strong><em>carnis</em></strong></span> <span class='ocrx_word' id='word_1_980' title='bbox 2580 4969 2778 5034; x_wconf 81' lang='lat' dir='ltr'><strong><em>vivunt,</em></strong></span> <span class='ocrx_word' id='word_1_981' title='bbox 2800 4983 2919 5038; x_wconf 71' lang='lat' dir='ltr'><strong><em>qua:</em></strong></span> <span class='ocrx_word' id='word_1_982' title='bbox 2938 4984 3057 5023; x_wconf 89' lang='lat' dir='ltr'><strong><em>cum</em></strong></span> <span class='ocrx_word' id='word_1_983' title='bbox 3081 4968 3373 5026; x_wconf 74' lang='lat' dir='ltr'><strong><em>bzrresibus</em></strong></span> <span class='ocrx_word' id='word_1_984' title='bbox 3393 4973 3612 5028; x_wconf 83' lang='lat' dir='ltr'><strong><em>danmat</em></strong></span> 
     </span>
    </p>
   </div>
   <div class='ocr_carea' id='block_1_112' title="bbox 2035 5060 3612 5134">
    <p class='ocr_par' dir='ltr' id='par_1_112' title="bbox 2035 5060 3612 5134">
     <span class='ocr_line' id='line_1_113' title="bbox 2035 5060 3612 5134; baseline 0.004 -20"><span class='ocrx_word' id='word_1_985' title='bbox 2035 5061 2318 5130; x_wconf 78' lang='lat' dir='ltr'><strong><em>Apostolus</em></strong></span> <span class='ocrx_word' id='word_1_986' title='bbox 2342 5099 2359 5128; x_wconf 85' lang='lat'><strong><em>,</em></strong></span> <span class='ocrx_word' id='word_1_987' title='bbox 2397 5067 2453 5115; x_wconf 90' lang='lat' dir='ltr'><strong><em>et</em></strong></span> <span class='ocrx_word' id='word_1_988' title='bbox 2489 5069 2664 5114; x_wconf 86' lang='lat' dir='ltr'><strong><em>tamen</em></strong></span> <span class='ocrx_word' id='word_1_989' title='bbox 2705 5060 2970 5130; x_wconf 80' lang='lat' dir='ltr'><strong><em>baptizant</em></strong></span> <span class='ocrx_word' id='word_1_990' title='bbox 3005 5070 3060 5117; x_wconf 88' lang='lat' dir='ltr'><strong><em>et</em></strong></span> <span class='ocrx_word' id='word_1_991' title='bbox 3098 5063 3455 5134; x_wconf 82' lang='lat' dir='ltr'><strong><em>baptizantur.</em></strong></span> <span class='ocrx_word' id='word_1_992' title='bbox 3505 5064 3612 5120; x_wconf 78' lang='lat' dir='ltr'><strong><em>Cur</em></strong></span> 
     </span>
    </p>
   </div>
   <div class='ocr_carea' id='block_1_113' title="bbox 2032 5153 3608 5225">
    <p class='ocr_par' dir='ltr' id='par_1_113' title="bbox 2032 5153 3608 5225">
     <span class='ocr_line' id='line_1_114' title="bbox 2032 5153 3608 5225; baseline 0.003 -17"><span class='ocrx_word' id='word_1_993' title='bbox 2032 5170 2160 5224; x_wconf 73' lang='lat' dir='ltr'><strong><em>ergo</em></strong></span> <span class='ocrx_word' id='word_1_994' title='bbox 2197 5155 2296 5208; x_wconf 85' lang='lat' dir='ltr'><strong><em>soli</em></strong></span> <span class='ocrx_word' id='word_1_995' title='bbox 2335 5153 2570 5208; x_wconf 72' lang='lat' dir='ltr'><strong><em>haeretici</em></strong></span> <span class='ocrx_word' id='word_1_996' title='bbox 2615 5153 2864 5208; x_wconf 88' lang='lat' dir='ltr'><strong><em>dicuntur</em></strong></span> <span class='ocrx_word' id='word_1_997' title='bbox 2901 5154 3225 5225; x_wconf 86' lang='lat' dir='ltr'><strong><em>Baptismum</em></strong></span> <span class='ocrx_word' id='word_1_998' title='bbox 3265 5157 3464 5213; x_wconf 78' lang='lat' dir='ltr'><strong><em>habere</em></strong></span> <span class='ocrx_word' id='word_1_999' title='bbox 3504 5175 3608 5212; x_wconf 83' lang='lat' dir='ltr'><strong><em>non</em></strong></span> 
     </span>
    </p>
   </div>
   <div class='ocr_carea' id='block_1_114' title="bbox 2036 5244 3470 5317">
    <p class='ocr_par' dir='ltr' id='par_1_114' title="bbox 2036 5244 3470 5317">
     <span class='ocr_line' id='line_1_115' title="bbox 2036 5244 3470 5317; baseline 0.001 -18"><span class='ocrx_word' id='word_1_1000' title='bbox 2036 5258 2216 5315; x_wconf 83' lang='lat' dir='ltr'><strong><em>posse,</em></strong></span> <span class='ocrx_word' id='word_1_1001' title='bbox 2245 5259 2402 5314; x_wconf 88' lang='lat' dir='ltr'><strong><em>quem</em></strong></span> <span class='ocrx_word' id='word_1_1002' title='bbox 2432 5244 2624 5299; x_wconf 83' lang='lat' dir='ltr'><strong><em>habent</em></strong></span> <span class='ocrx_word' id='word_1_1003' title='bbox 2652 5245 2780 5299; x_wconf 72' lang='lat' dir='ltr'><strong><em>stacii</em></strong></span> <span class='ocrx_word' id='word_1_1004' title='bbox 2811 5244 3166 5302; x_wconf 85' lang='lat' dir='ltr'><strong><em>damnationis</em></strong></span> <span class='ocrx_word' id='word_1_1005' title='bbox 3196 5249 3470 5317; x_wconf 81' lang='lat' dir='ltr'><strong><em>ipsorum?</em></strong></span> 
     </span>
    </p>
   </div>
   <div class='ocr_carea' id='block_1_115' title="bbox 2105 5334 3612 5395">
    <p class='ocr_par' dir='ltr' id='par_1_115' title="bbox 2105 5334 3612 5395">
     <span class='ocr_line' id='line_1_116' title="bbox 2105 5334 3612 5395; baseline 0.003 -5"><span class='ocrx_word' id='word_1_1006' title='bbox 2105 5334 2330 5391; x_wconf 75' lang='lat' dir='ltr'><strong><em>CAPUT</em></strong></span> <span class='ocrx_word' id='word_1_1007' title='bbox 2357 5335 2496 5390; x_wconf 76' lang='lat' dir='ltr'><strong><em>Xll‘l.</em></strong></span> <span class='ocrx_word' id='word_1_1008' title='bbox 2517 5335 2689 5391; x_wconf 71' lang='lat'><strong><em>--20.</em></strong></span> <span class='ocrx_word' id='word_1_1009' title='bbox 2720 5335 3000 5392; x_wconf 83' lang='lat' dir='ltr'><strong><em>Januarius</em></strong></span> <span class='ocrx_word' id='word_1_1010' title='bbox 3021 5352 3050 5392; x_wconf 86' lang='lat' dir='ltr'><strong><em>a</em></strong></span> <span class='ocrx_word' id='word_1_1011' title='bbox 3091 5337 3364 5394; x_wconf 69' lang='lat' dir='ltr'><strong><em>Lambazse</em></strong></span> <span class='ocrx_word' id='word_1_1012' title='bbox 3393 5340 3407 5370; x_wconf 75' lang='grc'>³</span> <span class='ocrx_word' id='word_1_1013' title='bbox 3439 5339 3570 5394; x_wconf 81' lang='lat' dir='ltr'><strong><em>dixit</em></strong></span> <span class='ocrx_word' id='word_1_1014' title='bbox 3599 5359 3612 5395; x_wconf 90' lang='lat'><strong>:</strong></span> 
     </span>
    </p>
   </div>
   <div class='ocr_carea' id='block_1_116' title="bbox 2038 5427 3613 5496">
    <p class='ocr_par' dir='ltr' id='par_1_116' title="bbox 2038 5427 3613 5496">
     <span class='ocr_line' id='line_1_117' title="bbox 2038 5427 3613 5496; baseline 0.003 -14"><span class='ocrx_word' id='word_1_1015' title='bbox 2038 5428 2328 5482; x_wconf 87' lang='lat' dir='ltr'><strong><em>Secundum</em></strong></span> <span class='ocrx_word' id='word_1_1016' title='bbox 2353 5427 2730 5496; x_wconf 86' lang='lat' dir='ltr'><strong><em>Scripturarum</em></strong></span> <span class='ocrx_word' id='word_1_1017' title='bbox 2753 5441 3038 5483; x_wconf 88' lang='lat' dir='ltr'><strong><em>sanctarum</em></strong></span> <span class='ocrx_word' id='word_1_1018' title='bbox 3072 5434 3414 5485; x_wconf 87' lang='lat' dir='ltr'><strong><em>auctoritatem</em></strong></span> <span class='ocrx_word' id='word_1_1019' title='bbox 3445 5434 3613 5487; x_wconf 83' lang='lat' dir='ltr'><strong><em>decer-</em></strong></span> 
     </span>
    </p>
   </div>
   <div class='ocr_carea' id='block_1_117' title="bbox 2036 5517 3611 5590">
    <p class='ocr_par' dir='ltr' id='par_1_117' title="bbox 2036 5517 3611 5590">
     <span class='ocr_line' id='line_1_118' title="bbox 2036 5517 3611 5590; baseline 0.005 -18"><span class='ocrx_word' id='word_1_1020' title='bbox 2036 5536 2101 5572; x_wconf 85' lang='lat' dir='ltr'><strong><em>no</em></strong></span> <span class='ocrx_word' id='word_1_1021' title='bbox 2145 5517 2402 5574; x_wconf 74' lang='lat' dir='ltr'><strong><em>hwreticos</em></strong></span> <span class='ocrx_word' id='word_1_1022' title='bbox 2443 5537 2612 5573; x_wconf 85' lang='lat' dir='ltr'><strong><em>omnes</em></strong></span> <span class='ocrx_word' id='word_1_1023' title='bbox 2649 5521 2975 5590; x_wconf 74' lang='lat' dir='ltr'><strong><em>baptizandus</em></strong></span> <span class='ocrx_word' id='word_1_1024' title='bbox 2999 5565 3013 5590; x_wconf 96' lang='lat'><strong><em>,</em></strong></span> <span class='ocrx_word' id='word_1_1025' title='bbox 3055 5534 3102 5576; x_wconf 90' lang='lat' dir='ltr'><strong><em>et</em></strong></span> <span class='ocrx_word' id='word_1_1026' title='bbox 3127 5523 3198 5576; x_wconf 91' lang='lat' dir='ltr'><strong><em>sic</em></strong></span> <span class='ocrx_word' id='word_1_1027' title='bbox 3240 5523 3293 5577; x_wconf 89' lang='lat' dir='ltr'><strong><em>in</em></strong></span> <span class='ocrx_word' id='word_1_1028' title='bbox 3335 5522 3611 5580; x_wconf 81' lang='lat' dir='ltr'><strong><em>Ecclesimn</em></strong></span> 
     </span>
    </p>
   </div>
   <div class='ocr_carea' id='block_1_118' title="bbox 2035 5610 2635 5666">
    <p class='ocr_par' dir='ltr' id='par_1_118' title="bbox 2035 5610 2635 5666">
     <span class='ocr_line' id='line_1_119' title="bbox 2035 5610 2635 5666; baseline 0.003 -2"><span class='ocrx_word' id='word_1_1029' title='bbox 2035 5621 2262 5664; x_wconf 86' lang='lat' dir='ltr'><strong><em>sanctam</em></strong></span> <span class='ocrx_word' id='word_1_1030' title='bbox 2289 5610 2635 5666; x_wconf 79' lang='lat' dir='ltr'><strong><em>adnu&#39;ttendes.</em></strong></span> 
     </span>
    </p>
   </div>
   <div class='ocr_carea' id='block_1_119' title="bbox 2103 5763 3613 5832">
    <p class='ocr_par' dir='ltr' id='par_1_119' title="bbox 2103 5763 3613 5832">
     <span class='ocr_line' id='line_1_120' title="bbox 2103 5763 3613 5832; baseline 0.007 -23"><span class='ocrx_word' id='word_1_1031' title='bbox 2103 5765 2118 5795; x_wconf 80' lang='grc' dir='ltr'>ί</span> <span class='ocrx_word' id='word_1_1032' title='bbox 2145 5771 2244 5832; x_wconf 59' lang='lat' dir='ltr'><strong><em>am.</em></strong></span> <span class='ocrx_word' id='word_1_1033' title='bbox 2269 5769 2344 5812; x_wconf 79' lang='lat' dir='ltr'><strong><em>Er.</em></strong></span> <span class='ocrx_word' id='word_1_1034' title='bbox 2365 5771 2416 5812; x_wconf 81' lang='lat' dir='ltr'><strong><em>et</em></strong></span> <span class='ocrx_word' id='word_1_1035' title='bbox 2435 5769 2567 5832; x_wconf 60' lang='lat' dir='ltr'><strong><em>tum.</em></strong></span> <span class='ocrx_word' id='word_1_1036' title='bbox 2593 5763 2830 5817; x_wconf 78' lang='lat' dir='ltr'><strong><em>tambcss.</em></strong></span> <span class='ocrx_word' id='word_1_1037' title='bbox 2860 5773 3064 5815; x_wconf 76' lang='lat' dir='ltr'><strong><em>Veteres</em></strong></span> <span class='ocrx_word' id='word_1_1038' title='bbox 3095 5770 3243 5819; x_wconf 83' lang='lat' dir='ltr'><strong><em>nostri</em></strong></span> <span class='ocrx_word' id='word_1_1039' title='bbox 3288 5777 3392 5820; x_wconf 69' lang='lat' dir='ltr'><strong><em>Mss.</em></strong></span> <span class='ocrx_word' id='word_1_1040' title='bbox 3417 5778 3468 5819; x_wconf 76' lang='lat' dir='ltr'><strong><em>ut</em></strong></span> <span class='ocrx_word' id='word_1_1041' title='bbox 3488 5770 3613 5832; x_wconf 69' lang='lat' dir='ltr'><strong><em>apud</em></strong></span> 
     </span>
    </p>
   </div>
   <div class='ocr_carea' id='block_1_120' title="bbox 2037 5827 2966 5887">
    <p class='ocr_par' dir='ltr' id='par_1_120' title="bbox 2037 5827 2966 5887">
     <span class='ocr_line' id='line_1_121' title="bbox 2037 5827 2966 5887; baseline 0 -16"><span class='ocrx_word' id='word_1_1042' title='bbox 2037 5828 2333 5887; x_wconf 50' lang='lat' dir='ltr'><strong><em>ant-ianum,</em></strong></span> <span class='ocrx_word' id='word_1_1043' title='bbox 2362 5827 2614 5874; x_wconf 73' lang='lat' dir='ltr'><strong><em>minbwse.</em></strong></span> <span class='ocrx_word' id='word_1_1044' title='bbox 2961 5855 2966 5862; x_wconf 84' lang='lat'><em>-</em></span> 
     </span>
    </p>
   </div>
  </div>
