4028 6202
381 320 509 374 ’307

477 434 539 488 2|
553 472 568 487 .
603 432 731 488 lluie
746 428 1125 501 respondetur:
1146 428 1447 483 Secundum
1463 429 1849 499 Scripturarnm
1874 443 1997 481 san-

409 540 613 580 ctarum
662 524 1031 578 auctoritatem
1072 521 1309 577 decrevit
1351 523 1631 576 concilium
1676 522 1996 575 eattmtieum

409 619 553 673 orbis
595 626 880 676 terrarum,
922 613 1081 668 etiam
1113 614 1166 668 in
1196 615 1462 668 lncreticis
1503 615 1772 668 inventum
1803 613 1996 666 Christi

408 709 732 777 Baptismum
759 719 864 760 non
888 720 1008 760 esse
1034 704 1460 775 improbandutn.
1486 703 1542 759 Si
1566 714 1744 759 autem
1774 712 1998 772 poneret

386 799 707 857 .testimouia
747 798 1169 869 Scripturarum,
1209 809 1302 853 aut
1339 806 1522 853 contra
1563 812 1661 853 nos
1697 813 1800 851 non
1838 799 1993 861 esse,

412 900 504 944 aut
530 891 689 945 etiam
720 905 815 959 pro
843 890 994 943 nobis
1010 904 1138 945 esse
1162 889 1652 945 demonstraremus
1677 907 1690 942 :
1713 889 1849 944 sicut
1874 904 1999 943 eocc

409 981 496 1050 qui
529 996 649 1036 cum
680 981 931 1050 sequitur.

482 1070 707 1126 CAPUT
747 1070 885 1124 XIV.
910 1100 980 1109 -η
1001 1068 1090 1123 9.2.
1126 1070 1317 1123 Lucius
1344 1085 1372 1123 a
1403 1069 1589 1125 Castra
1620 1069 1799 1124 Galba:
1828 1069 1995 1124 dixit:

386 1161 533 1213 ‘(Inm
574 1160 818 1213 Dominus
858 1161 909 1213 in
941 1159 1218 1232 Evangelia
1249 1177 1339 1214 suo
1364 1160 1566 1227 dixerit,
1598 1179 1616 1213 ι
1658 1160 1751 1215 Vos
1770 1162 1886 1214 estis
1920 1160 2002 1214 sal

406 1264 589 1316 terra;
622 1253 663 1305 si
692 1262 859 1304 mitem
888 1253 969 1305 sal
1000 1253 1303 1320 infamatum
1329 1253 1479 1321 fuerit
1505 1294 1519 1318 ,
1553 1252 1606 1305 id
1629 1252 1766 1319 quod
1792 1254 2001 1307 salietur

407 1359 468 1395 ea:
496 1359 553 1394 eo
575 1384 589 1408 ,
618 1341 686 1397 ad
716 1342 929 1395 nihilum
959 1341 1158 1409 ralebit,
1204 1342 1299 1395 nisi
1341 1351 1394 1395 ut
1434 1343 1736 1411 proficiatur
1775 1343 1915 1412 foras
1953 1351 1999 1397 et

408 1434 724 1488 conculcetur
738 1434 799 1487 ab
825 1434 1107 1487 hominibus
1126 1452 1144 1484 ι
1175 1433 1445 1505 (Mali/LV,
1472 1436 1585 1504 i3);
1611 1445 1658 1490 et
1684 1436 1863 1488 iterum
1885 1445 1997 1504 post

405 1528 809 1580 resurrectionem
840 1542 983 1579 suam
1006 1525 1203 1577 mittens
1223 1524 1626 1594 Apostolossaos
1667 1526 1995 1591 mandaverit,

406 1617 597 1683 dicens,
626 1614 789 1668 «Data
802 1624 874 1669 est
898 1615 1020 1668 mihi
1046 1615 1207 1673 munis
1232 1624 1447 1684 potestas
1467 1616 1519 1669 in
1543 1616 1667 1669 calo
1688 1626 1733 1669 et
1753 1617 1805 1668 in
1830 1624 1999 1681 terra;

405 1710 475 1761 ite
518 1724 657 1777 ergo,
703 1716 747 1761 et
765 1708 937 1760 docete
967 1723 1135 1761 omnes
1154 1716 1347 1777 gentes,
1379 1706 1689 1775 baptizantes
1717 1723 1800 1761 eos
1826 1706 1879 1760 in
1904 1723 2000 1759 no-

410 1802 544 1855 mine
570 1800 742 1854 Patris
763 1810 808 1853 et
843 1798 963 1853 Filii
985 1809 1030 1852 et
1062 1799 1291 1866 Spiritus
1317 1799 1478 1852 sancti
1501 1818 1519 1851 ι
1549 1796 1658 1869 (1d.
1685 1814 1874 1862 xxvnl,
1911 1799 2000 1864 18,

416 1894 506 1963 19)
529 1911 539 1944 :
556 1910 671 1946 cum
684 1908 800 1962 ergo
814 1892 1134 1961 manifestum
1147 1891 1208 1945 sit
1229 1890 1505 1956 haereticos,
1520 1892 1574 1944 id
1585 1892 1851 1957 est,ltostes
1863 1888 2005 1945 Chri-

411 1986 496 2048 sti,
530 2001 627 2036 non
657 1980 1232 2053 intrgramSacramenti
1267 1981 1627 2050 confessionem
1646 1980 1864 2035 habere:
1886 1982 2002 2035 item

406 2073 747 2128 schismaticos
774 2089 873 2125 non
903 2087 1050 2143 posse
1073 2071 1277 2125 condire
1301 2071 1547 2141 sapientia
1575 2070 1850 2140 spirituali,
1887 2086 2003 2123 cum

413 2167 511 2235 ipsi
537 2168 599 2219 ab
629 2164 881 2230 Ecclesia,
912 2179 1024 2233 qua:
1050 2180 1151 2217 una
1182 2173 1284 2229 est,
1312 2162 1589 2217 recedendo
1613 2163 1851 2232 infatuati
1875 2178 1999 2216 con-

415 2258 558 2310 trarii
583 2256 707 2323 [acti
726 2265 846 2321 sint;
866 2256 955 2323 ﬁat
984 2253 1110 2309 sicut
1138 2255 1382 2322 scriptum
1410 2262 1500 2317 est,
1528 2274 1546 2304 ι
1572 2250 1768 2307 Domus
1797 2262 2000 2305 contra-

415 2350 602 2401 riorttm
634 2344 756 2417 legis
786 2345 960 2399 debent
988 2346 1391 2399 emundationem
1419 2363 1435 2396 ι
1472 2342 1657 2413 (Prov.
1688 2359 1805 2409 Juv,
1834 2344 1999 2407 9,sec.

416 2437 582 2506 LXX)
624 2455 637 2491 :
672 2446 717 2490 et
746 2453 1052 2506 consequens
1081 2446 1154 2490 est
1191 2452 1274 2490 eos
1298 2436 1382 2505 qui
1410 2451 1443 2488 a
1471 2435 1737 2489 contrariis
1764 2435 2002 2504 baptizati

404 2529 663 2599 inquinati
688 2538 802 2581 sunt
829 2528 991 2597 primo
1017 2527 1246 2597 purgari,
1275 2536 1319 2580 et
1341 2536 1446 2580 tum
1470 2527 1670 2581 demum
1693 2526 1999 2597 baptizari‘.

483 2619 574 2673 25.
616 2617 809 2673 Lucius
846 2633 874 2669 a
915 2616 1104 2671 Ca-tro
1134 2616 1316 2673 Galba:
1350 2618 1370 2647 ²
1409 2632 1477 2671 ex
1511 2617 1799 2686 Evangelio
1828 2617 2005 2686 posuit

418 2710 797 2774 testimonium,
826 2706 1038 2760 dicente
1071 2707 1291 2761 Domino
1311 2747 1326 2772 ,
1370 2705 1467 2761 Vos
1495 2708 1609 2761 estis
1637 2708 1715 2761 sal
1744 2716 1889 2761 terra:
1910 2723 1930 2771 ;
1955 2706 2003 2773 si

408 2812 581 2853 autem
612 2798 690 2853 sal
719 2800 1027 2869 infamatum
1068 2798 1237 2868 fuerit,
1267 2798 1319 2850 id
1343 2800 1476 2867 quod
1500 2797 1709 2852 salietur
1738 2813 1801 2851 ea:
1829 2813 1906 2860 eo,
1936 2798 2004 2850 ad

416 2894 549 2948 nihil
572 2890 758 2947 ualebit
778 2935 792 2959 ,
826 2892 923 2946 nisi
952 2900 1005 2946 ut
1033 2892 1331 2963 proficiatur
1356 2891 1495 2960 foras
1524 2900 1569 2944 et
1598 2892 1915 2944 conculcetur
1939 2890 2000 2943 ab

418 2984 701 3037 hominibus
733 3000 751 3035 :
790 2984 938 3052 quasi
982 2998 1077 3036 nos
1115 2981 1357 3036 dicamus
1394 2981 1639 3037 homines
1678 2981 1821 3050 ipsos
1857 2979 2000 3035 foras

412 3074 678 3144 projectos
717 3074 912 3142 aliquid
949 3073 1145 3139 valere,
1183 3071 1264 3126 vel
1299 3071 1364 3125 ad
1396 3086 1543 3126 suam
1576 3072 1658 3126 vel
1683 3072 2001 3150 adaliorum

406 3166 651 3220 salutem.
699 3164 804 3219 Sed
838 3174 893 3218 et
920 3164 1009 3233 qui
1042 3164 1173 3217 tales
1200 3162 1446 3217 videntur
1474 3163 1617 3218 intus
1641 3204 1655 3226 ,
1690 3178 1794 3217 non
1820 3163 1994 3218 solum

402 3257 747 3327 spiritualiter
777 3255 906 3311 foris
936 3262 1079 3322 sunt,
1111 3254 1205 3309 sed
1233 3256 1391 3309 etiam
1426 3255 1775 3324 corporaliter
1804 3255 1857 3309 in
1891 3254 1997 3310 [ine

404 3352 809 3422 separabantur.
839 3350 1038 3405 Omnes
1064 3349 1205 3403 enim
1238 3348 1367 3403 tales
1392 3346 1457 3401 ad
1490 3347 1621 3402 nihil
1647 3346 1860 3413 valent,
1892 3362 1992 3403 nec

406 3444 527 3498 ideo
556 3452 731 3498 tamen
760 3450 1151 3496 sacramentum
1182 3439 1520 3511 Baptismatis
1545 3438 1686 3509 quod
1714 3439 1766 3494 in
1789 3439 1869 3493 eis
1890 3448 1993 3506 est,

408 3536 541 3590 nihil
580 3544 680 3590 est.
722 3532 855 3589 Nam
895 3541 949 3587 et
988 3532 1042 3586 in
1082 3531 1211 3601 ipsis
1249 3531 1337 3601 qui
1379 3530 1725 3600 projiciuntur
1755 3530 1920 3598 l'oras,
1952 3530 1999 3585 si

407 3627 724 3697 resipiscam
747 3634 803 3680 et
826 3623 1067 3690 redeant,
1095 3622 1235 3677 salus
1261 3621 1339 3677 eis
1365 3636 1483 3690 qua:
1507 3629 1805 3676 recesserat
1826 3620 1997 3676 redit:

406 3721 674 3791 Baptisma
704 3733 832 3773 vero
859 3716 978 3787 quia
1007 3731 1111 3769 non
1139 3722 1432 3770 recesserat
1458 3730 1562 3768 non
1588 3712 1748 3768 redit.
1777 3713 1843 3767 Et
1867 3711 1998 3767 illud

404 3811 548 3883 quod
577 3810 652 3865 ait
683 3810 958 3870 Dominus,
994 3805 1022 3860 Ι
1031 3817 1077 3861 te
1100 3822 1239 3877 ergo,
1268 3817 1314 3859 et
1338 3806 1507 3859 docete
1531 3813 1720 3875 gentes,
1746 3804 2001 3875 baptizan-

409 3914 480 3956 tes
510 3919 592 3956 eos
623 3901 675 3955 in
703 3900 904 3954 nomine
932 3896 1103 3951 Patris
1128 3906 1173 3951 et
1198 3895 1324 3950 Filii
1352 3906 1397 3949 ct
1427 3896 1650 3966 Spiritus
1678 3896 1859 3959 sancti,
1892 3911 1997 3952 non

407 3993 646 4063 permisit
674 3992 942 4063 baptizare
968 3990 1066 4045 nisi
1094 3989 1261 4043 bonos
1287 4005 1299 4039 :
1325 3986 1442 4056 quia
1467 3987 1618 4040 malis
1642 4002 1747 4042 non
1773 3987 1994 4051 diceret,

408 4087 467 4141 Si
497 4085 575 4139 cui
605 4083 895 4139 dimiseritis
935 4091 1158 4153 peccata,
1191 4079 1503 4132 dimitteutur
1533 4078 1614 4141 ei;
1644 4079 1687 4131 si
1713 4079 1795 4131 cui
1826 4088 1998 4132 tenue-

414 4178 523 4230 ritis
544 4217 559 4242 ,
590 4174 889 4230 tenebuntur
915 4171 1091 4242 (Joan.
1122 4158 1189 4222 x'x
1212 4208 1224 4231 ,
1252 4168 1367 4238 25).
1396 4166 1675 4233 Quomodo
1700 4182 1827 4237 ergo
1856 4168 2000 4222 intus

409 4267 677 4336 baptizant
716 4266 879 4329 mali,
910 4263 999 4332 qui
1039 4260 1304 4315 dimittere
1337 4268 1555 4328 peccata
1595 4274 1698 4314 non
1729 4262 1997 4328 possunt?

408 4353 689 4423 Quomodo
728 4353 886 4408 etiam
930 4350 1198 4421 baptizant
1237 4349 1403 4403 malos
1439 4365 1543 4403 non
1581 4357 1831 4416 mutatos,
1862 4364 1996 4419 quo-

410 4463 527 4504 rum
560 4454 772 4515 peccata
803 4441 976 4497 adhuc
1003 4456 1162 4510 super
1190 4455 1284 4495 eos
1310 4448 1452 4506 sunt,
1484 4440 1623 4495 sicut
1650 4438 1883 4494 Joannes
1911 4439 1995 4495 di-

410 4538 503 4603 cit,
541 4535 640 4604 Qui
668 4532 771 4589 odit
797 4536 1004 4604 fratrem
1030 4547 1197 4597 suum,
1227 4530 1279 4583 in
1308 4528 1520 4583 tenebris
1548 4539 1618 4584 est
1648 4545 1800 4599 usque
1828 4528 1998 4582 adhuc

411 4629 429 4694 (
456 4627 475 4683 I
504 4625 661 4682 Joan.
694 4642 728 4680 ιι
754 4666 769 4691 ,
798 4622 917 4696 9)?
947 4622 1000 4678 Si
1030 4630 1204 4677 autem
1236 4630 1359 4676 tunc
1385 4619 1724 4676 dimittuntur
1747 4662 1760 4684 ,
1791 4637 1913 4675 cum
1938 4635 1998 4677 se

413 4719 566 4776 bonis
608 4726 664 4774 et
705 4716 883 4787 justis,
928 4731 1023 4787 per
1066 4729 1199 4785 quos
1246 4713 1299 4768 in
1343 4711 1583 4769 Ecclesia
1627 4711 1991 4780 dimittuntur,

411 4809 651 4881 quainvis
677 4823 709 4863 τι
738 4806 890 4863 malis
920 4805 1165 4875 baptizati
1196 4806 1336 4869 sint,
1370 4803 1553 4858 intima
1584 4802 1841 4859 cbaritatc
1869 4819 1998 4859 con-

409 4901 677 4971 jungunt;
722 4898 800 4953 sic
838 4906 892 4952 et
931 4896 1034 4950 illis
1073 4894 1162 4966 qui
1205 4893 1506 4951 forinsecus
1543 4895 1796 4959 veniunt,
1839 4903 1893 4949 et
1929 4893 1995 4949 ad

410 4993 655 5049 eamdem
697 4989 1063 5061 compaginem
1104 4988 1342 5057 corporis
1370 4985 1565 5041 Christi
1589 5028 1603 5053 ,
1637 4985 1847 5041 interno
1878 4985 1994 5040 vin-

410 5086 530 5139 culo
559 5083 700 5155 pacis
722 5081 1011 5145 accedunt;
1038 5080 1338 5149 Baptismus
1365 5088 1538 5133 tamen
1554 5078 1750 5132 Christi
1771 5079 1820 5130 in
1841 5079 1999 5131 utris-

418 5196 522 5249 que
569 5173 959 5247 agnoscendus,
989 5183 1043 5228 et
1070 5173 1121 5226 in
1154 5172 1312 5227 nullis
1339 5169 1719 5241 improbandus
1745 5181 1856 5233 est;
1886 5170 1997 5224 sive

409 5283 691 5341 antequam
718 5274 1115 5329 convertantur,
1144 5265 1385 5336 quamvis
1410 5264 1487 5318 eis
1515 5263 1645 5317 nihil
1674 5262 1858 5332 prosit,
1884 5262 1996 5317 sive

410 5380 527 5415 eum
575 5368 979 5425 convertuntur,
1021 5366 1077 5411 ut
1118 5356 1317 5426 prosit,
1366 5353 1492 5410 Cum
1530 5354 1628 5425 ipsi
1665 5354 1727 5406 ab
1772 5352 1997 5405 Ecclesia

416 5470 525 5522 qur
553 5472 655 5507 una
684 5462 784 5517 est,
818 5450 1006 5520 inquit,
1038 5446 1312 5501 recedetde
1341 5446 1579 5517 infatuati
1606 5445 1846 5499 contrarii
1876 5444 1996 5514 facti

478 5608 492 5637 ί
522 5606 603 5654 Itic
625 5608 807 5669 adjecta
856 5604 996 5653 fuere
1030 5604 1077 5651 in
1118 5602 1291 5669 Erasini
1314 5600 1529 5669 editione
1554 5606 1605 5648 et
1647 5598 1997 5669 posterioribus

414 5664 550 5716 libris
568 5663 716 5715 verba
740 5670 884 5725 Lucii,
910 5678 1019 5726 quae
1058 5671 1173 5713 ante
1214 5665 1418 5711 aberant
1446 5663 1630 5726 atram.
1660 5668 1711 5709 et
1736 5669 1839 5709 Mss.

477 5728 498 5759 ι
523 5736 622 5789 Am.
647 5734 721 5773 Er.
750 5736 799 5775 et
823 5722 1015 5789 septem
1038 5732 1163 5787 Mss,
1188 5738 1218 5775 a
1241 5730 1409 5775 castra
1432 5722 1597 5774 Galba.
1615 5732 1761 5774 vetus
1779 5731 1857 5771 λὶς.
1881 5730 1993 5771 Cor-

416 5786 655 5843 beiensis,
675 5800 702 5835 a
726 5786 895 5837 (‘astrti
914 5786 1095 5838 Gallae.

1152 316 1237 371 DE
1279 315 1619 371 B.\l'TIS.\IO
1658 313 1932 370 CONTRA
1958 314 2427 383 DONATISTAS,
2469 316 2523 370 S.
2570 315 2934 372 AL'GL'STINI

3584 320 3689 375 903

2111 429 2239 497 sint;
2251 433 2341 501 fiat
2371 432 2499 484 sicut
2520 430 2761 500 scriptum
2788 442 2877 491 est,
2901 451 2917 481 ι
2953 430 3140 483 Domus
3172 432 3537 486 contrariorum
3567 434 3690 505 legis

2107 520 2281 575 debent
2306 521 2727 575 emundationem.
2745 541 2762 572 ι
2791 519 2855 573 Et
2875 538 3182 590 consequens
3207 522 3583 592 est,inquit,eos
3603 527 3689 595 qui

2105 627 2136 663 rt
2163 612 2431 665 contrariis
2460 612 2720 676 baptizati,
2751 612 2997 678 inquinati
3022 622 3157 678 sunt,
3191 615 3354 682 primo
3381 618 3611 684 purgari,
3643 627 3691 671 et

2049 744 2055 750 .
2104 711 2150 753 et
2181 710 2296 754 tunc
2322 702 2520 754 demum
2546 700 2809 767 baptizari.
2838 701 2973 767 Quid
3002 718 3148 771 ergo,
3179 707 3421 772 raptores
3446 715 3499 759 et
3525 706 3695 760 homi-

2104 791 2237 846 cidze
2279 809 2382 847 non
2424 802 2549 848 sunt
2576 794 2828 847 contrarii
2868 795 3001 863 legis
3030 795 3275 863 dicentis,
3322 795 3441 850 Non
3472 799 3696 853 occides.

2104 898 2203 936 non
2233 883 2481 952 furaberis
2511 881 2705 954 (Exod.
2737 900 2827 949 xx,
2861 885 2947 946 i3,
2980 883 3111 955 i5)?
3140 884 3329 939 Debent
3353 902 3479 957 ergo
3511 904 3699 941 emun-

2103 973 2356 1026 dationem
2390 989 2411 1027 :
2444 974 2561 1043 quis
2589 972 2690 1027 hoc
2720 976 3028 1044 negaverit?
3070 976 3135 1029 Et
3175 986 3348 1031 tamen
3382 995 3484 1031 non
3517 982 3697 1034 solum

2102 1064 2420 1136 quicumque
2448 1082 2478 1120 ιι
2506 1066 2699 1121 talibus
2728 1067 2868 1122 intus
2896 1067 3228 1139 baptizantur
3251 1111 3264 1134 ,
3292 1072 3386 1126 sed
3412 1073 3569 1126 etiam
3600 1076 3691 1145 qui

2106 1156 2236 1211 tales
2268 1172 2372 1211 non
2409 1159 2595 1212 mutati
2624 1158 2980 1227 baptizantur,
3022 1161 3263 1230 quamvis
3295 1161 3469 1216 adhuc
3502 1179 3692 1233 purga-

2105 1248 2301 1302 tionem
2328 1248 2559 1304 debcant
2583 1259 2644 1304 ut
2669 1260 2938 1305 mutentur
2957 1293 2971 1315 ,
2995 1268 3099 1306 non
3124 1262 3297 1307 tamen
3323 1258 3549 1324 amplius
3570 1273 3689 1312 cum

2104 1340 2287 1413 mutati
2319 1339 2513 1413 l‘ucrint
2540 1340 2889 1409 baptizantur.
2919 1342 3084 1396 Tanta
3109 1345 3188 1398 vis
3209 1354 3289 1398 est
3313 1345 3362 1398 in
3388 1361 3690 1401 sacramen-

2109 1436 2162 1482 to
2193 1429 2447 1500 simplicis
2480 1431 2733 1501 Baptismi
2760 1475 2775 1499 ,
2806 1443 2863 1487 nt
2900 1448 3020 1487 eum
3052 1432 3308 1488 fateamur
3336 1437 3563 1506 aliquem
3596 1440 3689 1492 ha-

2106 1521 2356 1590 ptizatum
2400 1532 2455 1577 et
2493 1523 2665 1578 adhuc
2696 1525 2833 1579 male
2869 1525 3130 1579 viventem
3172 1525 3368 1582 debere
3407 1531 3645 1583 nzuudari
3672 1570 3687 1595 ,

2103 1620 2342 1667 vetemus
2371 1623 2545 1668 tamen
2575 1614 2795 1669 ulterius
2821 1614 3100 1684 baptizari.

2180 1703 2405 1759 CAPUT
2437 1703 2550 1761 XV.
2568 1704 2739 1759 ~24.
2771 1703 3030 1761 Crescens
3056 1721 3085 1761 a
3106 1704 3245 1761 Cirta
3272 1706 3404 1760 dixit
3429 1726 3440 1761 :
3467 1707 3529 1761 In
3552 1719 3692 1764 tanto

2105 1802 2231 1846 caztu
2271 1794 2699 1847 sanctissimorum
2738 1796 3150 1849 consacertlotum
3194 1798 3332 1851 lectis
3372 1800 3555 1851 litteris
3591 1800 3693 1871 Cy-

2106 1887 2272 1954 pridni
2313 1886 2625 1941 dilectissimi
2670 1889 2825 1941 nostri
2869 1888 2937 1940 ad
2977 1876 3333 1953 Jubaianum;
3373 1891 3587 1961 itemque
3623 1894 3692 1946 ad

2106 1976 2445 2047 Stephanum,
2474 1995 2585 2047 qua:
2613 1988 2807 2032 tantum
2837 1978 2888 2031 in
2920 1996 2973 2033 se
3001 1982 3430 2033 sanctissimornm
3458 1998 3518 2034 ex
3549 1982 3693 2037 Scri-

2105 2070 2266 2139 pturis
2296 2070 2488 2140 dei/icis
2512 2070 2919 2126 descendentium
2948 2072 3342 2125 testimoniorum
3369 2073 3384 2103 ¹
3408 2075 3687 2141 continent,

2105 2172 2158 2214 ut
2200 2163 2376 2217 merito
2424 2181 2595 2219 omnes
2638 2182 2727 2235 per
2766 2164 2862 2219 Dei
2898 2166 3115 2236 gratiam
3159 2165 3370 2218 adunati
3415 2175 3693 2222 consentire

2102 2252 2369 2308 debeamus
2392 2270 2410 2308 :
2430 2272 2605 2309 censeo
2630 2272 2720 2325 ego
2736 2272 2907 2311 omnes
2928 2256 3184 2310 Inersticos
3200 2261 3300 2311 sive
3321 2258 3687 2325 scltismaticos,

2104 2348 2189 2417 qui
2214 2348 2282 2400 ad
2306 2348 2605 2402 catholicam
2632 2345 2913 2402 Ecclesium
2938 2344 3105 2402 venire
3131 2350 3375 2404 voluerint
3393 2391 3409 2416 ,
3442 2366 3542 2403 non
3575 2360 3693 2404 ante

2104 2437 2301 2508 ingredi
2344 2438 2441 2491 nisi
2476 2440 2745 2492 exorcizati
2776 2449 2822 2492 et
2853 2440 3090 2508 baptizati
3122 2440 3343 2509 fuerint;
3372 2443 3589 2511 exceptis
3615 2443 3691 2495 his

2105 2545 2226 2582 sane
2251 2530 2337 2601 qui
2359 2532 2412 2583 in
2443 2528 2667 2583 Ecclesia
2697 2530 2946 2593 catholica
2977 2530 3163 2599 fuerim
3193 2542 3309 2585 ante
3332 2532 3592 2599 baptismi,
3623 2535 3692 2585 ita

2107 2630 2275 2673 tanien
2309 2630 2364 2673 ut
2404 2637 2493 2690 per
2531 2637 2710 2674 manus
2747 2621 3117 2691 impositionem
3143 2621 3193 2675 in
3224 2623 3562 2691 penitentiam
3592 2623 3692 2676 Ec-

2104 2710 2274 2765 clesia
2295 2712 2699 2765 reconcilientur.

2181 2800 2272 2879 ‘25.
2314 2801 2410 2856 llic
2446 2802 2794 2857 admonemur
2836 2803 3027 2859 iterum
3058 2818 3317 2874 quirere,
3354 2821 3449 2859 cur
3476 2805 3689 2868 dixerit,

2104 2897 2323 2967 exceptis
2360 2897 2440 2951 Itis
2470 2914 2591 2952 sane
2625 2899 2712 2969 qui
2745 2899 2798 2951 in
2833 2898 3063 2953 Ecclesia
3090 2901 3340 2954 catholica
3369 2902 3551 2970 fuerint
3578 2914 3693 2955 ante

2104 2990 2365 3058 baptizati.
2412 2991 2494 3044 An
2521 2991 2642 3059 quia
2681 3007 2787 3045 non
2817 2992 3103 3047 amiserant
3132 2994 3272 3062 quod
3305 2995 3446 3050 intus
3474 3010 3692 3063 accepe-

2074 3084 2263 3136 rant?
2298 3082 2439 3153 Ergo
2478 3082 2617 3152 quod
2658 3083 2855 3140 habere
2891 3083 3022 3140 foris
3060 3096 3325 3155 poterant,
3366 3102 3464 3141 cur
3504 3102 3607 3141 non
3636 3098 3691 3142 et

2106 3173 2316 3229 tradere
2356 3175 2641 3244 poterant?
2677 3177 2762 3231 An
2791 3176 2973 3234 illicite
3008 3178 3135 3232 foris
3166 3179 3433 3233 traditur?
3460 3180 3563 3237 Sed
3596 3196 3691 3234 nc-

2103 3283 2209 3337 que
2239 3267 2383 3322 Iicite
2407 3267 2535 3323 t‘oris
2558 3268 2870 3334 habetur,et
2901 3279 3076 3325 tamen
3109 3271 3333 3325 habetur
3362 3289 3375 3323 :
3405 3272 3484 3326 sic
3511 3271 3692 3325 illicite

2104 3359 2233 3413 loris
2267 3360 2422 3414 datur
2443 3402 2458 3426 ,
2500 3360 2595 3415 sed
2628 3369 2801 3415 tamen
2829 3360 3002 3415 datur.
3029 3360 3178 3429 Quod
3206 3371 3379 3416 autem
3408 3371 3692 3431 praestatur

2104 3449 2349 3505 redeunti
2390 3452 2481 3521 qui
2519 3452 2663 3505 intus
2687 3461 2985 3521 acceperat,
3018 3452 3117 3507 hoc
3149 3460 3432 3521 praestatur
3460 3453 3690 3508 venienti

2103 3542 2195 3611 qui
2235 3542 2364 3595 foris
2401 3552 2713 3611 acceperat;
2754 3542 2806 3597 id
2846 3551 2961 3607 est,
3005 3551 3061 3597 ut
3099 3544 3241 3597 licite
3279 3544 3424 3599 intus
3464 3545 3688 3608 habeat.

2104 3631 2242 3701 quod
2269 3631 2449 3686 illicito
2468 3630 2595 3686 loris
2616 3631 2861 3687 habebat.
2884 3632 2989 3687 Sed
3011 3633 3202 3701 aliquis
3221 3633 3436 3688 forsitan
3461 3647 3689 3703 quaerat,

2102 3723 2228 3793 quid
2256 3722 2325 3779 de
2347 3722 2447 3778 hac
2470 3737 2529 3778 re
2548 3726 2568 3755 ³
2590 3722 2731 3778 beati
2755 3721 3004 3794 Cypriani
3028 3724 3249 3793 epistola
3270 3724 3334 3778 ad
3356 3723 3691 3794 Stephanum

2102 3815 2330 3881 dixerit,
2371 3814 2523 3885 cujus
2558 3814 2610 3868 in
2652 3814 2751 3869 hac
2784 3815 3043 3870 sententia
3078 3818 3517 3872 commemoratio
3553 3818 3689 3873 facta

2104 3916 2187 3962 est
2206 3948 2220 3969 .
2259 3922 2379 3961 cum
2420 3907 2472 3963 in
2511 3906 2731 3961 exordio
2757 3906 2967 3961 concilii
2996 3921 3101 3961 non
3132 3908 3200 3961 sit
3225 3918 3644 3964 commemorata
3668 3950 3687 3976 ,

2102 3996 2264 4053 credo
2291 3998 2413 4067 quia
2443 4012 2548 4051 non
2579 4005 2815 4065 putatum
2846 4005 2931 4053 est
2958 3998 3337 4053 necessarium.
3367 3998 3498 4053 Nam
3527 4009 3583 4054 et
3611 4001 3689 4070 ip-

2102 4103 2216 4143 sam
2262 4089 2312 4141 in
2355 4087 2456 4142 isto
2497 4097 2640 4144 cwtu
2668 4086 3109 4142 consacerdotum
3142 4088 3334 4142 lectam
3362 4102 3484 4143 esse
3509 4088 3641 4144 dixit
3671 4108 3687 4145 :

2102 4177 2245 4249 quod
2271 4177 2469 4232 factum
2489 4176 2709 4232 omnino
2732 4193 2836 4231 non
2860 4177 3061 4240 dubito,
3085 4186 3339 4246 qitantum
3360 4174 3607 4241 arbitror,
3632 4189 3688 4233 ut

2104 4269 2218 4323 ﬁeri
2246 4267 2401 4334 solet,
2428 4283 2532 4337 quo
2562 4275 2778 4336 possent
2800 4267 2909 4335 jam
2938 4268 3242 4336 congregati
3268 4268 3501 4337 episcopi
3524 4268 3687 4325 etiam

2102 4359 2170 4415 de
2208 4360 2296 4414 illa
2334 4373 2492 4412 causa
2526 4357 2686 4411 simul
2715 4356 2909 4426 aliquid
2937 4373 3280 4426 cognoscere,
3308 4375 3429 4429 qua:
3459 4359 3544 4413 illa
3568 4359 3684 4428 epi-

2102 4450 2238 4504 stola
2276 4449 2600 4503 eontiuetur.
2638 4445 2771 4501 Nam
2812 4461 3032 4517 prorsus
3065 4447 3130 4501 ad
3165 4449 3515 4517 quwstionem
3546 4465 3682 4518 prae-

2102 4550 2308 4596 sentem
2350 4553 2459 4593 non
2499 4536 2765 4607 pertinet;
2809 4545 2863 4591 et
2906 4536 3073 4607 magis
3108 4538 3274 4592 miror
3309 4553 3395 4593 cut
3437 4553 3554 4593 ezun
3587 4539 3686 4592 iste

2102 4646 2523 4707 commemorare
2552 4630 2813 4697 voluerit,
2846 4646 3002 4700 quam
3029 4645 3123 4684 cur
3150 4630 3200 4683 in
3229 4629 3452 4685 exordio
3476 4629 3683 4693 concilii

2102 4724 2538 4783 commemoratio
2578 4724 2694 4791 ejus
2732 4722 3088 4792 praetermissa
3128 4722 3217 4777 sit.
3258 4721 3409 4789 Quod
3456 4723 3500 4775 si
3540 4721 3686 4790 quis-

2103 4833 2262 4888 quam
2292 4816 2581 4873 arbitratur
2605 4830 2691 4871 me
2718 4812 2913 4883 aliquid
2941 4813 3177 4868 noluisse
3205 4813 3256 4866 in
3297 4812 3525 4867 medium
3560 4827 3682 4881 pro-

2104 4912 2242 4965 ferre
2261 4950 2277 4975 ,
2305 4908 2447 4979 quod
2474 4908 2526 4961 in
2557 4922 2619 4961 ea
2647 4906 2874 4975 positum
2902 4914 2983 4959 est
3006 4904 3256 4973 pra-senti
3287 4918 3463 4957 causa:
3495 4917 3683 4956 neces-

2101 5001 2324 5067 sarium,
2352 4999 2492 5069 legat
2516 5012 2633 5052 eam
2660 5006 2713 5050 et
2738 4995 2871 5050 sciat
2897 5009 3079 5049 verum
3108 5008 3229 5048 esse
3254 4993 3392 5063 quod
3419 4992 3535 5046 dico
3560 5010 3574 5046 :
3597 5001 3684 5047 aut

2100 5094 2146 5147 si
2177 5092 2317 5146 aliud
2356 5090 2618 5146 invenerit
2640 5129 2654 5153 ,
2682 5087 2986 5157 redargnat.
3018 5087 3244 5141 Prorsus
3273 5088 3412 5139 enim
3449 5085 3538 5138 illa
3570 5086 3683 5153 epi-

2102 5184 2236 5237 stola
2274 5182 2339 5237 de
2381 5181 2649 5250 Baptismo
2689 5178 2827 5247 apud
2868 5177 3145 5231 lueretieos
3187 5176 3273 5229 vel
3318 5175 3685 5237 schismaticos

2102 5274 2247 5341 dato,
2282 5274 2417 5329 unde
2446 5288 2586 5327 nunc
2613 5272 2839 5341 agimus,
2870 5271 2997 5325 nihil
3027 5270 3186 5324 habet
3211 5268 3307 5339 (a).

2168 5470 2510 5530 'Antiquiores
2556 5474 2661 5515 Mss.
2688 5468 2930 5530 omittunt,
2968 5463 3357 5530 descendentium
3401 5462 3688 5513 testimonio-

2102 5545 2228 5582 rum.
2251 5527 2417 5580 t'lures
2434 5530 2513 5578 alii
2532 5530 2729 5584 habent.
2748 5527 3153 5587 testimoniorum;
3176 5527 3265 5575 sed
3288 5540 3397 5575 cum
3421 5535 3518 5572 Am.
3544 5532 3595 5573 et
3611 5532 3684 5572 Fr.

2101 5602 2269 5656 carth
2288 5595 2455 5640 verbo.
2480 5590 2927 5656 descendentitmt-_
3009 5655 3014 5656 ν
3150 5651 3158 5656 _
3507 5645 3536 5656 ..
3636 5644 3649 5656 .

2167 5659 2186 5688 ι
2210 5655 2396 5717 Aliquot
2416 5660 2547 5709 Mss,
2574 5652 2741 5717 dahae
2772 5664 2824 5700 re
2848 5649 3045 5709 habent;
3068 5651 3244 5717 omisso
3269 5656 3454 5709 postea,
3483 5648 3685 5717 dixerit.

2105 5719 2189 5767 Alii
2226 5708 2329 5763 Mss.
2374 5708 2600 5767 neutrum
2645 5714 2826 5761 habent
2864 5726 3026 5769 ἠως,
3069 5708 3279 5769 habeat,’
3317 5725 3439 5765 nec,
3482 5708 3684 5769 diceris.

2169 5780 2240 5840 (a)
2264 5786 2374 5825 Duze
2397 5785 2585 5827 exuant
2608 5773 2821 5838 Cypriani
2844 5774 2899 5823 ad
2925 5767 3214 5838 stepltamnn
3242 5767 3287 5833 (ιι
3307 5768 3457 5820 ἱδιοιιρ
3488 5785 3498 5817 :
3530 5767 3684 5818 altera
