4028 6202
298 395 402 452 209

326 497 337 508 ’
367 506 592 564 (ᾺΡΙΞΤ
619 501 760 561 XVI.
782 533 854 542 —
871 501 962 556 26.
986 496 1300 554 Nicomedes
1324 511 1351 546 a
1381 491 1648 563 Segermis
1673 493 1688 520 ¹
1711 487 1844 543 dixit
1869 505 1882 540 :

300 601 415 656 Mea
454 598 701 653 sententia
741 604 812 648 est
835 636 851 662 ,
893 603 946 646 ut
981 589 1202 644 lueretici
1240 588 1308 640 ad
1336 583 1613 639 Ecclesium
1644 581 1891 634 venientes

297 694 611 763 baptizentnr
629 708 647 753 ;
676 705 733 741 eo
764 685 898 756 quod
943 683 1140 737 nullam
1169 682 1292 753 [oris
1324 677 1463 752 apud
1493 685 1775 748 peccatores
1806 689 1888 726 rc-

297 784 586 837 missionem
620 789 935 850 peccatorum
967 782 1354 842 consequantur.

367 875 454 929 ΞΠ.
490 872 584 926 Ctti
624 867 1012 940 respondetur:
1037 864 1308 920 Uuiversm
1336 858 1588 914 Ecclesia)
1615 855 1891 910 catholica:

295 968 560 1022 sententia
592 965 706 1017 ha-c
733 969 832 1019 est,
864 968 919 1011 ιιι
948 955 1178 1011 hmretici
1208 952 1450 1024 quamvis
1477 951 1530 1003 in
1561 947 1751 1003 Ita-rcsi
1775 946 1886 1016 jam

295 1060 490 1113 Christi
544 1056 816 1124 Baptismo
867 1049 1114 1119 baptizati
1164 1047 1230 1101 ad
1278 1044 1568 1100 Ecclesium
1613 1041 1889 1095 venientes

297 1168 400 1207 neu
443 1148 801 1218 baptizenlur.
841 1143 896 1199 Si
925 1142 1066 1197 enim
1109 1137 1250 1193 nulla
1289 1145 1370 1193 est
1407 1135 1545 1206 apud
1581 1137 1890 1203 peccatores

297 1241 545 1298 remissio
585 1247 923 1309 peccatorum
948 1276 962 1300 ,
1003 1247 1105 1288 nec
1141 1231 1284 1285 intus
1323 1234 1636 1300 peccatores
1676 1231 1890 1293 peccata

296 1334 572 1387 dimittunt
598 1347 612 1385 :
637 1339 691 1386 et
727 1338 906 1383 tamen
941 1324 1009 1380 ab
1037 1323 1115 1380 eis
1143 1317 1393 1392 baptizati
1422 1333 1529 1372 non
1554 1315 1890 1384 rebaptizan-

300 1434 404 1478 tur.

368 1512 596 1568 CAPUT
635 1507 801 1565 XVII.
823 1538 893 1548 —
912 1506 984 1562 28
1031 1501 1317 1560 Monnulus
1344 1516 1374 1556 a
1400 1499 1562 1556 Girba
1588 1497 1721 1552 dixit
1747 1514 1760 1549 :
1787 1494 1891 1549 Ec-

302 1605 466 1660 clesia:
490 1601 754 1657 catholica!
779 1599 954 1654 matris
978 1606 1162 1652 nostra:
1186 1594 1366 1649 veritas
1387 1591 1530 1662 apud
1552 1605 1663 1655 nos,
1689 1591 1891 1658 fratres,

297 1707 496 1759 semper
525 1687 710 1740 mansit
733 1695 778 1740 et
809 1692 995 1750 manet,
1025 1679 1347 1735 vel‘maxime
1373 1677 1428 1730 in
1457 1673 1706 1745 Baptismi
1734 1671 1895 1726 Trini-

303 1794 404 1836 tute
423 1826 436 1847 ,
485 1782 700 1835 Domino
734 1787 911 1832 nostro
948 1776 1142 1828 dicente
1160 1814 1175 1839 ,
1195 1791 1216 1825 ι
1241 1770 1321 1826 Ite
1340 1811 1355 1836 ,
1375 1768 1625 1839 baptizate
1647 1776 1814 1836 gentes
1841 1763 1894 1816 in

301 1875 502 1927 nomine
531 1870 700 1925 Patris
718 1878 762 1924 et
795 1867 916 1922 Filii
939 1875 986 1920 et
1013 1861 1410 1934 Spiritussancti
1436 1879 1454 1912 ι
1482 1856 1893 1930 (ΜαιιΙι.χηιιι,

304 1965 413 2033 I9).
442 1962 570 2018 Cum
601 1977 718 2032 ergo
745 1959 1028 2030 manifesto,
1057 1954 1246 2024 inquit,
1271 1953 1494 2006 sciamus
1515 1946 1773 2002 Iurreticos
1795 1961 1894 1998 non

304 2055 482 2108 habere
508 2070 596 2106 nec
631 2052 853 2112 Patrem,
884 2035 974 2102 nec
1005 2045 1217 2111 Filium,
1247 2059 1337 2096 nec
1363 2041 1615 2112 Spiritum
1641 2045 1894 2099 sanctum,

305 2144 480 2198 debent
504 2142 749 2196 venientes
780 2137 847 2191 ad
882 2137 1160 2191 Ecclesium
1191 2141 1399 2185 matrem
1426 2137 1649 2183 nostram
1673 2142 1786 2180 vere
1810 2140 1894 2177 re-

305 2234 441 2287 nasci
468 2243 516 2286 et
546 2231 814 2301 baptizari,
847 2239 900 2280 ut
930 2241 1112 2280 cancer
1140 2222 1274 2291 quod
1298 2220 1543 2274 habebant
1561 2260 1576 2284 ,
1605 2224 1654 2271 et
1682 2216 1896 2269 damna-

309 2325 454 2376 tionis
482 2323 591 2389 ira,
622 2329 666 2373 et
698 2319 880 2373 erroris
906 2314 1151 2384 effectura
1171 2314 1215 2380 ',
1263 2327 1352 2384 per
1376 2318 1607 2365 sanctum
1633 2314 1678 2360 et
1701 2303 1897 2360 ctzleste

308 2417 564 2469 laracrum
589 2411 954 2479 sanctiﬁcetnr.

373 2507 445 2560 ‘29
509 2505 643 2559 lluic
669 2501 1076 2571 respondemus,
1106 2498 1316 2552 Patrem
1345 2503 1399 2552 et
1425 2493 1622 2549 Filium
1649 2499 1703 2546 et
1727 2488 1898 2562 Spiri-

307 2610 416 2652 tum
455 2605 697 2650 sanctum
739 2593 791 2646 in
822 2591 1169 2648 Sacramenta
1199 2588 1456 2641 duntaxat
1482 2583 1682 2639 habere
1709 2594 1897 2635 omnes

306 2693 391 2761 qui
423 2689 700 2758 Baptismo
726 2685 900 2739 verbis
930 2680 1253 2751 evangelhis
1277 2686 1592 2734 consecrato
1616 2675 1897 2744 baptizan—

309 2792 391 2834 tur
419 2801 430 2834 :
457 2782 509 2833 in
540 2778 702 2833 corde
733 2786 910 2830 autem
941 2783 993 2827 et
1022 2774 1072 2827 in
1111 2773 1216 2824 vita
1256 2785 1353 2824 nec
1384 2769 1506 2823 illos
1538 2765 1736 2822 habere
1759 2806 1772 2833 ,
1806 2765 1900 2834 qui

309 2870 448 2925 intus
481 2869 686 2938 perdite
716 2877 770 2923 ct
799 2864 1197 2920 cvserrabiliter
1223 2863 1424 2915 vivunt.

376 2960 605 3016 CAPUT
644 2959 906 3014 XVlll.-—
925 2956 1013 3011 50.
1057 2954 1391 3010 Secundinus
1417 2967 1445 3005 ιι
1473 2950 1664 3006 Cedias
1685 2948 1706 2981 ³
1725 2948 1858 3004 dixit
1881 2965 1896 3004 :

308 3053 431 3105 (Tum
471 3050 722 3103 Dominus
759 3057 926 3101 noster
963 3045 1190 3100 Christus
1224 3043 1382 3108 dicat,
1411 3061 1429 3094 ι
1460 3041 1560 3107 Qui
1583 3055 1776 3094 mecum
1797 3054 1900 3092 non

308 3153 399 3205 est,
428 3142 692 3195 adversum
723 3155 800 3193 me
825 3149 925 3192 est)
959 3136 1068 3212 (Id.
1095 3135 1308 3204 xtt,30);
1329 3144 1376 3187 et
1396 3133 1620 3186 Joannes
1641 3129 1900 3201 apostolus

309 3252 390 3288 eos
412 3235 497 3304 qni
519 3232 580 3285 ab
606 3231 834 3285 Ecclesia
856 3218 1036 3284 exeunt
1057 3227 1376 3282 antichristos
1404 3226 1535 3278 (licet
1570 3223 1612 3292 (Ι
1631 3221 1787 3277 Joan.
1835 3237 1897 3291 tr,

311 3324 400 3395 l3)
434 3343 448 3380 :
480 3323 822 3377 indubitanter
851 3322 1016 3374 hostes
1043 3319 1251 3394 Christi,
1281 3318 1466 3388 quique
1493 3316 1778 3370 antichristi
1805 3330 1899 3370 no-

311 3416 488 3470 minati
515 3424 634 3470 sunt
659 3456 673 3479 ,
705 3414 921 3485 gratiam
945 3411 1195 3481 Baptismi
1221 3409 1459 3463 salutaris
1489 3408 1773 3462 ministrare
1797 3423 1898 3461 non

312 3517 519 3576 possunt
543 3521 561 3570 ;
593 3516 639 3560 et
666 3507 778 3558 ideo
807 3517 982 3557 censeo
1011 3518 1095 3557 eos
1125 3501 1209 3571 qui
1237 3501 1299 3554 de
1323 3500 1673 3554 Iucreticorum
1700 3498 1899 3553 insidiis

311 3600 608 3669 confugiunt
636 3598 705 3650 ad
733 3596 1033 3660 Ecclesium,
1068 3593 1398 3664 baptizandus
1426 3608 1532 3645 esse
1559 3607 1590 3643 a
1617 3591 1782 3657 nobis,
1812 3591 1899 3659 qui

311 3693 457 3744 amici
484 3691 728 3760 appellati
757 3705 931 3742 sumus
964 3686 1057 3740 Dei
1082 3685 1103 3716 ‘
1127 3685 1189 3741 de
1215 3687 1322 3756 ejus
1352 3684 1659 3754 dignatione.

380 3783 468 3838 5|.
511 3781 609 3836 Cui
653 3779 1043 3850 respondetur,
1091 3777 1287 3832 Christi
1333 3775 1669 3830 adversarios
1711 3790 1898 3829 omnes

311 3890 447 3938 esse,
478 3875 672 3944 quibus
703 3871 1019 3932 dicentibus,
1054 3869 1283 3933 Domine,
1315 3884 1480 3920 nonne
1507 3868 1559 3919 in
1589 3866 1790 3918 nomine
1813 3875 1897 3918 tuo

309 3968 515 4020 virtutes
555 3966 739 4020 multas
771 3964 978 4035 ferimus
1012 3959 1037 4011 ?
1061 3969 1114 4015 et
1141 3961 1240 4014 alia
1271 3975 1390 4028 qua:
1423 3957 1494 4012 ibi
1523 3957 1809 4020 dicuntur;
1843 3955 1894 4009 in

312 4061 412 4112 line
439 4059 678 4112 dicturus
706 4063 808 4119 est,
839 4054 958 4108 Non
987 4055 1099 4108 novi
1127 4068 1250 4116 vos;
1282 4050 1494 4105 recedite
1519 4065 1550 4102 a
1576 4065 1653 4101 me
1679 4089 1694 4113 ,
1724 4063 1896 4101 omnes

309 4151 395 4220 qui
421 4149 701 4219 operamini
729 4147 1040 4216 iniquitatem
1074 4144 1287 4216 (Matth.
1329 4158 1402 4196 vn
1430 4183 1443 4205 ,
1471 4140 1542 4195 22
1566 4184 1580 4207 ,
1609 4138 1700 4212 ‘25)
1735 4158 1748 4192 :
1779 4154 1897 4208 qua:

312 4249 414 4293 tota
464 4240 610 4308 palea
641 4239 686 4292 si
719 4252 886 4306 usque
921 4235 985 4289 ad
1014 4237 1254 4288 ultimum
1285 4234 1335 4286 iu
1365 4232 1560 4286 malitia
1589 4245 1896 4301 persevera-

312 4331 415 4393 bit,
448 4331 564 4385 sive
591 4337 713 4382 ante
741 4323 1152 4380 vcntilationcm’
1171 4325 1286 4392 ejus
1314 4322 1512 4391 aliquid
1547 4321 1690 4374 foras
1717 4321 1893 4386 volet,

310 4425 419 4476 sive
459 4423 602 4475 intus
640 4436 760 4475 esse
797 4418 1056 4482 videatur,
1098 4416 1203 4486 igni
1240 4415 1504 4470 destinata
1543 4421 1646 4468 est.
1683 4412 1739 4468 Si
1770 4428 1896 4480 ergo

313 4527 589 4582 propterea
650 4511 950 4582 baptizandi
1010 4519 1135 4564 sunt
1177 4509 1239 4563 ad
1289 4507 1576 4563 Ecclesium
1621 4506 1899 4560 venientes

313 4606 568 4669 lm-retiei,
610 4614 667 4658 ut
695 4605 762 4657 ah
791 4603 980 4657 amicis
1008 4603 1099 4656 Dei
1131 4601 1495 4670 baptizcntur;
1538 4598 1792 4668 numquid
1823 4597 1896 4650 illi

313 4701 448 4752 avari
467 4742 481 4764 ,
515 4708 756 4767 raptores
777 4740 791 4764 ,
823 4694 1100 4749 homicidzc
1119 4735 1132 4755 ,
1165 4693 1320 4746 amici
1350 4692 1444 4745 Dei
1474 4701 1617 4758 sunt,
1646 4701 1737 4744 aut
1762 4704 1898 4760 quos

314 4791 700 4862 baptizavcrint
730 4789 904 4842 demto
931 4784 1231 4856 baptizandi
1259 4793 1378 4838 sunt
1401 4784 1425 4825 7

383 4882 606 4937 CAPUT
646 4879 786 4934 XIX.
808 4879 987 4932 —-—'52.
1034 4876 1178 4932 Felix
1213 4891 1243 4930 ει
1274 4874 1432 4943 Bagai
1463 4873 1484 4905 ⁸
1515 4872 1647 4926 dixit
1695 4891 1708 4926 :
1755 4872 1898 4927 Sicut

311 5057 375 5106 de
418 5063 650 5105 Marciano
688 5052 956 5103 Arelatensi
1009 5051 1243 5114 episcopo
1282 5047 1581 5104 amovendo,
1625 5058 1736 5109 qua}
1776 5060 1904 5114 nunc

319 5121 582 5168 cstordiue
611 5116 705 5176 68;
745 5115 900 5164 altera
937 5110 1056 5177 qua!
1083 5110 1306 5177 synbdica
1348 5118 1423 5177 est
1464 5117 1671 5177 tractans
1708 5110 1904 5177 omnino

302 5181 358 5229 id
401 5181 528 5228 unde
566 5171 727 5241 agitur
763 5171 1124 5238 argume'utttm'
1149 5173 1213 5241 de
1253 5172 1543 5241 Baptizandis
1579 5171 1822 5218 haereticis
1854 5177 1906 5219 et

302 5256 322 5285 s
338 5233 640 5291 dtismaticis.
666 5233 878 5288 Priorem
901 5243 1085 5286 tantum
1123 5233 1661 5296 viderat’Augustiuus,
1687 5245 1781 5281 non
1818 5245 1903 5293 po-

302 5315 343 5351 Sl
356 5317 583 5352 ΕΓΙΟΙὋΙῙΙ.

381 5407 394 5436 ¹
427 5414 505 5454 .t's.
531 5405 859 5461 Ωιι-ιωίθηςοίς,
885 5416 914 5451 a
931 5411 1188 5463 Fegermes.

378 5470 397 5499 ³
418 5453 516 5516 Am.
544 5475 595 5533 et
616 5453 716 5525 Et,
738 5453 1010 5533 offocatum'.’
1045 5459 1262 5533 pounulli
1283 5467 1424 5533 35s.,
1449 5457 1659 5520 on'ensa;
1685 5455 1772 5506 sed
1800 5453 1906 5517 ple-

317 5535 472 5591 rique,
497 5522 744 5592 θηρείην-ἐι.
767 5522 902 5588 ’Ᾰιιιιό
925 5525 1222 5588 Cyprianum,
1248 5522 1491 5583 rﬂ'eetura.
1561 5580 1572 5590 .

381 5593 401 5622 ³
423 5601 567 5642 \‘ettts
603 5599 686 5640 Ms.
723 5589 1026 5637 Corbeieusis
1062 5591 1114 5633 et
1149 5597 1274 5632 unus
1307 5597 1337 5632 e
1371 5583 1630 5641 Vaticanis,
1669 5593 1699 5629 a
1743 5587 1906 5629 (esas.

317 5659 414 5701 Am.
439 5661 511 5702 t-tr.
537 5661 589 5702 ct
613 5668 623 5712 ι
646 5653 778 5700 lures
801 5657 889 5698 Mss
912 5683 926 5708 ,
951 5663 983 5698 a
1005 5648 1199 5698 Chezas.

383 5717 400 5744 ‘
428 5725 544 5774 Vox,
580 5714 685 5770 rei,
709 5716 850 5762 abest
870 5714 931 5760 ab
956 5719 1054 5758 Am.
1091 5715 1162 5755 Er.
1187 5714 1237 5756 et
1261 5713 1364 5755 Mss.

380 5767 590 5845 {timore
633 5767 767 5832 uss,
806 5788 832 5821 (ι
885 5784 1024 5835 raqa.
1069 5778 1214 5819 \‘t-tus
1248 5777 1327 5817 _‘.;s.
1374 5767 1704 5832 Ccrbeiensis,
1746 5779 1773 5812 (ι
1822 5773 1910 5811 ι’(ι‹

318 5849 408 5901 ςσι.

1675 365 1873 429 £113th
1913 368 2198 427 SEXTUS.

3482 377 3617 432 210-

2002 501 2162 542 ca-cus
2179 503 2364 542 ca'cum
2404 488 2591 543 ducens
2631 489 2783 542 simul
2810 487 2860 542 in
2913 489 3106 557 {areum
3135 488 3319 542 cadunt
3353 487 3374 558 (
3400 480 3588 542 Matth.

1999 595 2107 644 xv,
2163 581 2252 650 Μ)
2279 623 2293 645 ,
2340 581 2411 634 ita
2465 581 2728 636 ltwreticus
2777 581 3065 635 lurreticum
3122 581 3384 648 baptizans
3437 582 3601 636 simul

1997 671 2048 725 in
2076 682 2282 726 mortem
2309 673 2514 727 cadunt.

2068 765 2157 819 55.
2189 765 2299 820 Hoc
2328 781 2511 820 verum
2540 775 2620 820 est
2642 807 2656 829 ,
2706 765 2798 820 sed
2832 782 2934 819 non
2980 773 3260 834 propterea
3295 781 3477 820 verum
3506 771 3613 821 est,

1996 855 2137 924 quod
2166 855 2404 926 :tdjungit
2433 875 2444 908 :
2477 855 2544 909 Et
2578 855 2712 922 ideo,
2741 857 2930 926 inquit,
2967 857 3230 911 hwreticus
3254 855 3614 926 baptizandus.

1997 954 2044 998 et
2098 946 2447 1014 viviﬁcandus,
2492 964 2555 1001 ue
2611 964 2704 1002 nos
2744 948 2842 1001 vivi
2886 949 3098 1002 mortuis
3142 949 3586 1002 communicantis.

1997 1038 2183 1093 Nonne
2210 1040 2404 1093 mortui
2435 1048 2587 1094 erant
2616 1043 2702 1111 qui
2734 1041 3015 1108 dicebant,
3045 1041 3408 1096 Manducemus
3440 1054 3484 1096 et
3512 1043 3560 1096 bi
3571 1074 3588 1084 -

1997 1131 2193 1197 bamus,
2226 1147 2338 1184 cras
2367 1131 2499 1184 enim
2530 1133 2801 1186 moriemur
2831 1133 2877 1202 (l
2896 1131 3011 1186 Cor.
3038 1133 3283 1203 xv,32)?
3316 1150 3418 1188 nou
3446 1135 3610 1189 enim.

1997 1220 2287 1276 credebant
2314 1222 2766 1278 resurrectionem
2792 1231 3144 1278 mortuorum.
3177 1222 3276 1290 Qui
3305 1239 3432 1294 ergo
3455 1224 3587 1277 isto-

1998 1326 2114 1366 rum
2141 1312 2422 1383 colloquiis
2465 1313 2623 1368 malis
2666 1314 3149 1382 corrumpebantur
3178 1323 3232 1369 et
3258 1327 3351 1368 eos
3395 1329 3589 1383 seque-

1997 1405 2212 1472 bantur,
2243 1419 2421 1460 nonne
2468 1405 2670 1476 pariter
2711 1421 2830 1461 cum
2861 1406 2940 1462 eis
2970 1406 3023 1460 in
3056 1406 3262 1461 foveam
3290 1404 3592 1461 cadebant?

1998 1494 2065 1550 Et
2093 1496 2145 1550 in
2169 1495 2248 1552 eis
2289 1503 2468 1551 tamen
2514 1505 2668 1550 erant
2695 1496 2780 1550 isti
2802 1496 2994 1565 quibus
3014 1494 3586 1566 scribebatApostolm

1993 1585 2104 1654 jam
2129 1586 2427 1656 baptizatis,
2452 1600 2550 1641 nec
2571 1595 2746 1641 tamen
2773 1585 2894 1641 ideo
2913 1585 2959 1641 si
2979 1587 3396 1657 corrigerentur,
3410 1585 3588 1640 denuo

1998 1679 2414 1748 baptizarentur.
2459 1677 2648 1733 Nonne
2691 1677 2830 1732 idem
2859 1678 3132 1747 apostolus
3158 1676 3260 1742 ait,
3293 1675 3488 1746 Sapere
3514 1693 3593 1729 869

1999 1768 2223 1821 cundum
2251 1782 2453 1821 carnem
2473 1783 2610 1821 mors
2636 1777 2709 1822 est
2739 1766 2916 1837 (Rom:
2939 1782 3057 1832 vm,
3086 1765 3186 1840 6)?
3213 1765 3279 1820 Et
3303 1767 3483 1834 utique
3507 1780 3597 1820 so-

1999 1859 2233 1914 cundum
2263 1874 2480 1914 carnem
2510 1860 2789 1928 sapiebant
2813 1859 2988 1922 avari,
3026 1858 3384 1923 I'raudatorcs,
3415 1866 3594 1927 raptt»

2001 1965 2108 2015 res,
2136 1949 2276 2003 inter
2293 1963 2428 2018 quos
2443 1949 2694 2018 gemebat
2717 1949 2831 2018 ipse
2852 1947 3172 2020 Cyprianus.
3195 1949 3332 2016 Quid
3356 1961 3485 2019 ergo
3514 1947 3590 2002 illi

2001 2040 2054 2094 in
2081 2041 2288 2096 unitate
2322 2041 2527 2096 viventi-
2570 2041 2798 2096 oberant
2850 2042 3096 2096 mortui?
3143 2042 3249 2096 Aut
3292 2042 3414 2112 quis
3452 2041 3598 2096 dicat

2000 2132 2322 2202 baptismum
2357 2133 2554 2189 Christi
2583 2133 2726 2204 quod
2758 2133 2891 2188 tales
2939 2132 3196 2188 haberent
3246 2134 3329 2188 vel
3373 2133 3593 2200 darcuti.

2001 2241 2184 2281 eorum
2215 2225 2584 2296 iniquitatibus
2611 2224 2777 2280 fuisse
2806 2224 3056 2279 violatum
3082 2225 3106 2278 ?

2073 2315 2302 2372 CAPUT
2331 2314 2451 2370 XX.
2475 2345 2547 2356 —
2567 2316 2658 2371 54.
2697 2315 2949 2370 Polianus
2995 2329 3028 2368 ει
3071 2314 3224 2370 Mileo
3246 2315 3263 2346 ¹
3289 2314 3423 2370 dixit
3451 2330 3470 2369 :
3494 2313 3596 2369 Ju-

2002 2418 2133 2464 stum
2150 2418 2224 2464 est
2251 2409 2536 2464 hareticum
2562 2409 2806 2481 baptizari
2841 2409 2894 2462 in
2918 2407 3148 2463 Ecclesia
3173 2417 3349 2463 sancta
3376 2410 3417 2461 '.

2076 2502 2167 2571 35.
2207 2501 2353 2557 Nihil
2396 2500 2612 2571 quidem
2651 2499 2869 2556 brevius
2895 2499 2998 2555 dici
3026 2500 3190 2570 potuit
3210 2539 3223 2552 .
3243 2499 3351 2555 Sed
3381 2509 3508 2570 puto
3543 2507 3600 2554 et

2004 2594 2108 2650 hoc
2132 2594 2296 2650 breve
2319 2601 2406 2648 est
2433 2611 2447 2648 :
2473 2592 2682 2649 Justum
2711 2600 2797 2648 est
2816 2591 3146 2662 Baptismum
3166 2589 3362 2646 Cnristi
3391 2606 3494 2645 non
3519 2591 3600 2644 in-

2004 2686 2206 2741 sulﬂari
2241 2686 2296 2740 in
2324 2685 2563 2741 Ecclesia
2593 2684 2812 2746 Christi.

2073 2775 2301 2832 CAPUT
2326 2776 2468 2830 XXI.
2495 2805 2566 2816 —-
2590 2775 2681 2830 36.
2724 2774 3037 2845 Theogenes
3064 2774 3133 2828 ab
3163 2773 3414 2843 Hippone
3452 2772 3600 2842 regio

2004 2870 2182 2926 dixit:
2229 2869 2523 2924 Secundum
2570 2876 2941 2923 sacramentum
2989 2866 3120 2919 Dei'
3159 2867 3336 2934 gratia:
3387 2865 3600 2918 caelestis

2004 2960 2140 3034 quod
2153 2961 2445 3031 accepimus
2467 3000 2483 3026 ,
2512 2975 2672 3014 unum
2691 2957 3008 3030 Baptismum
3028 2956 3165 3026 quod
3184 2965 3258 3010 est
3290 2956 3345 3009 in
3373 2955 3600 3009 Ecclesia

2004 3063 2180 3107 sancta
2201 3051 2474 3106 credimus.

2077 3143 2168 3200 37.
2209 3143 2393 3198 Potest
2417 3150 2473 3198 et
2502 3156 2621 3197 mea
2651 3155 2772 3196 esse
2800 3139 3088 3195 sententia.
3117 3138 3208 3193 Sic
3233 3137 3376 3194 etrim
3406 3138 3596 3192 librata

2007 3241 2213 3316 est,ut
2233 3232 2365 3288 nihil
2383 3232 2589 3306 habeat
2626 3239 2813 3288 contra
2861 3231 3159 3286 veritatem.
3210 3227 3340 3283 Nam
3397 3237 3450 3282 et
3501 3244 3600 3283 nos

2006 3341 2170 3382 unum
2193 3325 2466 3396 Baptisma
2493 3323 2637 3394 quod
2661 3333 2746 3379 est
2768 3323 2821 3377 in
2838 3321 3076 3377 Ecclesia
3103 3329 3285 3388 sancta
3307 3319 3597 3374 credimus.

2004 3417 2059 3474 Si
2088 3424 2267 3472 autem
2310 3415 2562 3483 dixisset,
2607 3413 2760 3483 Quod
2785 3421 2870 3470 est
2912 3414 2963 3468 in
2994 3413 3105 3467 sola
3151 3411 3387 3466 Ecclesia
3415 3420 3598 3464 sancta

2004 3508 2309 3572 credimus;
2356 3504 2788 3576 respondendum
2836 3503 3129 3559 eratsicut
3171 3502 3401 3556 caeteris.
3449 3501 3619 3554 None

2004 3616 2136 3658 vero
2157 3602 2280 3672 quia
2305 3600 2383 3656 sic
2406 3599 2604 3655 dictum
2634 3605 2749 3662 est,
2780 3596 2953 3651 Unum
2975 3594 3236 3663 Baynisma
3263 3593 3399 3664 quod
3435 3602 3507 3646 est
3525 3617 3528 3619 λ
3546 3594 3598 3647 iu

2005 3691 2240 3746 Ecclesia
2258 3698 2432 3745 sancta
2473 3688 2756 3753 credimus;
2793 3695 2851 3742 ut
2878 3701 3002 3741 esse
3024 3685 3237 3755 quidem
3269 3685 3321 3738 in
3353 3683 3592 3738 Ecclesia

2005 3793 2188 3839 sancta
2229 3785 2518 3846 diceretur,
2554 3780 2652 3834 sed
2671 3789 2726 3834 et
2775 3780 2900 3834 alibi
2946 3793 3068 3832 esse
3114 3793 3222 3832 non
3268 3785 3596 3845 negaretur:

2005 3875 2280 3946 quodlibet
2320 3874 2410 3926 ille
2438 3871 2700 3933 senserit,
2735 3879 2918 3924 contra
2967 3869 3083 3922 lucc
3127 3867 3288 3922 verba
3325 3867 3600 3936 disputare

2005 3982 2111 4022 non
2141 3980 2276 4036 opus
2311 3971 2416 4019 est.
2447 3962 2505 4018 Si
2533 3961 2677 4016 enim
2720 3961 2790 4016 de
2829 3975 2918 4015 me
2957 3959 3182 4028 singula
3207 3972 3597 4029 qumrerentur.

2005 4069 2183 4115 utrum
2237 4065 2379 4112 esset
2421 4070 2584 4109 unum
2633 4053 2936 4124 Baptisma;
3000 4051 3380 4122 reSponderem
3433 4067 3596 4106 unum

2005 4169 2145 4211 esse.
2193 4150 2400 4207 Deinde
2442 4149 2487 4204 si
2534 4150 2924 4218 interrogarer,
2975 4156 3160 4203 utrum
3197 4147 3300 4202 hoc
3343 4159 3487 4203 esset
3543 4148 3596 4204 iu

2005 4243 2245 4300 Ecclesia
2265 4250 2475 4306 saneta;
2497 4240 2874 4310 responderem
2895 4239 2997 4292 hoc
3020 4253 3158 4293 esse.
3181 4238 3366 4293 Tertio
3383 4239 3424 4292 si
3455 4255 3594 4308 qum~

2006 4349 2234 4404 reretnr,
2265 4345 2444 4390 utrum
2468 4334 2568 4388 hoc
2583 4334 2849 4402 Baptisma
2877 4331 3149 4388 crederem
3172 4350 3185 4386 :
3205 4334 3587 4402 responderem

2004 4434 2074 4486 ita
2097 4445 2182 4485 me
2207 4427 2458 4491 credere;
2487 4439 2550 4479 ac
2574 4439 2670 4495 per
2719 4424 2820 4478 hoc
2865 4429 3029 4478 unum
3073 4423 3338 4493 Baptisma
3354 4427 3492 4493 quod
3511 4435 3601 4479 εει

2007 4523 2058 4575 in
2084 4519 2316 4575 Ecclesia
2346 4526 2530 4573 saneta
2550 4529 2638 4570 mc
2663 4514 2883 4569 credere
2904 4513 3304 4584 reSpondcrcm.
3331 4513 3385 4569 Si
3417 4522 3593 4568 autem

2007 4619 2357 4683 qumrcretur,
2386 4617 2566 4664 utrum
2594 4607 2647 4662 in
2689 4605 2801 4661 sola
2829 4613 3010 4661 sancta
3041 4615 3187 4660 esset
3216 4605 3454 4660 Ecclesia
3474 4645 3491 4670 ,
3545 4615 3599 4659 et

2008 4704 2146 4775 apud
2169 4702 2447 4758 haereticos
2461 4700 2542 4755 vel
2564 4697 2935 4754 schismaticos
2959 4711 3066 4750 non
3090 4703 3265 4760 esset;
3291 4711 3394 4750 non
3417 4697 3502 4749 ine
3525 4696 3596 4749 ita

2007 4793 2226 4853 credere
2243 4806 2361 4846 cum
2391 4799 2497 4844 tota
2520 4787 2757 4843 Ecclesia
2786 4785 3187 4855 responderem.
3216 4783 3322 4840 Sed
3348 4785 3470 4854 quia
3495 4784 3598 4837 hoc

2010 4886 2098 4939 ille
2126 4886 2175 4937 iu
2206 4881 2468 4936 sententia
2499 4895 2594 4934 sua
2627 4893 2732 4932 non
2761 4878 2936 4946 posuit
2955 4917 2972 4942 ,
3003 4884 3128 4946 puto
3152 4890 3269 4931 esse
3295 4876 3594 4946 improbum

1957 4986 1961 4990 ‘
2009 4987 2065 5031 ut
2085 4990 2184 5046 ego
2206 4975 2277 5029 illi
2306 4972 2494 5028 addam
2522 4971 2681 5025 verba
2706 4977 2890 5023 contra
2917 4983 3038 5039 quae
3057 4967 3343 5038 disputem,
3373 4983 3493 5036 qua:
3522 4967 3599 5019 ibi

2011 5085 2118 5123 non
2147 5066 2345 5121 inveni.
2375 5064 2449 5119 Ita
2481 5063 2625 5118 enim
2668 5062 2710 5116 si
2739 5060 2970 5126 diceret,
3004 5059 3132 5115 'Una
3177 5069 3260 5112 est
3304 5073 3438 5127 aqua
3491 5057 3595 5110 Eu-

2012 5142 2219 5229 phratae
2245 5156 2480 5210 ﬂuminis
2502 5195 2515 5217 ,
2547 5168 2666 5223 quze
2694 5162 2776 5207 est
2801 5152 2854 5206 iu
2884 5151 3163 5219 paradiso;
3195 5163 3383 5204 verum
3414 5147 3599 5216 utique

2013 5250 2235 5305 diceret.
2262 5246 2364 5302 Sed
2393 5247 2437 5301 si
2469 5245 2905 5312 interrogaretur,
2936 5253 3107 5297 utrum
3135 5242 3186 5295 in
3210 5241 3326 5296 solo
3349 5239 3599 5310 paradiso

2013 5349 2154 5395 esset
2183 5340 2283 5393 ista
2308 5351 2475 5406 aqua,
2522 5345 2577 5390 et
2617 5336 2687 5388 ita
2717 5349 2837 5390 esse
2877 5333 3112 5397 diceret,
3156 5331 3344 5387 falsum
3375 5331 3596 5386 diceret.

2080 5454 2095 5484 ι
2132 5458 2231 5498 Am.
2271 5442 2346 5495 Er.
2371 5454 2422 5496 et
2445 5446 2593 5496 nostri
2617 5457 2790 5494 omnes
2822 5451 2958 5504 Mss.,
3003 5442 3256 5493 roltirmus.
3282 5448 3344 5490 Ex
3371 5442 3448 5490 bis
3469 5456 3593 5492 nou-

2017 5512 2356 5624 nulltlltabeut,
2375 5522 2406 5557 a
2429 5507 2608 5569 Mileti;
2634 5515 2685 5556 et
2707 5506 2917 5568 quidam,
2940 5519 2970 5555 a
2989 5504 3152 5556 ttileii.
3179 5515 3276 5552 Am.
3296 5519 3414 5554 vero
3433 5513 3486 5554 et
3501 5512 3606 5565 Er,

2017 5589 2048 5624 a
2071 5585 2131 5624 tn
2153 5587 2229 5624 en.

2016 5589 2048 5624 a
2071 5585 2229 5625 tmen.

2081 5620 2104 5667 ί
2119 5620 2262 5684 sicin
2285 5632 2496 5694 antiquis
2517 5636 2632 5694 Mss.
2651 5635 2701 5694 et
2723 5629 2847 5693 apud
2865 5620 3176 5692 Cyprianum.
3191 5635 3246 5677 At
3269 5629 3317 5678 in
3338 5627 3479 5678 editis
3495 5638 3598 5678 Am.

2021 5705 2073 5747 et
2093 5703 2188 5754 Fr,
2213 5695 2262 5744 in
2288 5691 2496 5744 Ecclesia
2518 5691 2712 5742 Christi.

2085 5760 2105 5790 ³
2129 5750 2245 5814 vox,
2268 5755 2369 5812 Dei,
2394 5767 2504 5816 qum
2526 5755 2586 5802 ab
2609 5760 2681 5803 Er.
2707 5761 2756 5804 et
2779 5760 2888 5805 ιον.
2917 5760 3158 5815 οηιιιιςια
3181 5750 3356 5816 fuerat,
3383 5752 3602 5804 restitui-

2025 5830 2100 5871 tur
2127 5832 2186 5870 CX
2212 5827 2315 5869 MSS.
2345 5824 2394 5866 υἱ
2431 5826 2527 5866 am.
