4028 6202
426 340 523 396 2H

425 467 517 519 Est
539 465 680 521 cuitu
712 474 765 521 et
795 472 986 534 pratter
1029 457 1332 529 paradisum
1373 454 1425 507 in
1451 453 1533 505 his
1555 460 1743 514 terris,
1775 448 1827 500 iu
1868 459 2002 515 quas

425 556 497 613 ab
524 556 612 611 illo
644 555 789 610 fonte
819 558 1116 623 permanat.
1144 546 1250 603 Sed
1275 545 1395 616 quis
1423 551 1506 599 est
1533 552 1641 595 tam
1668 537 1998 599 temerarius,

424 646 513 714 qui
541 645 680 700 dicat
706 644 805 697 hoc
848 659 967 697 eum
1000 652 1374 708 responsurum
1425 633 1586 689 fuisse
1628 627 1766 701 quod
1814 624 2002 681 falsum

426 746 539 798 est.
572 750 692 791 enm
725 742 904 803 posset
930 735 1151 787 fortasse
1179 731 1277 783 hoc
1308 725 1632 796 respondere
1655 721 1793 792 quod
1821 734 2003 774 verum

424 824 1090 895 cst?Qmpr0ptcrrerba
1135 822 1291 891 hujus
1334 819 1613 875 sententia:
1661 832 1765 871 non
1809 814 2007 870 debent

429 915 624 975 habere
652 917 1158 981 contradictionem,
1185 914 1311 986 quia
1338 911 1465 969 nihil
1496 908 1792 981 impediunt
1814 908 2005 964 verita—

433 1018 559 1062 tem.

493 1099 717 1157 CAPUT
767 1100 927 1154 XXII.
965 1130 1037 1141 —-
1069 1100 1154 1154 58.
1200 1098 1460 1152 Dalivusa
1484 1094 1639 1149 Badis
1666 1094 1796 1148 dixit
1826 1111 1839 1149 :
1873 1090 2002 1153 Nos,

421 1202 664 1260 quantum
694 1192 744 1245 in
772 1191 911 1245 nobis
927 1201 997 1245 est
1018 1232 1031 1255 ,
1056 1190 1287 1244 haeretica
1307 1205 1412 1242 non
1428 1185 1855 1240 comumuicamus
1870 1225 1886 1250 ,
1909 1184 2006 1236 nisi

420 1284 703 1355 baptizatus
722 1286 771 1339 in
798 1285 1024 1339 Ecclesia
1043 1284 1227 1355 fuerit,
1256 1291 1301 1335 et
1328 1280 1664 1335 remissionem
1692 1287 2005 1348 peccatorum

419 1377 684 1445 “ceperit.

494 1489 582 1546 59.
625 1489 1001 1559 Respondetur
1029 1505 1043 1541 :
1072 1487 1128 1543 Si
1160 1492 1445 1557 propterea
1469 1486 1549 1541 vis
1578 1501 1699 1541 cum
1717 1484 1965 1553 baptizari
1989 1523 2003 1544 .

424 1580 551 1650 quia
582 1597 689 1634 non
716 1580 924 1649 accepit
944 1578 1317 1635 remissionem
1355 1584 1725 1646 peccatorum;
1773 1577 1819 1630 si
1864 1576 2006 1628 intus

421 1672 652 1743 aliquem
683 1671 949 1727 inveneris
973 1672 1063 1741 qui
1092 1680 1278 1726 tenens
1297 1669 1477 1724 odium
1505 1668 1762 1724 adversus
1788 1667 2003 1722 fratrem

424 1763 503 1818 sie
540 1765 832 1833 baptizatus
857 1762 958 1829 sit,
988 1778 1107 1817 cum
1136 1762 1388 1817 Dominus
1429 1761 1641 1815 mentiri
1671 1774 1773 1812 non
1808 1760 2001 1827 possit,

423 1854 514 1922 qui
542 1855 633 1918 ait,
659 1854 720 1908 Si
741 1870 841 1907 non
874 1852 1163 1906 dimiseritis
1180 1892 1193 1913 ,
1224 1868 1325 1905 non
1346 1852 1482 1906 vobis
1502 1848 2001 1919 dimittetur(Matth.

424 1962 507 2011 Vl,
557 1947 684 2015 15),
730 1944 943 2015 jubebis
988 1955 1287 1999 correctum
1340 1944 1516 1997 denuo
1554 1940 1849 2009 baptizari?
1890 1939 2003 1995 Non

422 2039 646 2108 utique:
678 2040 757 2092 sic
785 2053 912 2108 ergo
945 2051 1044 2092 nec
1088 2037 1414 2092 hatreticnm.
1442 2034 1579 2090 Sane
1623 2035 1722 2087 iate
1765 2046 1862 2086 cur
1899 2050 2002 2086 non

422 2131 658 2185 breviter
698 2130 923 2196 dixerit,
968 2127 1081 2184 Nos
1126 2129 1361 2183 luet-elice
1404 2142 1505 2180 non
1548 2128 2005 2189 cotnmuaicamus;

425 2223 518 2278 sed
545 2223 777 2287 addidit,
801 2233 1044 2293 (plantam
1064 2224 1115 2275 in
1139 2221 1281 2275 nobis
1301 2229 1371 2274 est
1396 2237 1413 2273 :
1436 2234 1540 2273 non
1570 2228 1653 2273 est
1678 2227 2003 2287 pmtereun—

423 2313 572 2368 dum.
607 2311 746 2368 Vidit
790 2314 932 2369 enim
965 2313 1142 2382 plures
1170 2312 1295 2365 huic
1338 2311 1614 2365 sententiae
1662 2310 1964 2364 consentire
1988 2352 2002 2373 ,

425 2421 453 2456 a
485 2419 709 2476 quorum
742 2414 917 2459 tamen
943 2404 1240 2465 consortio,
1289 2417 1360 2457 ne
1383 2401 1670 2455 riniuretur
1706 2400 1917 2465 unitas,
1948 2416 2005 2453 se

426 2495 511 2549 isti
540 2508 791 2565 separare
812 2509 916 2548 non
940 2503 1175 2563 possent,
1202 2503 1256 2545 et
1279 2491 1505 2558 addidit,
1525 2499 1770 2561 quartum
1793 2491 1846 2543 in
1866 2490 2006 2545 nobis

426 2595 498 2639 est
554 2600 577 2639 :
620 2586 803 2655 utique
853 2583 1227 2639 demonstrans
1278 2596 1385 2637 non
1434 2582 1703 2637 voluntate
1751 2596 1813 2637 se
1859 2595 2007 2635 com-

425 2677 698 2731 municare
755 2676 839 2732 his
896 2691 1033 2747 quos
1094 2675 1453 2733 arbitrabatur
1508 2675 1837 2742 Baptismum
1902 2686 2005 2727 non

425 2766 659 2834 habere,
685 2768 779 2823 sed
808 2777 984 2822 tamen
1008 2768 1186 2821 omnia
1214 2767 1354 2822 bono
1383 2766 1528 2836 pacis
1555 2773 1613 2819 et
1650 2765 1864 2820 unitatis
1889 2778 2009 2819 esse

425 2859 696 2914 toleranda
717 2875 732 2925 ;
752 2859 891 2930 quod
909 2866 963 2915 et
985 2859 1054 2913 illi
1075 2858 1355 2925 faciebant,
1383 2859 1471 2928 qui
1501 2858 1631 2912 istos
1648 2871 1752 2911 non
1769 2865 1915 2912 recte
1936 2857 2011 2911 h-

422 2966 547 3006 cerc
571 2952 912 3019 sentiebant,
939 2963 993 3007 et
1020 2950 1151 3006 illud
1180 2951 1430 3006 tenebant
1452 2950 1593 3020 quod
1614 2958 1797 3020 postea
1822 2948 2011 3004 ntelius

426 3042 694 3098 declarata
743 3043 941 3097 veritas
983 3041 1192 3107 docuit,
1241 3051 1295 3096 et
1357 3040 1625 3111 antiquior
1682 3038 2011 3095 consuetudo

424 3134 651 3187 concilio
678 3133 970 3202 posteriore
1001 3133 1207 3186 limata
1234 3132 1502 3186 robustius
1538 3130 1798 3199 persuasit
1827 3147 1845 3183 ι
1870 3131 2009 3185 iuvi-

425 3238 543 3278 cem
569 3239 628 3277 se
658 3232 832 3277 tamen
853 3263 874 3286 ,
898 3237 1021 3277 cum
1041 3221 1184 3277 salva
1205 3221 1403 3277 cltarita
1413 3229 1465 3275 te
1484 3220 1693 3276 diversa
1720 3220 2006 3282 sentirent,

428 3313 654 3369 sollicita
686 3313 880 3385 pietate
908 3312 1306 3377 toleraverunt,
1349 3311 1623 3367 studentes
1646 3324 1864 3367 servare
1888 3312 2011 3365 uni-

429 3414 592 3460 tatem
620 3404 839 3473 spiritus
866 3404 918 3458 in
946 3402 1159 3461 vinculo
1185 3403 1330 3472 pacis
1355 3402 1568 3474 (Ephes.
1597 3418 1647 3457 tv
1665 3443 1683 3466 ,
1708 3401 1780 3466 2,
1810 3402 1864 3471 ὅ)
1885 3442 1899 3467 ,
1927 3402 2016 3454 dn-

431 3511 533 3551 nee
560 3496 740 3550 alteris
765 3508 947 3549 cormn
970 3535 983 3557 ,
1008 3495 1050 3549 si
1081 3495 1205 3563 quid
1227 3494 1384 3549 aliter
1409 3503 1657 3563 saperent
1676 3534 1689 3556 ,
1722 3493 1773 3547 id
1803 3508 2013 3562 quoque

430 3586 535 3640 illis
561 3586 704 3639 Deus
727 3585 986 3640 revelaret
1008 3584 1263 3656 (Philipp.
1292 3600 1369 3648 tu,
1393 3585 1505 3655 15).
1532 3583 1642 3638 [lue
1664 3583 1749 3636 isti
1776 3583 2010 3646 audiant,

432 3695 465 3734 a
510 3678 700 3749 quibus
728 3693 823 3749 per
849 3678 952 3733 hoc
977 3678 1261 3734 concilium
1290 3680 1466 3732 unitas
1506 3685 1839 3745 oppugnatur
1861 3717 1876 3741 ,
1921 3690 2016 3745 per

431 3771 575 3841 quod
622 3771 904 3827 concilium
949 3779 1203 3845 quantum
1245 3769 1470 3825 amanda
1511 3770 1581 3825 sit
1621 3769 1795 3825 unitas
1831 3768 2013 3827 decla-

431 3874 600 3919 ratur.

504 3956 729 4012 CAPUT
760 3955 950 4011 XXIII.
972 3982 1044 3996 ---
1074 3955 1163 4011 40.
1194 3954 1483 4011 Successus
1509 3954 1579 4008 ab
1606 3954 1770 4009 Abhir
1795 3953 2015 4011 Germa«

436 4048 645 4103 niciana
676 4050 693 4081 ⁸
719 4049 859 4105 dixit
890 4068 905 4104 :
934 4048 1198 4105 ereticis
1217 4058 1305 4101 aut
1332 4048 1458 4101 nihil
1483 4048 1615 4108 licet,
1647 4057 1735 4100 aut
1760 4056 1918 4100 totum
1949 4048 2015 4102 li-

434 4150 529 4195 cet.
563 4140 622 4197 Si
649 4151 863 4211 possunt.
879 4140 1170 4209 baptizare,
1212 4148 1419 4207 possunt
1442 4146 1489 4190 et
1515 4137 1764 4207 Spiritum
1791 4148 2018 4191 sanctum

436 4230 561 4285 dare
602 4230 686 4284 :si
702 4239 871 4285 autem
902 4230 1149 4300 Spiritum
1188 4236 1416 4282 sanctum
1460 4228 1584 4281 dare
1612 4244 1712 4281 non
1772 4239 2043 4297 possunt,‘

440 4320 563 4387 quia
599 4335 701 4372 non
729 4319 911 4373 habent
941 4318 1192 4389 Spiritum
1218 4326 1449 4371 sanctum
1468 4358 1483 4384 ,
1517 4333 1606 4373 nec
1630 4318 1886 4389 baptizare
1913 4321 2019 4391 spi-

434 4410 687 4466 ritaliter
709 4418 939 4481 possunt.
974 4407 1251 4479 Proptenca
1277 4425 1532 4465 crastinus
1560 4410 1817 4466 hereticos
1850 4410 2017 4482 bapti-

435 4503 544 4557 zari
570 4505 609 4555 ⁸.

508 4594 600 4650 ιι.
619 4593 749 4649 lluic
775 4602 941 4665 prope
970 4595 1186 4651 totidem
1199 4594 1459 4652 verbisita
1482 4594 1788 4665 πενθικιωί
1812 4605 2016 4664 potest:

438 4685 728 4742 llomicidis
747 4695 841 4741 aut
867 4685 997 4741 nihil
1032 4687 1193 4752 licet,
1219 4694 1311 4742 aut
1337 4695 1504 4742 letum
1533 4687 1673 4741 licet.
1718 4686 1774 4742 Si
1804 4696 2022 4755 possunt

437 4776 744 4846 baptizare,
771 4787 996 4847 possunt
1018 4787 1072 4833 et
1107 4778 1358 4848 Spiritum
1388 4788 1628 4832 sanctum
1659 4777 1787 4833 dare
1817 4796 1830 4830 :
1855 4779 1897 4832 si
1930 4793 2023 4832 au-

441 4878 550 4923 tem
578 4867 832 4937 Spiritum
874 4877 1115 4925 sanctum
1160 4868 1288 4924 dare
1328 4884 1433 4923 non
1472 4878 1724 4938 possunt,
1765 4869 1883 4938 quia
1917 4883 2021 4922 non

438 4959 642 5016 habent
665 4960 921 5030 Spiritum
958 4970 1199 5019 sanctum
1216 5002 1233 5028 ,
1263 4977 1362 5017 nec
1386 4962 1655 5031 baptizare
1678 4961 2024 5030 spiritualiter

437 5061 682 5126 possunt.
730 5052 1014 5123 Prnpterea
1054 5068 1335 5109 censemus
1377 5053 1444 5108 ab
1484 5052 1762 5108 bomicidis
1791 5053 2023 5122 baptiza-

438 5155 545 5209 tos,
567 5144 653 5199 vel
678 5142 970 5200 homicidas
994 5142 1286 5214 baptizatos
1310 5154 1467 5213 atque
1491 5144 1542 5196 in
1569 5142 1757 5197 melius
1778 5158 1881 5196 non
1910 5158 2025 5195 mu-

440 5245 580 5293 tatos
600 5279 616 5302 ,
641 5251 762 5292 cum
785 5251 847 5292 se
867 5236 1229 5300 correxerint,
1262 5235 1534 5305 baptizari.
1576 5235 1644 5288 At
1674 5233 1777 5288 hoc
1813 5248 1917 5289 non
1944 5241 2027 5288 est

378 5326 386 5332 ’
437 5343 646 5386 verum.
683 5329 784 5396 Qui
824 5330 969 5385 enim
993 5329 1098 5383 odit
1143 5328 1351 5397 fratrem
1384 5344 1531 5382 suum
1573 5325 1827 5380 homicida
1864 5334 1937 5380 est
1966 5325 2023 5395 (Ι

441 5419 598 5477 Jcan.
624 5438 680 5478 ttt
704 5462 720 5489 ,
755 5421 864 5493 15).
901 5421 967 5475 Et
996 5419 1128 5477 tales
1157 5429 1377 5476 noverat
1407 5419 1546 5475 intus
1574 5417 1895 5491 Cyprianus,
1937 5417 2025 5486 qui

510 5616 527 5681 ξ
553 5623 653 5666 Am.
667 5623 723 5681 et
743 5625 842 5678 tua,
865 5630 897 5667 a
925 5614 1362 5681 nirgennanicitma
1383 5627 1400 5664 :
1424 5614 1677 5681 mendose.

506 5676 528 5706 ¹
552 5678 697 5741 Lugd.
724 5674 861 5741 ven},
892 5674 1149 5741 Propterea
1172 5690 1416 5741 censorius
1446 5675 1697 5741 luerent-os
1721 5674 2028 5737 baptizmtdos

448 5748 563 5788 esse.
586 5738 670 5847 si:
682 5740 827 5789 etiam
848 5738 942 5801 En,
966 5738 1049 5804 qui
1080 5747 1241 5791 tamen
1276 5740 1390 5800 fert,
1425 5738 1709 5798 censuimus,
1736 5752 1836 5800 Iro,
1865 5752 2026 5789 cense-

444 5812 567 5857 mus.
674 5832 687 5848 ο

1178 345 1267 400 DE
1309 337 1643 398 BAPTISMO
1683 336 1953 392 CONTRA
1995 326 2436 397 DONATKSTAS,
2479 330 2535 387 S.
2580 331 2943 387 AUCUS'I’INI

3586 331 3691 385 2|2

2113 442 2289 511 utique
2324 443 2675 513 baptizabant.
2707 443 2922 499 Frustra
2950 460 3075 513 ergo
3112 444 3232 498 talia
3261 444 3324 499 de
3364 442 3693 509 baptizandis

2111 531 2371 587 hmt'etit-is
2394 533 2529 589 dicta
2562 545 2705 592 Sunt.

2180 622 2404 680 CAPUT
2448 624 2629 679 XXIV.
2678 657 2749 666 —
2792 624 2878 681 49..
2924 624 3239 681 Fortunatus
3277 644 3306 680 a
3360 628 3692 686 Thucrahori

2111 716 2242 771 dixit
2272 737 2284 771 :
2311 716 2464 772 Iesus
2488 720 2714 773 Christus
2738 718 2984 773 Dominus
3004 732 3049 773 et
3080 721 3212 774 Deus
3240 732 3427 788 noster,
3460 722 3553 777 Dri
3582 725 3692 777 Pn-

2109 808 2199 860 tris
2228 817 2273 861 et
2293 809 2529 863 creatoris
2556 809 2721 864 Filius
2740 852 2755 876 ,
2778 828 2927 881 super
2955 820 3147 882 petram
3179 814 3192 842 ¹
3218 813 3486 881 wdiﬁcavit
3520 815 3694 869 Eccle-

2110 896 2271 963 sium,
2315 915 2414 951 non
2455 915 2606 968 super
2636 899 2864 953 ha’resim
2911 916 2929 953 .'
2977 912 3021 953 et
3068 912 3362 971 potestatem
3400 904 3693 973 baptizandi

2111 990 2356 1060 episcopis
2379 992 2548 1057 dedit,
2580 1009 2678 1047 non
2709 992 2972 1047 hwreticis.
3001 992 3168 1057 Quare
3194 997 3281 1065 qui
3310 996 3329 1026 '
3353 1007 3493 1049 extra
3513 996 3691 1064 Eccle-

2110 1082 2235 1133 sium
2259 1092 2374 1135 sunt
2393 1123 2408 1149 ,
2441 1092 2486 1136 et
2511 1094 2685 1136 contra
2712 1084 2963 1137 Christum
2989 1095 3176 1139 stantes
3195 1129 3208 1148 ,
3242 1102 3354 1141 oves
3380 1089 3487 1158 ejus
3513 1100 3556 1141 et
3581 1108 3693 1160 gre-

2110 1190 2218 1242 gem
2239 1182 2519 1243 spargunt,
2544 1174 2799 1243 baptizare
2828 1177 2952 1247 [oris
2981 1194 3079 1229 non
3112 1188 3339 1246 possunt.

2180 1266 2269 1320 45.
2295 1266 2374 1320 Ad
2402 1266 2502 1322 hoc
2522 1266 2756 1334 addidit,
2804 1271 2928 1341 [oris
2949 1312 2961 1333 ,
3007 1279 3057 1326 ut
3089 1271 3136 1324 ei
3161 1272 3269 1339 jam
3300 1272 3527 1327 breviter
3555 1273 3573 1304 ³
3605 1289 3692 1327 τοι

2111 1357 2359 1426 spoaderi
2412 1374 2515 1412 non
2567 1358 2749 1429 possit.
2808 1357 2941 1415 Nam
2992 1370 3045 1416 et
3107 1361 3230 1417 huic
3278 1363 3494 1417 totidem
3558 1381 3692 1434 pene

2113 1448 2284 1502 verbis
2333 1450 2398 1503 ita
2442 1451 2859 1520 responderetur
2895 1471 2907 1505 :
2956 1453 3111 1509 Jcsus
3153 1454 3398 1507 Christus
3441 1456 3695 1510 Dominus

2111 1555 2163 1597 et
2196 1545 2332 1598 Dens
2359 1558 2539 1599 noster
2560 1587 2572 1609 ,
2607 1546 2697 1600 Dei
2739 1544 2911 1601 Patris
2938 1558 2989 1601 et
3016 1547 3273 1602 creatoris
3303 1546 3462 1603 Filius
3483 1590 3497 1614 ,
3533 1565 3694 1620 super

2112 1648 2314 1705 petram
2363 1638 2642 1693 tedilicavit
2697 1638 3022 1704 Ecclesiam,
3086 1658 3188 1696 non
3237 1657 3396 1711 super
3443 1642 3694 1714 iniquita-

2113 1740 2218 1786 tem
2264 1750 2276 1786 :
2326 1742 2377 1787 et
2408 1743 2719 1801 potestatem
2751 1735 3048 1804 baptizandi
3080 1735 3341 1805 episcopis
3370 1735 3553 1802 dedit,
3586 1753 3692 1792 non

2112 1821 2323 1891 iniquis.
2368 1826 2542 1888 Quare
2572 1824 2658 1894 qui
2706 1840 2808 1878 non
2852 1828 3119 1893 pertinent
3155 1825 3221 1880 ad
3267 1837 3506 1897 petram,
3534 1844 3698 1897 super

2110 1929 2267 1983 quam
2302 1912 2565 1969 mdilicant
2588 1916 2675 1986 qui
2707 1918 2864 1971 verba
2895 1918 2985 1971 Dei
3018 1918 3235 1972 audiunt
3262 1929 3316 1972 et
3346 1920 3572 1983 faciunt,
3600 1920 3696 1975 sed

2110 2015 2296 2061 contra
2322 2005 2590 2062 Christum
2619 2010 2855 2064 viventes
2885 2007 3150 2063 audiendo
3178 2011 3336 2063 verba
3363 2012 3477 2079 ejus
3508 2022 3559 2064 et
3590 2029 3696 2065 non

2110 2094 2350 2161 faciendo
2370 2138 2386 2163 ,
2430 2112 2492 2151 ac
2516 2114 2611 2171 per
2639 2098 2738 2153 hoc
2765 2114 2924 2168 super
2952 2115 3167 2154 arenam
3195 2099 3505 2154 a'dilicantln
3524 2141 3540 2167 ,
3568 2116 3700 2155 oves

2110 2187 2226 2256 ejus
2263 2196 2317 2245 et
2349 2204 2563 2259 gregem
2604 2191 2930 2259 perditorum
2960 2208 3164 2245 tuorum
3194 2193 3438 2261 exetnplo
3458 2210 3700 2246 currum.

2110 2286 2240 2345 puut
2260 2319 2274 2341 ,
2304 2277 2571 2347 baptizare
2592 2296 2694 2334 non
2721 2290 2957 2350 possunt.
2982 2281 3242 2351 Numquid
3268 2298 3368 2335 non
3394 2295 3570 2352 pusset
3596 2284 3700 2337 huc

2111 2368 2469 2422 verisimiliter
2515 2369 2661 2423 dici?
2711 2382 2765 2424 et
2813 2380 2985 2424 tamen
3035 2370 3224 2425 falsum
3272 2384 3371 2426 est.
3422 2373 3701 2443 Raptim-nl.

2112 2459 2309 2527 quippe
2335 2458 2501 2529 iniqui
2525 2477 2538 2523 ;
2567 2460 2817 2529 quoniam
2846 2461 3006 2532 iniqui
3034 2472 3154 2516 sunt
3182 2463 3252 2516 illi
3281 2473 3537 2532 raptores,
3562 2481 3698 2534 quos

2114 2549 2164 2602 in
2211 2550 2410 2605 unitate
2451 2566 2632 2605 secum
2663 2551 2864 2620 positos
2900 2550 3192 2623 Cyprianus
3220 2555 3472 2623 arguebat
3500 2556 3652 2627 (Scrn
3681 2595 3696 2607 .

2114 2640 2176 2693 de
2196 2638 2421 2708 Lapsis).
2451 2640 2554 2695 Sed
2584 2642 2701 2697 ideo
2722 2684 2736 2707 ,
2765 2642 2935 2713 inquit
2962 2643 2983 2674 ⁸
3002 2686 3017 2711 ,
3048 2645 3247 2698 addidit
3276 2646 3417 2717 foris.
3442 2646 3550 2699 Cur
3570 2664 3703 2714 ergo

2114 2732 2196 2785 isti
2230 2734 2356 2787 loris
2381 2735 2646 2804 baptizare
2674 2752 2776 2789 non
2803 2737 3067 2805 possunt?
3094 2740 3173 2790 An
3201 2738 3319 2805 quia
3348 2738 3553 2806 pejores
3575 2747 3706 2791 sunt

2113 2840 2178 2879 eo
2200 2826 2315 2894 ipso
2340 2843 2445 2895 qtto
2475 2827 2603 2882 foris
2626 2837 2747 2882 sunt
2768 2830 2789 2883 ?
2808 2829 2911 2884 Sed
2943 2830 3068 2883 nihil
3103 2831 3324 2885 interest
3342 2832 3405 2884 ad
3430 2832 3699 2900 integrita-

2112 2926 2221 2973 tem
2264 2918 2518 2988 Baptismi
2543 2961 2558 2984 ,
2604 2921 2817 2990 quando
2851 2922 2997 2991 pejor
3040 2924 3091 2976 id
3135 2924 3319 2977 tradat.
3351 2924 3530 2994 Neque
3555 2926 3704 2979 enim

2116 3017 2321 3063 tantum
2345 3011 2561 3064 interest
2584 3012 2723 3066 inter
2750 3013 2944 3066 malum
2967 3022 3019 3067 et
3043 3014 3277 3084 peiorem
3298 3057 3313 3079 ,
3343 3026 3595 3084 quantum
3620 3016 3709 3068 in-

2117 3107 2282 3154 terest
2310 3101 2447 3154 inter
2473 3100 2665 3155 bonum
2696 3112 2750 3157 et
2776 3104 2969 3158 malum
3000 3122 3013 3158 :
3042 3114 3094 3157 et
3120 3115 3295 3159 tamen
3323 3122 3442 3159 cum
3472 3105 3707 3174 haptizat

2117 3193 2314 3257 malus,
2339 3207 2444 3248 non
2466 3192 2605 3247 aliud
2638 3193 2727 3248 (lat
2749 3210 2905 3263 quam
2930 3196 3118 3250 bonus.
3152 3195 3294 3265 Ergo
3317 3205 3508 3251 etcum
3531 3197 3707 3266 bapti-

2116 3293 2200 3339 zat
2247 3285 2396 3354 pejor
2417 3326 2433 3351 ,
2464 3301 2566 3339 non
2593 3286 2731 3341 aliud
2759 3286 2848 3341 dat
2872 3304 3027 3358 quam
3056 3289 3141 3343 ille
3168 3290 3254 3358 qui
3282 3289 3455 3344 minus
3479 3299 3562 3343 est
3585 3304 3706 3341 ma-

2116 3377 2219 3431 lus.
2251 3378 2330 3431 An
2361 3377 2495 3431 forte
2524 3393 2630 3431 non
2655 3377 2721 3432 ad
2752 3376 2980 3432 hominis
3006 3382 3250 3434 meritum
3278 3422 3291 3444 ,
3323 3380 3415 3434 sed
3442 3381 3504 3432 ad
3538 3380 3709 3449 ipsius

2118 3467 2373 3537 Baptismi
2400 3478 2789 3523 sacramentum
2820 3470 3045 3538 pertinet
3071 3481 3125 3524 ut
3154 3470 3279 3524 loris
3305 3469 3416 3523 dari
3448 3486 3551 3523 non
3575 3485 3708 3538 pos-

2116 3562 2188 3616 sit
2209 3562 2233 3613 Υ
2254 3561 2310 3616 Si
2337 3560 2440 3616 hoc
2462 3563 2530 3616 ita
2554 3572 2696 3616 esset
2719 3602 2732 3626 ,
2768 3577 2865 3616 nec
2894 3562 3075 3617 haberi
3102 3565 3228 3616 locis
3254 3576 3447 3633 posset,
3472 3575 3523 3617 et
3548 3566 3713 3620 toties

2119 3665 2338 3707 necesse
2374 3659 2518 3707 esset
2549 3650 2837 3720 baptizari,
2870 3654 3076 3719 quoties
3102 3651 3357 3707 recedens
3380 3654 3606 3721 quisque
3632 3656 3715 3709 ab

2123 3744 2355 3799 Ecclesia
2385 3758 2569 3799 rursus
2593 3744 2660 3798 ad
2682 3742 2971 3798 Ecclesiam
2998 3755 3306 3801 remeasset.

2194 3836 2282 3891 44.
2310 3835 2558 3891 Jamvero
2579 3836 2627 3891 si
2654 3836 2956 3904 diligentius
2982 3851 3284 3907 quarramus
3309 3836 3434 3907 quid
3455 3838 3520 3891 sit
3543 3838 3712 3907 foris,

2121 3928 2352 3982 maxime
2387 3927 2509 3997 quia
2550 3927 2661 3996 ipse
2688 3929 3243 3984 commemorationem
3270 3927 3393 3983 fecit
3421 3938 3583 3997 petra:
3611 3944 3712 3982 su-

2124 4034 2218 4088 per
2240 4034 2397 4087 quam
2425 4019 2445 4052 δ
2466 4018 2755 4075 tedilicatur
2783 4019 3019 4075 Ecclesia
3051 4038 3065 4074 :
3092 4035 3266 4075 nonne
3295 4020 3366 4073 illi
3386 4029 3509 4074 sunt
3527 4021 3577 4072 in
3602 4020 3712 4073 lic-

2122 4108 2283 4162 clesia
2308 4150 2324 4177 ,
2371 4110 2460 4179 qui
2504 4118 2631 4165 sunt
2674 4112 2724 4165 iu
2770 4121 2964 4181 petra;
2995 4112 3084 4181 qui
3122 4121 3297 4166 autem
3338 4111 3389 4164 in
3422 4121 3567 4181 petra
3601 4131 3709 4167 u'm

2123 4208 2270 4265 sunt,
2304 4216 2402 4255 nec
2435 4202 2485 4254 in
2510 4201 2745 4257 Ecclesia
2763 4201 2923 4257 sunt?
2947 4202 3064 4257 Jam
3088 4218 3214 4271 ergo
3234 4201 3504 4256 videamus
3532 4211 3712 4254 ull'ttttl

2123 4305 2284 4361 super
2331 4300 2533 4360 petram
2577 4292 2860 4347 :edilicium
2900 4306 3053 4348 suum
3091 4292 3447 4358 constituant,
3479 4292 3567 4362 qui
3607 4308 3713 4345 au-

2124 4382 2276 4439 diunt
2320 4382 2518 4437 Christi
2564 4383 2757 4448 verba,
2796 4391 2849 4438 ct
2891 4399 2997 4437 non
3041 4383 3256 4437 faciunt.
3282 4381 3602 4437 Contradicit
3630 4384 3716 4437 eis

2125 4476 2238 4545 ipse
2260 4476 2543 4537 Dominus,
2569 4474 2751 4529 dicens
2777 4492 2790 4528 :
2827 4476 2927 4543 Qui
2954 4476 3094 4529 audit
3119 4476 3262 4529 verba
3291 4492 3399 4528 mea
3420 4476 3525 4529 lucc
3552 4484 3596 4528 et
3622 4479 3715 4546 fn-

2123 4571 2190 4623 cit
2218 4586 2279 4624 ea
2296 4611 2312 4635 ,
2338 4568 2568 4623 similabo
2595 4570 2738 4623 illum
2769 4571 2874 4624 viro
2898 4571 3130 4640 prudenti
3156 4572 3240 4640 qui
3264 4571 3481 4638 a’diﬁmt
3509 4572 3716 4621 deuiam

2125 4678 2266 4716 suam
2319 4678 2472 4730 super
2518 4670 2709 4731 petram
2740 4678 2757 4725 ;
2804 4671 2855 4717 et
2890 4662 3047 4730 paulo
3088 4671 3239 4731 post,
3272 4662 3371 4728 Qui
3397 4661 3536 4715 audit
3564 4662 3715 4713 verba

2126 4771 2238 4808 mea
2283 4754 2389 4807 lucc
2432 4763 2476 4807 rt
2521 4770 2618 4807 non
2646 4755 2766 4826 facit
2795 4770 2853 4807 ca
2873 4796 2887 4818 ,
2917 4754 3146 4807 similabo
3176 4771 3285 4806 euut
3314 4754 3417 4807 viro
3446 4754 3600 4806 stulto
3630 4755 3717 4821 qui

2125 4845 2344 4913 a’di/icat
2387 4844 2592 4899 domum
2632 4862 2777 4898 suam
2809 4862 2959 4914 super
2984 4861 3187 4897 arenam
3220 4844 3432 4914 (Matth.
3466 4860 3534 4897 vu
3560 4886 3575 4909 ,
3605 4844 3676 4898 2i
3698 4887 3713 4911 ,

2125 4935 2241 5009 9.6).
2281 4937 2335 4992 Si
2364 4952 2492 5007 ergo
2521 4937 2571 4991 in
2601 4946 2745 5006 petra
2777 4945 2858 4991 est
2890 4936 3120 4990 Ecclesia
3147 4976 3163 5000 ,
3195 4936 3266 4989 illi
3294 4936 3381 5005 qui
3409 4952 3568 5004 super
3595 4953 3715 4989 are-

2129 5046 2250 5084 nam
2293 5038 2454 5095 sunt,
2502 5029 2624 5098 quia
2658 5038 2807 5085 extra
2857 5039 3057 5097 petram
3101 5036 3257 5091 sunt,
3304 5027 3540 5095 profecto
3566 5038 3717 5080 extra

2132 5121 2425 5177 Ecclesiam
2481 5131 2623 5174 sunt.
2681 5121 3043 5176 Recordemur
3094 5120 3267 5189 itaque
3314 5133 3469 5188 quam
3520 5118 3720 5173 multus

2196 5301 2211 5331 ¹
2244 5307 2290 5347 ln
2314 5306 2442 5355 Mss,
2468 5310 2611 5362 super
2640 5303 2835 5362 Petrum

2194 5362 2379 5412 'sicin
2405 5357 2804 5421 Mss.'plerisrpte
2848 5357 3043 5421 etantd
3081 5365 3185 5405 lor.
3230 5365 3282 5406 et
3326 5358 3626 5420 Cynisttnm.
3667 5365 3720 5407 at

2131 5438 2174 5485 a;
2194 5424 2255 5472 ud
2286 5432 2382 5470 Am.
2412 5430 2464 5471 et
2486 5429 2581 5480 Fax,
2606 5420 2760 5481 Qutu‘e
2820 5420 2936 5485 Quid
2953 5420 3119 5485 extra,
3138 5427 3233 5485 etc.

2198 5487 2218 5516 ³
2255 5485 2562 5533 Corbeiensis
2607 5479 2658 5533 et
2699 5484 2999 5545 antiquiores
3043 5481 3236 5545 quidam
3283 5489 3378 5528 MSS.
3409 5516 3424 5539 ,
3471 5484 3570 5527 tam
3614 5479 3717 5528 (tre-

2133 5549 2268 5599 riter.

2198 5611 2216 5640 ει
2244 5615 2314 5655 l-Zt‘.
2357 5614 2407 5656 et
2430 5614 2536 5656 Iov.
2558 5641 2571 5665 ,
2597 5606 2808 5669 inquam.
2838 5614 2890 5656 At
2914 5614 3010 5653 Am.
3036 5611 3087 5653 et
3106 5611 3234 5664 Mss,
3258 5600 3411 5665 inquit
3450 5614 3465 5651 :
3489 5600 3724 5660 subaudi,

2140 5670 2399 5722 Donatista.
3684 5720 3693 5727 _

2196 5736 2216 5765 δ
2243 5732 2407 5780 Plures
2431 5738 2563 5792 Mss,
2599 5728 2723 5780 rctri
2745 5742 2888 5793 super
2909 5741 3047 5791 quem
3080 5740 3095 5777 :
3120 5727 3262 5789 male,
3291 5737 3344 5777 ut
3376 5740 3437 5775 ex
3462 5729 3723 5789 sequenft‘

2137 5800 2228 5847 bus
2253 5802 2399 5858 patet.
