4028 6202
207 372 312 425 2ὶὸ

210 485 593 540 muancmoret
628 467 927 542 Cyprianus
952 456 1099 516 velut
1122 453 1267 510 intus
1293 449 1494 521 positos
1522 443 1611 514 qui
1638 436 1804 495 acditi-

214 585 332 630 cant
379 584 540 638 super
586 575 807 618 arenam
832 600 846 622 ,
878 553 928 610 id
958 560 1068 616 est,
1102 547 1324 602 audiunt
1349 540 1508 595 verba
1537 531 1731 590 Christi
1761 536 1814 582 ct

217 684 318 738 ιιυιι
357 664 570 717 t’aziunt.
611 656 680 712 Et
719 652 841 707 ideo
883 646 1004 717 quia
1048 656 1208 710 super
1231 648 1449 692 arenam
1475 636 1632 691 sunt,
1665 631 1814 680 extra

1163 730 1177 738 .
1274 735 1282 738 Α
1379 735 1390 738 _
1438 715 1811 738 ,ηημεηη

221 736 320 830 peti
336 773 419 811 .tm
445 767 565 808 esse
595 745 985 803 convincuntur
1005 778 1020 800 ,
1038 730 1180 804 quod
1208 735 1290 784 est
1309 735 1456 780 extra
1479 715 1772 775 Ecclesiam
1797 727 1812 763 :

221 865 394 908 tamen
432 856 487 901 ct
515 839 770 916 quamliu
799 837 871 889 ita
899 838 1053 895 sunt,
1084 831 1138 881 et
1168 819 1401 877 nondum
1431 813 1518 868 vel
1549 816 1817 876 nunquam

223 948 270 999 in
303 941 495 996 nntius
521 901 926 990 commutantur
947 962 963 988 ,
987 917 1258 988 baptizant
1283 920 1337 965 et
1364 904 1698 975 baptizantur
1722 913 1736 962 ;
1767 901 1822 948 ct

228 1035 523 1104 Baptistnus
563 1040 720 1098 quem
750 1019 979 1082 habent,
1011 1011 1115 1068 illis
1144 1005 1211 1062 ad
1236 997 1632 1059 damnationem
1658 988 1822 1046 desti-

228 1127 359 1182 natis
385 1124 594 1190 integer
619 1121 818 1171 manet.

295 1173 611 1282 iiiilh'eque
659 1207 763 1260 hoc
807 1203 924 1256 loco
965 1196 1070 1252 dici
1115 1197 1290 1264 potest
1333 1181 1448 1260 (a):
1500 1178 1632 1249 Quis
1679 1173 1822 1230 enim

233 1311 349 1363 iacit
377 1304 558 1360 omnia
607 1297 768 1352 verba
815 1287 1052 1354 Domini,
1097 1298 1218 1355 qua:
1267 1279 1320 1334 in
1364 1276 1481 1346 ipso
1519 1265 1825 1338 evangelico

237 1415 482 1460 sermone
512 1389 817 1459 conscripta
845 1390 988 1448 sunt,
1016 1391 1173 1451 quem
1201 1367 1528 1429 concludens
1541 1363 1636 1430 ait,
1654 1355 1825 1414 aedili-

237 1511 358 1552 Care
380 1506 546 1560 super
575 1495 780 1558 petram
804 1476 893 1551 qui
920 1473 1106 1531 eadem
1134 1466 1296 1522 verba
1323 1459 1570 1516 audirent
1605 1462 1661 1509 et
1686 1449 1826 1506 face-

239 1597 392 1651 rent;
424 1596 593 1651 super
615 1588 834 1633 arenam
868 1578 1044 1625 autem
1069 1563 1163 1635 qui
1197 1557 1444 1614 audirent
1467 1561 1522 1607 et
1553 1563 1660 1604 non
1686 1544 1831 1599 face-

241 1680 389 1737 rent?
430 1675 568 1744 Quia
596 1679 654 1727 et
671 1670 715 1725 si
743 1683 776 1721 a
803 1659 1119 1736 quihusdam
1160 1668 1265 1708 non
1297 1647 1583 1719 implentur
1606 1635 1784 1695 omnia
1812 1673 1828 1700 ,

243 1774 294 1827 iu
326 1768 514 1825 eodem
542 1774 721 1818 tamen
751 1766 1000 1814 sermone
1030 1744 1206 1818 posuit
1235 1738 1573 1798 medicinam,
1603 1729 1784 1784 dicens
1815 1741 1835 1778 ι

250 1819 520 1920 Biiititiite,
551 1862 598 1922 et
637 1847 916 1904 dimittetur
958 1838 1093 1894 vobis
1123 1834 1274 1908 (Luc.
1321 1845 1416 1891 vt,
1462 1819 1580 1897 37).
1613 1820 1682 1875 Et
1721 1825 1838 1887 post

247 1952 544 2008 orationem
573 1939 894 1999 dominicam
933 1934 986 1989 in
1025 1928 1214 1986 eodem
1259 1923 1375 1992 ipso
1413 1927 1660 1974 sermone
1695 1923 1841 1964 com-

251 2048 598 2099 memoratam
624 2043 786 2102 atque
810 2023 1207 2092 conscriptam:
1242 2013 1365 2070 Dico
1393 2008 1524 2064 enim
1553 2003 1691 2060 vobis
1712 2043 1725 2065 ,
1756 1999 1838 2052 iu-

255 2135 360 2204 quit
382 2173 399 2197 ,
425 2131 471 2185 si
501 2088 791 2181 dimiseritis
818 2088 1351 2190 peccata'ltominibus,
1385 2097 1602 2154 dimittet
1626 2101 1673 2146 et
1708 2088 1842 2144 vobis

260 2173 360 2204 ἰν--
382 2173 399 2197 s
425 2173 471 2185 --
501 2173 692 2181 -ν-ν--νν
713 2173 737 2174 ρ
819 2173 831 2190 ,

260 2227 412 2280 Pater
447 2231 609 2278 vester
645 2223 850 2288 peccata
883 2217 1084 2269 vestra;
1128 2201 1172 2255 si
1205 2205 1373 2251 autem
1414 2207 1514 2245 non
1556 2173 1846 2241 dimiseritis

260 2275 568 2376 horninibus,
597 2275 755 2377 neque
784 2300 934 2355 Pater
953 2304 1110 2352 vester
1137 2289 1350 2344 dimittet
1373 2281 1506 2337 vobis
1532 2275 1743 2351 (Matth.
1771 2287 1844 2335 vt,

271 2411 362 2473 li,
397 2404 508 2475 15).
542 2364 683 2457 lliuc
706 2407 760 2453 et
787 2396 975 2450 Petrus
1000 2389 1074 2443 ait
1101 2387 1117 2417 ί
1143 2426 1160 2450 ,
1192 2380 1325 2448 Quia
1365 2373 1586 2430 charitas
1628 2364 1851 2438 cooperit

265 2459 638 2555 multitudinem
667 2495 981 2562 peccatorum
1011 2480 1050 2549 (l
1076 2477 1216 2531 Petr.
1248 2489 1332 2538 tv,
1363 2467 1416 2540 8)
1443 2485 1456 2521 :
1485 2478 1646 2537 quam
1674 2459 1855 2528 utique

266 2551 679 2650 uettvliabebant'
696 2582 770 2638 illi
787 2623 804 2647 ,
832 2593 895 2634 ac
924 2590 1014 2646 per
1045 2573 1148 2626 hoc
1171 2581 1333 2638 super
1361 2573 1578 2617 arenam
1623 2551 1855 2610 aedifica-

545 2639 749 2750 quibus
771 2639 1236 2739 idem—Cyprianus
1277 2653 1406 2713 dicit
1428 2693 1443 2718 ,
1472 2646 1611 2720 quod
1637 2645 1779 2699 intus
1806 2639 1859 2694 in

273 2731 386 2742 "'""
410 2731 428 2752 ν
463 2731 523 2737 ’⁷⁷
559 2731 587 2750 Ί
632 2731 641 2732 ί
985 2731 1037 2739 --

273 2772 530 2832 malevola
569 2765 766 2823 invidia
808 2760 966 2817 etiam
1017 2749 1345 2822 temporibus
1389 2736 1697 2812 apostolicis
1743 2731 1863 2786 sine

274 2821 532 2924 charitate
558 2821 1014 2916 conversabantnr
1041 2821 1231 2916 (Epist.
1266 2841 1335 2895 73
1355 2881 1368 2901 ,
1399 2837 1465 2891 ad
1490 2821 1822 2898 .Iubaianttm)
1846 2841 1862 2888 ;

274 2970 326 3016 et
352 2959 472 3012 ideo
500 2955 648 3008 intus
673 2946 888 3020 quidem
915 2955 1034 2996 csse
1056 2935 1392 2994 videbantur,
1417 2925 1512 2982 sed
1534 2923 1660 2978 forts
1688 2925 1864 2979 erant,

279 3051 395 3120 quia
429 3048 482 3100 in
511 3045 602 3098 illa
633 3010 781 3111 petra
822 3050 916 3105 per
941 3045 1101 3102 quam
1142 3023 1474 3096 signiﬁcatur
1498 3010 1735 3071 Ecclesia
1763 3021 1870 3061 non

280 3151 448 3199 erant.

350 3191 580 3290 tam
618 3222 788 3282 xxv.
812 3217 991 3274 —to.
1031 3211 1259 3270 Sedatus
1296 3221 1327 3261 a
1363 3199 1616 3260 Tuburbo
1645 3197 1666 3228 ι
1699 3191 1873 3248 dixit:

286 3327 351 3386 1η
378 3331 626 3397 quantum
666 3332 800 3386 aqua
833 3306 1108 3368 sacerdotis
1133 3316 1276 3374 prece
1304 3297 1356 3351 in
1385 3289 1614 3348 Ecclesia
1657 3281 1882 3351 sancti/i-

1219 3393 1228 3397 ‘
1370 3385 1382 3397 ⁸
1585 3391 1708 3397 φη--
1749 3371 1882 3397 ..-Ι-,ι

287 3371 404 3474 catt:
441 3413 604 3469 abluit
633 3407 856 3470 delicta,
883 3403 935 3454 in
979 3371 1173 3453 tantum
1210 3385 1443 3445 heretico
1482 3391 1709 3436 sermone
1749 3371 1891 3427 velut

291 3523 498 3565 concere
524 3505 545 3535 ³
570 3501 757 3571 infecta
783 3492 1004 3550 cumulat
1033 3493 1257 3558 peccata.
1291 3478 1462 3543 Quare
1485 3468 1714 3526 omnibus
1739 3462 1882 3535 paci-

297 3604 404 3671 ﬁcis
426 3598 628 3668 quidem
649 3590 834 3647 viribus
855 3581 1109 3640 nitendum
1130 3585 1224 3641 cst,
1249 3589 1311 3628 ne
1330 3569 1442 3640 quis
1468 3561 1701 3640 ha'retico
1721 3569 1889 3612 errore

1433 3657 1471 3671 π
1550 3655 1581 3671 -⁰
1647 3669 1654 3671 Α
1672 3668 1692 3671 _
1729 3648 1861 3671 -l-a..-

429 3648 454 3668 ~.

299 3694 512 3761 infectus
538 3695 587 3740 ct
613 3686 802 3738 tinctus
826 3719 842 3746 ,
867 3673 1126 3745 singulare
1149 3676 1196 3722 et
1231 3677 1404 3719 verum
1428 3655 1694 3726 Baptisma
1721 3648 1889 3704 detre-

301 3795 393 3838 ctet
420 3781 648 3848 accipere
672 3774 715 3840 ’⁵,
746 3787 844 3841 quo
873 3763 1100 3836 quisquis
1129 3774 1231 3814 non
1261 3753 1411 3827 fuerit
1434 3747 1712 3818 baptizatus
1740 3752 1894 3808 regno

305 3875 545 3930 calorum
574 3869 659 3936 fiet
684 3859 937 3918 alienus”.

377 3965 468 4020 4⁵1.
511 3961 645 4016 linic
687 3948 1077 4023 reSpoudetur,
1117 3939 1240 4012 quia
1281 3935 1328 3993 si
1384 3947 1495 3987 non
1535 3922 1900 3982 sanctilieatur

312 4072 444 4128 aqua
469 4096 485 4117 ,
511 4065 633 4109 cum
664 4048 841 4116 aliqua
869 4038 1068 4095 erroris
1113 4033 1273 4088 verba
1304 4041 1401 4099 per
1428 4016 1746 4092 imperitiam
1775 4025 1901 4081 pre-

1143 4125 1154 4128 ‘
1370 4116 1402 4128 υ
1537 4111 1551 4128 I
1591 4108 1738 4128 dra...
1779 4099 1901 4128 LA“:

313 4099 464 4203 αξιοι
488 4139 735 4202 effundit,
756 4099 918 4190 'multi
947 4144 1052 4184 non
1079 4125 1252 4182 solum
1283 4116 1430 4184 mali,
1460 4111 1555 4170 sed
1582 4108 1742 4165 etiam
1779 4099 1904 4156 boni

318 4241 507 4294 fratres
529 4237 580 4288 in
603 4234 716 4302 ipsa
736 4225 979 4284 Ecclesia
1001 4235 1105 4275 non
1126 4211 1462 4272 sanctiticant
1479 4217 1690 4274 aquam.
1719 4195 1910 4252 Multo-

320 4345 436 4385 rum
464 4329 606 4382 enim
627 4286 824 4393 'preces
848 4312 1196 4373 emendantur
1223 4299 1480 4376 quotidie,
1510 4295 1556 4350 si
1582 4286 1910 4348 doctioribus

324 4420 519 4474 int-rint
561 4414 833 4474 recitatae,
873 4415 926 4460 et
953 4403 1117 4458 multa
1161 4397 1215 4453 in
1247 4395 1326 4452 eis
1363 4387 1701 4460 reperiuntur
1727 4387 1912 4433 contra

322 4509 642 4566 catholicam
683 4469 862 4557 tidem.
914 4488 1180 4562 Numquid
1217 4487 1264 4542 si
1304 4479 1671 4540 maniicstetur
1709 4469 1916 4538 aliquos

326 4603 624 4671 baptizatos
643 4639 660 4664 ,
687 4609 811 4650 cum
841 4591 944 4645 illac
974 4558 1159 4656 preces
1187 4579 1344 4634 dicta:
1377 4585 1538 4641 super
1565 4578 1755 4636 aquam
1785 4558 1915 4614 I‘uis-
1977 4620 1980 4624 ,

328 4649 838 4760 εειῑζ-ξιιιιιξίιιιιιιιιι
875 4649 1052 4735 deuito
1087 4666 1340 4742 baptizari
1375 4656 1600 4727 ‘iQuid
1641 4656 1749 4710 ita?
1787 4649 1920 4719 Quia

333 4743 648 4854 plerumque
697 4773 870 4847 precis
903 4770 1088 4824 vitium
1117 4766 1334 4833 superat
1362 4751 1628 4826 precantis
1657 4743 1878 4801 allectus
1903 4754 1919 4795 :

409 5028 425 5060 ι
464 5023 764 5095 antiquiores
808 5023 950 5074 5155.,
999 5018 1204 5060 Joannes
1248 5002 1334 5054 ait.
1372 4999 1546 5049 Verius
1593 5001 1788 5052 tamen,
1842 4998 1930 5041 re-

338 5100 448 5139 (ns
477 5094 559 5137 α.

411 5125 448 5182 δ’
457 5125 559 5198 Αἶῖί
574 5153 650 5197 Er.
675 5150 731 5194 et
750 5139 936 5202 aliquot
957 5142 1084 5202 Mss,
1099 5145 1132 5181 a
1156 5125 1384 5202 (Tttborbo2

401 5207 424 5238 ⁸
679 5183 993 5253 Excidit—ss.
1017 5183 1096 5244 hic
1121 5201 1172 5243 ct
1209 5190 1334 5253 apud
1367 5185 1667 5250 Cyprianum.
1709 5185 1764 5228 At
1792 5183 1902 5226 Lov.
1921 5211 1934 5235 ,

349 5283 428 5320 rm
445 5284 470 5318 c
532 5308 544 5320 .

416 5286 444 5366 ἐ
587 5337 639 5380 ct
663 5327 834 5392 plures
854 5329 994 5392 Mss,
1021 5318 1282 5392 retractet.
1310 5307 1691 5392 Enn-detrectet.

417 5395 440 5428 ⁸
777 5358 847 5436 “ei
1013 5358 1310 5444 cymatiis.
1345 5358 1554 5428 δίων..
1578 5381 1609 5416 a
1633 5376 1778 5428 regno
1800 5358 1942 5411 cccle-

349 5469 470 5508 nmt
490 5451 700 5516 Ecclesia
721 5448 804 5516 ﬁet
820 5443 1024 5516 alienus.

423 5479 470 5506 1η
490 5479 700 5507 ubi?“
721 5479 804 5516 μευ
820 5479 1024 5497 υκυσιικν.

423 5519 444 5554 ⁸
465 5517 570 5568 sola
595 5515 703 5564 fere
728 5511 878 5562 editio
908 5513 1039 5568 l.ov.,
1071 5499 1490 5568 ntquiﬁgstat'entur
1528 5479 1945 5553 ali1uibaptisali,

358 5614 378 5630 .
391 5561 826 5642 ,ἶῖιῶξι-ὦιιιτ
846 5569 1002 5620 denuo
1020 5561 1271 5628 baptizari.

425 5684 498 5746 (α)
523 5689 573 5754 Iun
604 5680 738 5729 hunc
763 5675 923 5748 locum
944 5669 1266 5734 Levantenses
1284 5698 1297 5719 ,
1327 5658 1689 5709 annotationum
1714 5667 1822 5716 rag.
1854 5651 1908 5700 i7
1937 5665 1948 5698 :

514 5753 520 5754 ⁷
553 5753 559 5754 ⁷
609 5749 614 5752 “
692 5753 703 5754 ί
802 5741 932 5754 “““‘
981 5752 993 5754 -
1020 5741 1196 5754 “··’“·¹··“·
1217 5734 1247 5754 ιι
1275 5735 1388 5754 mm“
1414 5722 1567 5754 nmnin
1593 5727 1701 5754 ηιιεβ
1725 5725 1948 5754 ςιψηιηηρ

370 5762 396 5790 σ
414 5722 566 5794 s‘eittit
591 5722 736 5803 ergo,
753 5722 777 5782 δέ
791 5722 952 5803 niunt,
977 5752 1003 5803 τι
1020 5741 1197 5803 pra'cel
1217 5727 1250 5775 ti
1275 5735 1389 5773 esse
1414 5722 1569 5770 omnia
1593 5727 1701 5781 qu:e
1725 5725 1955 5766 sermone

372 5823 399 5852 ι
624 5791 682 5853 iii
699 5791 865 5850 monte
882 5791 1042 5845 habito
1065 5791 1425 5841 continentur.»

1599 324 1798 386 LIBER
1837 321 2129 379 SEXTUS.

3391 310 3498 365 2M

1919 444 1972 489 ct
1997 435 2116 506 quia
2155 440 2300 488 eet-ta
2329 432 2414 487 illa
2445 429 2746 500 evangelica
2776 427 2935 481 verba
2955 468 2968 492 ,
3016 426 3130 479 sine
3169 421 3508 493 quibusnnrt

1921 533 2093 596 potest
2121 522 2423 593 Baptismus
2462 519 2760 576 consecrari
2780 559 2800 584 ,_
2828 525 3032 570 tantum
3064 513 3274 576 valent,
3307 521 3366 564 ut
3404 524 3498 578 per

1921 618 2005 672 illa
2032 617 2108 671 sic
2132 621 2454 671 evacuentur
2479 624 2823 681 qutccumque
2846 607 2897 661 in
2929 622 3083 676 prece
3111 603 3296 657 vitiosa
3317 611 3523 656 contra.

1921 708 2158 778 rcgulam
2207 704 2330 759 lidei
2371 703 2636 768 dicuntur,
2686 695 3130 770 quemadmodum
3176 691 3523 747 daemonium:

1922 798 2120 855 Christi
2160 796 2376 852 nomine
2413 792 2726 850 excluditur.
2757 789 2888 844 Nam
2930 789 3110 855 utique
3150 784 3432 839 haereticus
3457 783 3521 838 si.

1924 892 2112 946 atl‘erat
2138 903 2349 960 precem
2382 887 2647 952 vitiosam,
2676 900 2774 939 nec
2789 884 2985 939 bonum
3010 881 3168 936 habet
3197 875 3507 933 'charitatis

1926 985 2202 1066 allectum,
2254 997 2360 1052 quo
2387 979 2554 1050 possit
2599 978 2684 1032 illa
2712 975 2973 1046 imperitia
2995 972 3271 1044 superari;
3302 979 3356 1025 et
3382 968 3502 1022 ideo

1926 1077 2117 1134 similis
2155 1061 2236 1130 est
2262 1074 2313 1130 ei
2340 1073 2657 1144 quicumque
2685 1069 2738 1123 in
2767 1068 2881 1138 ipsa
2908 1065 3176 1121 Catholica
3215 1061 3425 1118 invidus
3455 1071 3509 1114 ct

1929 1167 2258 1230 malevolus,
2311 1164 2496 1234 quales
2540 1163 2648 1217 illic
2698 1160 2871 1231 arguit
2916 1157 3211 1229 Cyprianus
3254 1172 3269 1209 :
3325 1152 3512 1208 all‘erat

1929 1261 2110 1324 etiam,
2143 1265 2202 1311 ιιι
2227 1255 2342 1312 liet-i
2367 1255 2521 1320 solet,
2550 1253 2776 1322 aliquam
2805 1263 3038 1320 precem,
3063 1247 3116 1301 in
3141 1262 3241 1316 qua
3265 1238 3513 1313 loquatur

1931 1358 2113 1406 contra
2140 1346 2374 1417 regulam
2406 1342 2558 1411 tidei;
2586 1341 2735 1396 multi
2761 1340 2956 1411 quippe
2982 1337 3188 1392 irruunt
3211 1335 3265 1388 in
3290 1347 3473 1402 preces
3498 1371 3514 1392 ,

1933 1458 2036 1496 non
2058 1441 2229 1495 solum
2250 1439 2318 1493 ab
2337 1435 2595 1508 imperitis
2615 1431 2942 1507 loquacibus,
2965 1428 3057 1484 sed
3081 1427 3237 1481 etiam
3261 1423 3328 1478 ab
3350 1422 3515 1476 barre-

1933 1534 2053 1614 tieis
2077 1531 2420 1601 compositas,
2444 1537 2497 1584 et
2524 1543 2617 1598 per
2641 1523 2950 1595 ignorantia:
2973 1519 3386 1589 simplicitatem,
3410 1531 3515 1569 non

1935 1643 2027 1683 eas
2051 1627 2287 1683 valentes
2315 1625 2616 1682 discernere
2638 1660 2653 1686 ,
2686 1627 2904 1673 utuntur
2931 1616 3006 1670 eis
3035 1614 3352 1668 arbitrantes
3378 1608 3526 1679 quod

1938 1721 2092 1779 bona:
2117 1720 2257 1784 sint;
2285 1732 2384 1772 nec
2407 1726 2580 1770 tamen
2610 1711 2749 1782 quod
2777 1710 2830 1764 in
2855 1708 2932 1764 eis
2961 1719 3266 1777 perversum
3293 1710 3372 1756 est
3398 1715 3522 1756 cva-

1940 1823 2063 1870 enat
2085 1811 2172 1867 illa
2201 1826 2318 1881 quae
2348 1808 2418 1864 ibi
2444 1814 2589 1862 recta
2617 1813 2762 1870 sunt,
2792 1800 2886 1856 sed
2913 1800 2979 1854 ab
3004 1798 3080 1854 eis
3101 1795 3273 1866 potius
3297 1806 3526 1849 evacua-

1943 1913 2066 1962 tur:
2116 1905 2255 1958 sicut
2288 1901 2342 1956 iu
2387 1899 2502 1970 ipso
2541 1895 2758 1951 homine
2792 1893 2947 1947 bona:
2991 1889 3102 1958 spei
3147 1893 3201 1941 et
3241 1882 3529 1955 probabilis

1948 1991 2092 2055 fidei,
2121 1990 2214 2046 sed
2238 1999 2411 2044 tamen
2441 1986 2677 2051 homine,
2705 1980 2900 2054 siquid
2919 1979 3075 2033 aliter
3095 1975 3252 2046 sapit,
3281 1989 3384 2028 non
3407 1971 3532 2025 inde

1949 2091 2272 2140 evacuantur
2298 2096 2416 2152 quze
2442 2087 2587 2133 nocte
2615 2074 2786 2146 sapit,
2813 2073 2983 2127 donec
3006 2069 3053 2124 ei
3080 2069 3220 2122 Deus
3253 2064 3456 2120 revolet
3481 2071 3535 2114 ιιι.

1951 2173 2094 2248 quod
2122 2175 2274 2232 aliter
2299 2172 2436 2242 sapit
2465 2168 2718 2240 (Philipp.
2749 2182 2802 2220 ttt
2821 2154 2841 2231 ,’
2864 2161 2973 2234 l5).
3010 2160 3066 2214 Si
3088 2169 3262 2212 autem
3286 2158 3398 2224 ipse
3425 2171 3536 2207 tua-

1954 2269 2037 2323 lus
2062 2275 2144 2321 est
2169 2274 2328 2335 atque
2354 2275 2653 2333 pet'versus,
2684 2257 2728 2311 si
2754 2269 2968 2326 precem
2997 2252 3256 2321 integram
3285 2247 3458 2308 dicat,
3486 2253 3540 2297 et

1957 2360 2097 2417 nulla
2125 2376 2188 2414 ex
2212 2366 2364 2432 parte
2391 2355 2508 2414 lidci
2535 2352 2812 2413 catlmlicaa
2837 2347 3140 2408 adversam,
3165 2357 3270 2396 nou
3293 2340 3410 2395 ideo
3429 2338 3543 2408 ipse

1957 2462 2136 2521 rectus
2162 2458 2275 2516 est,
2306 2448 2428 2521 quia
2458 2446 2543 2503 illa
2575 2451 2718 2500 recta
2744 2449 2864 2497 est:
2899 2448 2953 2495 et
2977 2436 3023 2492 si
3044 2437 3097 2492 in
3131 2433 3392 2502 aliquibus
3422 2444 3545 2499 per-

1961 2557 2167 2600 vcrsam
2200 2555 2413 2611 precem
2442 2537 2648 2600 alienat,
2678 2534 2818 2590 Deus
2843 2531 2998 2586 adest
3022 2524 3339 2597 evangelicis
3372 2517 3549 2576 verbis

1963 2636 2110 2699 suis,
2141 2635 2258 2688 sine
2298 2631 2490 2704 quibus
2532 2625 2836 2700 Baptismus
2877 2620 3075 2679 Christi
3115 2613 3415 2674 consecrari
3444 2626 3548 2665 non

1966 2735 2178 2799 potest;
2203 2733 2257 2780 ct
2284 2724 2395 2793 ipse
2420 2697 2716 2776 sanctificat
2739 2717 3143 2774 Sacmmcntum
3173 2721 3350 2769 suum,
3374 2714 3430 2757 ut
3457 2697 3553 2760 hn-

1968 2818 2101 2875 mini
2128 2816 2239 2874 sive
2252 2823 2547 2884 antequam
2573 2809 2870 2879 baptizatur
2889 2847 2905 2872 ,
2932 2804 3045 2861 sive
3073 2815 3193 2856 eum
3221 2797 3522 2867 baptizatur»
3539 2833 3554 2854 ,

1973 2911 2085 2968 sive
2128 2917 2308 2982 postea
2355 2903 2672 2979 quandoque
2717 2899 2788 2957 ad
2832 2912 2892 2953 se
2942 2894 3202 2950 veraciter
3255 2900 3516 2944 converso
3543 2925 3556 2948 ,

1977 3005 2204 3076 idipsnm
2247 2977 2420 3058 valeat
2442 2997 2510 3056 ad
2540 2996 2764 3052 salutem
2785 3033 2801 3058 ,
2832 2987 2976 3062 quod
3000 2986 3066 3042 ad
3096 2982 3386 3060 perniciem
3413 2977 3560 3046 ,ιιῑεὶ

1978 3098 2401 3156 converteretur,
2422 3086 2642 3142 valeret.
2664 3083 2928 3141 Cancrum
2953 3077 3072 3150 quis
3096 3072 3298 3130 nesciat
3319 3085 3424 3125 non
3446 3082 3566 3121 esse

1981 3184 2310 3258 liaptistuum
2340 3177 2571 3243 Christi,
2599 3175 2644 3231 si
2673 3173 2831 3229 verba
2862 3165 3163 3238 evangeliea
3188 3161 3381 3234 quibus
3403 3158 3565 3228 Sym-

1983 3277 2164 3334 bolum
2193 3278 2402 3329 constat
2421 3270 2527 3324 illic
2546 3264 2846 3322 defuerint?
2873 3260 2979 3317 Sed
3003 3254 3210 3314 facilius
3231 3252 3569 3307 inveniuntur

1985 3365 2224 3426 hmretici
2245 3364 2336 3437 qui
2355 3361 2572 3420 omnino
2595 3374 2700 3414 non
2721 3357 3019 3426 baptizent,
3035 3365 3193 3422 quam
3220 3346 3319 3417 qui.
3336 3359 3442 3398 non
3464 3340 3569 3394 illis

1989 3461 2168 3519 verbis
2196 3431 2481 3529 baptizent.
2511 3451 2742 3520 ideoque
2768 3447 2993 3503 dicimus
3019 3458 3124 3497 non
3154 3453 3367 3494 onmem
3396 3431 3575 3503 bapti-

1993 3570 2166 3612 smum
2189 3553 2336 3626 (nam
2359 3550 2412 3604 in
2441 3543 2619 3602 multis
2641 3541 2905 3599 idolorum
2926 3533 3196 3604 sacrilegis
3220 3527 3386 3586 sacris
3407 3525 3580 3594 bapti-

1995 3647 2104 3704 zari
2134 3645 2374 3699 homines
2398 3633 2792 3711 perhibentur),
2821 3631 2914 3688 sed
2936 3629 3261 3699 Baptismum
3286 3617 3502 3680 Christi,
3532 3613 3582 3668 id

1998 3752 2100 3806 est,
2133 3739 2308 3794 verbis
2335 3731 2654 3800 evangelicis
2681 3734 3083 3783 coasecratttm,
3114 3718 3309 3784 ubiqttc
3337 3708 3584 3766 eumdem

2001 3847 2151 3896 esse,
2173 3843 2272 3886 nec
2302 3823 2576 3880 hominum
2604 3813 2963 3888 quorumlibet
2983 3819 3036 3865 ct
3061 3807 3290 3878 qualibet
3319 3797 3585 3872 perversi-

2005 3931 2112 3977 tate
2139 3913 2325 3974 viulari
2355 3911 2456 3984 (a).

2077 4011 2164 4067 48.
2203 4007 2344 4064 Sane
2382 3982 2435 4061 in
2466 4002 2567 4058 ista
2593 4010 2803 4070 quoque
2828 3989 3089 4048 sententia
3128 4001 3232 4041 non
3261 3982 3597 4053 negligenter-

2007 4098 2366 4161 otnittendum
2408 4101 2492 4152 est
2512 4133 2530 4162 ,
2559 4088 2702 4163 quod
2730 4087 2818 4143 hic
2847 4079 3161 4153 interposuit
3192 4086 3247 4134 et
3283 4075 3391 4141 ait,
3426 4074 3597 4138 Quare

2012 4194 2242 4251 onzuibus
2272 4187 2498 4261 paciﬁcis
2523 4183 2725 4258 quidcm
2751 4177 2934 4236 viribus
2964 4170 3224 4229 nitendum
3253 4177 3324 4222 est
3347 4205 3364 4231 ,
3397 4181 3458 4218 ue
3485 4161 3613 4232 quis.

2015 4286 2252 4344 lueretico
2292 4295 2464 4338 errore
2503 4256 2752 4347 infectus,
2799 4281 2854 4326 et
2895 4276 3108 4325 cautem.
3156 4256 3414 4332 Respexit
3457 4257 3598 4308 enim.

2018 4383 2176 4438 verba
2199 4379 2286 4435 illa
2307 4374 2449 4436 beati
2468 4367 2716 4444 Cypriani
2740 4363 2986 4428 dicentis,
3013 4357 3062 4414 Ν
3071 4356 3280 4412 eminent
3289 4349 3600 4422 judicautes,

2019 4481 2108 4528 aut
2131 4489 2162 4524 a
2176 4471 2296 4542 jure
2318 4459 2684 4522 communionis
2707 4456 2928 4528 aliquem
2947 4494 2968 4518 ,
2992 4450 3036 4504 si
3064 4448 3315 4503 diversum
3343 4438 3552 4495 senserit
3585 4477 3600 4496 ,

2020 4529 2305 4618 emetientes
2329 4556 2420 4630 (ιιι
2445 4552 2652 4610 exordio
2678 4545 2932 4615 Coucilii).
2967 4541 3106 4598 Ecce
3133 4544 3389 4608 quantum
3433 4529 3615 4584 valeat

2027 4656 2081 4712 in
2123 4651 2278 4708 bonis
2315 4644 2568 4704 Ecclesia:
2605 4641 2725 4695 [iliis
2760 4649 2912 4692 amor
2957 4630 3174 4686 unitatis
3221 4635 3277 4684 et
3319 4621 3502 4694 pacis,
3552 4625 3608 4671 ut

2028 4759 2166 4818 quos
2191 4739 2440 4798 dicebant
2465 4733 2752 4801 sacrilegos
2776 4735 2833 4784 et
2860 4722 3109 4796 profanos
3127 4759 3148 4786 ,
3182 4719 3298 4774 sine
3341 4709 3613 4783 Baptistuo

2031 4809 2090 4896 ut
2137 4831 2531 4892 arbitrabantur
2578 4822 2868 4884 admissos,
2923 4815 2968 4870 si
3017 4826 3112 4872 eos
3155 4817 3412 4882 quantum
3462 4809 3621 4874 puta-

2033 4931 2164 4986 bant
2205 4923 2474 4994 corrigere
2515 4933 2620 4972 non
2650 4913 2923 4976 valerent,
2966 4906 3224 4976 eligerent
3262 4899 3438 4971 potius
3480 4893 3617 4950 tole-

2037 5037 2193 5085 rare,
2245 5030 2405 5088 quam
2456 5017 2675 5083 propter
2724 5020 2818 5060 eos
2868 5007 3112 5056 sanctum
3167 4992 3298 5050 illud
3354 4985 3622 5044 vinculum

2041 5126 2309 5184 rumpere,
2349 5122 2418 5162 ne
2457 5110 2672 5175 propter
2717 5095 2916 5154 zizania
2955 5089 3319 5148 eradicaretur
3357 5077 3517 5136 simul
3567 5083 3623 5159 rt

2045 5153 2156 5172 ......
2233 5153 2309 5177 η,
2351 5153 2417 5162 ..-
2459 5153 2659 5175 ru..-“
2734 5153 2739 5154 ,

2045 5153 2278 5262 triﬁdum
2321 5195 2534 5271 (Matth.
2565 5206 2686 5256 snt,
2717 5187 2845 5257 39);
2893 5182 3258 5258 permittentes
3287 5178 3543 5249 quantum
3574 5153 3629 5220 in

2047 5296 2178 5368 ipsis
2204 5300 2340 5357 erat,
2367 5289 2506 5345 sicut
2535 5286 2586 5342 in
2612 5283 2702 5336 illo
2728 5257 3058 5335 nobilissimo
3083 5267 3281 5344 judicio
3304 5257 3628 5322 Salomonis,

2050 5385 2290 5445 inl‘amile
2317 5393 2512 5449 corpus
2549 5391 2577 5428 a
2618 5371 2748 5428 falsa
2793 5376 2963 5423 matre
3003 5360 3190 5419 nutriri
3233 5354 3445 5428 potius,
3470 5363 3635 5420 quam

2053 5441 2258 5539 concidi
2291 5475 2380 5546 (ill
2413 5441 2534 5542 lieg.
2568 5485 2622 5526 tu
2643 5511 2656 5534 ,
2685 5465 2801 5535 ‘26).
2833 5461 2945 5516 line
2966 5468 3141 5515 autem
3170 5461 3222 5506 ct
3248 5447 3320 5504 illi
3349 5441 3635 5508 iaciebant,

2127 5705 2140 5732 ¹
2168 5703 2238 5750 sic
2264 5707 2366 5745 uss.
2393 5693 2528 5754 aliti,
2550 5687 2740 5754 Italica.
2761 5715 2773 5729 .

2128 5737 2527 5826 (unitatis;
2549 5751 2631 5802 tu».
2652 5749 2700 5810 δ,
2725 5757 2859 5808 capp.
2893 5739 2966 5801 ιι,
2992 5737 3090 5788 ts-
3132 5769 3134 5774 ι
