4028 6202
416 317 522 373 M5

416 430 508 502 qui
540 430 603 484 de
629 428 880 500 Baptismi
909 436 1237 480 sacramento
1264 425 1442 479 verius
1468 421 1767 478 sentiebant
1788 461 1801 479 ,
1823 429 1876 473 et
1910 419 1991 471 isti

416 521 607 591 quibus
638 536 732 590 pro
760 519 947 573 merito
978 526 1135 569 emta:
1164 512 1440 569 charitatis
1472 513 1609 567 Deus
1638 522 1751 564 erat
1780 509 1985 562 revela-

422 620 592 673 turus,
619 610 663 661 si
689 609 811 677 quid
834 608 986 660 aliter
1011 604 1308 673 sapiebant.

491 699 712 756 CAPUT
767 698 951 752 XXVI.
995 728 1067 737 —
1106 697 1196 753 49.
1240 694 1573 749 Privatianus
1622 708 1650 746 a
1696 691 1929 751 Sufetula
1981 692 1992 720 ¹

418 793 549 847 dixit
573 808 586 845 :
622 791 719 856 Qui
745 790 1003 843 Itazreticos
1024 798 1314 858 potestatem
1336 786 1622 857 baptizandi
1649 784 1831 838 habere
1853 783 1991 846 dicit,

419 881 554 934 dicat
578 880 717 949 prius
742 880 851 949 quis
889 880 1115 934 hwresim
1156 877 1454 933 condiderit.
1486 876 1547 930 Si
1584 875 1713 929 enim
1739 873 1941 927 [heresis
1967 889 1998 924 (ι

424 972 528 1025 Deo
564 978 656 1034 est,
686 972 867 1025 habere
895 971 1256 1041 indulgentiam
1285 969 1503 1022 divinam
1522 976 1690 1037 potest
1714 982 1731 1018 :
1757 968 1799 1018 si
1830 980 1943 1018 vero
1968 980 1999 1015 a

423 1060 529 1114 Deo
549 1078 649 1113 non
674 1070 746 1114 est
764 1104 779 1128 ,
808 1062 1055 1131 quomodo
1082 1061 1300 1131 gratiam
1324 1058 1419 1113 Dei
1447 1067 1534 1111 aut
1559 1057 1740 1111 habere
1767 1066 1851 1108 aut
1878 1072 1996 1108 con-

420 1155 554 1223 ferre
578 1152 729 1205 alicui
758 1162 916 1222 potest
937 1153 961 1206 ?

491 1242 579 1297 50.
620 1242 753 1297 Huic
780 1242 996 1298 totidem
1026 1240 1202 1297 verbis
1222 1242 1291 1296 ita
1319 1238 1625 1311 responderi
1658 1246 1866 1309 potest:
1900 1237 1999 1302 Qui

421 1333 710 1387 malevolos
753 1344 803 1389 et
848 1333 1054 1386 invidos
1093 1340 1407 1402 potestatem
1454 1328 1755 1400 baptizandi
1803 1328 2001 1382 habere

422 1426 572 1490 dicit,
622 1424 765 1479 dicat
809 1426 955 1496 prius
997 1424 1116 1493 quis
1168 1422 1593 1477 malevolentiam
1646 1419 2002 1488 invidiamque

420 1516 735 1571 condiderit.
765 1515 821 1570 Si
849 1516 988 1569 enim
1017 1512 1383 1569 malevolentia
1411 1522 1465 1568 et
1490 1511 1682 1566 invidia
1707 1526 1737 1565 a
1769 1511 1877 1564 Deo
1898 1518 1998 1573 est,

422 1606 617 1661 habere
644 1616 697 1660 et
724 1605 1104 1675 indulgentiam
1125 1603 1354 1658 divinam
1379 1610 1588 1671 potest:
1619 1600 1663 1656 si
1686 1615 1813 1655 vero
1838 1612 1867 1652 a
1894 1599 2002 1651 Deo

421 1711 525 1750 non
556 1704 669 1757 est,
698 1696 965 1766 quomodo
1007 1705 1096 1749 aut
1133 1694 1357 1763 gratiam
1401 1692 1490 1747 Dei
1521 1691 1721 1745 habere
1755 1697 1846 1743 aut
1872 1703 2005 1741 con»

421 1788 558 1844 ferre
586 1789 740 1842 alicui
773 1788 982 1858 potest?
1012 1786 1116 1840 Sed
1144 1786 1279 1839 sicut
1307 1785 1404 1839 ista
1447 1782 1634 1838 eodem
1665 1779 1821 1835 modo
1864 1778 2003 1833 dicta

423 1879 850 1933 manifestissime
886 1878 1013 1931 falsa
1041 1888 1163 1931 sunt
1183 1918 1197 1943 ,
1228 1876 1303 1930 sic
1327 1875 1485 1929 etiam
1515 1875 1601 1927 illa
1632 1889 1750 1943 qua:
1781 1881 1835 1925 ut
1879 1888 2006 1925 eon-

422 1970 761 2024 vineercntnr
788 1968 902 2022 haec
928 1968 1067 2021 dicta
1097 1977 1241 2021 sunt.
1275 1966 1550 2035 Baptizant
1579 1964 1720 2019 enim
1756 1961 2001 2017 malevoli

421 2071 477 2113 et
496 2060 679 2123 invidi,
703 2060 839 2114 sicut
857 2057 1099 2114 concedit
1124 2056 1234 2127 ipse
1250 2055 1566 2127 Cyprianus,
1590 2054 1710 2125 quia
1730 2066 1824 2107 eos
1844 2052 2002 2106 etiam

422 2155 563 2206 intus
603 2166 720 2207 esse
751 2160 992 2207 testatur.
1042 2150 1288 2219 Sicergo
1332 2154 1553 2217 possunt
1580 2145 1740 2199 etiam
1770 2142 2003 2197 luerctici

423 2242 693 2313 baptizare
722 2260 735 2295 :
768 2242 889 2312 quia
920 2240 1221 2310 Baptismus
1247 2246 1635 2293 sacramentum
1661 2232 1860 2289 Christi
1885 2240 2001 2298 est;

422 2334 625 2388 invidia
654 2348 784 2388 vero
823 2341 877 2388 et
902 2331 1120 2386 haeresis
1147 2344 1309 2401 opera
1339 2326 1567 2390 diaboli,
1609 2341 1728 2396 quae
1766 2324 2006 2394 quisquis

422 2427 696 2492 habuerit,
728 2441 831 2480 non
859 2424 983 2479 hinc
1019 2423 1183 2480 efﬁcit
1211 2432 1266 2476 ut
1294 2421 1338 2475 si
1380 2420 1571 2475 habeat
1599 2417 2000 2474 Sacramentmn

423 2515 617 2569 Christi
643 2554 659 2579 ,
686 2515 843 2569 etiam
870 2514 1039 2583 ipsum
1066 2520 1375 2568 numeretur
1414 2510 1552 2564 inter
1578 2523 1741 2577 opera
1782 2506 2000 2562 diaboli.

494 2604 719 2660 CAPUT
757 2603 967 2658 XXVII.
992 2632 1063 2643 —-
1091 2603 1180 2658 51.
1222 2600 1468 2655 Privatus
1510 2614 1541 2653 a
1588 2598 1802 2654 Suﬁbus
1830 2597 1958 2651 dixit
1987 2612 2001 2648 :

427 2696 530 2763 Qui
554 2696 898 2750 ha’reticorunt
922 2695 1240 2767 Baptismnm
1267 2694 1513 2766 probant,
1545 2693 1664 2763 quid
1689 2690 1832 2745 aliud
1856 2707 2006 2762 quam

426 2786 669 2841 Itwt'eticis
694 2787 1102 2840 communicant?

496 2879 585 2934 52.
628 2878 759 2934 lluic
786 2879 1173 2949 respondetur:
1217 2876 1333 2932 Non
1360 2885 1441 2932 est
1475 2873 1773 2945 Baptismus
1800 2870 2010 2927 hirreti-

425 2986 629 3037 corum,
662 2987 817 3042 quem
847 2972 900 3026 in
938 2970 1200 3026 haereticis
1240 2968 1528 3040 probamus
1558 2985 1570 3020 :
1618 2966 1755 3021 sicut
1790 2981 1893 3019 non
1930 2972 2013 3019 est

427 3061 724 3131 Baptismns
735 3059 1432 3128 avarorum,insidiosorum,
1451 3057 1830 3119 iraudatorum,
1843 3070 1897 3109 ra
1907 3062 2013 3124 pto-

428 3168 565 3212 rmn,
588 3149 909 3217 invidorum,
928 3166 1082 3220 quem
1103 3148 1387 3217 probamus
1409 3148 1461 3201 in
1484 3146 1579 3201 eis.
1598 3144 1796 3215 Omnes
1817 3145 2011 3215 quippe

354 3269 364 3277 -
427 3240 512 3293 isti
543 3240 706 3308 iniqui
735 3248 858 3293 sunt
887 3256 899 3291 ε
945 3238 1037 3294 sed
1062 3239 1235 3308 justus
1264 3246 1345 3292 est
1372 3235 1614 3293 Christus
1638 3278 1652 3303 ,
1684 3234 1832 3306 cujus
1861 3236 1910 3290 in
1952 3252 2011 3292 se

430 3330 832 3384 Sacramentum
853 3371 868 3397 ,
901 3328 1041 3399 quod
1070 3328 1136 3384 ad
1168 3329 1336 3398 ipsum
1367 3328 1585 3391 attinet,
1614 3343 1708 3383 sua
1738 3327 2011 3397 iniquitate

430 3436 534 3474 non
578 3421 797 3474 violant.
850 3421 1095 3490 Alioquin
1140 3428 1313 3489 posset
1368 3419 1503 3473 alios
1533 3417 1709 3473 dicere
1743 3418 1877 3484 :Qui
1907 3418 2009 3472 ini—

428 3525 652 3578 quorum
686 3509 1014 3579 Baptismum
1047 3509 1293 3579 probant,
1316 3508 1439 3577 quid
1468 3507 1607 3562 aliud
1629 3523 1785 3578 quam
1806 3500 2011 3577 iniquis

428 3601 852 3655 communicant?
879 3600 1027 3670 Quod
1058 3601 1155 3671 ipsi
1184 3600 1471 3656 Catholicae
1496 3600 1540 3654 si
1564 3599 1682 3672 quis
1726 3599 2005 3669 objiccrct,

430 3693 844 3761 responderetur
870 3694 917 3748 ei
948 3693 1089 3765 quod
1117 3692 1241 3748 huic
1271 3692 1429 3747 modo
1451 3706 1766 3763 respOnsum
1797 3700 1899 3746 est.

499 3782 722 3840 CAPUT
739 3783 1047 3839 XX\'lll.-—
1065 3784 1151 3840 55.
1174 3784 1551 3839 llortensianus
1566 3798 1593 3835 a
1611 3781 1829 3837 Laribus
1846 3782 1973 3836 dixit
1994 3799 2007 3834 :

434 3877 565 3942 Quot
592 3875 691 3929 sint
719 3874 970 3944 baptismi,
998 3874 1211 3928 viderint
1245 3882 1331 3926 aut
1359 3882 1744 3944 prtesumptores
1771 3880 1859 3925 aut
1885 3872 2009 3940 {au-

431 3977 561 4019 tores
590 3966 938 4020 hatreticorum
967 3982 986 4019 :
1007 3982 1096 4019 nos
1118 3982 1272 4018 unum
1300 3963 1579 4033 Baptisma,
1606 3963 1743 4033 quod
1766 3979 1864 4016 non
1912 3962 2009 4015 nisi

430 4058 481 4111 in
540 4056 761 4112 Ecclesia
801 4058 1044 4121 novimus,
1093 4036 1335 4108 Ecclesia:
1362 4054 1689 4107 vindicamus.
1738 4054 1835 4107 Aut
1880 4069 2008 4122 quo-

430 4146 577 4201 modo
599 4157 804 4217 possunt
825 4146 874 4199 in
902 4146 1100 4199 nomine
1119 4141 1303 4197 Christi
1327 4142 1543 4210 aliquem
1585 4140 1839 4211 baptizare
1888 4156 2011 4212 quos

428 4238 534 4305 ipse
560 4237 787 4290 Christus
821 4237 940 4288 dicit
964 4232 1275 4287 adversarios
1297 4247 1415 4285 suos
1443 4232 1583 4286 esse?

499 4328 588 4381 54.
622 4326 752 4379 lluie
776 4325 932 4378 simili
963 4333 1146 4378 tenore
1163 4323 1440 4377 verborum
1485 4322 1554 4376 ita
1582 4320 1966 4390 respondentes
1991 4337 2005 4374 :

431 4417 667 4471 Viderint
695 4425 785 4469 aut
813 4423 1222 4483 prmsumptores
1263 4421 1352 4466 aut
1393 4411 1627 4467 fautores
1672 4411 2004 4481 iniquorum;

429 4522 526 4561 nos
555 4522 715 4559 utmm
764 4504 1051 4574 Baptisma,
1103 4502 1239 4573 quod
1275 4518 1381 4557 non
1412 4502 1512 4557 nisi
1554 4501 1808 4557 Ecclesia:
1851 4502 2008 4555 novi-

430 4612 569 4661 mus,
599 4596 913 4664 ubicumque
956 4594 1227 4650 invcntum
1254 4593 1467 4664 quando
1496 4608 1779 4664 possumus
1808 4592 1871 4647 ad
1903 4592 2007 4645 Ec-

428 4688 641 4742 clcsiam
673 4702 1001 4742 revocamus.
1032 4686 1138 4740 Aut
1166 4685 1432 4755 quomodo
1452 4693 1671 4755 possunt
1700 4686 1751 4738 in
1782 4684 2003 4739 nomine

426 4778 625 4835 Christi
668 4779 893 4849 aliquem
932 4778 1221 4848 baptizare,
1272 4791 1405 4847 quos
1447 4777 1558 4845 ipse
1597 4774 1837 4832 Christus
1880 4775 2011 4829 dicit

427 4867 759 4923 adverSarios
779 4882 903 4923 suos
928 4868 1083 4923 esse?
1121 4867 1378 4923 Omnibus
1404 4867 1598 4937 quippe.
1628 4866 1818 4935 iniquis
1858 4866 2003 4931 dicit,

427 4959 551 5014 Non
579 4960 691 5016 novi
726 4977 844 5026 vos;
870 4961 1084 5016 recedite
1108 4978 1138 5013 a
1178 4977 1273 5027 me,
1321 4960 1409 5031 qui
1453 4959 1733 5029 operamini
1765 4958 2007 5029 iniquita-

426 5064 524 5105 tem
546 5052 756 5121 (Matth.
780 5068 870 5117 vn,
894 5051 991 5119 23)
1019 5068 1032 5104 :
1061 5061 1114 5106 et
1167 5060 1341 5106 tamen
1387 5066 1508 5104 cum
1561 5049 1848 5117 baptizant,
1899 5063 2002 5102 non

427 5143 525 5214 ipsi
559 5145 846 5214 haptizant,
874 5143 968 5199 sed
990 5142 1077 5198 ille
1105 5143 1170 5198 de
1195 5158 1300 5215 quo
1335 5142 1566 5199 Joannes
1595 5140 1744 5207 dicit,
1790 5139 1912 5210 Ipse
1934 5150 2008 5194 est

426 5240 511 5308 qui
526 5237 745 5307 baptisat
777 5235 952 5307 (Joan.
980 5251 1019 5300 ι,
1050 5234 1160 5306 55).

495 5326 721 5383 CAPUT
747 5325 938 5382 XXIX.
952 5356 1022 5367 —
1040 5326 1129 5382 55.
1155 5326 1369 5381 Cassius
1389 5340 1417 5378 a
1435 5322 1824 5380 Macomadibus
1843 5322 2006 5378 dixit:

428 5417 551 5471 Cum
571 5417 871 5489 baptismata
884 5416 988 5471 duo
1005 5432 1110 5470 esse
1130 5433 1229 5470 non
1259 5416 1468 5485 possint,
1496 5416 1583 5485 qui
1629 5414 1874 5468 hwreticis
1906 5413 2011 5467 Ba-

429 5511 665 5579 ptismum
690 5510 934 5575 concedit,
962 5508 1056 5563 sibi
1082 5508 1229 5562 tollit.
1260 5506 1444 5563 Censeo
1473 5508 1639 5576 itaque
1651 5505 1839 5575 ﬂebiles
1861 5515 1905 5558 et
1934 5515 2011 5558 ta-

438 5602 571 5653 bidos
599 5602 855 5658 haereticos
875 5600 1207 5670 baptizandos
1236 5616 1338 5654 csse
1365 5616 1478 5653 cum
1510 5598 1577 5651 ad
1605 5595 1881 5650 Ecclesiam
1928 5611 2007 5648 ve~

480 5744 495 5776 ¹
528 5747 621 5797 Am
664 5760 715 5802 et
732 5760 825 5815 Er,
848 5766 879 5802 a
900 5750 1125 5818 Suﬁcula.

1151 288 1237 367 or.
1281 307 1612 365 usertsno
1649 304 1914 362 CONTRA
1959 302 2400 369 DON.\T|STAS,
2432 303 2485 358 s.
2532 302 2919 392 AUCUSTINI.

3567 304 3677 361 226

2104 420 2211 472 nire
2241 420 2496 489 coeperint.
2545 430 2589 471 et
2631 437 2774 471 snt‘ra
2808 422 2820 450 ¹
2852 430 2895 472 ct
2952 420 3119 472 divina
3172 421 3418 474 lavatione
3450 422 3597 487 lotos,
3631 436 3677 479 et

2102 509 2288 562 [inninc
2309 511 2421 561 vita:
2462 511 2791 573 illuminatos,
2827 528 2924 562 non
2965 513 3147 575 hostes,
3179 511 3264 565 sed
3286 514 3545 581 paciﬁcos,
3578 534 3679 570 non

2102 600 2310 659 alienos,
2338 600 2425 652 sed
2447 600 2565 667 ﬁdei
2595 599 2800 653 Domini
2839 602 3155 666 domesticos,
3202 619 3301 653 non
3349 605 3608 658 adulteros
3632 608 3675 672 ',

2102 690 2188 740 sed
2221 688 2311 740 Dci
2340 690 2493 756 ﬁlios,
2529 708 2627 742 non
2659 692 2863 755 erroris,
2886 693 2974 744 sed
2997 693 3174 754 salutis
3214 690 3434 759 e/fectos,
3482 695 3531 745 in
3582 695 3681 748 lic-

2100 784 2302 837 clesiam
2336 770 2493 851 recipi
2522 802 2540 836 :
2568 783 2752 855 absque
2778 786 2854 837 his
2877 786 2962 853 qui
2990 784 3050 837 de
3067 784 3292 837 Ecclesia
3320 785 3339 815 ³
3364 787 3537 855 ﬁdeles
3560 806 3683 857 sup-

2104 872 2344 943 plantati,
2376 873 2673 941 adha'resis
2724 874 2947 927 tenebras
2977 875 3316 939 transierant;
3351 877 3439 930 sed
3482 894 3564 930 eos
3594 896 3681 948 per

2102 980 2280 1016 manus
2308 964 2673 1032 impositioncm
2704 965 3056 1017 restituendos.

2172 1056 2260 1110 56.
2295 1056 2480 1109 Posset
2526 1056 2661 1108 alius
2700 1055 2878 1109 dicere
2911 1072 2922 1107 :
2952 1055 3082 1110 Cum
3128 1055 3324 1110 Christi
3369 1059 3681 1128 baptismata

2103 1146 2207 1200 duo
2233 1161 2351 1201 esse
2382 1162 2486 1199 non
2522 1146 2742 1214 possint,
2768 1148 2854 1216 qui
2884 1146 3075 1216 iniquis
3113 1148 3440 1216 Baptismnm
3487 1166 3683 1206 conce-

2104 1236 2202 1300 dit,
2232 1235 2331 1290 sibi
2364 1235 2518 1290 tollit.
2549 1234 2653 1289 Sed
2688 1237 2963 1290 nobiscum
2994 1237 3150 1290 etiam
3182 1238 3264 1291 isti
3294 1240 3603 1296 resisterent
3633 1251 3687 1297 et

2103 1326 2760 1381 dicerentzConcedimus
2808 1327 2999 1398 iniquis
3051 1328 3410 1398 Baptismum;
3445 1332 3533 1400 qui
3580 1350 3686 1389 non

2103 1414 2171 1470 ab
2200 1415 2323 1484 ipsis
2358 1424 2461 1482 est,
2494 1415 2630 1470 sicut
2658 1415 2927 1486 iniquitas,
2965 1417 3059 1472 sed
3097 1433 3126 1472 a
3157 1417 3371 1473 Christo
3413 1419 3564 1490 cujus
3605 1432 3687 1477 est

2105 1505 2346 1577 aequitas,
2376 1515 2430 1561 et
2459 1507 2609 1576 cujus
2638 1506 3038 1562 Sacramentum
3079 1509 3237 1562 etiam
3290 1510 3428 1579 apud
3478 1512 3689 1582 iniquos

2105 1612 2211 1652 non
2232 1606 2314 1651 est
2339 1597 2595 1669 iniquum.
2624 1598 2774 1665 Quod
2805 1614 2933 1668 ergo
2972 1600 3245 1653 nobiseum
3277 1600 3344 1655 dc
3372 1602 3565 1671 iniquis
3607 1604 3687 1657 di-

2105 1696 2307 1756 cerent,
2333 1687 2435 1743 hoc
2455 1689 2552 1743 sibi
2576 1690 2640 1744 de
2662 1690 2924 1745 haereticis
2946 1689 3143 1744 dicant.
3176 1690 3241 1745 Et
3268 1692 3385 1747 ideo
3422 1694 3563 1763 quod
3597 1711 3687 1750 sea

2106 1779 2311 1849 quitur,
2344 1782 2413 1833 ita
2446 1782 2620 1848 potius
2660 1790 2775 1836 erat
2802 1781 3080 1836 dicendum
3118 1782 3357 1838 :Censeo
3386 1786 3561 1854 itaque
3592 1787 3687 1841 ﬁe-

2108 1868 2244 1923 biles
2270 1880 2321 1923 et
2351 1869 2556 1926 tabidos
2584 1871 2864 1927 ha'reticos
2885 1889 2988 1927 non
3034 1874 3381 1942 bapliznudOS
3424 1891 3541 1931 esse
3569 1894 3689 1932 cum

2105 1958 2171 2011 ad
2205 1959 2495 2013 Ecclesiam
2535 1961 2718 2017 venire
2744 1964 3022 2031 cmperint,
3052 1963 3096 2018 si
3142 1964 3337 2019 habent
3365 1966 3473 2035 jam
3515 1968 3693 2039 Baptié-

2107 2064 2279 2104 smnm
2317 2050 2535 2118 Chris1i,
2593 2052 2687 2107 scd
2730 2068 2760 2108 a
2809 2070 2899 2107 sua
2940 2055 3289 2124 perversitate
3325 2059 3688 2127 corrigendos.

2105 2138 2238 2194 Nam
2269 2141 2427 2195 etiam
2458 2141 2523 2197 de
2554 2143 2744 2213 iniquis
2770 2142 2871 2198 dici
2905 2154 3095 2214 potest,
3123 2163 3345 2217 quorum
3366 2152 3538 2217 portio
3568 2160 3688 2205 sunt

2106 2227 2343 2285 lucretici
2376 2249 2388 2284 :
2426 2231 2630 2287 Censeo
2658 2233 2833 2304 itaque
2884 2235 3085 2289 ﬂebiles
3111 2244 3166 2291 et
3217 2238 3419 2293 tabidos
3461 2241 3687 2310 iniquus,

2107 2321 2150 2375 si
2174 2321 2283 2391 jam
2315 2322 2563 2393 baptizati
2608 2334 2748 2389 sunt,
2805 2343 2910 2381 non
2940 2327 3285 2396 baptizaudos
3322 2346 3439 2385 esse
3476 2348 3596 2386 cum
3626 2334 3690 2388 ad

2107 2412 2421 2481 Ecclesiam,
2456 2415 2507 2469 id
2533 2425 2634 2483 est,
2666 2417 2730 2471 ad
2760 2418 2902 2472 illam
2934 2428 3135 2488 petram
3185 2431 3331 2474 exrra
3373 2437 3528 2491 quam
3571 2437 3693 2482 sunt

2107 2519 2292 2559 omnes
2316 2507 2401 2573 qui
2437 2506 2658 2560 audiunt
2704 2508 2869 2562 verba
2897 2510 3093 2564 Christi
3120 2521 3173 2565 et
3203 2527 3307 2565 non
3354 2512 3571 2581 faciunt,
3604 2532 3692 2571 ve-

2107 2596 2221 2649 nire
2248 2596 2545 2664 coeperint;
2578 2597 2670 2652 sed
2713 2614 2861 2653 sacra
2893 2612 2946 2654 et
2972 2601 3146 2655 divina
3178 2603 3439 2660 lavatione
3463 2607 3573 2675 jam
3618 2609 3692 2663 lo-

2114 2695 2215 2752 tos,
2246 2695 2370 2743 tunc
2395 2698 2569 2742 autem
2602 2699 2654 2744 et
2682 2691 2878 2746 lumine
2914 2693 3030 2746 vitae
3062 2694 3403 2764 illuminatos,
3458 2713 3561 2752 non
3598 2701 3690 2754 lio-

2109 2790 2239 2849 stes,
2272 2782 2364 2837 sed
2415 2784 2684 2854 paciﬁcos,
2733 2802 2854 2840 nam
2902 2787 3064 2858 iniqui
3113 2804 3216 2841 non
3249 2789 3443 2844 habent
3474 2807 3689 2861 pacem;

2110 2887 2215 2926 non
2243 2872 2467 2938 alienos,
2495 2875 2585 2929 scd
2618 2875 2735 2929 ﬁdei
2787 2875 2991 2929 Domini
3039 2877 3380 2947 domesticos,
3412 2898 3531 2935 nam
3584 2884 3682 2936 ini-

2110 2966 2230 3037 quis
2255 2967 2452 3021 dictum
2490 2976 2589 3032 est,
2623 2969 2885 3033 Quomodo
2921 2988 3158 3026 conversa
3201 2991 3253 3027 es
3297 2975 3347 3028 in
3393 2976 3693 3029 amaritudi-

2110 3074 2242 3119 nem,
2271 3059 2380 3112 vitis
2422 3060 2587 3112 aliena
2631 3059 2842 3128 (Jerem.
2873 3078 2928 3127 ιι,
2959 3063 3094 3132 2|)?
3146 3080 3249 3118 non
3279 3066 3567 3131 adulteros,
3601 3068 3692 3122 sed

2112 3148 2204 3202 Dei
2234 3148 2389 3212 ﬁlios,
2421 3166 2541 3203 nam
2574 3151 2736 3220 iniqui
2787 3161 2909 3206 sunt
2957 3154 3049 3209 lilii
3078 3154 3305 3221 diaboli;
3341 3174 3441 3213 non
3474 3158 3691 3222 erroris,

2110 3239 2204 3293 sed
2254 3240 2444 3294 salutis
2496 3240 2731 3307 ell‘ectos,
2788 3259 2909 3297 nam
2950 3260 3056 3299 non
3105 3247 3273 3300 salvat
3319 3248 3607 3318 iniquitas:
3643 3250 3693 3303 in

2112 3329 2404 3384 Ecclesiam
2446 3331 2630 3400 recipi,
2682 3332 2733 3387 id
2781 3343 2882 3399 est,
2935 3334 2987 3388 in
3020 3335 3161 3389 illam
3199 3346 3420 3404 petram,
3468 3337 3518 3391 in
3552 3338 3694 3392 illam

2110 3425 2432 3490 columbam,
2467 3426 2517 3481 in
2548 3427 2691 3482 illum
2724 3428 2932 3482 hortum
2959 3430 3263 3483 conclusum
3315 3440 3367 3483 ct
3397 3430 3589 3485 fontem
3624 3431 3694 3484 si-

2111 3526 2351 3585 gnatum,
2392 3517 2481 3587 qui
2513 3533 2615 3570 non
2650 3520 2749 3572 nisi
2785 3519 2835 3573 in
2874 3519 3067 3583 tritico,
3100 3536 3201 3573 non
3227 3530 3402 3574 autem
3433 3522 3483 3574 iu
3526 3522 3692 3590 paleis

2110 3607 2431 3675 agnoscitur,
2463 3608 2574 3660 sive
2618 3607 2771 3677 longe
2819 3623 2846 3661 a
2888 3618 3043 3662 vento
3073 3619 3404 3677 separentur,
3454 3612 3565 3665 sive
3596 3628 3686 3664 us-

2110 3713 2213 3768 que
2240 3697 2305 3751 ad
2330 3698 2562 3751 ultimam
2593 3688 2985 3753 ventilationem
3011 3699 3277 3754 frumento
3306 3703 3582 3755 commixti
3618 3704 3699 3757 vi-

2111 3786 2355 3842 deantur.
2396 3787 2613 3841 Frustra
2664 3805 2789 3859 ergo
2815 3788 3027 3844 Cassius
3072 3789 3297 3854 addidit,
3332 3810 3349 3842 ι
3387 3792 3583 3862 Absque
3618 3795 3698 3849 his

2111 3878 2199 3943 qui
2228 3878 2279 3930 in
2312 3876 2536 3931 Ecclesia
2565 3878 2735 3947 ﬁdeles
2764 3880 3095 3947 supplantati,
3127 3881 3192 3932 ad
3220 3880 3422 3935 h't‘t'csis
3467 3883 3695 3937 tenubras

2114 3968 2434 4020 transierant.
2484 3968 2539 4022 Si
2593 3969 2732 4022 enim
2774 3977 2829 4022 et
2866 3969 2961 4038 ipsi
3007 3969 3073 4022 ab
3117 3970 3353 4026 Ecclesia
3395 3973 3694 4027 recedentia

2115 4059 2440 4129 Baptismum
2485 4061 2794 4127 antiserant,
2823 4063 2979 4115 etiam
3032 4063 3160 4131 ipsis
3192 4063 3443 4118 reddatur
3475 4083 3486 4116 :
3524 4067 3564 4117 si
3604 4081 3698 4118 an-

2115 4159 2219 4205 tem
2276 4165 2381 4203 non
2430 4149 2736 4216 amiserant,
2774 4151 2913 4220 quod
2947 4167 3040 4221 per
3086 4166 3178 4207 eos
3225 4154 3401 4207 datum
3432 4166 3508 4207 est
3536 4169 3699 4225 agno-

2111 4250 2309 4297 scatur.
2868 4239 2879 4251 '

2182 4331 2408 4387 CAPUT
2450 4332 2615 4387 XXX.
2641 4365 2709 4372 —
2738 4334 2824 4387 57.
2864 4333 3011 4388 Alius
3040 4333 3323 4390 Ianuarius
3367 4352 3395 4389 a
3441 4336 3557 4389 vico
3584 4337 3697 4391 C:c-

2113 4424 2248 4476 Saris
2286 4422 2418 4475 dixit
2450 4440 2463 4476 :
2498 4422 2558 4476 Si
2600 4439 2698 4475 non
2737 4422 3043 4492 obtemperat
3083 4440 3222 4477 error
3262 4427 3489 4482 veritati.
3540 4428 3697 4480 multo

2114 4515 2273 4584 magis
2301 4515 2475 4567 veritas
2503 4531 2601 4566 non
2631 4516 2871 4568 consentit
2901 4518 3061 4569 errori
3083 4534 3100 4569 :
3123 4526 3169 4570 et
3196 4518 3307 4572 ideo
3337 4536 3425 4570 nos
3452 4519 3696 4575 Ecclesia:

2113 4604 2416 4666 assistimus,
2449 4604 2502 4657 in
2530 4621 2629 4670 qua
2660 4606 3004 4674 prwsidemus,
3038 4618 3091 4659 ut
3118 4607 3432 4677 Baptisnmm
3458 4612 3566 4676 ejus
3600 4613 3695 4679 ipsi

2114 4697 2211 4750 soli
2251 4697 2557 4750 vindicantes
2578 4738 2591 4760 ,
2637 4713 2719 4751 eos
2745 4714 2869 4769 quos
2896 4697 3124 4752 Ecclesia
3147 4717 3246 4753 non
3270 4682 3540 4770 baptizavit
3560 4744 3573 4766 ,
3604 4705 3704 4755 ba-

2112 4790 2374 4859 ptisemns.

2185 4880 2270 4935 58.
2321 4880 2694 4948 Respondetur
2724 4897 2735 4933 :
2766 4879 2910 4947 Quos
2941 4880 3174 4936 Ecclesia
3208 4882 3437 4952 haptizat
3457 4925 3471 4949 ,
3513 4885 3699 4954 utique

2115 4981 2264 5041 petra
2286 4971 2373 5025 illa
2396 4971 2645 5041 baptizat,
2669 4981 2817 5026 extra
2837 4987 2993 5041 quam
3018 4982 3141 5025 sunt
3164 4989 3349 5028 omnes
3366 4978 3451 5044 qui
3473 4975 3699 5031 audiunt

2115 5062 2274 5117 verba
2318 5060 2514 5115 Christi
2556 5070 2611 5115 et
2650 5076 2757 5114 non
2804 5061 3017 5115 faciunt.
3048 5061 3389 5131 Baptizentur
3416 5079 3544 5133 ergo
3573 5066 3694 5134 qui-

2115 5168 2342 5223 cumque
2370 5168 2400 5207 a
2433 5152 2623 5207 talibus
2649 5151 2899 5223 baptizati
2922 5161 3064 5209 sunt.
3094 5152 3245 5219 Quod
3274 5154 3318 5208 si
3351 5168 3459 5210 non
3489 5154 3570 5223 ﬁt,
3593 5156 3700 5210 sic-

2181 5381 2197 5411 ι
2226 5389 2323 5429 tun.
2352 5381 2715 5443 etantiquiores
2735 5388 2861 5439 Mss,
2891 5389 2941 5431 ut
2965 5394 3123 5432 sacra.

2179 5443 2200 5473 ³
2224 5450 2347 5491 Nova
2370 5442 2584 5505 Cypriani
2602 5443 2775 5505 editio,
2790 5443 3100 5505 adulterinos.
3117 5443 3207 5492 sed
3233 5445 3378 5493 nostri
3402 5444 3697 5494 omncslﬂu'i

2116 5503 2415 5564 constanter,
2435 5503 2711 5553 adulteros.
2734 5504 2902 5553 Alludit
2924 5508 3111 5556 Cassius
3132 5505 3189 5555 ad
3217 5506 3329 5555 illud
3356 5506 3499 5554 Hebr.
3522 5519 3607 5564 χιι,
3630 5505 3694 5557 8:

2118 5574 2243 5633 Ergo
2267 5562 2495 5633 adulteri,
2514 5572 2667 5633 etnon
2688 5564 2781 5629 ﬁlii
2803 5564 2932 5617 estis.

2181 5625 2201 5657 ³
2230 5634 2360 5684 l.ov.,
2384 5625 2433 5674 in
2460 5625 2701 5690 Ecclesia.'_
2720 5636 2775 5677 At
2808 5636 2905 5676 Am.
2927 5636 2998 5679 Er.
3032 5638 3079 5680 et
3106 5627 3335 5679 meliores
3364 5636 3468 5678 Mss.
3496 5639 3549 5678 ut
3571 5629 3698 5690 apud

2116 5691 2413 5754 Cyprianum,
2439 5688 2497 5736 de
2523 5688 2733 5754 Ecclesia
2760 5691 2881 5754 {sed
2933 5690 3051 5741 infra
3078 5700 3238 5741 tamen
3273 5694 3317 5741 in
3343 5688 3697 5754 Angustiui‘ro-

2116 5748 2372 5811 sponsionc
2392 5748 2569 5809 ferunt,
2597 5750 2646 5798 in
2664 5750 2892 5801 Ecclcsia.
