4028 6202
274 351 375 406 217

276 480 332 526 ιιι
363 470 412 523 in
442 468 581 527 istis.
607 464 680 519 ita
710 462 762 518 in
794 459 1060 517 haereticis
1089 454 1392 529 Baptismus
1413 454 1640 521 Christi,
1669 467 1853 527 eorum

279 561 557 631 iniquitate
576 565 629 612 et
650 552 996 625 perversitate
1013 548 1262 605 damnata
1286 549 1398 603 sive
1419 554 1681 612 correcta,
1704 538 1863 613 agne-

276 650 504 708 secndus
534 657 589 703 et
613 642 990 716 approbandus
1020 651 1121 696 est.

347 737 575 797 CAPUT
612 734 806 793 XXXI.
834 764 909 777 —-
947 732 1038 788 59.
1072 729 1220 785 Alius
1250 727 1587 785 Secundinus
1615 741 1645 780 a
1675 723 1861 793 Carpis

276 831 410 889 dixit
434 849 447 885 :
474 849 493 884 ι
521 825 767 884 ﬂmretici
789 821 1064 879 christiani
1088 828 1232 885 sunt,
1251 833 1317 871 an
1339 817 1485 871 non?
1508 815 1564 871 Si
1584 811 1862 870 christiani

277 932 421 989 sunt,
452 937 549 976 cur
574 920 627 974 in
657 915 896 973 Ecclesia
926 913 1021 968 Dei
1052 926 1155 966 non
1180 908 1341 965 sunt?
1364 907 1427 963 Si
1448 905 1729 961 christiani
1752 919 1861 958 non

276 1026 421 1082 sunt,
448 1014 599 1070 ﬁant.
633 1014 738 1068 Aut
765 1024 871 1081 quo
915 1004 1204 1078 pertinebit
1228 1008 1409 1057 sermo
1441 999 1647 1055 Domini
1672 997 1862 1052 dicen-

280 1111 367 1177 tis,
421 1109 523 1177 Qui
546 1123 646 1162 non
675 1112 748 1159 est
776 1116 969 1156 mecum
991 1140 1006 1164 ,
1038 1087 1385 1150 adversus'me
1411 1101 1485 1146 est
1496 1107 1514 1155 ;
1550 1098 1598 1144 et
1633 1089 1720 1160 qui
1760 1103 1863 1143 non

272 1203 469 1273 colligit
489 1214 682 1256 mecum
698 1236 715 1261 ,
737 1193 930 1267 spargit
957 1189 1171 1259 (Matth.
1193 1201 1291 1250 xu,
1315 1183 1440 1255 50)?
1471 1182 1624 1239 Unde
1654 1188 1863 1236 constat

275 1312 443 1369 super
482 1293 623 1349 ﬁlios
665 1290 869 1345 alienos
911 1293 967 1340 et
1006 1280 1221 1361 soboles
1257 1276 1557 1334 antichristi
1601 1273 1861 1345 Spiritum

276 1365 522 1444 sanctum
566 1398 663 1455 per
701 1393 891 1436 manus
936 1372 1329 1444 impositionem
1354 1365 1725 1425 tantummodo
1751 1380 1862 1420 non

278 1494 440 1555 posse
464 1472 818 1538 descendere,
848 1483 969 1525 cum
998 1462 1337 1521 manifestum
1362 1459 1434 1516 sit
1455 1458 1737 1515 hmretieos
1763 1456 1865 1511 Ba-

276 1571 474 1644 ptisms
499 1582 607 1621 non
639 1563 857 1618 habere.
888 1578 908 1612 ι

351 1660 442 1716 60.
479 1656 619 1715 lluic
646 1651 1003 1724 respondetur
1032 1667 1048 1704 :
1079 1645 1249 1718 Iniqui
1276 1641 1552 1701 christiani
1589 1648 1753 1709 sunt,
1793 1652 1865 1694 an

279 1749 423 1806 non?
452 1747 510 1804 Si
541 1742 813 1802 christiani
845 1749 988 1805 sunt,
1019 1753 1117 1794 cur
1141 1737 1195 1792 in
1227 1735 1314 1792 illa
1341 1740 1493 1805 petra
1523 1746 1629 1788 non
1656 1739 1782 1787 sunt
1809 1731 1863 1786 in

278 1855 383 1913 qua
411 1837 708 1894 mdilieatur
734 1828 1005 1895 Ecclesia;
1037 1824 1416 1884 audiuntenim
1451 1823 1612 1879 verba
1639 1809 1862 1888 Christi,

278 1941 336 1989 et
362 1946 468 1986 non
498 1927 715 1983 faciunt.
749 1924 804 1978 Si
833 1919 1106 1977 christiani
1138 1934 1243 1973 non
1272 1925 1416 1981 sunt,
1444 1914 1593 1970 ﬂant.
1626 1916 1732 1968 Aut
1760 1927 1866 1984 quo

280 2018 571 2094 pertinebit
594 2030 775 2073 sermo
800 2011 1013 2069 Domini
1033 2008 1282 2075 dicentis,
1312 2006 1411 2075 Qui
1432 2023 1531 2060 non
1553 2014 1626 2059 est
1645 2020 1862 2083 mecum,

278 2114 546 2169 adversum
573 2124 655 2162 me
679 2115 785 2172 est;
813 2112 859 2160 et
894 2103 980 2174 qui
1021 2117 1218 2155 mecum
1241 2116 1341 2154 non
1367 2098 1594 2168 colligit,
1634 2095 1866 2166 spargit?

280 2204 548 2273 Spargunt
571 2199 714 2255 enim
745 2210 872 2250 oves
900 2193 1049 2264 ejus,
1083 2191 1171 2265 qui
1199 2204 1291 2247 eas
1311 2188 1377 2244 ad
1407 2203 1617 2243 morum
1645 2201 1863 2241 suorum

281 2295 454 2351 labem
481 2305 644 2363 prava
669 2286 967 2361 imitatione
994 2283 1309 2353 perducunt.
1338 2278 1491 2336 Unde
1513 2286 1744 2342 constat,
1777 2290 1868 2330 su-

282 2402 376 2460 per
405 2385 544 2440 iilios
568 2382 773 2436 alienos
800 2374 984 2449 (quod
1012 2386 1200 2429 omnes
1225 2371 1390 2450 iniqui
1420 2365 1777 2439 appellantur)
1811 2375 1867 2421 et

279 2457 495 2533 soboles
522 2468 840 2529 Antichristi
864 2465 1027 2539 (quod
1052 2473 1180 2519 sunt
1205 2475 1392 2516 omnes
1417 2460 1507 2531 qui
1527 2459 1741 2513 Christo
1766 2457 1866 2513 ad-

280 2565 580 2636 versantur)
597 2560 853 2634 Spiritum
875 2565 1118 2613 sanctum
1147 2568 1240 2624 per
1258 2566 1448 2607 manus
1469 2550 1863 2620 impositionem

283 2657 649 2716 tantummodo
674 2670 780 2710 non
808 2665 969 2722 posse
994 2644 1344 2711 descendere,
1367 2644 1413 2698 si
1437 2642 1614 2697 cordis
1642 2657 1747 2694 non
1773 2640 1868 2695 ad-

283 2754 350 2808 sit
369 2767 494 2807 vera
515 2747 829 2810 conversio;
852 2759 972 2799 cum
998 2739 1337 2797 manifestum
1361 2736 1429 2791 sit
1450 2734 1656 2805 iniquos
1676 2748 1870 2804 quam-

280 2845 369 2902 diu
399 2842 571 2913 iniqui
593 2848 753 2906 sunt,
784 2835 1054 2908 Baptisma
1083 2830 1298 2903 quidem
1322 2813 1481 2899 posse
1510 2826 1737 2891 habere,
1771 2821 1867 2879 sed

281 2935 508 2990 salutem
529 2930 683 3000 cujus
703 2933 1094 2985 sacramentum
1115 2920 1386 2991 Baptisma
1409 2926 1508 2984 est,
1534 2917 1730 2971 habere
1760 2929 1866 2970 non

282 3040 459 3095 posse.
508 3021 794 3079 Videamus
840 3017 982 3073 enim
1028 3014 1074 3069 si
1124 3010 1360 3067 haeretici
1399 3008 1776 3064 describuntur
1812 3007 1866 3060 in

282 3116 490 3186 psalmo
520 3114 634 3181 illo,
666 3111 754 3165 ubi
783 3109 850 3165 de
878 3106 998 3162 [iliis
1027 3103 1216 3160 alienis
1244 3102 1316 3158 ita
1344 3100 1541 3155 dicitur
1571 3115 1584 3151 :
1620 3097 1860 3161 Domine,

282 3208 438 3263 libera
463 3222 545 3259 me
572 3205 637 3258 de
667 3219 819 3255 manu
846 3199 1074 3270 ﬁliarum
1113 3196 1426 3260 alienorum,
1458 3208 1674 3263 quorum
1701 3207 1756 3244 os
1786 3190 1866 3244 lo-

281 3308 455 3355 cutum
484 3304 558 3350 est
589 3294 876 3360 vanitatem,
900 3300 945 3345 et
967 3289 1176 3345 dextero
1203 3301 1377 3341 eorum
1405 3284 1609 3338 dextera
1634 3283 1868 3354 iniquita-

285 3391 380 3457 tis;
401 3403 617 3461 quorum
638 3385 734 3457 ﬁlii
754 3400 926 3438 eorum
943 3383 960 3415 ¹
983 3382 1117 3436 velut
1140 3378 1351 3434 novella:
1373 3374 1721 3457 constabilitte,
1747 3375 1871 3445 ﬁliae

501 3454 695 3533 ornatae
735 3476 865 3530 sicut
904 3471 1182 3528 similitudo
1210 3466 1402 3539 templi.
1441 3466 1660 3525 Cellaria
1692 3454 1870 3522 eorum

286 3573 461 3646 plena,
491 3567 811 3624 eructuantia
838 3581 900 3620 ea:
924 3565 1017 3618 hoc
1042 3564 1094 3617 in
1125 3561 1219 3616 hoc
1243 3575 1261 3614 :
1281 3566 1393 3615 oves
1421 3575 1599 3634 eorum
1619 3560 1870 3631 fecundis,

287 3659 684 3731 multiplicantes
708 3656 763 3710 in
786 3654 999 3710 exitibus
1025 3652 1163 3719 suis;
1189 3651 1334 3705 boves
1355 3665 1529 3703 eorum
1559 3648 1718 3703 crassi
1735 3664 1753 3701 :
1772 3665 1874 3701 nou

288 3764 362 3810 est
389 3753 537 3806 ruina
567 3748 818 3815 maceriaz,
850 3761 1009 3817 neque
1037 3743 1198 3799 exitus
1222 3783 1237 3807 ,
1270 3757 1428 3811 neque
1458 3738 1651 3792 clamor
1676 3739 1729 3792 in
1759 3738 1876 3807 pla-

289 3847 380 3902 teis
395 3862 589 3900 eorum.
612 3842 825 3898 Beatum
846 3841 1079 3894 dixerunt
1098 3833 1342 3908 populum
1359 3832 1442 3885 cui
1465 3831 1571 3885 Iure
1587 3840 1732 3895 sunt;
1755 3830 1877 3883 bea-

289 3948 371 3993 tus
393 3936 614 4008 populus
634 3935 780 4006 cujus
802 3943 872 3986 est
895 3929 1151 3984 Dominus
1173 3925 1312 3979 Deus
1330 3919 1666 3995 ipsius(Psal.
1686 3931 1874 3985 cxutt,

291 4031 476 4100 7-15).
508 4028 566 4084 Si
598 4042 726 4097 ergo
753 4023 838 4078 isti
870 4030 994 4076 sunt
1019 4018 1110 4073 ftlii
1140 4017 1321 4081 alieni,
1352 4014 1441 4085 qui
1474 4012 1526 4067 in
1554 4010 1714 4066 rebus
1742 4017 1879 4064 tem-
1905 4019 1909 4023 ‘

290 4121 569 4193 poralibus
596 4127 650 4172 et
673 4113 994 4170 abundantia
1022 4120 1252 4165 terrena:
1288 4103 1557 4161 felicitatis
1596 4099 1881 4156 beatitudi-

291 4189 417 4269 nem
446 4200 673 4282 ponunt,
701 4216 755 4261 et
781 4204 960 4260 divina
993 4208 1258 4272 praicepta
1285 4201 1666 4257 contemnunt,
1692 4189 1879 4245 videa-

292 4320 415 4361 mus
453 4303 499 4358 si
542 4315 649 4355 non
693 4297 855 4353 iidem
897 4293 998 4364 ipsi
1027 4301 1151 4347 sunt
1175 4289 1244 4344 de
1271 4287 1461 4358 quibus
1485 4283 1782 4354 Cyprianus
1808 4282 1880 4335 ita

290 4395 443 4461 dicit,
477 4394 529 4446 in
562 4407 621 4446 se
646 4380 1259 4460 quoquetransligurans
1281 4392 1397 4442 eos,
1421 4384 1481 4430 ut
1506 4373 1575 4429 de
1600 4373 1685 4428 his
1710 4387 1769 4427 se
1796 4371 1881 4427 di-

290 4502 417 4543 cere
433 4481 703 4546 ostendat,
719 4494 841 4534 cum
862 4476 1054 4547 quibus
1069 4473 1413 4527 Sacramenta
1435 4462 1880 4522 communicabat:

299 4598 319 4633 ι
353 4580 486 4635 Dum
516 4575 656 4631 viam
697 4570 941 4637 Domini,
974 4588 994 4621 ι
1022 4566 1228 4637 inquit,
1267 4581 1286 4616 ι
1319 4576 1425 4617 non
1475 4569 1754 4623 tenemus,
1785 4570 1886 4610 nec

293 4669 415 4725 data
462 4667 617 4721 nubis
659 4663 725 4719 ad
765 4662 990 4717 salutem
1028 4654 1267 4713 caelestia
1298 4648 1550 4706 mandata
1588 4660 1883 4703 servamus.

296 4762 448 4817 Fecit
478 4758 738 4813 Dominus
768 4763 951 4807 noster
979 4749 1305 4804 voluntatem
1332 4741 1506 4797 Patris
1526 4782 1543 4808 ,
1572 4748 1629 4795 et
1654 4752 1751 4794 nos
1781 4752 1886 4793 non

295 4854 524 4908 facimus
556 4845 765 4903 Domini
794 4844 1144 4904 voluntatem,
1178 4831 1499 4906 patrimonio
1524 4838 1579 4885 et
1607 4829 1757 4883 lucro
1777 4836 1890 4881 stu-

293 4942 509 5005 dentes,
533 4937 838 5010 superbiam
866 4939 1153 4996 sectantes,
1176 4936 1230 4984 et
1249 4933 1441 4982 caetera
1471 4940 1490 4975 ι
1516 4919 1736 4990 (Epist.l
1754 4920 1798 4983 i,
1824 4917 1891 4970 ad

298 5032 568 5102 Clericos).
602 5009 691 5084 iAt
730 5027 775 5081 si
820 5024 909 5079 isti
937 5022 1261 5092 Baptismum
1294 5025 1346 5072 et
1375 5013 1573 5069 habere
1603 5020 1657 5066 et
1682 5009 1891 5064 tradere

300 5101 571 5192 poterant,
598 5135 698 5174 cur
724 5124 948 5187 negatur
966 5127 1086 5168 esse
1111 5108 1340 5180 possein
1370 5105 1490 5161 (iliis
1514 5101 1738 5158 alienis?
1759 5114 1892 5170 quos

298 5233 485 5277 tamen
510 5214 759 5269 hortatur
783 5219 842 5264 ut
865 5206 1102 5263 cmlestia
1133 5201 1379 5258 mandata
1407 5197 1696 5262 servando,
1727 5196 1892 5249 missa

300 5310 407 5366 sibi
448 5324 544 5379 per
567 5306 784 5361 unicum
815 5300 1041 5365 Filium,
1074 5295 1267 5351 fratres
1297 5290 1413 5362 ejus
1436 5298 1492 5345 et
1524 5287 1617 5344 lilii
1650 5285 1745 5343 Dei
1775 5300 1895 5341 εεδο

302 5407 639 5457 mercantur.

380 5488 609 5546 CAPUT
638 5484 935 5542 XXXll.-—-
958 5481 1019 5537 6|
1035 5521 1047 5534 .
1064 5476 1360 5534 Victorious
1389 5488 1419 5527 a
1440 5471 1712 5527 Thabraca
1735 5466 1896 5523 dixit:

310 5584 380 5640 Si
410 5583 523 5636 licet
568 5576 817 5634 Ita:reticis
861 5573 1117 5643 baptizare
1138 5610 1153 5637 ,
1195 5576 1242 5622 et
1283 5564 1544 5621 remissam
1591 5569 1902 5635 peccatorum

382 5778 507 5832 ‘llic
531 5792 598 5833 ex
624 5786 728 5829 uss.
754 5773 955 5835 additur,
983 5780 1163 5821 eorum.

1629 335 1829 394 LIBER
1867 310 2154 393 Satires.

3443 340 3557 396 218

1975 450 2130 513 dare;
2159 451 2282 522 quid
2307 451 2423 506 illos
2450 450 2777 522 infamatum,
2806 460 2865 505 ut
2891 451 3009 505 latr.
3027 453 3150 505 liras
3177 453 3537 521 appellemus?

1978 544 1985 551 ’
2045 541 2133 597 62.
2166 541 2302 610 Quid
2324 584 2338 606 ,
2380 543 2424 627 si
2471 542 2608 597 alius
2650 542 2888 596 diceret:
2916 541 2970 596 Si
3002 542 3126 595 licet
3154 542 3348 607 iniquis
3376 542 3560 610 bapti-

1974 648 2097 687 zare
2119 674 2133 697 ,
2163 642 2216 688 et
2240 635 2519 687 remissam
2553 641 2886 701 peccatorum
2906 630 3069 694 dare;
3100 632 3226 702 quid
3260 634 3380 686 illos
3418 632 3554 687 inia-

1972 739 2209 790 mamus,
2242 734 2297 777 ut
2328 724 2534 793 iniquos
2565 724 2683 776 illos
2712 723 3076 791 appellemus?
3103 724 3253 790 Quod
3296 724 3419 779 huic
3462 741 3551 778 re-

1971 814 2325 883 Sponderctur
2353 815 2420 869 de
2449 815 2673 885 iniquis,
2714 814 2814 869 hoc
2849 824 2902 869 et
2946 815 3023 868 illi
3062 815 3452 884 respondeatur
3489 815 3558 870 de

1972 905 2269 974 h:cretieis;
2302 906 2352 961 id
2379 917 2464 962 est
2482 948 2497 972 ,
2531 922 2704 975 neque
2731 922 2916 960 eorum
2944 921 3064 961 esse
3090 907 3416 976 Baptismnm
3447 924 3556 977 qua

1972 998 2240 1069 baptizant
2259 1042 2275 1067 ,
2299 1008 2352 1054 et
2393 1014 2498 1054 non
2524 1014 2645 1055 esse
2670 1014 3006 1069 consequens
3037 1008 3095 1053 ut
3120 1000 3363 1069 quisquis
3392 999 3555 1054 habet

1971 1090 2300 1161 Baptismum
2326 1091 2544 1157 Christi,
2578 1092 2737 1147 etiam
2761 1091 2831 1147 de
2869 1103 3206 1161 peccatorum
3237 1094 3555 1147 remissione

1971 1197 2189 1238 securus
2214 1184 2309 1247 sit;
2341 1185 2389 1238 si
2413 1182 2515 1237 hoc
2539 1182 2593 1236 in
2620 1182 2970 1237 Sacramento
2998 1192 3199 1236 tantum
3232 1183 3419 1246 habet,
3455 1198 3555 1237 nec

1970 1275 2147 1330 veraci
2186 1274 2363 1330 cordis
2397 1275 2747 1331 conversione
2773 1274 2791 1306 ¹
2814 1286 3106 1329 conversus
3132 1284 3234 1340 est,
3262 1283 3322 1328 ut
3360 1275 3548 1329 dimit-

1970 1364 2102 1420 tenti
2131 1365 2507 1420 dimitteretur.

2039 1454 2267 1511 CAPUT
2304 1454 2544 1511 XXXlll.
2573 1484 2646 1497 --
2685 1455 2773 1511 63.
2819 1454 2971 1509 Alius
3014 1454 3166 1510 Felix
3209 1455 3278 1510 ab
3321 1455 3558 1511 Uthius’

1968 1545 2104 1602 dixit
2131 1563 2145 1599 :
2179 1545 2383 1601 Nemini
2427 1547 2637 1600 dubium
2680 1555 2787 1610 est,
2811 1547 3119 1599 sanctissimi
3141 1548 3554 1612 consacerdotes,

1970 1653 2072 1690 non
2096 1638 2149 1689 in
2170 1632 2364 1689 tantum
2392 1652 2541 1706 posse
2561 1637 2582 1669 ³
2601 1636 2880 1690 humanam
2911 1637 3374 1706 presumptionem,
3392 1654 3556 1707 quan-

1970 1734 2074 1780 tum
2103 1724 2311 1779 Domini
2335 1727 2493 1780 nostri
2518 1724 2646 1780 Iesu
2673 1725 2861 1780 Christi
2885 1725 3204 1779 adorandum
3227 1735 3274 1779 et
3298 1726 3556 1780 uenerabi-

1971 1817 2067 1871 lem
2091 1818 2422 1887 majestatem.
2445 1816 2699 1871 Memores
2717 1832 2839 1887 ergo
2862 1817 3096 1888 periculi,
3125 1817 3219 1870 hoc
3238 1833 3434 1887 quoque
3452 1833 3555 1872 non

1973 1917 2172 1961 tantum
2207 1908 2469 1962 observare
2493 1909 2743 1972 debemus,
2771 1924 2941 1963 verum
2961 1908 3111 1961 etiam
3126 1908 3189 1962 ab
3214 1908 3441 1962 omnibus
3466 1927 3557 1962 no-

1970 1999 2046 2051 bis
2074 2000 2377 2067 confirmare
2394 2041 2408 2063 ,
2441 2008 2497 2051 ut
2523 2014 2693 2053 attines
2723 1998 2946 2052 heretici
2970 1998 3058 2070 qui
3087 1998 3155 2051 ad
3182 1999 3349 2052 sinunt
3379 2001 3555 2055 matris

1971 2088 2217 2144 Ecclesia:
2234 2099 2527 2156 accurrunt,
2546 2090 2893 2162 baptizentur;
2923 2101 2978 2142 ut
3003 2106 3142 2144 mens
3166 2092 3422 2157 hct-relisa,
3440 2108 3557 2163 qrth

1972 2183 2216 2235 diuturna
2246 2183 2360 2236 tabe
2395 2183 2590 2252 polluta
2619 2191 2722 2247 est,
2759 2182 3163 2251 sanctiﬁcatione
3200 2183 3388 2237 lavacri
3429 2201 3557 2253 pur.

1971 2284 2093 2346 gata
2119 2275 2172 2328 in
2203 2274 2382 2328 melius
2408 2273 2728 2343 reformctur.
3122 2316 3125 2319 .

2044 2365 2132 2421 6i.
2178 2364 2443 2419 Fortassis
2472 2365 2571 2418 iste
2600 2364 2689 2433 qui
2732 2363 2784 2417 in
2825 2364 3076 2419 diuturna
3121 2364 3242 2419 tabe
3285 2365 3556 2435 purganda

1973 2471 2191 2512 causam
2223 2458 2416 2526 pesuit,
2444 2472 2540 2511 cur
2561 2456 2819 2511 deberent
2849 2455 3084 2511 lueretiei
3116 2455 3407 2525 baptizari,
3433 2472 3557 2526 par—

1974 2558 2126 2604 ceret
2149 2549 2227 2603 eis
2252 2549 2340 2618 qui
2370 2549 2421 2602 in
2447 2549 2677 2616 aliquam
2710 2546 2958 2602 haeresim
2989 2547 3253 2601 irruentes
3279 2548 3472 2617 exiguo
3499 2548 3562 2601 il-

1977 2641 2043 2694 lic
2088 2650 2328 2708 tempore
2368 2638 2625 2701 fuissent,
2658 2647 2713 2693 et
2740 2638 2850 2692 cito
2878 2639 3110 2692 correcti
3140 2636 3205 2690 ad
3231 2637 3558 2692 Catholicam

1976 2729 2100 2784 inde
2130 2729 2469 2798 migrassent.
2516 2728 2715 2783 Deinde
2738 2738 2794 2782 et
2823 2728 2936 2797 ipse
2964 2743 3150 2796 parum
3180 2727 3445 2788 advertit,
3487 2731 3559 2783 ita

1973 2821 2078 2876 dici
2128 2835 2317 2890 posse,
2342 2827 2401 2873 ut
2454 2819 2619 2885 iniqui
2670 2833 2860 2872 omnes
2886 2819 2975 2886 qui
3000 2816 3066 2871 ad
3098 2819 3237 2870 illam
3270 2827 3477 2885 petram
3505 2818 3557 2871 in

1974 2927 2081 2982 qua
2109 2910 2349 2969 Ecclesia
2387 2907 2733 2978 signiﬁcatur,
2765 2915 3071 2971 accurrunt,
3091 2906 3461 2973 baptizentur;
3502 2917 3563 2959 ut

1977 3016 2133 3056 mens
2164 3001 2346 3069 iniqua
2378 3014 2499 3070 quae
2532 3008 2684 3053 extra
2725 3006 2931 3068 petram
2973 2995 3025 3049 in
3065 3010 3226 3049 arena
3263 2995 3564 3049 ardiiirabat

1975 3091 2241 3146 audiendo
2267 3091 2426 3145 verba
2456 3089 2650 3145 Christi
2700 3096 2759 3143 et
2798 3103 2904 3141 non
2951 3086 3193 3141 iaciendo
3216 3128 3231 3152 ,
3262 3087 3564 3141 sanctiﬁca-

1978 3183 2122 3238 tione
2151 3180 2347 3237 lavaeri
2375 3188 2594 3251 purgata
2628 3179 2680 3232 in
2703 3179 2894 3239 melius
2918 3176 3241 3232 reiormetur
3264 3195 3277 3230 :
3301 3186 3562 3233 ettamcn

1979 3289 2086 3328 non
2118 3274 2194 3340 iit,
2219 3274 2263 3328 si
2284 3274 2394 3343 jam
2427 3271 2675 3341 baptizati
2696 3278 2841 3336 sunt,
2866 3270 3024 3324 etiam
3047 3270 3091 3323 si
3118 3268 3410 3337 probentur
3430 3271 3565 3325 tales

1978 3365 2144 3421 fuisse
2171 3379 2292 3420 eum
2322 3364 2750 3433 baptizarentur;
2778 3360 2832 3415 id
2856 3368 2958 3425 est,
2989 3367 3049 3414 ut
3073 3359 3274 3415 saequ
3304 3359 3481 3416 verbis
3508 3368 3566 3414 et

1980 3475 2087 3515 non
2118 3458 2271 3515 factis
2294 3456 2682 3512 renuntiarent.

1960 3588 1965 3593 -
2049 3550 2274 3607 CAPUT
2312 3546 2647 3604 XXXIV.-—
2679 3546 2781 3602 65.,
2797 3544 3020 3614 Quietus
3061 3558 3091 3598 a
3135 3542 3350 3598 Burtteh
3389 3541 3561 3598 dixit:

1985 3663 2006 3696 ‹
2034 3645 2136 3712 Qui
2168 3643 2272 3698 ﬁde
2292 3642 2539 3707 vivimus,
2557 3638 2780 3709 obsequi
2808 3639 2891 3692 his
2904 3652 3029 3706 quae
3056 3633 3383 3692 instruendis
3411 3633 3566 3689 nobis

1981 3748 2106 3792 ante
2131 3735 2384 3805 prmdicts
2414 3743 2559 3797 sunt,
2585 3731 2802 3787 credula
2826 3728 2849 3760 δ
2873 3728 3252 3784 observatione
3278 3725 3562 3781 debemus.

1980 3827 2112 3883 Nam
2141 3826 2397 3894 scriptum
2423 3833 2504 3878 est
2526 3822 2667 3890 apud
2693 3820 3058 3881 Sainmonem,
3088 3818 3187 3884 Qui
3217 3816 3504 3885 baptizatur
3532 3832 3567 3868 α

1982 3926 2183 3971 mortuo
2207 3916 2251 3980 ⁸,
2286 3912 2408 3983 quid
2434 3910 2634 3983 proﬁcit
2660 3909 2846 3963 lavatio
2872 3908 2981 3978 ejus
3004 3904 3191 3975 (Eccli.
3221 3920 3404 3964 sunt.
3431 3906 3567 3974 50)?

1982 4006 2134 4077 Quod
2167 4006 2348 4074 utique
2376 4002 2444 4057 de
2471 4001 2554 4054 his
2584 4000 2671 4069 qui
2701 3999 2769 4053 ab
2799 3995 3064 4051 luercticis
3092 3995 3386 4065 tinguntur,
3413 4003 3468 4049 et
3492 3994 3561 4050 de

1987 4096 2317 4168 ﬁngentibus
2340 4093 2594 4164 loquitur.
2624 4089 2681 4146 Si
2703 4089 2846 4144 enim
2868 4086 2957 4157 qui
2986 4084 3128 4154 apud
3159 4085 3276 4138 illos
3297 4084 3565 4151 baptizata.

1987 4200 2107 4256 tur,
2157 4202 2254 4257 per
2296 4184 2667 4241 remissionem
2716 4187 3050 4249 peccatorum
3097 4176 3263 4230 vitam
3308 4183 3567 4228 cateruam

1985 4288 2393 4353 consequuntur
2414 4319 2429 4342 ,
2456 4292 2553 4331 cur
2577 4274 2644 4329 ad
2688 4271 2979 4329 Ecclesium
3010 4267 3266 4324 veniunt?
3296 4266 3352 4321 Si
3382 4280 3512 4327 vero
3535 4280 3570 4321 ι

1986 4384 2200 4433 mortuo
2242 4371 2428 4427 salutis
2472 4366 2604 4422 nihil
2645 4363 2921 4434 accipitur,
2951 4375 3016 4415 ac
3049 4368 3333 4430 propterea
3358 4356 3571 4427 cognito

1988 4481 2174 4524 errore
2198 4462 2422 4534 pristino
2440 4499 2457 4524 ,
2489 4457 2554 4511 ad
2587 4456 2863 4510 veritatem
2893 4466 3015 4507 cum
3043 4448 3356 4520 paenitentia
3382 4462 3570 4502 rever-

1990 4566 2204 4621 tuntur;
2230 4567 2335 4607 uno
2353 4550 2498 4607 vitali
2520 4548 2864 4616 Baptismate,
2880 4542 3030 4613 quod
3052 4543 3104 4597 in
3124 4538 3364 4595 Ecclesia
3386 4537 3572 4594 catho-

1948 4680 1956 4688 -
1989 4652 2091 4706 lica
2114 4658 2218 4713 est,
2243 4640 2562 4700 sanctiﬁcari
2584 4637 2875 4693 debebunt.
2905 4654 2927 4688 ι

2062 4741 2152 4796 66.
2181 4735 2319 4806 Quid
2346 4735 2417 4789 sit
2436 4739 2687 4786 emortuo
2708 4726 2987 4797 baptizari,
3017 4723 3134 4779 sine
3161 4720 3468 4794 prauudicio
3495 4720 3576 4776 di-

1992 4831 2288 4904 ligentioris
2336 4825 2576 4898 ejusdem
2633 4821 2922 4891 Scriptura:
2946 4816 3387 4873 eonsiderationis
3407 4858 3421 4880 ,
3450 4815 3578 4869 alibi

1988 4926 2098 4997 jam
2144 4922 2376 4978 diximus
2409 4916 2619 4989 (Contra
2655 4911 3053 4967 Parmenianum
3091 4907 3178 4965 lib.
3226 4907 3282 4972 2,
3309 4922 3426 4975 cap.
3466 4905 3576 4972 10).

1993 4995 2189 5085 Quaero
2245 5020 2424 5067 autem
2479 5022 2576 5062 cur
2622 5004 2902 5059 hatreticos
2951 4999 3094 5055 solos
3140 4997 3307 5054 velint
3361 4995 3579 5062 intelligt

1996 5118 2258 5174 mortuos,
2275 5117 2395 5160 eum
2426 5099 2622 5155 Paulus
2640 5093 2910 5166 apostolus
2931 5090 3253 5164 generaliter
3272 5087 3340 5144 de
3360 5097 3581 5155 peccato

1996 5199 2228 5265 dixerit,
2277 5190 2598 5265 Stipendium
2628 5186 2841 5260 peccati,
2872 5200 3008 5238 mors
3032 5183 3053 5254 (
3081 5180 3232 5236 Rom.
3260 5194 3334 5245 vr,
3358 5176 3450 5246 23)
3480 5192 3495 5242 ;
3527 5184 3584 5229 et

2066 5381 2083 5413 ι
2110 5376 2280 5428 Plures
2296 5381 2388 5424 Mss
2407 5406 2424 5431 ,
2449 5365 2756 5431 confessione.
2960 5420 3002 5431 ..
3307 5418 3317 5427 .

2065 5443 2085 5473 ²
2440 5414 2797 5488 iéiiié'eotex,
2830 5438 2861 5475 a
2889 5420 3082 5473 Tubitta.
3130 5418 3214 5468 Alii
3238 5414 3428 5479 quidam
3453 5418 3585 5473 ωδ..

2003 5502 2264 5611 αι’ιῦέέιῖῗί
2286 5556 2468 5619 aliquot
2489 5560 2618 5619 $5,,
2642 5563 2735 5601 non
2760 5555 3118 5619 tumuit”???

2070 5626 2092 5658 δ
2114 5597 2483 5673 {Canini-(338%
2491 5597 2670 5665 Eii-esi
2680 5597 2734 5661 et
2750 5597 2977 5674 (Cypriani:
2988 5604 3160 5674 editio,
3174 5597 3361 5674 sedula.

2070 5688 2091 5719 ⁸
2109 5667 2306 5733 {alii}:
2333 5667 2387 5741 ct
2404 5677 2662 5741 Cyprianus
2675 5667 2935 5741 addunt,_ct
2958 5667 3129 5741 iterum
3143 5672 3293 5741 tangit
3319 5669 3520 5728 mortem
3538 5676 3555 5713 :

2011 5726 2649 5808 mefiteecnim'addito,
2675 5734 2807 5785 locus
2828 5726 2885 5782 ad
2910 5743 3014 5782 rem
3039 5727 3155 5777 nihil
3178 5726 3304 5779 facit.
