4028 6202
449 304 555 358 219

447 413 666 478 iterum,
689 411 883 484 Sapere
896 420 1060 466 autem
1086 411 1358 465 secundum
1383 427 1584 465 carnem
1612 426 1745 463 mors
1761 415 1832 463 est
1859 406 2033 481 (Rom.

448 524 562 573 ‘vtlt,
583 507 661 577 6).
693 508 758 562 Et
787 523 906 560 cum
943 513 1205 560 tuortuant
1247 505 1389 558 dicat
1427 503 1638 558 viduam
1698 518 1816 573 qua:
1852 501 1912 554 in
1934 500 2034 555 dc-

449 600 585 652 ticiis
614 599 739 654 vivit
769 598 810 668 (l
839 598 970 652 Tim.
1004 615 1056 662 ν,
1088 596 1193 669 6.),
1221 598 1488 666 quomodo
1528 612 1635 652 non
1661 605 1784 651 sunt
1813 595 2029 660 mortui,

443 691 532 756 qui
559 690 752 743 szreulo
778 690 953 742 verbis
983 699 1036 744 et
1065 707 1166 742 non
1196 689 1345 743 factis
1373 688 1716 744 renuntiant?
1737 687 1873 753 Quid
1905 703 2033 757 ergo

445 783 658 850 prolicit
683 783 880 837 lavatio
906 783 1021 853 ejus
1045 785 1133 853 qui
1166 783 1232 836 ab
1262 783 1376 840 istis
1405 783 1736 850 baptizatur:
1769 781 1869 834 nisi
1906 782 2029 850 qu‘a

441 882 498 924 et
529 873 642 939 ipse
665 874 710 927 si
748 874 866 927 talis
887 883 998 935 est.
1027 874 1294 928 lavacrum
1341 871 1557 943 quidem
1589 871 1768 934 habet,
1798 871 1892 926 sed
1924 885 2028 925 non

438 965 494 1016 ei
519 963 724 1032 prolicit
747 966 813 1019 ad
840 965 1108 1021 s:.lutetn?
1133 967 1188 1021 Si
1217 973 1396 1022 autem
1425 965 1513 1020 ille
1539 980 1568 1019 a
1601 980 1707 1033 quo
1735 964 2032 1034 baptizatur

437 1056 564 1109 tatis
585 1065 686 1121 est,
721 1058 819 1111 iste
846 1073 970 1112 vero
999 1073 1102 1113 non
1149 1057 1282 1113 falso
1305 1056 1467 1114 corde
1513 1055 1578 1111 ad
1617 1057 1782 1110 Deum
1813 1069 2033 1110 conver-

440 1147 604 1211 titur;
630 1163 734 1201 non
773 1149 840 1202 ab
879 1149 968 1202 illo
996 1157 1206 1202 mortuo
1240 1147 1553 1216 baptizatur,
1583 1146 1675 1201 sed
1703 1145 1885 1200 abillo
1909 1144 2029 1199 vivo

438 1239 509 1292 de
537 1255 644 1308 quo
671 1240 869 1295 dictum
897 1252 998 1307 est,
1024 1240 1143 1312 Ipse
1171 1243 1367 1311 (ταφαὶ
1391 1240 1612 1310 baptista
1637 1238 1814 1309 (Joan.
1842 1254 1879 1301 ι.
1903 1238 2026 1306 '55);

441 1332 679 1398 quolibet
699 1335 1043 1401 corporaliter
1081 1345 1334 1404 operante
1370 1334 1617 1402 baptizct.
1649 1333 1800 1398 Quod
1848 1341 2024 1390 autem

441 1421 517 1475 ait
538 1421 606 1476 de
633 1421 914 1486 luereticis,
942 1423 1002 1477 Si
1025 1425 1158 1478 enim
1175 1425 1260 1494 qui
1283 1423 1422 1492 apud
1442 1423 1556 1477 illos
1574 1422 1914 1492 baptizantttr,
1939 1440 2028 1492 per

439 1516 780 1568 remissionem
805 1526 1122 1586 peccatorum
1159 1517 1310 1571 vitam
1352 1526 1592 1570 cternmn
1627 1525 2025 1586 consequuntur,

437 1622 530 1658 cur
554 1607 622 1658 ad
654 1607 928 1660 Ecclesium
956 1609 1157 1661 t'eniuat
1182 1609 1206 1662 Ρ
1228 1607 1578 1678 respondetur
1601 1628 1613 1660 :
1633 1608 1758 1663 Ideo
1786 1607 2023 1671 veniunt,

438 1695 562 1764 quia
589 1696 798 1750 etiamsi
843 1697 1036 1752 Christi
1068 1698 1395 1768 Baptismum
1423 1713 1591 1766 usque
1616 1697 1684 1752 ad
1709 1697 2023 1754 sacramenti

436 1786 848 1842 celebrationem
874 1797 1242 1859 percepero-nt,
1265 1798 1442 1844 tamen
1465 1790 1624 1844 vitam
1647 1798 1898 1844 :ctcrnam
1924 1789 2022 1842 nisi

440 1890 534 1941 per
560 1877 774 1930 unitatis
803 1877 1114 1932 chariton-tn
1146 1893 1250 1932 non
1289 1886 1719 1947 consequuntur:
1753 1879 1888 1932 sicut
1925 1893 2024 1934 nec

437 1967 510 2021 illi
539 1969 782 2023 malevoli
815 1978 867 2023 ct
894 1969 1075 2034 invidi,
1104 1970 1298 2040 quibus
1335 1986 1439 2024 non
1480 1969 1874 2025 dimitterentur
1901 1985 2025 2038 pec-

433 2069 575 2124 cata,
601 2075 697 2114 nec
719 2061 762 2114 si
791 2061 1044 2116 adversus
1074 2077 1168 2116 cos
1192 2061 1369 2116 odium
1392 2070 1636 2117 tenerent
1659 2077 1688 2114 a
1715 2063 1904 2131 quibus
1925 2077 2020 2130 pa-

437 2157 677 2204 terentur
722 2151 1006 2220 injoriam;
1044 2153 1166 2222 quia
1218 2152 1424 2207 Veritas
1444 2153 1608 2218 dixit,
1641 2153 1828 2207 Sinon
1865 2154 2021 2206 diuti-

434 2241 628 2308 seritis,
651 2258 740 2296 nec
775 2241 924 2296 Pater
945 2251 1100 2297 vester
1128 2244 1339 2298 dimittet
1378 2244 1553 2314 robis(
1583 2243 1764 2299 Matth.
1795 2261 1866 2310 γι,
1897 2245 2018 2314 lii):

433 2342 637 2401 quanto
679 2336 846 2404 magis
876 2351 997 2389 cum
1033 2349 1127 2390 eos
1167 2336 1410 2399 oderant,
1435 2337 1624 2405 quibus
1660 2335 2024 2391 retribuelmt

435 2425 573 2478 mala
595 2440 689 2494 pro
711 2426 861 2481 bonis
881 2427 1049 2498 (Psal.
1067 2445 1244 2493 xxx",
1266 2430 1380 2501 12)?
1398 2429 1504 2484 Nec
1522 2438 1696 2484 tamen
1716 2430 1799 2484 isti
1823 2431 2021 2485 sarculo

434 2515 613 2570 verbis
638 2516 767 2570 solis
795 2526 849 2571 et
874 2533 977 2572 non
1006 2519 1154 2574 lactis
1181 2521 1576 2584 renuntiantes,
1607 2521 1652 2576 si
1683 2530 1865 2591 postea
1896 2537 2017 2576 cor-

433 2606 737 2675 rigerentur
757 2650 771 2673 ,
808 2625 989 2665 rursus
1029 2611 1458 2681 baptizarentur;
1485 2613 1579 2668 sed
1606 2629 1711 2667 uno
1742 2614 1882 2667 vitali
1915 2615 2018 2668 Ba-

436 2697 684 2766 ptismatc
703 2701 1176 2756 sanctiﬁcarcntur.
1218 2703 1369 2768 Quod
1413 2704 1627 2773 quidem
1658 2704 1708 2756 in
1746 2704 2017 2758 Catholica

433 2799 536 2852 est,
564 2790 659 2844 sed
702 2807 805 2844 non
848 2792 898 2844 in
929 2794 1071 2858 sola;
1110 2795 1245 2849 sicut
1275 2810 1373 2850 nec
1422 2795 1474 2848 in
1518 2797 1717 2850 sanctis
1757 2797 2017 2866 solis,qui

431 2877 675 2934 aediﬁcati
721 2892 846 2936 sunt
873 2897 1035 2952 super
1064 2893 1299 2952 petram,
1324 2894 1378 2940 et
1420 2902 1484 2940 cx
1525 2887 1718 2956 quibus
1749 2887 1898 2942 unica
1932 2889 2016 2943 illa

430 2971 674 3024 Columba
705 2974 971 3041 perﬁcitur
999 2975 1168 3046 (Cant.
1198 2991 1248 3030 τι
1285 2975 1372 3044 8).
1767 2973 1776 2983 ’

501 3063 729 3118 CAPUT
768 3065 984 3118 XXXV.
1049 3067 1136 3120 67.
1201 3071 1388 3120 Castus
1430 3083 1462 3121 a
1509 3068 1658 3123 Sicca
1704 3069 1874 3124 dicit:
1917 3071 2018 3136 Qui

431 3163 715 3222 contempta
759 3155 963 3207 veritate
1008 3156 1264 3224 praesumit
1307 3159 1713 3212 consuetudinem
1740 3160 1897 3229 sequi,
1929 3172 2016 3215 aut

428 3249 564 3300 circa
593 3251 772 3318 fratres
798 3249 994 3302 int-idus
1022 3259 1094 3301 est
1121 3258 1166 3301 ct
1186 3249 1472 3320 malignus,
1502 3250 1680 3320 quibus
1711 3252 1890 3306 ret-itus
1930 3269 2014 3308 re-

424 3341 622 3393 veletur
642 3358 661 3406 ;
687 3349 772 3394 aut
797 3342 931 3394 ri-rca
964 3340 1122 3396 Deum
1147 3341 1375 3413 ingratus
1398 3352 1492 3409 est,
1524 3345 1667 3416 cujus
1685 3345 2017 3416 inspiratione

425 3430 656 3484 Ecclesia
686 3434 732 3500 ej
738 3450 794 3485 us
813 3432 1095 3485 instruitur.

497 3524 589 3578 68.
622 3524 725 3578 iste
754 3525 796 3577 si
821 3525 1162 3579 convinceret
1187 3539 1280 3580 eos
1317 3527 1405 3595 (διιί
1432 3525 1646 3581 diversa
1675 3527 2010 3592 sentiebant,

420 3621 482 3667 et
510 3612 612 3668 hoc
641 3617 912 3679 tenebant,
942 3616 1083 3685 quod
1125 3617 1284 3671 etiam
1315 3625 1458 3671 totus
1482 3617 1630 3673 orbis
1657 3628 1840 3688 postea
1869 3619 2012 3675 chri-

428 3704 604 3759 stiano
641 3706 870 3761 concilio
898 3708 1244 3763 conﬁrmatus
1273 3709 1530 3776 obtinuit,
1565 3710 1634 3766 ita
1669 3714 2010 3770 consuetudi-

431 3812 554 3851 nem
586 3799 764 3867 sequi,
799 3807 858 3853 ut
899 3810 1306 3856 contemnerent
1337 3802 1613 3857 veritatem
1636 3845 1651 3870 ,
1696 3803 1811 3860 bazc
1849 3805 2008 3859 verba

424 3889 717 3947 formidare
747 3892 1063 3948 deberemus
1088 3911 1100 3947 :
1132 3908 1252 3947 cum
1279 3910 1405 3948 vero
1427 3895 1513 3948 illa
1543 3897 1872 3950 consuetudo
1899 3907 1954 3951 et
1977 3911 2008 3950 a

420 3982 650 4037 ueritate
696 3994 980 4053 propagata
1027 3993 1082 4037 et
1126 3984 1348 4038 veritate
1391 3985 1633 4038 roborata
1678 3988 2004 4054 reperiatur,

419 4075 558 4128 mihi!
591 4075 641 4128 in
681 4075 780 4130 hac
805 4076 1066 4129 sententia
1095 4075 1538 4143 pertimescimus.
1569 4075 1634 4129 Et
1657 4084 1834 4132 tamen
1859 4078 1903 4132 si
1933 4079 2006 4132 illi

411 4167 558 4219 circa
584 4170 766 4236 fratres
788 4167 944 4218 invidi
969 4175 1110 4220 erant
1134 4174 1180 4217 ct
1205 4164 1437 4234 maligni,
1467 4176 1554 4218 aut
1574 4168 1709 4221 circa
1738 4167 1900 4223 Deum
1928 4171 2006 4223 in.

423 4256 576 4326 grati,
609 4271 733 4310 ecce
761 4257 1006 4324 qualibus
1033 4255 1529 4324 eommunicabant,
1557 4273 1682 4313 cccc
1712 4261 1894 4328 quales
1919 4261 2004 4316 di-

411 4361 574 4401 mersa
613 4347 940 4410 sentientes,
988 4349 1122 4401 sicut
1164 4346 1460 4420 Cyprianus
1498 4351 1772 4420 praedixit,
1815 4367 1845 4406 a
1884 4352 2006 4422 jure

409 4439 812 4496 ,coinmnnionis
833 4455 934 4493 non
963 4442 1302 4505 amovebant,
1334 4458 1458 4499 ecce
1477 4459 1508 4500 a
1533 4443 1725 4514 quibus
1745 4460 1853 4500 non
1884 4446 2000 4515 polo

410 4529 705 4584 :luebantur
733 4529 786 4583 in
825 4531 1228 4587 conservatione
1274 4534 1551 4601 unitatis‘,
1582 4549 1708 4590 ecce
1746 4545 2002 4606 quantum

413 4619 704 4676 amandum
734 4621 804 4675 sit
834 4621 1098 4675 vinculum
1133 4623 1311 4691 pacis;
1343 4639 1469 4680 ecce
1495 4623 1622 4694 quid
1663 4625 2006 4683 considerent

417 4711 510 4780 qui
542 4710 695 4766 nobis
732 4712 800 4767 de
847 4713 1298 4782 prardcccssormn
1325 4717 1346 4749 ³
1374 4717 1747 4787 episcoporum
1776 4718 2004 4773 concilio

416 4805 832 4872 calumniantur,
864 4822 1090 4876 quorum
1131 4807 1442 4864 charitatem
1475 4824 1580 4864 non
1625 4810 1916 4874 imitantur,
1947 4822 2002 4866 et

412 4911 645 4964 quorum
665 4898 909 4967 exemplo
930 4897 1267 4952 Considerate
1288 4898 1408 4966 jure
1429 4899 1766 4955 damnantur.
1794 4901 1848 4956 Si
1873 4917 2001 4957 con-

413 4986 643 5044 suetudo
670 4996 805 5052 erat,
840 4989 979 5043 sicut
1006 4988 1118 5042 ha-c
1145 4991 1407 5044 sententia
1437 4991 1586 5045 testis
1612 5001 1714 5058 est,
1747 5001 1804 5046 ut
1831 4992 2000 5047 hacte-

411 5080 502 5134 tici
527 5080 800 5134 venientes
827 5078 890 5133 ad
922 5079 1209 5134 Ecclesium
1232 5095 1354 5135 cum
1384 5081 1706 5150 Baptismate
1733 5082 1874 5152 quod
1902 5082 1999 5137 ha-

417 5173 615 5229 bebant
643 5173 1061 5240 susciperentur,
1095 5183 1187 5226 aut
1224 5172 1326 5232 hoc
1363 5185 1510 5231 recte
1539 5175 1732 5240 ﬁebat,
1759 5184 1852 5232 aut
1874 5177 1998 5232 mali

415 5266 587 5321 bonos
615 5266 666 5320 in
699 5265 900 5320 unitate
945 5283 1047 5320 non
1077 5268 1361 5322 maculant.
1407 5267 1461 5322 Si
1491 5276 1637 5324 recte
1665 5267 1860 5336 fiebat,
1904 5286 1999 5325 cur

412 5356 599 5414 urbem
632 5366 930 5421 terrarum,
967 5356 1088 5426 quia
1133 5356 1210 5410 sic
1251 5357 1595 5427 recipiuntur,
1625 5359 1916 5413 accusant?
1943 5361 1996 5414 Si

411 5455 590 5510 autem
618 5447 741 5502 mali
773 5446 940 5501 bonos
971 5446 1022 5500 in
1048 5447 1247 5503 unitate
1275 5464 1378 5502 non
1411 5449 1696 5514 maculant,
1731 5451 1996 5520 quomodo

414 5554 475 5594 sc
501 5554 530 5591 a
557 5538 784 5599 crimine
806 5540 1077 5610 sacrilege
1115 5541 1464 5611 separationis
1489 5541 1781 5597 excusant?
1824 5609 1838 5628 Ι

461 5686 475 5748 ξ
512 5685 590 5748 Sic
627 5687 678 5748 tt.
711 5688 774 5733 t-‘r
819 5695 864 5733 ct
892 5687 1058 5748 plures
1084 5687 1215 5735 Μςς..
1240 5688 1287 5736 in
1309 5688 1665 5740 conversatione
1689 5687 1882 5737 unitatis

459 5743 475 5770 ³
511 5743 590 5789 Sic
626 5746 677 5792 Β.
711 5749 759 5795 tu
796 5743 930 5799 Mss-2.
957 5762 1323 5809 pi'a‘ceosomm.

1196 295 1281 352 DE
1319 295 1652 352 BAPTISMO
1688 294 1958 351 CONTRA
2005 295 2450 367 DONATISTAS,
2491 301 2548 358 S.
2591 303 2955 361 AUGUSTINI

3576 310 3578 312 ⁷
3624 311 3737 366 2:20

2215 409 2442 468 CAPUT
2473 413 2709 470 XXXVI.
2740 449 2806 457 ——
2835 418 2924 474 69.
2961 420 3235 477 Encratius
3262 439 3293 479 a
3316 423 3516 482 'l'hcnis
3544 430 3679 485 dixit
3707 451 3728 487 :

2144 500 2323 557 Fidem
2352 515 2592 572 nostram,
2625 518 2670 562 et
2697 508 3024 580 Baptismatis
3050 515 3298 584 gratiam,
3329 527 3376 570 et
3407 519 3530 587 legis
3562 524 3722 578 eccle-

2142 592 2358 648 siastica:
2380 597 2610 666 regulam
2635 598 2770 653 Deus
2790 610 2837 653 et
2865 598 3111 657 Dominus
3132 615 3300 660 noster
3315 606 3348 659 J
3355 624 3466 661 esus
3489 609 3722 668 Christus

2140 699 2231 736 suo
2255 701 2340 740 ore
2359 687 2627 756 Apostolos
2651 691 2834 746 docens
2855 695 3184 766 per-implerit,
3211 698 3380 752 dicens
3401 716 3420 751 :
3453 718 3472 752 t
3499 699 3597 764 Ite,
3628 708 3720 756 do-

2138 786 2242 829 cete
2269 795 2438 834 omnes
2470 793 2668 851 gentes,
2699 783 3008 854 baptizantes
3039 803 3123 840 eos
3154 789 3206 841 in
3239 791 3439 843 nomine
3467 789 3639 850 Patris
3667 805 3716 854 et

2138 867 2265 923 Filii
2293 881 2339 925 et
2382 872 2606 943 Spiritus
2629 878 2790 930 sancti
2818 896 2837 929 ι
2879 878 3088 947 (Matth.
3121 898 3320 946 xxvnt,
3358 884 3470 953 i9).
3507 883 3720 941 Falsum

2137 976 2256 1030 ergo
2295 963 2643 1021 ha’reticorum.
2667 967 2932 1042 Baptisma
2958 981 3005 1025 ct
3039 973 3264 1042 iniquum
3292 992 3324 1027 a
3354 962 3492 1029 nobis
3525 960 3720 1047 pellen—

2137 1051 2259 1106 dum
2279 1064 2373 1122 est,
2400 1065 2446 1110 et
2473 1058 2610 1112 omni
2629 1063 2986 1118 contestatione
3007 1063 3021 1094 ¹
3045 1065 3392 1135 rrfutandnm,
3425 1067 3486 1120 de
3503 1085 3718 1138 quorum

2137 1159 2222 1198 ore
2242 1145 2394 1210 virus,
2427 1164 2527 1202 non
2553 1149 2682 1216 vita;
2710 1168 2801 1206 nec
2824 1155 2986 1222 gratia
3013 1154 3223 1208 cwlcstis
3239 1197 3253 1222 ,
3290 1156 3380 1210 sed
3405 1157 3718 1228 blasphemia

2133 1229 2398 1314 Trinitatis
2435 1240 2758 1308 exprimitur.
2803 1241 2866 1295 Et
2895 1244 3008 1297 ideo
3045 1248 3295 1308 venientes
3323 1249 3392 1300 ad
3434 1249 3716 1306 Ecclesium

2132 1324 2390 1382 Iucreticos
2429 1331 2620 1402 integro
2649 1342 2693 1386 et
2720 1334 2966 1388 catholico
3011 1335 3324 1403 Baptismate
3351 1339 3598 1408 baptizari
3622 1343 3715 1394 de-

2130 1417 2246 1470 bere
2288 1421 2608 1488 manifestum
2652 1434 2759 1489 est,
2805 1435 2860 1477 ut
2904 1443 2936 1479 a
2977 1425 3288 1496 blasphemia
3332 1445 3437 1483 siue
3471 1447 3716 1500 prauum-

2129 1509 2315 1577 ptionis
2355 1512 2644 1581 puriﬁcati,
2676 1516 2864 1584 possint
2893 1515 3119 1585 Spiritus
3153 1519 3318 1571 sancti
3341 1521 3506 1591 gratia
3547 1525 3713 1592 refor-

2128 1600 2257 1652 mari
2284 1601 2325 1651 ’.

2203 1690 2290 1745 70.
2327 1678 2491 1748 Planc
2531 1693 2576 1750 si
2607 1709 2709 1747 non
2755 1706 2836 1749 est
2863 1695 3157 1766 baptismus
3200 1698 3370 1752 Patris
3399 1707 3450 1753 et
3495 1697 3616 1752 Filii
3658 1710 3713 1754 et

2127 1782 2359 1852 Spiritus
2385 1785 2552 1840 sancti
2584 1786 2797 1840 nomine
2820 1773 3199 1852 consecratus,
3219 1788 3589 1845 hzrrcticmum
3611 1790 3712 1844 de-

2126 1884 2359 1944 putetur,
2392 1887 2445 1929 et
2476 1877 2687 1946 iniquus
2705 1877 2725 1908 ³
2743 1894 2769 1929 a
2797 1878 2948 1931 nobis
2975 1880 3117 1934 omni
3149 1875 3539 1934 contestatione
3566 1879 3713 1934 νοτη-

2127 1971 2266 2019 tctur
2291 1982 2305 2030 ;
2337 1966 2380 2019 si
2407 1976 2582 2021 autem
2615 1966 2715 2020 hoc
2741 1967 2793 2021 in
2824 1983 2888 2021 co
2910 1983 3100 2022 nomen
3129 1971 3489 2038 agnoscimus,
3519 1969 3711 2024 melius

2126 2055 2286 2109 verba
2330 2055 2630 2126 evangeliea
2671 2057 2738 2109 ab
2783 2056 3155 2112 lucreticorum
3203 2074 3388 2113 errore
3429 2058 3708 2128 distingui-

2125 2160 2276 2209 mus,
2307 2153 2358 2198 ct
2388 2146 2526 2216 quod
2570 2147 2620 2198 in
2651 2147 2729 2201 eis
2773 2147 2994 2217 probum
3037 2157 3117 2201 est
3145 2149 3535 2220 appmbamus,
3565 2149 3708 2219 quod

2126 2237 2438 2291 mendosum
2468 2246 2548 2291 est
2571 2238 2936 2292 emcndantus.

2195 2327 2421 2382 CAPUT
2451 2327 2714 2382 XXXVII.
2742 2359 2814 2368 —
2844 2329 2928 2383 Ἠ.
2977 2328 3202 2384 Libosus
3244 2347 3271 2382 a
3318 2330 3455 2400 Vaga
3483 2329 3503 2361 ⁸
3534 2331 3702 2386 dixit:

2122 2417 2189 2472 In
2221 2419 2492 2491 Evangelia
2528 2421 2798 2486 Dominus,
2837 2441 2856 2472 ι
2886 2422 2996 2493 Ego
3017 2439 3147 2487 sum,
3181 2442 3200 2473 ι
3227 2424 3406 2492 inquit,
3433 2442 3448 2474 t
3473 2427 3652 2478 νοτίδας
3681 2444 3700 2478 ι

2123 2509 2304 2578 (Joan.
2338 2526 2445 2575 xw,
2474 2510 2528 2582 ϐ)
2555 2528 2568 2566 :
2602 2529 2702 2564 non
2725 2511 2871 2573 dixit,
2907 2512 3014 2583 Ego
3042 2530 3152 2566 sum
3173 2515 3496 2568 consuetudo.
3526 2514 3707 2585 Itaque

2121 2584 2330 2654 ueritate
2356 2601 2708 2670 manifestata,
2737 2603 2879 2656 cedat
2910 2604 3216 2658 consuetudo
3243 2607 3440 2658 veritati
3463 2622 3482 2659 :
3509 2616 3562 2658 ut
3590 2584 3637 2659 et
3661 2609 3706 2661 si

2121 2693 2171 2744 in
2199 2696 2500 2763 printer-itum
2523 2697 2632 2763 quis
2657 2697 2706 2749 in
2739 2696 2962 2752 Ecclesia
2993 2697 3249 2752 ha’reticos
3272 2717 3370 2752 non
3393 2699 3699 2770 baptizabat,

2118 2800 2252 2836 stunc
2280 2786 2536 2852 baptizare
2560 2787 2788 2856 incipiat.

2193 2877 2279 2930 72.
2330 2877 2424 2932 llic
2473 2878 2599 2930 nihil
2646 2877 2928 2934 ostendere
2956 2889 3177 2934 conatus
3222 2891 3301 2936 est
3339 2881 3604 2950 quomodo
3635 2882 3702 2936 sit

2120 2967 2314 3022 veritas
2359 2968 2414 3033 ⁵,
2459 2969 2540 3020 cui
2583 2968 2776 3022 dt-bcre
2825 2969 2953 3024 dicit
3000 2973 3437 3027 consuetudinem
3488 2973 3698 3027 cedere.

2119 3058 2244 3112 Plus
2273 3067 2445 3116 tamen
2481 3076 2576 3113 nos
2603 3062 2815 3129 adjuvat
2843 3063 3098 3119 adversus
3125 3065 3255 3118 istos
3282 3068 3369 3135 qui
3398 3083 3455 3120 se
3484 3067 3550 3118 ab
3582 3069 3700 3119 uni-

2119 3156 2224 3200 tate
2247 3147 2560 3215 diviserunt,
2585 3151 2722 3221 quod
2754 3153 2895 3206 illam
2919 3157 3356 3210 coosuetndincm
3387 3156 3547 3211 fuisse
3571 3173 3696 3212 eou-

2119 3237 2319 3303 litetur,
2358 3255 2517 3310 quam
2559 3243 2700 3312 quod
2729 3259 2845 3298 eam
2875 3245 3082 3299 veritati
3112 3265 3268 3316 quam
3303 3263 3404 3300 non
3433 3249 3697 3312 ostendit,

2115 3330 2307 3386 cedere
2335 3344 2584 3402 oportere
2613 3336 2918 3391 arbitratur.
2952 3338 3036 3392 Illa
3065 3348 3144 3392 cst
3175 3341 3314 3394 enim
3343 3342 3697 3408 consuetudo,

2114 3436 2233 3492 qua:
2261 3422 2306 3476 si
2336 3425 2623 3495 sacrilegos
2648 3425 2715 3482 ad
2736 3428 2903 3483 altare
2929 3430 3124 3484 CbriSti
3149 3431 3264 3487 sine
3294 3433 3545 3502 baptismi
3571 3450 3703 3505 pur-

2113 3513 2327 3581 gatione
2370 3514 2720 3581 admittebat,
2771 3529 2825 3572 et
2873 3520 3070 3572 nulhnn
3117 3521 3376 3576 bonorum
3418 3525 3468 3577 in
3501 3527 3703 3581 unitate

2113 3603 2406 3672 polluebat,
2457 3605 2774 3676 quicumque
2816 3623 2874 3662 se
2921 3607 2989 3662 ab
3019 3610 3202 3664 eadem
3237 3614 3473 3680 unitate,
3505 3617 3558 3668 in
3594 3633 3702 3687 qua

2112 3693 2380 3750 nullorum
2417 3695 2676 3750 malorum
2707 3700 3018 3769 contagione
3061 3701 3219 3770 pollui
3260 3713 3536 3771 poterant,
3570 3707 3696 3761 fru-

2110 3797 2220 3839 Stra
2247 3795 2649 3856 separaverunt,
2675 3788 3014 3844 manifestum
3037 3791 3368 3863 sacrilegium
3393 3795 3702 3853 schismatis

2110 3878 2462 3935 admiserunt.
2485 3880 2541 3936 Si
2569 3890 2745 3936 autem
2771 3897 2866 3952 per
2886 3883 3027 3937 illam
3051 3886 3488 3942 consuetudinem
3509 3905 3700 3946 omnes

2111 3971 2294 4040 polluti
2331 3976 2600 4041 perierunt
2623 4015 2636 4035 ,
2684 3973 2750 4028 de
2779 3991 2878 4044 qua
2923 3992 3147 4031 caverna
3183 3978 3265 4031 isti
3298 3980 3414 4034 sine
3452 3981 3695 4052 originali

2108 4062 2332 4115 veritate
2376 4072 2429 4115 ct
2467 4080 2586 4116 cum
2632 4064 2910 4119 calumnia:
2952 4067 3238 4122 calliditate
3281 4071 3610 4138 proccdtmt?
3639 4075 3694 4127 Si

2107 4169 2237 4208 vero
2268 4165 2410 4210 recta
2442 4154 2615 4210 fuerat
2654 4158 3005 4223 consuetudo,
3037 4176 3134 4228 qua
3165 4162 3241 4214 sic
3269 4163 3696 4233 suscipiebantur

2110 4245 2386 4312 lucretici,
2436 4248 2737 4318 relinquant
2784 4247 3057 4314 furorem,
3107 4251 3369 4307 fateantur
3416 4270 3688 4318 errorem;

2108 4338 2323 4391 \‘t‘niant
2364 4338 2430 4393 ad
2461 4339 2824 4406 Catholicam,
2879 4357 2982 4393 non
3031 4351 3081 4395 ut
3135 4345 3465 4414 rctingantnr
3511 4361 3690 4399 Sacra-

2106 4437 2289 4481 mcuto
2332 4428 2702 4498 Baptisuiatis,
2747 4428 2840 4484 sed
2883 4441 2937 4484 ut
2967 4443 3276 4488 curentura
3321 4436 3470 4504 plaga
3507 4437 3693 4491 conci-

2104 4520 2290 4575 sionis.

2176 4609 2398 4665 CAPUT
2422 4610 2707 4668 XXXVIII.
2727 4643 2793 4652 -——
2817 4613 2907 4667 75.
2931 4614 3123 4669 Lucius
3141 4633 3168 4668 a
3193 4615 3456 4670 Tltcbcste
3475 4617 3494 4648 ⁸
3517 4616 3648 4672 dixit
3673 4637 3689 4673 :

2104 4701 2405 4768 Horreticos,
2440 4703 2776 4774 blasphemas,
2809 4716 2956 4777 atque
2983 4707 3180 4777 iniquos
3209 4708 3368 4762 verbis
3407 4711 3560 4764 variis
3590 4712 3679 4764 de-

2103 4804 2358 4864 cerpcntos
2405 4806 2581 4851 sancta
2632 4807 2680 4852 et
2729 4797 3012 4850 adorabilia
3066 4799 3452 4870 Scripturarum
3499 4803 3680 4868 verba,

2170 4993 2185 5023 ί
2222 4989 2364 5058 Apud
2389 4990 2669 5054 Cyprianum
2685 5026 2700 5050 ,
2734 4990 3059 5058 detestatione.
3102 4998 3155 5042 Et
3194 4993 3334 5056 lauto
3377 5004 3484 5058 post.
3511 5031 3525 5056 ,
3568 5003 3617 5046 ut
3660 5009 3693 5045 a

2101 5050 2409 5117 blasphemia:
2422 5050 2532 5102 sua:
2557 5052 2942 5117 prtemmtptione.

2167 5117 2187 5146 ³
2206 5113 2363 5162 'Nostri
2389 5121 2494 5176 Mss.
2515 5113 2710 5176 ,leoria
2731 5113 3000 5176 reformari.

2165 5177 2187 5208 ³
2211 5182 2260 5238 In
2301 5181 2432 5232 uss,
2477 5174 2711 5238 iniijuum.
2779 5174 2871 5226 Sed
2929 5177 3254 5227 tovaaienscs
3294 5177 3510 5238 malunt,
3548 5190 3602 5229 ut
3642 5183 3691 5230 in

2101 5237 2340 5300 prioribus
2363 5238 2538 5305 editis,
2562 5236 2754 5305 iniquus
2790 5251 2819 5305 :_
2850 5239 2962 5301 quia
3000 5241 3045 5286 in
3086 5241 3403 5305 resionsione
3437 5236 3691 5305 Augustini

2100 5297 2214 5362 non,
2245 5297 2486 5360 Baptisma
2504 5337 2518 5358 ,
2545 5297 2655 5356 sed,
2685 5297 2968 5361 Baptistitus,
2994 5297 3204 5362 l'mitw‘.

2164 5361 2187 5393 ι
2219 5367 2405 5426 Am._et
2441 5366 2514 5408 Er.
2559 5374 2670 5426 cum
2711 5361 3128 5426 nonnullisatss.)
3169 5362 3227 5412 ab
3267 5372 3455 5426 Agre“:
3495 5365 3688 5415 easdem

2101 5436 2234 5493 rcro_
2258 5423 2502 5472 editiones
2538 5421 2715 5472 melius
2743 5436 2916 5485 supra,
2953 5422 3038 5473 lib.
3079 5425 3140 5484 3,
3177 5439 3226 5473 n.
3260 5421 3326 5484 9',
3359 5423 3550 5478 Libosus
3595 5437 3691 5476 ra-

2130 5497 2257 5534 ensss
2263 5519 2274 5531 .

2097 5497 2302 5612 qegsiiie
2317 5546 2371 5612 in
2390 5544 2533 5612 editis
2555 5546 2803 5612 superﬂuo
2825 5547 3029 5612 additur,
3055 5548 3356 5612 manifestata

2160 5609 2182 5641 ⁸
2204 5608 2686 5672 Corbeiensisctxlex
2728 5616 2780 5657 et
2802 5607 2880 5672 alii
2921 5607 3218 5672 antiquiores
3254 5617 3381 5669 ωδε,
3410 5609 3619 5661 [ericius
3658 5623 3691 5660 α

2103 5670 2334 5720 Thereste.
2361 5669 2443 5718 Alii
2485 5667 2670 5730 plures,
2697 5669 2906 5721 tensius.
2938 5667 3051 5719 Am.’
3073 5680 3125 5722 et
3161 5678 3255 5735 Exn,
3283 5667 3473 5725 lentius
3496 5687 3526 5722 α
3565 5674 3690 5724 rtus-

2098 5737 2237 5784 beate.
