4024 6196
226 349 319 401 2⁵31

224 460 560 525 exsecrandos
609 473 819 520 censeo;
871 464 916 510 et
967 453 1080 509 ideo
1130 450 1493 508 exorciwtdos
1543 460 1590 506 et
1643 452 1807 524 bapti-

225 572 318 608 san
329 556 436 607 'los.

297 645 381 700 74.
417 643 488 697 Et.
504 657 605 710 ego
630 637 987 694 esseet-nudos
1008 650 1236 703 censeo;
1264 634 1359 690 sed
1380 650 1486 689 non
1511 631 1630 689 ideo
1656 647 1817 689 exor-

228 735 487 792 i-izandos
505 743 558 788 et
585 729 948 802 baptizandus.
974 729 1212 800 Ipsorum
1234 736 1316 783 est
1337 726 1486 782 enim
1505 726 1811 796 ﬁgmentum

222 829 367 900 quod
398 841 668 891 exsecror,
702 823 896 880 Christi
923 831 1096 876 autem
1124 821 1528 877 Saeramentum
1557 818 1702 890 quod
1722 833 1817 873 ve-

225 936 407 976 neror.

297 1008 524 1065 CAPUT
562 1004 813 1062 XXXIX.
843 1034 914 1044 —
952 1003 1038 1060 75.
1082 1001 1352 1075 Eugenius
1384 1001 1453 1057 ab
1493 997 1813 1055 Ammedera

227 1102 398 1156 dixit:
433 1098 499 1152 Et
531 1115 620 1168 ego
657 1098 752 1150 hoc
780 1095 913 1149 idem
959 1111 1158 1161 censeo,
1189 1094 1447 1148 htzreticos
1484 1091 1814 1163 baptizandos

227 1209 356 1248 (δερ.

300 1283 388 1336 76.
422 1280 550 1333 lluie
579 1276 964 1346 respondetur:
999 1273 1105 1329 Sed
1149 1289 1253 1328 non
1285 1273 1386 1328 hoc
1413 1280 1596 1326 censet
1628 1269 1813 1326 Eccle-

227 1374 307 1426 sia
327 1414 341 1436 ,
373 1372 458 1425 cui
500 1369 639 1422 Deus
669 1368 776 1437 jam
807 1366 1046 1436 plcnario
1086 1366 1244 1419 etiam
1273 1363 1502 1420 concilio
1530 1362 1778 1418 revelavit
1799 1403 1813 1426 ,

227 1465 374 1532 quod
418 1475 543 1517 tunc
572 1461 746 1514 adlmc
776 1459 931 1512 aliter
968 1458 1180 1526 quidem
1227 1456 1513 1526 sapiebatis
1539 1452 1815 1524 (Philipp.

231 1575 308 1613 III.
349 1559 466 1624 lii);
497 1555 590 1608 sed
619 1554 738 1623 quia
769 1553 819 1606 iu
846 1551 994 1606 vobis
1023 1551 1256 1608 Charitas
1282 1550 1428 1604 salva
1457 1558 1592 1615 erat,
1628 1549 1679 1602 iu
1704 1549 1820 1602 uni-

230 1657 339 1699 tato
368 1641 779 1714 pennam-Italis.

304 1735 528 1804 C.tPUT
573 1731 846 1788 Κὴρ-77.
881 1731 1010 1785 ltem
1050 1730 1186 1783 allus
1218 1727 1362 1784 Felix
1390 1729 1457 1784 ab
1481 1727 1771 1783 Amaccura
1799 1728 1816 1759 ί

227 1829 362 1881 dixit
389 1843 402 1880 :
437 1826 499 1880 Et
532 1827 640 1895 ipse
672 1835 873 1878 secutus
909 1823 1194 1876 divinarum
1223 1821 1607 1890 Scripturarum
1642 1829 1818 1872 aucto-

228 1921 462 1982 ritatem,
494 1919 754 1969 ha'rrticos
799 1913 1129 1984 baptizandus
1156 1928 1260 1966 esse
1301 1926 1507 1974 censeo;
1549 1911 1636 1964 sed
1664 1920 1709 1964 et
1737 1927 1820 1964 eos

229 2009 320 2076 qui
349 2024 401 2061 se
423 2007 560 2076 apud
583 2005 928 2060 schisnmticos
951 2004 1226 2072 baptizatos
1261 2018 1367 2056 esse
1405 2001 1727 2054 contendunt.
1758 2001 1821 2056 Si

227 2100 366 2150 viain
404 2098 676 2150 secundum
721 2106 929 2148 cautum
967 2094 1187 2157 Christi,
1236 2094 1458 2164 privatus
1496 2096 1612 2164 fons
1653 2102 1823 2147 uoster

226 2202 337 2251 est,
368 2192 653 2262 intelligant
689 2190 855 2242 cum'ti
885 2187 1124 2242 Ecclesia:
1151 2196 1338 2240 nostra
1365 2185 1670 2251 adversarii,
1703 2185 1821 2254 quia

225 2286 427 2336 alie-ms
453 2300 682 2338 essenon
708 2291 866 2348 potest
895 2283 938 2342 ‘,
973 2297 1062 2332 nec
1101 2277 1293 2332 duobus
1328 2279 1528 2348 populis
1547 2279 1822 2332 salutarem

224 2393 418 2443 nquam
449 2375 665 2427 tribucre
698 2382 856 2442 potest
892 2372 978 2425 ille
1016 2371 1102 2442 qui
1145 2373 1296 2423 unius
1334 2370 1499 2440 gregis
1530 2379 1702 2438 pastor
1728 2375 1819 2422 est.

229 2465 299 2519 Et
324 2466 439 2518 ideo
463 2465 786 2531 manifestum
812 2472 914 2525 est,
948 2477 1036 2514 nec
1068 2461 1326 2515 ha‘reticos
1352 2477 1441 2516 nec
1478 2461 1822 2515 schismaticos

225 2557 428 2626 aliquid
456 2556 654 2608 cazleste
680 2554 962 2621 suscipere,
994 2551 1080 2620 qui
1109 2568 1140 2603 a
1175 2550 1494 2621 peccantibus
1541 2551 1824 2605 hominibus

226 2659 275 2701 et
301 2647 368 2700 ab
401 2643 633 2698 Ecclesia
657 2642 906 2696 extraneis
939 2641 1126 2694 audent
1153 2641 1396 2711 accipere.
1430 2641 1646 2707 Quando
1677 2642 1826 2700 danti

227 2740 371 2792 locus
397 2752 498 2789 non
522 2743 616 2799 est,
647 2734 818 2804 utique
844 2749 933 2786 nec
957 2732 1226 2801 accipienti
1257 2731 1480 2800 prodest.

302 2829 392 2884 78.
429 2825 562 2881 lluic
592 2825 968 2896 respondetur,
998 2824 1304 2893 Scripturas
1328 2823 1540 2878 divinas
1567 2839 1824 2894 nusquam

228 2919 560 2990 prmcepissc
586 2925 646 2970 ut
676 2915 912 2970 haeretici
943 2914 1082 2984 apud
1125 2914 1405 2970 lucreticos
1449 2913 1696 2984 baptizati
1727 2915 1826 2970 dc-

237 3030 346 3066 nuo
372 3012 737 3081 liaptizeutur;
770 3008 866 3064 sed
897 3008 1078 3061 multis
1107 3007 1238 3060 locis
1267 3006 1592 3070 ostendisse,
1621 3007 1826 3061 alienos

235 3118 357 3156 esse
384 3103 453 3155 ab
480 3101 714 3155 Ecclesia
741 3114 930 3154 omnes
959 3098 1046 3165 qui
1077 3112 1182 3152 non
1205 3105 1328 3152 sunt
1357 3097 1408 3150 iu
1431 3106 1604 3167 petra,
1633 3112 1732 3152 nec
1759 3097 1826 3152 ad

238 3195 497 3248 columbm
529 3194 670 3247 illius
695 3191 931 3246 membra
954 3191 1244 3260 pertinent,
1273 3198 1324 3244 ct
1353 3197 1529 3245 tamen
1554 3189 1828 3260 baptizare

241 3303 286 3342 et
324 3288 574 3356 baptizari
597 3327 612 3350 ,
644 3299 696 3340 et
724 3285 920 3338 habere
950 3284 1066 3338 sine
1091 3282 1261 3336 salute
1290 3282 1696 3338 Sacramentqu
1737 3297 1827 3336 sa-

244 3383 387 3436 lutis.
421 3380 560 3434 Fons
588 3389 764 3434 autem
797 3386 979 3432 uoster
1007 3376 1095 3446 qui
1117 3375 1307 3429 similis
1325 3385 1407 3430 est
1426 3377 1552 3429 fonti
1578 3374 1828 3444 paradisi,

243 3473 386 3542 quod
425 3471 585 3526 etiam
626 3471 760 3524 sicut
794 3469 882 3524 i‘le
911 3477 1063 3522 extra
1104 3467 1408 3537 paradisum
1436 3466 1691 3537 proﬂuat,
1719 3465 1829 3536 jam

245 3563 378 3616 satis
402 3562 601 3616 dictum
630 3568 714 3616 est
743 3559 961 3629 (Supra,
990 3575 1104 3626 cap.
1135 3555 1227 3630 21)
1254 3575 1266 3610 :
1298 3567 1350 3611 ct
1378 3557 1514 3627 quod
1533 3557 1726 3611 duobus
1747 3573 1831 3626 po-

250 3655 414 3721 pulis,
456 3653 506 3706 id
534 3661 644 3715 rsl,
675 3667 774 3706 suo
803 3661 855 3706 et
880 3659 1168 3715 extraneo,
1209 3647 1484 3702 salutarem
1521 3664 1705 3719 aquam
1735 3647 1830 3701 tri-

250 3748 395 3800 buere
415 3763 516 3798 non
537 3754 692 3813 potest
710 3743 794 3796 ille
811 3742 897 3812 qui
915 3741 1060 3794 unius
1081 3740 1245 3811 gregis
1270 3748 1444 3808 pastor
1463 3749 1534 3792 est
1551 3780 1566 3802 ,
1595 3737 1832 3793 concedo

249 3846 403 3905 atque
434 3835 731 3890 consentio.
757 3831 862 3888 Sed
891 3829 1142 3900 numquid
1173 3829 1296 3900 quia
1323 3827 1571 3882 salutaris
1605 3842 1712 3879 non
1751 3835 1834 3881 est

153 3935 165 3945 '
252 3926 535 3985 extraneis,
567 3924 684 3977 ideo
714 3922 824 3992 ipsa
853 3936 957 3974 non
989 3929 1072 3975 est
1089 3922 1112 3972 ’ἒ
1145 3921 1293 3987 Aqua
1321 3915 1466 3971 enim
1492 3915 1679 3970 diluvii
1707 3930 1836 3970 cou-

257 4017 454 4073 stitutis
485 4018 620 4070 intra
653 4031 830 4070 arcam
871 4013 1120 4068 salutaris
1152 4011 1280 4077 fuit,
1323 4018 1473 4066 extra
1503 4023 1678 4064 arcam
1706 4023 1835 4064 vero

257 4109 525 4164 multifora
555 4109 682 4174 luit;
715 4107 901 4162 eadem
932 4116 1107 4160 tamen
1140 4103 1255 4158 luit.
1289 4103 1356 4158 Et
1379 4103 1530 4158 multi
1559 4102 1834 4168 extranei,

253 4199 300 4251 id
329 4209 403 4251 est
425 4241 438 4260 ,
470 4198 630 4252 imidi
653 4240 669 4265 ,
713 4213 846 4266 quos
874 4212 938 4250 ex
968 4203 1118 4264 parte
1147 4193 1343 4249 diaboli
1389 4207 1509 4248 esse
1537 4192 1836 4263 Cyprianus

253 4292 374 4343 dicit
422 4301 475 4343 et
501 4291 569 4344 de
596 4289 882 4358 Scripturis
926 4287 1192 4353 ostendit,
1222 4287 1370 4342 velut
1397 4284 1540 4340 intus
1566 4283 1832 4350 videntur,

256 4394 299 4433 et
337 4395 512 4444 tamen
545 4382 642 4433 nisi
688 4389 869 4433 essent
906 4388 1056 4434 extra
1097 4393 1274 4434 arcam
1297 4420 1314 4444 ,
1354 4392 1458 4432 non
1500 4383 1839 4431 morerentur

257 4490 344 4540 per
389 4489 603 4542 aquam.
649 4473 806 4526 Tales
847 4471 988 4524 enim
1029 4469 1367 4538 Baptismus,
1416 4481 1538 4522 cum
1587 4481 1652 4522 eo
1699 4465 1838 4520 male

257 4577 504 4626 ll‘lmllll",
539 4573 720 4625 uocat;
759 4564 896 4616 sicut
927 4562 1030 4615 illis
1064 4560 1130 4614 de
1169 4560 1360 4630 quibus
1402 4558 1479 4614 ait
1514 4557 1835 4628 Apostolus,

258 4656 420 4708 lio-ms
446 4654 791 4708 (Μαι-01η·Μί
819 4663 932 4706 erat
953 4653 1004 4705 iu
1033 4660 1258 4705 mortem
1285 4648 1352 4718 (ll
1373 4649 1490 4705 Cor.
1516 4665 1574 4717 ﬂ,
1603 4651 1691 4715 l5,
1716 4649 1835 4720 16).

261 4747 358 4799 Cur
384 4763 510 4817 ergo
539 4762 641 4798 una
672 4745 970 4814 suscipiunt
997 4742 1192 4812 aliquid
1224 4742 1444 4798 cmleste
1468 4742 1557 4797 vel
1577 4741 1841 4797 schisma-

260 4839 342 4890 tii-i
373 4839 451 4890 w-I
484 4837 755 4896 la‘t‘ctici;
797 4837 934 4888 sicut
977 4836 1143 4903 spinae
1191 4834 1304 4888 sive
1344 4833 1544 4888 zizania
1573 4832 1837 4903 pluviam,

259 4932 389 4984 sicut
421 4931 518 4998 ipsi
549 4930 636 4999 qui
667 4939 814 4982 extra
854 4942 1032 4981 arcam
1062 4924 1308 4990 luerunt,
1348 4939 1542 4995 aquam
1580 4923 1650 4979 de
1691 4934 1841 4978 cata-

261 5023 416 5074 ractis
444 5020 563 5073 ναῖιὶ
613 5019 914 5073 venientem
962 5023 1312 5087 susceperunt
1352 5015 1597 5086 quidem,
1641 5013 1737 5070 sed
1773 5013 1842 5068 ad

261 5112 591 5180 perniciem,
625 5127 728 5164 non
762 5110 824 5162 ad
873 5108 1133 5164 salutem?
1163 5106 1390 5177 Ideoque
1434 5105 1561 5160 illud
1603 5104 1744 5175 quod
1789 5105 1842 5159 in

263 5207 444 5260 ulzimo
473 5206 670 5273 posuit.
707 5203 924 5270 Quando
967 5201 1108 5255 danti
1135 5201 1276 5254 locus
1303 5217 1403 5253 non
1429 5208 1523 5266 est,
1555 5198 1726 5270 utique
1756 5214 1844 5251 nec

260 5295 524 5364 accipienti
563 5295 795 5364 prodest;
827 5311 930 5346 nou
973 5293 1157 5346 laboro
1195 5289 1483 5346 refellcrc':
1512 5290 1636 5360 quia
1665 5298 1718 5344 ct
1747 5304 1845 5343 nos

262 5386 487 5442 dicimus
517 5388 895 5458 accipientilms
941 5401 1044 5439 non
1092 5383 1375 5455 prodesse,
1406 5398 1526 5439 cum
1565 5383 1616 5437 in
1655 5382 1843 5437 haeresi

322 5544 340 5576 ί
374 5544 682 5592 (rubricosis
707 5551 804 5597 ηδ..
832 5543 889 5592 ab
938 5554 1203 5591 unuacnra.
1229 5540 1558 5594 Floriaccusis,
1582 5537 1644 5587 ab
1683 5549 1850 5586 ’mum-

265 5617 426 5654 curru.
451 5604 619 5655 Plures
630 5604 708 5653 alii
731 5618 838 5653 cum
862 5613 962 5652 Αιιι.
989 5611 1041 5652 et
1063 5610 1156 5663 ειη,
1181 5601 1239 5653 ab
1265 5615 1449 5652 Accnra
1463 5615 1480 5662 ,'
1505 5601 1599 5657 vel.
1621 5602 1681 5649 ab
1706 5613 1849 5649 ,tcur-

267 5679 352 5721 ta;
376 5666 475 5723 rel,
497 5666 560 5716 ab
587 5679 843 5730 accurro,
1359 5726 1384 5730 __
1415 5727 1423 5730 _
1600 5725 1610 5730 ,
1679 5723 1690 5730 ,
1766 5721 1795 5730 ..

302 5729 348 5798 ,³
383 5722 478 5798 Am.
507 5736 559 5779 et
581 5735 676 5787 PL,
701 5726 867 5778 alienis
892 5739 990 5778 esse
1015 5739 1104 5775 non
1131 5732 1292 5789 potest.
1313 5726 1458 5774 tiditio
1478 5732 1555 5787 (·;.-ι
1572 5723 1712 5783 riaai,
1730 5722 1846 5773 alie-

267 5805 310 5840 nt
333 5797 459 5842 stult.

1600 339 1800 396 LIBER
1841 336 2122 400 SEXTUS.

3394 356 3502 412 9'22

1917 453 2184 523 accipiunt
2209 459 2602 514 consentientes
2628 458 2921 526 brereticis;
2954 471 3008 518 et
3033 463 3153 519 ideo
3180 459 3400 520 veniunt
3431 470 3496 521 ad

1917 544 2231 599 catholicam
2275 563 2456 617 pacem
2494 559 2652 621 atque
2690 554 2945 608 unitatem
2978 555 2991 584 ¹
3019 597 3034 617 ,
3085 571 3186 608 non
3230 567 3285 609 ut
3327 555 3502 625 bapti-

1917 648 2093 691 smum
2119 637 2404 708 accipiant,
2429 640 2522 695 sed
2555 653 2608 695 ut
2635 643 2713 696 eis
2730 645 2986 712 prodesse
3013 645 3227 716 incipiat
3249 647 3387 716 quod
3411 662 3502 700 ac-

1916 736 2189 794 ceperant.

1988 821 2213 876 CAPUT
2240 821 2375 876 XLI.
2406 855 2475 863 —
2502 825 2589 880 79.
2645 827 2771 881 Item
2818 829 2953 881 alius
2993 829 3276 883 Jauuarius
3319 830 3504 884 Mazu-

1918 909 2081 964 lcnsis
2110 911 2240 965 dixit
2265 931 2278 967 :
2311 914 2475 968 Miror
2501 917 2636 986 quod
2661 935 2772 971 cunt
2794 937 2965 972 omnes
2985 923 3322 987 conﬁteantur
3344 939 3504 975 unum

1918 1016 2026 1054 esse
2064 1000 2415 1071 Baptismum,
2459 1023 2557 1059 non
2603 1024 2772 1062 oames
2817 1010 3100 1079 intelligant
3142 1014 3367 1081 ejusdem
3400 1011 3498 1064 Ba-

1920 1091 2088 1158 ptismi
2114 1094 2376 1148 unitatem.
2425 1095 2653 1150 Ecclesia
2693 1101 2823 1151 enim
2861 1109 2907 1152 et
2947 1101 3150 1154 hceresis
3191 1102 3306 1156 dna:
3346 1112 3393 1156 et
3424 1103 3507 1154 di-

1919 1199 2072 1238 uersa:
2099 1202 2176 1239 res
2203 1197 2337 1240 sunt.
2379 1187 2439 1242 Si
2477 1190 2698 1243 lueretici
2728 1192 2908 1244 habent
2947 1192 3209 1260 Baptismo
3231 1237 3243 1252 ,
3276 1212 3366 1247 nos
3403 1213 3504 1248 non

1920 1275 2158 1330 habemus
2180 1293 2200 1330 :
2225 1279 2270 1331 si
2295 1287 2464 1333 autem
2500 1297 2591 1334 nos
2627 1281 2892 1348 habemus,
2928 1284 3146 1336 luurctici
3187 1284 3368 1337 habere
3406 1302 3506 1337 non

1921 1375 2149 1435 possunt.
2177 1365 2400 1422 Dubium
2429 1382 2595 1424 autem
2623 1389 2724 1425 non
2759 1383 2849 1434 est,
2899 1373 3172 1426 Ecclesium
3213 1373 3374 1426 solum
3401 1372 3508 1427 Ba-

1921 1458 2159 1525 ptisnmm
2184 1457 2373 1513 Christi
2399 1461 2653 1529 possidere
2673 1503 2686 1525 ,
2719 1478 2830 1530 qua:
2867 1463 2976 1515 sola
3005 1464 3257 1531 possideat
3299 1474 3346 1518 et
3386 1480 3508 1534 gra-

1923 1547 2044 1601 tiam
2077 1547 2266 1602 Christi
2291 1560 2335 1603 et
2361 1551 2634 1604 veritatem.

1994 1639 2084 1696 80.
2117 1641 2308 1697 Posset
2345 1643 2480 1696 alius
2508 1645 2752 1698 similiter
2780 1643 2957 1703 dicere
2977 1685 2992 1707 ,
3039 1653 3093 1699 ct
3122 1646 3365 1698 similiter
3407 1661 3511 1699 non

1925 1747 2109 1787 verum
2140 1733 2318 1788 dicere
2351 1753 2364 1787 :
2397 1735 2559 1789 Miror
2597 1735 2739 1805 quod
2782 1751 2902 1789 cum
2944 1751 3132 1789 omnes
3158 1737 3510 1792 conﬁteantur

1923 1843 2086 1882 unum
2107 1842 2227 1883 esse
2245 1829 2595 1896 Baptismum,
2623 1843 2726 1880 nou
2755 1843 2942 1882 omnes
2961 1821 3514 1896 intelligantejusdem

1925 1919 2181 1988 Baptismi
2210 1921 2489 1974 unitatem.
2529 1921 2740 1975 Justitia
2771 1921 2912 1973 enim
2955 1929 3006 1972 et
3036 1921 3280 1988 iniquitas
3307 1921 3423 1972 dua!
3462 1931 3523 1974 et

1925 2009 2153 2066 diversa:
2179 2024 2270 2064 res
2291 2019 2433 2063 sunt.
2457 2011 2512 2065 Si
2543 2009 2706 2075 iniqui
2729 2010 2922 2062 habent
2949 2009 3234 2078 Baptisma,
3257 2010 3382 2076 justi
3411 2025 3522 2063 nou

1926 2099 2124 2154 habent.
2168 2118 2183 2154 :
2228 2101 2271 2154 si
2319 2109 2498 2154 autem
2537 2099 2663 2166 justi
2695 2099 2920 2163 habent,
2966 2100 3128 2168 iniqui
3171 2101 3369 2153 habere
3411 2116 3522 2154 non

1927 2201 2173 2261 possunt.
2204 2191 2430 2244 Dubium
2475 2199 2653 2244 autem
2686 2206 2788 2244 non
2828 2200 2929 2254 est,
2957 2190 3131 2259 justos
3159 2191 3301 2242 solos
3340 2191 3518 2257 Bapti-

1926 2297 2099 2336 snmm
2147 2281 2341 2337 Christi
2376 2281 2647 2351 possidere
2673 2323 2688 2347 ,
2718 2282 2807 2351 qui
2855 2281 2954 2334 soli
2986 2281 3286 2350 possideant
3315 2293 3362 2335 et
3393 2298 3515 2349 gra-

1927 2375 2054 2427 tiam
2081 2373 2283 2428 Christi
2311 2385 2364 2428 et
2402 2374 2702 2428 veritatem.
2749 2373 2857 2426 lloc
2887 2381 3031 2426 certe
3061 2371 3248 2424 falsum
3277 2383 3380 2436 est,
3415 2373 3524 2424 illis

1926 2480 2136 2534 quoque
2165 2466 2472 2520 latentibus.
2520 2466 2584 2518 Et
2631 2466 2701 2518 illi
2731 2464 2923 2533 quippe
2960 2464 3122 2518 invidi
3164 2464 3252 2532 qui
3298 2473 3422 2518 sunt
3449 2480 3514 2518 ex

1928 2565 2078 2625 parte
2103 2556 2298 2610 diaboli
2326 2557 2468 2609 intus
2499 2555 2676 2625 positi,
2700 2555 2838 2610 sicut
2862 2554 2991 2609 dicit
3009 2553 3327 2625 Cyprianus,
3359 2565 3522 2624 atque

1926 2649 2175 2717 apostolo
2193 2650 2358 2703 Paulo
2381 2649 2664 2711 notissimi,
2689 2648 3016 2718 Baptismum
3044 2646 3064 2678 ³
3088 2648 3355 2702 habebant
3380 2667 3390 2698 :
3419 2663 3522 2702 nec

1882 2794 1886 2798 ,
1928 2739 1995 2792 ad
2027 2739 2264 2793 membra
2299 2740 2440 2792 illius
2461 2740 2724 2793 Culumst
2750 2754 2867 2807 qua:
2897 2739 2947 2792 in
2977 2749 3123 2808 petra
3154 2750 3260 2791 tuta
3291 2750 3372 2793 cst
3399 2755 3522 2810 pcr-
3592 2795 3599 2810 ι

1932 2830 2190 2884 tiucbnut.
3594 2883 3596 2886 ν

2001 2919 2226 2974 CAPUT
2259 2920 2412 2974 xui.
2433 2921 2614 2986 --8,l.
2640 2920 2932 2988 Adelphius
2957 2936 2984 2971 a
3006 2920 3292 2974 Tbasbaltc
3315 2922 3334 2950 ³
3355 2922 3522 2975 dixit:
3592 2908 3604 2988 ξ

1931 3010 2056 3066 Sine
2075 3026 2227 3063 causa
2253 3011 2451 3080 quidem
2473 3011 2605 3079 falso
2625 3021 2670 3066 et
2699 3011 2942 3064 invidioso
2965 3011 3106 3064 verba
3131 3013 3428 3081 impugurnt
3450 3030 3525 3065 ue-
3599 3003 3604 3015 ’

1929 3101 2146 3163 ritatetu,
2175 3111 2228 3152 ut
2259 3100 2571 3170 rebuptisare
2603 3117 2696 3154 nos
2721 3099 2910 3164 dicunt,
2937 3101 3140 3170 quando
3175 3100 3398 3154 Ecclesia
3419 3102 3525 3156 ha:-

1929 3191 2108 3246 reticos
2129 3207 2226 3244 non
2253 3191 2546 3261 rebaptizet,
2575 3191 2664 3244 sed
2690 3192 2926 3259 baptizet.

2004 3284 2093 3336 82.
2125 3283 2234 3336 lmo
2273 3299 2400 3337 vero
2430 3282 2591 3336 modo
2631 3297 2734 3337 non
2773 3282 3098 3351 rebaptizat;
3125 3282 3248 3350 quia
3289 3283 3389 3336 nisi
3428 3300 3523 3339 eos

1933 3373 2025 3444 qui
2056 3375 2305 3442 baptizati
2350 3388 2456 3428 nou
2501 3382 2646 3440 sunt,
2677 3390 2780 3427 non
2813 3375 3080 3442 baptizat;
3109 3389 3266 3442 quam
3297 3390 3523 3428 consuc-

1935 3465 2172 3520 tudiuem
2202 3466 2526 3520 anteriorem
2561 3464 2796 3534 perlecta
2823 3464 3124 3534 diligentius
3145 3465 3338 3518 Veritas
3362 3466 3520 3519 etiam

1933 3559 2161 3614 concilio
2189 3559 2480 3626 posteriore
2511 3560 2758 3612 lirmavit.

1940 3687 1942 3690 ν
2005 3651 2229 3707 CAPUT
2272 3651 2454 3706 .\°Llil.
2483 3681 2553 3690 —
2583 3651 2673 3707 8'5.
2722 3651 3020 3706 Demetrius
3056 3667 3086 3704 a
3119 3651 3476 3721 Lepti-minus
3503 3652 3522 3680 δ

1934 3741 2066 3796 dixit
2094 3758 2107 3792 :
2144 3741 2312 3794 Unum
2339 3741 2602 3807 Baptisma
2644 3757 2735 3793 nos
2761 3741 3072 3793 custodimus
3097 3779 3114 3803 ,
3139 3741 3256 3810 quia
3285 3739 3525 3792 Ecclesia?

1936 3832 2202 3885 catholica
2224 3831 2318 3882 soli
2347 3846 2452 3882 rem
2484 3845 2630 3881 situm
2665 3829 2996 3881 vindicamus.
3034 3829 3132 3892 Qui
3160 3838 3324 3881 autem
3351 3829 3524 3881 dicunt

1937 3923 2057 3991 quia
2095 3920 2320 3973 haeretici
2348 3935 2462 3972 rere
2501 3927 2550 3971 et
2594 3917 2814 3987 legitime
2839 3918 3117 3986 baptizata,
3157 3920 3255 3988 ipsi
3293 3931 3406 3971 sunt
3440 3921 3526 3984 qui

1939 4028 2039 4064 non
2061 4010 2165 4063 duo
2195 4010 2237 4075 ⁵,
2262 4007 2351 4063 sed
2379 4007 2538 4062 multa
2561 4008 2861 4079 baptismate
2884 4009 3074 4078 faciunt
3097 4024 3115 4062 :
3145 4026 3262 4060 nam
3289 4026 3400 4061 cum
3423 4011 3527 4062 lue.

1939 4118 2072 4156 roses
2099 4102 2272 4155 multa:
2299 4101 2419 4165 sint,
2453 4118 2544 4171 pro
2561 4115 2736 4154 earum
2761 4115 2968 4154 numero
2994 4109 3042 4154 et
3073 4099 3372 4170 baptismate
3392 4117 3528 4154 com-

1941 4191 2270 4264 putabuntur.

2015 4285 2106 4340 84.
2140 4284 2272 4339 lluic
2301 4283 2653 4354 respondetur
2684 4302 2696 4336 :
2729 4283 2784 4338 Si
2828 4283 2897 4338 ita
2924 4292 3028 4349 est,
3062 4293 3138 4337 tot
3180 4299 3306 4351 ergo
3338 4300 3528 4338 nume-

1943 4385 2130 4432 rentur
2153 4375 2492 4442 baptismata,
2513 4383 2650 4444 .quot
2673 4385 2797 4429 sunt
2822 4392 2980 4444 opera
3020 4376 3215 4438 carnis,
3241 4375 3308 4431 de
3337 4377 3532 4447 quibus

1942 4468 2018 4522 ait
2040 4467 2344 4536 Apostolus,
2366 4466 2616 4530 Quoniam
2637 4467 2721 4535 qui
2739 4467 2860 4519 talia
2883 4477 3060 4537 agunt,
3082 4484 3290 4538 regnum
3317 4467 3408 4520 Dei
3429 4485 3531 4520 non

1944 4558 2266 4626 possidebunt
2315 4556 2525 4626 (Colat.
2559 4573 2588 4608 ν
2614 4598 2630 4622 ,
2674 4557 2768 4627 21)
2805 4575 2818 4611 :
2859 4559 2994 4612 inter
3022 4575 3140 4628 qum
3186 4573 3536 4613 numerantur

1941 4657 1998 4703 et
2039 4647 2308 4712 lnnrescs,
2355 4655 2410 4702 et
2441 4657 2545 4699 tam
2587 4649 2750 4700 multa
2800 4647 3034 4715 ipsorum
3079 4663 3297 4716 Opt‘l‘ttttl
3330 4650 3351 4680 ⁸
3391 4651 3531 4704 intus

1945 4746 2194 4809 tanquam
2240 4739 2294 4793 in
2343 4739 2494 4807 palea
2541 4740 2873 4803 tolerantur,
2921 4749 2977 4794 et
3018 4748 3191 4794 tamen
3225 4758 3386 4796 unum
3433 4742 3536 4796 Ba-

1945 4829 2139 4901 ptisma
2181 4829 2430 4885 omnibus
2469 4837 2588 4897 est,
2635 4829 2775 4900 quod
2836 4831 2982 4885 ttulit)
3031 4830 3325 4900 iniquitatis
3369 4848 3532 4903 eiero

1943 4923 2192 4982 violatur.

2012 5105 2028 5135 ¹
2064 5101 2231 5152 Plures
2253 5107 2382 5159 Mss,
2409 5097 2671 5150 ceritatem.

2010 5165 2034 5196 '
2064 5171 2114 5233 lu
2136 5163 2421 5226 quibusdam
2443 5159 2595 5222 libris,
2607 5167 2748 5225 atque
2769 5159 3008 5225 apostolus
3029 5159 3224 5221 Paulus,
3242 5163 3538 5214 notisstmum

1952 5237 2262 5318 septumum.

2067 5295 2165 5336 Am.
2191 5295 2244 5337 et
2265 5290 2360 5347 En,
2382 5282 2672 5347 Adelphusa
2700 5283 2960 5335 Thasbalte.
2979 5292 3031 5334 Al
3046 5291 3155 5333 Lor.
3176 5294 3225 5334 c:
3245 5293 3370 5343 διεδ..
3401 5284 3535 5331 λάε]-

1951 5349 2124 5412 pains;
2144 5347 2245 5412 rel,
2273 5344 2515 5411 Adclfius.’
2531 5354 2699 5396 Postea
2720 5347 2912 5396 codices
2928 5347 3226 5409 antiquiores
3271 5349 3470 5404 habent,
3508 5359 3539 5395 ο

2093 5423 2104 5450 ι
2203 5445 2216 5458 .

1957 5408 2198 5522 ΗἾἽῘῘΫ
2196 5479 2248 5521 et
2268 5476 2365 5529 En,
2391 5467 2696 5533 Aleptuiu'nus
2715 5482 2733 5520 :
2755 5478 3000 5532 corrupte,
3026 5482 3128 5532 pro,
3151 5483 3182 5517 a
3205 5468 3506 5533 Lepti-mimis
3523 5489 3540 5506 ο

1953 5547 2064 5598 qum
2083 5541 2160 5583 est
2174 5534 2290 5598 urbs
2313 5531 2570 5598 prosin'cia;
2586 5533 2822 5598 uincente
2838 5547 2850 5590 ;
2867 5531 3208 5598 practcnqimoi
3219 5539 3340 5598 erat,
3365 5531 3541 5594 lepus»

1952 5591 2143 5656 magna.
2167 5591 2504 5656 't'ripolitaaa;
2526 5592 2592 5642 dc
2610 5593 2699 5656 hac
2721 5591 2904 5655 postea,
2923 5593 3006 5643 lib.
3034 5591 3085 5647 7,
3103 5607 3151 5638 η.
3182 5591 3258 5641 ili.

2017 5655 2049 5691 ⁸⁷
2073 5659 2145 5706 sic
2164 5655 2263 5705 Am;
2282 5662 2355 5704 Er.
2380 5661 2432 5704 et
2453 5667 2624 5704 omnes
2645 5655 2723 5704 hic
2741 5662 2846 5704 Mss.
2877 5663 2928 5703 Al
2951 5662 3058 5702 ων.
3082 5661 3131 5702 et
3148 5657 3421 5716 Cyprianus,
3449 5668 3539 5710 nm

1956 5732 2208 5845 "nilntllditi,
2234 5781 2446 5845 ipsorum
2470 5791 2632 5846 opera.
2659 5785 2713 5829 At
2737 5785 2864 5838 Mss,
2890 5776 3100 5841 ipsorum
3122 5788 3335 5842 operum.
