4028 6202
417 325 520 381 22.3

490 440 714 495 CAPUT
755 440 934 493 XLIV.
967 472 1036 479 ——-
1063 441 1145 495 85.
1181 441 1487 496 Vint'cntius
1514 458 1540 493 a
1571 441 1784 494 Tbibari
1823 439 1999 495 dixit:

425 532 700 585 "melicos
738 533 924 586 scimus
953 549 1056 586 esse
1082 535 1296 602 peiores,
1329 551 1480 604 quant
1509 532 1770 588 Etltnicos.
1797 533 1860 588 Si
1883 521 2024 587 con;

421 626 548 680 versi
576 627 642 676 arl
672 623 834 676 Deum
864 626 1028 679 venire
1058 626 1302 678 voluerint
1321 666 1334 688 ,
1369 626 1547 678 habent
1580 627 1750 696 utique
1777 625 2002 696 regulam

421 717 658 776 veritatis,
682 733 832 786 quam
861 716 1106 770 Dominus
1130 727 1376 786 prwcepto
1402 718 1571 770 divino
1593 717 1848 770 mandat-it
1868 716 2002 786 Apo-

420 809 580 870 stolis,
615 809 805 871 dicens,
835 825 855 858 σ
888 807 987 871 Ite,
1019 808 1070 860 in
1101 810 1301 861 nomine
1342 824 1449 860 meo
1493 824 1698 861 manuni
1739 806 1998 877 imponite,

417 897 666 949 dminonia
721 898 954 965 expellite
983 917 1000 949 ι
1051 900 1068 963 (
1100 897 1262 950 Marc.
1309 913 1422 962 xvi,
1469 897 1532 950 17
1562 895 1599 966 ).
1637 895 1702 948 Et
1740 896 1841 949 alio
1869 896 1999 960 loco,

425 1006 442 1038 ι
479 987 573 1052 Ite,
605 999 650 1041 et
677 989 847 1042 docete
889 973 1078 1057 gentes,
1111 990 1353 1056 tingentes
1395 1005 1482 1042 eas
1522 989 1573 1040 in
1601 989 1801 1040 nomine
1831 985 2002 1039 Patris

415 1088 460 1128 et
503 1077 624 1130 Filii
665 1089 712 1132 et
753 1077 978 1146 Spiritus
1023 1081 1181 1132 sancti
1215 1096 1234 1127 ι
1272 1077 1481 1149 (Matth.
1509 1093 1690 1139 xxvut,
1725 1077 1829 1146 19).
1866 1075 2002 1144 Ergo

421 1171 582 1234 primo
626 1187 715 1238 per
757 1187 937 1222 namus
978 1169 1345 1238 impositionem
1374 1170 1426 1222 in
1456 1171 1752 1232 exorcismo,
1783 1169 2002 1222 secundo

419 1276 509 1326 per
539 1258 784 1329 Baptismi
823 1262 1267 1330 regenerationem,
1309 1271 1426 1312 tunc
1465 1270 1671 1329 possunt
1715 1260 1782 1313 ad
1817 1258 2003 1313 Christi

418 1349 828 1415 poilicitationcm
871 1352 1071 1415 venire;
1109 1351 1238 1406 alias
1279 1362 1448 1404 autent
1496 1352 1607 1420 fieri
1652 1367 1825 1405 censeo
1853 1352 1869 1383 ¹
1900 1367 2003 1405 non

413 1441 609 1506 debere.

489 1531 577 1584 86.
623 1532 696 1584 lix
743 1548 842 1598 qua
893 1533 1072 1602 regula
1116 1533 1256 1586 dicat
1299 1533 1579 1587 haereticos
1625 1533 1837 1602 pejores
1883 1546 2003 1587 esse

423 1637 580 1689 quam
606 1622 878 1683 Ethnieos,
909 1624 1122 1687 nescio;
1153 1639 1272 1676 cum
1296 1624 1550 1677 Dominus
1575 1623 1736 1686 dicat,
1762 1621 1824 1677 Si
1849 1639 2006 1690 neque

425 1710 705 1764 Ecclesium
733 1712 966 1774 audierit,
997 1713 1058 1764 sit
1089 1713 1175 1764 tibi
1203 1723 1440 1782 tanquam
1461 1713 1688 1766 ethnicus
1708 1721 1754 1765 et
1776 1711 2004 1781 publica-

419 1818 513 1854 nus
541 1801 649 1872 (Id.
681 1818 831 1866 xvut,
861 1804 948 1872 17)
976 1805 1053 1855 An
1086 1804 1242 1856 etiam
1278 1804 1365 1856 tali
1399 1804 1679 1856 lucreticus
1709 1803 1857 1872 pejor
1879 1802 2003 1855 est?

417 1893 556 1947 Nihil
591 1895 780 1947 resisto
811 1914 820 1946 :
859 1910 960 1946 non
995 1906 1169 1947 tamen
1204 1903 1478 1963 propterea
1521 1895 1641 1961 quia
1690 1894 1802 1962 ipse
1843 1892 2003 1946 homo

421 1984 572 2053 pejor
601 1993 681 2037 est
708 1985 941 2048 etlmico,
968 1983 1018 2037 id
1045 1994 1146 2049 est,
1175 1985 1356 2054 gentili
1384 1995 1541 2053 atque
1569 1999 1788 2052 mgano,
1814 1984 2006 2038 Sacra-

424 2084 660 2128 mentum
690 2075 846 2129 etiam
869 2074 1065 2128 Christi
1093 2075 1136 2126 si
1167 2075 1306 2144 quod
1339 2074 1516 2138 habet,
1542 2074 1680 2127 vitiis
1704 2074 1820 2142 ejus
1839 2074 2002 2128 mori-

418 2166 623 2236 busque
667 2167 946 2228 miscetur,
969 2174 1022 2220 et
1060 2165 1245 2220 eadem
1291 2165 1650 2234 permixtione
1692 2176 2001 2233 corruptum

414 2259 572 2329 perit.
604 2257 735 2312 Nam
777 2267 832 2311 et
872 2258 942 2310 illi
986 2258 1073 2327 qui
1119 2257 1377 2312 recedunt
1411 2258 1477 2311 de
1515 2257 1845 2321 Eeelesia,et
1871 2255 2004 2310 [lunt

418 2349 682 2403 luerosum
712 2364 813 2402 non
846 2358 1048 2401 tantum
1081 2357 1402 2411 sectatores,
1440 2347 1530 2400 sed
1569 2347 1727 2400 etiam
1764 2345 2006 2400 condito-

417 2452 525 2500 res,
562 2439 605 2491 si
638 2440 748 2506 jam
787 2438 1036 2506 haptizati
1070 2437 1344 2502 recedunt,
1373 2452 1495 2490 cum
1527 2437 1818 2490 secundum
1847 2435 2001 2490 istam

417 2528 651 2600 regulam
673 2528 882 2598 pejores
901 2529 1005 2581 siut
1022 2528 1278 2592 Ethnicis,
1297 2527 1492 2581 habent
1514 2537 1687 2580 tamen
1704 2527 1998 2597 Baptisma:

416 2635 537 2672 nam
569 2619 611 2673 si
642 2620 869 2673 correcti
901 2620 1139 2683 redeant,
1171 2635 1275 2672 non
1305 2620 1607 2690 accipiunt;
1638 2619 1779 2687 quod
1805 2619 1847 2671 si
1872 2620 2005 2672 ami-

417 2714 458 2763 si
495 2723 632 2777 sent,
669 2712 847 2780 utique
876 2713 1200 2782 acciperent.
1225 2713 1402 2766 Potest
1435 2727 1562 2779 ergo
1590 2710 1700 2765 lieri
1730 2720 1786 2764 ut
1814 2711 2005 2779 aliquis

369 2828 374 2833 ο
417 2806 566 2876 pejor
595 2806 664 2859 sit
700 2805 934 2872 ethnieo,
976 2815 1030 2860 et
1069 2815 1243 2858 tamen
1277 2804 1325 2857 in
1359 2819 1424 2858 eo
1447 2802 1643 2857 Christi
1688 2802 2006 2856 Sacramen-

419 2910 529 2952 tum
561 2916 663 2952 non
705 2900 876 2953 solum
903 2897 989 2958 sit,
1021 2897 1114 2952 sed
1145 2897 1304 2951 etiam
1333 2911 1436 2950 non
1469 2896 1536 2949 sit
1567 2895 1738 2964 pejus,
1765 2910 1922 2964 quam
1950 2895 2002 2948 in

416 2987 630 3040 homine
673 2999 858 3042 sancto
894 2996 947 3042 et
984 2988 1148 3056 justo.
1181 2987 1244 3040 Et
1273 2988 1315 3040 si
1347 2987 1487 3040 enim
1525 2995 1778 3054 quantum
1819 2986 1870 3038 in
1915 2985 2004 3039 illo

418 3075 632 3130 botuiue
657 3085 758 3142 est,
787 3091 890 3128 non
922 3078 1094 3144 ipsum
1123 3074 1370 3138 servavit,
1400 3074 1493 3129 sed
1522 3076 1699 3128 animo
1727 3083 1779 3129 et
1809 3075 2004 3128 volun-

419 3173 526 3217 tate
551 3164 798 3230 violavit;
830 3172 1007 3218 tmnen
1031 3173 1282 3232 quantum
1311 3164 1379 3217 ad
1413 3165 1582 3232 ipsum
1605 3165 1792 3218 attinet
1813 3163 2005 3219 Sacra-

378 3288 381 3291 -
419 3264 693 3318 mentum,
726 3265 775 3307 et
809 3270 928 3308 eum
955 3265 1320 3324 contemptore
1349 3263 1401 3309 et
1431 3254 1768 3324 repudiatore
1796 3269 1894 3309 suo
1921 3254 2004 3308 iu-

423 3357 628 3414 tt-grum
682 3345 1099 3416 inviolatumque
1145 3346 1453 3415 permansit.
1493 3344 1679 3399 Nonne
1715 3345 2004 3401 Sodomita:

417 3435 613 3489 ethnici
641 3445 810 3497 erant,
841 3435 889 3488 id
920 3445 1020 3498 est,
1047 3437 1308 3505 gentiles?
1340 3437 1554 3506 Pejores
1582 3451 1710 3505 ergo
1739 3445 1893 3489 erant
1910 3435 2005 3489 Ju-

415 3525 538 3588 da-i,
580 3526 770 3595 quibus
796 3526 1050 3579 Dominus
1080 3527 1225 3591 d.cit,
1263 3526 1598 3580 Tolerabilius
1637 3528 1730 3579 erit
1765 3525 2003 3579 Sodomis

416 3617 468 3668 in
496 3617 576 3667 die
595 3617 799 3686 judicii,
827 3609 976 3686 quam
1003 3618 1136 3671 vobis
1164 3617 1270 3686 (Id.
1297 3634 1370 3682 XI,
1401 3617 1495 3686 24)
1527 3635 1539 3670 :
1571 3626 1628 3672 et
1653 3617 1846 3687 quibus
1875 3633 2003 3686 pro-

418 3705 572 3774 pheta
603 3705 750 3770 dicit,
777 3705 1107 3775 Justiﬁcastis
1145 3708 1422 3762 Sodomam
1451 3708 1468 3777 (
1494 3706 1682 3761 Ezech.
1713 3723 1825 3772 xvn,
1855 3707 1914 3762 5|
1945 3706 1999 3778 );

419 3797 468 3850 id
514 3807 612 3860 est,
660 3799 710 3851 in
752 3795 1148 3868 comparatione
1177 3809 1371 3865 vestra,
1414 3799 1645 3854 Sodoma
1684 3801 1825 3866 justa
1866 3797 2002 3852 facta

413 3890 558 3943 est‘.
583 3887 845 3959 Numquid
890 3899 1064 3945 tamen
1120 3890 1240 3944 ideo
1283 3900 1614 3946 sacramenta
1659 3891 1834 3944 divina
1883 3905 2001 3960 qua)

479 4040 492 4069 ι
532 4040 758 4095 Verbum,
783 4053 967 4098 censeo,
991 4042 1134 4091 abest
1151 4054 1180 4088 a
1207 4049 1310 4089 \tss.

477 4102 497 4130 ¹
532 4107 602 4148 llr.
629 4101 772 4163 Lugd.
799 4110 913 4150 \‘eu.
937 4108 1068 4162 l.ov.,
1094 4101 1292 4150 Sodoma
1304 4099 1570 4164 justi/icata
1601 4108 1684 4150 est.
1752 4109 1810 4150 at.

1166 326 1249 378 Dii
1294 323 1626 380 B.\PT|S.\I0
1664 322 1937 379 CONTRA
1979 319 2420 390 DONATISTAS,
2463 323 2519 378 S.
2553 323 2916 381 AUGUSTINI

3587 332 3696 390 99.4

2111 439 2250 510 apud
2292 440 2504 498 Judazos
2547 455 2719 513 erant,
2769 447 2886 501 talia
2937 457 3088 502 erant
3135 450 3320 520 quales
3360 453 3458 522 ipsi
3496 468 3695 521 erant;

2111 547 2228 602 qua:
2254 533 2509 590 Dominus
2539 536 2654 605 ipse
2676 551 2883 607 quoque
2907 539 3160 610 suscepit,
3178 550 3232 596 et
3247 541 3311 596 ad
3333 559 3393 598 ea
3415 545 3695 600 celebran-

2111 623 2176 678 da
2208 624 2451 694 leprosos
2479 643 2612 697 quos
2643 629 2990 685 mundaverat
3019 633 3160 686 misit
3187 633 3206 703 (
3235 632 3357 688 Luc.
3387 652 3519 703 xvu,
3554 639 3617 692 Η
3646 640 3693 708 ).

2110 722 2163 769 et
2189 729 2249 768 ea
2279 714 2550 771 Zachariae
2580 719 2898 773 ministranti
2937 723 3152 790 angelus
3191 723 3422 792 adstitit,
3463 742 3697 797 eumque

2111 809 2163 862 in
2195 809 2390 878 templo
2412 810 2797 866 sacriﬁcantem
2823 812 3126 867 exauditum
3153 829 3271 869 esse
3291 817 3549 871 nuntiavit
3572 818 3686 884 (Id.

2111 918 2146 965 ι,
2178 903 2262 966 Η,
2296 903 2424 972 l5)?
2449 903 2572 957 "me
2601 904 2785 958 eadem
2815 916 3142 960 sacramenta
3172 917 3226 960 et
3255 908 3304 961 in
3339 907 3488 962 bonis
3520 909 3691 964 bonn-

2111 993 2266 1046 nihus
2293 994 2434 1047 illius
2455 996 2708 1065 temporis
2723 1005 2896 1060 erant,
2919 1006 2971 1050 et
2993 997 3042 1050 in
3067 997 3219 1052 malis
3242 999 3508 1067 pejoribus
3530 1017 3690 1068 quant

2109 1083 2217 1137 sint
2267 1084 2520 1151 Ethnici;
2567 1087 2992 1157 quandoquidem
3042 1087 3336 1144 Sodomitis
3388 1090 3438 1143 in
3489 1093 3691 1146 malitia

2112 1175 2314 1243 pra-lati
2343 1187 2465 1229 sunt
2493 1193 2506 1228 :
2537 1185 2591 1231 et
2620 1186 2795 1232 tanien
2825 1179 2910 1231 illa
2928 1188 3256 1233 sacramenta
3279 1182 3500 1235 erantin
3531 1183 3692 1237 utris-

2108 1280 2210 1333 que
2242 1264 2438 1334 integra
2467 1275 2624 1337 alque
2644 1267 2842 1321 divina.

2179 1357 2267 1411 87.
2309 1357 2438 1411 Nam
2469 1368 2523 1412 et
2549 1359 2646 1428 ipsi
2675 1359 2910 1414 Gentiles
2935 1361 2978 1414 si
3009 1361 3134 1430 quid
3155 1360 3389 1415 divinum
3413 1373 3466 1418 ct
3487 1375 3692 1420 rectum

2112 1447 2162 1499 iu
2193 1447 2449 1502 doctrinis
2487 1451 2598 1504 suis
2635 1449 2830 1506 habere
2860 1461 3173 1521 potuerunt,
3207 1469 3311 1507 non
3356 1454 3692 1524 improbave-

2110 1547 2232 1590 runt
2257 1538 2426 1592 sancti
2455 1541 2642 1606 nostri,
2666 1542 2908 1611 quamvis
2930 1543 3001 1595 illi
3030 1558 3123 1612 per
3144 1558 3268 1597 suas
3287 1547 3692 1613 superstitiones

2109 1637 2163 1682 et
2189 1628 2539 1684 idololatriam
2563 1641 2617 1686 et
2633 1633 2956 1702 superbiam,
2973 1641 3301 1702 caeterosquc
3324 1635 3553 1702 perditos
3570 1652 3692 1688 nm-

2109 1736 2196 1774 res
2243 1720 2541 1777 detestandi
2587 1734 2786 1789 essent,
2826 1733 2882 1778 et
2923 1725 3022 1779 nisi
3069 1727 3480 1795 Corrigercntur,
3509 1726 3693 1782 divino

2104 1811 2304 1880 judicio
2338 1814 2608 1882 puniendi.
2633 1815 2762 1869 Nam
2789 1825 2842 1869 et
2861 1815 3054 1871 Paulus
3073 1820 3344 1886 apostolus
3369 1818 3505 1888 apud
3529 1819 3695 1874 Athe-

2110 1905 2325 1959 nienses
2349 1907 2469 1960 cum
2494 1906 2560 1961 de
2589 1906 2699 1962 Deo
2727 1907 2967 1976 quaedam
2994 1907 3216 1972 diceret,
3248 1909 3515 1978 perhibuit
3541 1912 3693 1963 testi-

2108 1996 2343 2050 monium
2393 1998 2532 2067 quod
2577 1998 2792 2068 quidam
2839 2013 3021 2054 eorum
3071 2000 3175 2054 tale
3219 1999 3415 2067 aliquid
3460 2001 3696 2056 dixerint

2109 2087 2247 2158 (Act.
2276 2104 2404 2152 xvu,
2428 2089 2518 2160 28)
2546 2107 2558 2142 :
2589 2090 2729 2159 quod
2761 2090 2937 2160 utique
2968 2091 3011 2144 si
3039 2089 3102 2144 ad
3136 2090 3402 2145 Christum
3425 2091 3690 2155 venirent,

2107 2193 2490 2251 agnosceretur
2535 2185 2585 2237 in
2631 2185 2730 2248 eis,
2768 2199 2873 2237 nou
2920 2183 3329 2252 improbaretur.
3373 2182 3436 2236 Et
3477 2193 3697 2237 sanetus

2107 2270 2402 2345 Cyprianus
2453 2273 2644 2328 talibus
2685 2273 2940 2328 adversus
2981 2272 3195 2328 eosdem
3231 2273 3484 2328 Ethnitos
3527 2274 3699 2326 utitor

2109 2365 2349 2420 testibus.
2375 2365 2505 2419 Nam
2531 2381 2650 2419 cum
2683 2365 2748 2420 de
2778 2365 2944 2434 magis
2973 2365 3317 2435 loqueretur:
3349 2365 3578 2430 Quorum
3610 2376 3695 2416 ta-

2107 2473 2240 2522 men,
2273 2457 2461 2526 inquit,
2505 2457 2787 2526 pra'cipuus
2822 2455 3092 2522 Hostanes,
3122 2466 3168 2509 ct
3206 2460 3421 2525 formam
3459 2457 3560 2508 reri
3601 2454 3700 2507 Dei

2108 2558 2254 2620 negat
2285 2551 2506 2618 conspici
2537 2565 2700 2619 posse,
2725 2559 2769 2603 et
2795 2547 3000 2618 angelos
3029 2565 3168 2602 veros
3195 2548 3303 2601 sedi
3329 2549 3436 2616 ejus
3464 2547 3581 2599 dicit
3611 2563 3697 2599 os-

2107 2641 2300 2693 sistere.
2329 2639 2394 2693 In
2421 2657 2519 2710 quo
2548 2649 2594 2692 et
2627 2638 2773 2692 Plato
2807 2640 2917 2706 pari
2946 2640 3138 2690 ratione
3167 2639 3430 2699 consentit,
3459 2647 3503 2688 et
3533 2652 3698 2688 unum

2108 2731 2273 2786 Deum
2301 2749 2521 2793 seruans,
2549 2742 2752 2784 ca'teros
2776 2733 2978 2800 angelos
3007 2729 3082 2782 rel
3110 2729 3365 2781 dn'monas
3390 2727 3526 2778 dicit.
3562 2725 3699 2777 Iler-

2109 2840 2212 2877 mes
2251 2839 2443 2892 quoque
2467 2822 2818 2892 Trismegistus
2855 2839 3008 2874 unum
3042 2819 3199 2873 Deum
3239 2820 3476 2889 loquitur,
3508 2829 3551 2871 et
3579 2834 3699 2870 cum

2108 2914 2657 2982 incamprehensiliilcm
2686 2922 2831 2981 atque
2856 2910 3247 2964 ina'stintabilem
3270 2911 3530 2976 con/iterur
3552 2905 3697 2978 (Lib.

2109 2996 2172 3059 de
2191 3003 2454 3058 [dolorum
2487 3003 2761 3073 Vanitate).
2783 3005 2837 3058 Si
2870 3019 2994 3072 ergo
3023 3003 3106 3056 isti
3137 3003 3404 3055 venissent
3433 3000 3496 3053 ad
3525 2999 3700 3067 pert-i-

2111 3099 2353 3168 piendum
2381 3097 2728 3151 Christianam
2761 3097 3005 3159 salutetu,
3041 3110 3142 3148 nou
3173 3094 3354 3162 utique
3381 3093 3458 3144 eis
3481 3091 3697 3144 dicere-

2111 3197 2214 3253 tur,
2259 3187 2369 3242 lloc
2415 3188 2613 3240 nmium
2667 3187 2904 3248 habetis,
2951 3187 3030 3239 vel
3082 3185 3268 3237 falsum
3321 3183 3565 3234 habetis:
3598 3180 3698 3233 sed

2110 3279 2266 3347 plane
2301 3280 2490 3333 merito
2521 3280 2810 3342 diceretur,
2845 3278 2955 3332 lloc
2986 3277 3133 3330 vobis
3162 3277 3402 3344 quann-is
3433 3275 3698 3342 integrum

2109 3379 2163 3425 ct
2188 3386 2394 3436 verum,
2428 3369 2556 3424 nihil
2589 3380 2765 3424 tamen
2801 3369 3093 3438 prodesset,
3126 3367 3224 3420 nisi
3251 3367 3316 3420 ad
3344 3365 3536 3419 Christi
3568 3378 3701 3432 gra-

2109 3463 2235 3515 tiam
2261 3462 2532 3516 veniretis.
2557 3460 2610 3516 Si
2635 3477 2762 3530 crgo
2788 3461 2839 3513 in
2871 3461 2998 3527 ipsis
3025 3459 3268 3512 Ethnicis
3297 3467 3472 3526 potest
3497 3456 3698 3524 aliquid

2109 3553 2342 3606 divinum
2376 3552 2598 3604 inveniri
2632 3559 2878 3619 recteque
2903 3532 3203 3618 approbari,
3229 3564 3410 3616 qttum\
3429 3549 3479 3601 is
3498 3549 3577 3602 eis
3603 3564 3664 3601 sa
3687 3577 3697 3588 -

2109 3642 2189 3696 lus
2218 3641 2390 3696 adhuc
2415 3658 2444 3694 a
2472 3640 2688 3696 Christo
2729 3639 3026 3710 prmstauda
3063 3639 3168 3701 sit;
3202 3653 3306 3691 non
3345 3649 3557 3706 oportet
3599 3653 3702 3694 nos

2108 3733 2176 3787 ita
2209 3734 2407 3787 moveri
2438 3733 2644 3788 etiamsi
2680 3731 2892 3802 pejores
2920 3740 3044 3785 sunt
3082 3729 3338 3793 ha'rctici,
3373 3739 3426 3781 ut
3457 3729 3600 3796 quod
3645 3731 3698 3782 in

2108 3822 2186 3879 eis
2217 3823 2411 3878 malum
2456 3823 2690 3893 ipsorum
2722 3831 2801 3875 est
2827 3820 3050 3874 velimus
3078 3821 3364 3888 corrigere,
3389 3827 3442 3871 et
3469 3819 3607 3888 quod
3645 3820 3700 3874 in

2108 3915 2186 3969 cis
2237 3914 2433 3968 bonum
2479 3923 2560 3968 cst
2598 3913 2795 3967 Christi
2846 3911 3074 3965 nolimus
3116 3926 3423 3980 agnoscere.
3456 3910 3556 3962 Sed
3583 3910 3698 3977 jam

2107 4014 2328 4059 caeteras
2376 4005 2533 4071 hujus
2577 4005 2784 4058 concilii
2827 4004 3119 4057 sententias
3159 4002 3594 4070 pertractatnlas,
3629 4002 3700 4054 ab

2108 4093 2214 4148 alio
2245 4093 2598 4164 suscipiemus
2626 4094 2866 4149 exordio.

3365 4224 3701 4242 ﬂ

1336 4301 1818 4406 LIBER
1897 4285 2191 4407 SEP
2215 4303 2530 4408 TLM
2549 4304 2749 4409 US.

1211 4491 1258 4533 In
1283 4498 1379 4548 quo
1404 4499 1458 4533 ea
1477 4493 1593 4535 ltfl‘it‘
1618 4485 1876 4534 sententic
1901 4485 2092 4535 (ζωιςῆἰί
2117 4485 2506 4548 Carthaginiensis
2529 4491 2899 4547 pertraclaulur.

1861 4608 2232 4663 $349339

489 4731 714 4788 CAPUT
758 4732 1040 4787 PRlMl'M.
1068 4763 1135 4771 —
1170 4733 1218 4786 Ι.
1249 4731 1362 4784 Non
1391 4732 1557 4784 sinms
1587 4730 1794 4786 molesti
1829 4730 2007 4799 legen-

417 4825 579 4890 tibus,
611 4825 653 4877 si
682 4824 864 4877 eadem
893 4824 1036 4877 varie
1067 4839 1128 4877 ac
1159 4838 1298 4892 Su‘pe
1335 4823 1665 4876 dis>erimus.
1695 4824 2005 4892 Quanquam

417 4916 559 4970 enim
592 4915 823 4968 Ecclesia
854 4914 1109 4968 catholica
1153 4923 1335 4968 sancta
1383 4914 1432 4966 iu
1472 4915 1719 4968 onmibus
1762 4914 2008 4984 gentibus

421 5008 678 5063 adversus
721 5023 782 5062 ea
830 5023 946 5076 quz'c
997 5007 1047 5060 in
1099 5007 1196 5060 ista
1247 5007 1541 5075 qmestioue
1586 5007 1653 5062 de
1698 5007 2004 5079 Baptismo,

421 5109 598 5156 utrum
627 5111 680 5155 et
709 5100 846 5170 apud
878 5100 1155 5154 ha‘reticos
1191 5108 1245 5154 et
1278 5098 1649 5154 sebismaticos
1677 5097 1814 5152 idem
1841 5098 2010 5168 possit

421 5209 544 5248 esse
568 5192 655 5264 qui
688 5202 769 5246 est
798 5193 848 5245 in
871 5190 1164 5249 Catholica.
1191 5190 1499 5244 nonnullam
1529 5190 1806 5259 caliginem
1837 5187 2010 5241 olTun-

421 5285 574 5350 dunt,
601 5283 786 5353 prisca:
815 5281 1216 5336 consuetudinis
1241 5291 1293 5336 et
1322 5281 1542 5351 plenarii
1577 5279 1787 5335 concilii
1823 5285 2009 5332 aucto-

427 5379 581 5430 ritate
605 5357 806 5429 munita
834 5375 904 5427 sit
928 5391 941 5425 :
966 5382 1139 5427 tamen
1163 5373 1282 5442 quia
1307 5388 1410 5426 non
1435 5369 1838 5426 contemnendis
1858 5369 2007 5432 viris,

422 5481 476 5522 et
518 5469 748 5523 maxime
785 5466 1049 5538 Cypriane
1087 5465 1137 5518 in
1167 5465 1278 5534 ipsa
1317 5465 1517 5518 unitate
1546 5461 1827 5532 aliquando
1855 5461 2012 5516 aliter

425 5563 592 5614 visum
622 5570 724 5625 est,
758 5560 908 5629 cujus
935 5557 1007 5612 uti
1037 5554 1317 5611 adversum
1348 5571 1444 5610 nos
1471 5555 1784 5610 auctoritate
1812 5569 2012 5608 conan-

427 5658 534 5712 tur,
553 5652 639 5716 qui
673 5651 827 5719 longe
853 5649 920 5704 ab
949 5649 1063 5716 ejus
1081 5647 1339 5701 charitate
1367 5646 1552 5701 remoti
1584 5655 1706 5699 sunt
1730 5662 1743 5708 ;
1770 5652 2010 5714 propter-

427 5755 489 5795 ea
537 5741 774 5808 Cogiauur
823 5758 882 5794 ex
930 5741 1324 5810 opportunitate
1395 5738 1650 5792 tractandi
1689 5747 1738 5790 et
1767 5737 2009 5790 cooside—

2110 4731 2260 4784 randi
2284 4731 2458 4784 omnia
2491 4748 2608 4800 qum
2638 4732 2688 4786 in
2719 4732 2833 4799 ejus
2859 4732 3082 4785 concilio
3106 4731 3171 4785 de
3194 4732 3292 4787 hac
3321 4751 3377 4786 rc
3404 4733 3701 4803 litterisque

2107 4825 2486 4893 comperimus,
2509 4824 2646 4878 hanc
2669 4825 2910 4879 eamdem
2933 4828 3278 4894 qumstionem
3302 4827 3571 4896 aliquanto
3594 4828 3708 4880 diu-

2103 4916 2216 4988 tius
2246 4927 2494 4985 tanquam
2527 4917 2577 4970 in
2608 4919 2852 4970 manibus
2877 4933 3111 4981 versare,
3145 4925 3196 4972 ct
3227 4921 3510 4973 ostendere
3541 4937 3704 4990 quam

2112 5008 2288 5062 verius
2334 5009 2667 5063 universitati
2707 5009 2959 5064 Ecclesia:
2999 5009 3275 5064 catholica:
3320 5012 3612 5080 placuerit,
3651 5022 3711 5066 ut

2116 5100 2350 5155 lueretici
2379 5101 2462 5154 vel
2502 5100 2828 5154 schismatici
2872 5101 2958 5170 qui
2999 5103 3108 5170 jam
3143 5099 3339 5155 Christi
3377 5102 3708 5171 Baptismnm

2113 5191 2222 5246 illic
2249 5191 2390 5246 unde
2413 5191 2632 5246 veniunt
2660 5201 3000 5259 acceperunt,
3029 5191 3081 5245 in
3111 5190 3429 5246 Catholicam
3457 5208 3710 5247 commu-

2114 5282 2327 5336 nionem
2357 5297 2478 5336 cum
2512 5282 2600 5336 illo
2628 5281 2994 5345 admittuntur,-
3025 5283 3092 5336 ab
3120 5297 3306 5337 errore
3333 5298 3429 5336 suo
3455 5283 3707 5346 correcti,

2116 5389 2167 5428 In
2196 5373 2455 5428 charitate
2477 5372 2696 5428 radicati
2723 5383 2881 5443 atque
2910 5373 3109 5427 fundati
3134 5390 3147 5435 ;
3178 5382 3235 5427 ut
3262 5373 3402 5443 quod
3431 5375 3618 5428 attinet
3640 5375 3709 5429 ad

2116 5463 2369 5533 Baptismi
2414 5474 2824 5530 sacramentum,
2864 5480 2968 5518 non
3006 5465 3146 5518 adsit
3183 5465 3324 5535 quod
3363 5464 3574 5531 deerat,
3611 5466 3708 5520 sed
3749 5508 3756 5512 .

2118 5556 2282 5626 prosit
2311 5556 2450 5625 quod
2484 5556 2670 5611 inerat.
2699 5557 2760 5610 Et
2789 5558 2971 5610 beatus
2994 5557 3289 5627 Cyprianus
3335 5559 3551 5627 quidem
3593 5559 3708 5628 jam

2115 5660 2342 5713 oorpore
2370 5644 2508 5712 quod
2548 5645 2907 5714 corrumpitur
2945 5663 3048 5699 non
3088 5657 3408 5716 aggravautc
3441 5649 3707 5712 animam;

2119 5752 2212 5788 nec
2248 5735 2571 5805 deprimente
2608 5748 2810 5791 terrena
2857 5737 3234 5793 inhabitatiom
3269 5755 3485 5794 sensum
3532 5740 3704 5795 multa
