4024 6196
363 401 462 459 351

365 541 484 579 cum
509 516 785 577 contraria:
809 512 906 567 sibi
939 509 1044 563 sint
1076 501 1400 559 continentia
1420 501 1437 530 ¹
1480 511 1598 567 qua:
1628 492 1726 547 luit
1754 490 1808 545 in
1833 488 1944 557 Cy-

366 618 550 685 pn'auo
569 655 582 676 ,
611 619 665 665 et
690 606 908 661 avaritia
934 616 1052 672 qua:
1077 598 1175 652 luit
1209 597 1259 649 in
1286 592 1505 661 collegis
1529 585 1812 661 Cypriani;
1845 582 1947 636 Ba-

370 710 588 782 ptismus
616 712 789 756 tamen
818 711 974 767 quem
1006 690 1302 764 Cyprianus
1330 684 1517 748 dabat,
1546 695 1652 735 non
1679 684 1794 731 erat
1816 689 1945 728 con-

371 767 558 854 Irarius
587 792 857 861 Baptismo
883 801 1040 856 quem
1064 783 1137 837 illi
1170 780 1384 842 dabant,
1407 773 1501 830 sed
1522 787 1660 827 unus
1682 777 1737 824 ct
1765 767 1946 861 idem:

369 889 487 959 quia
514 886 603 939 ille
624 855 853 949 baptizat
872 877 938 932 de
963 890 1067 946 quo
1091 872 1291 928 dictum
1315 876 1416 932 est,
1440 864 1467 918 l
1475 880 1562 935 pse
1583 869 1656 916 est
1680 859 1766 929 qui
1787 855 1950 924 bapti-

368 987 446 1033 sat
476 976 652 1045 (Joun.
679 988 717 1037 ι,
741 968 855 1038 55).

439 1036 665 1122 CAPUT
703 1036 821 1117 XV.
845 1090 918 1099 —
935 1056 1025 1111 es.
1058 1050 1374 1109 Saturninus
1399 1062 1429 1101 a
1448 1041 1751 1098 Victoriana
1773 1036 1903 1091 dixit
1933 1052 1946 1088 ε

373 1158 435 1214 Si
464 1158 575 1211 licet
601 1152 843 1209 htereticis
873 1148 1145 1219 baptizare,
1168 1139 1393 1196 excusati
1420 1144 1533 1190 sunt
1557 1144 1605 1187 et
1628 1130 1827 1199 defensi
1850 1126 1953 1179 illi-

376 1251 472 1303 Cita
492 1248 727 1319 facientes
752 1260 764 1295 :
788 1258 877 1294 nec
902 1238 1042 1293 video
1071 1251 1226 1306 quare
1247 1248 1331 1284 eos
1349 1238 1436 1282 aut
1460 1226 1688 1282 Christus
1712 1220 1952 1273 adversa-

376 1342 476 1393 rios
492 1311 649 1399 Isuos,
681 1342 769 1386 aut
792 1327 1061 1401 Apostolus
1086 1321 1401 1377 antichristus
1428 1311 1772 1385 appellaverit.

441 1427 531 1481 ‘29.
568 1426 700 1480 Huic
728 1397 1079 1489 respondetur
1106 1432 1120 1465 :
1146 1413 1235 1466 Sic
1262 1409 1487 1463 dicimus
1518 1419 1620 1458 non
1653 1401 1813 1455 licere
1842 1397 1954 1450 hic-

378 1520 556 1574 l‘ClICIS
594 1515 895 1584 baptizare,
939 1504 1204 1576 quomodo
1233 1501 1457 1555 dicimus
1493 1512 1595 1550 non
1629 1496 1788 1548 licere
1816 1492 1957 1544 frau-

377 1606 649 1661 dator-ibus
666 1579 975 1670 baptizare?
1019 1595 1130 1648 Non
1157 1592 1297 1646 enim
1330 1587 1579 1642 hmrctico
1610 1592 1834 1645 tantum,
1862 1579 1956 1635 sed

377 1696 642 1768 peccatori
673 1692 840 1763 inquit
888 1690 1061 1747 Deus,
1111 1682 1298 1752 thuitl
1337 1694 1539 1732 cnarras
1568 1673 1959 1746 justiﬁcationes

379 1804 535 1849 meas,
580 1795 625 1839 et
668 1782 884 1836 assumis
928 1785 1273 1831 testamentum
1318 1786 1481 1823 nteum
1525 1784 1611 1836 per
1663 1782 1718 1817 os
1772 1760 1960 1815 tuum?

382 1880 504 1931 huic
549 1878 728 1945 utique
775 1873 928 1934 dixit,
972 1869 1032 1923 Si
1074 1866 1275 1920 videbas
1322 1866 1503 1932 furem,
1550 1855 1877 1911 concurrebas
1915 1853 1960 1905 ei

386 1966 569 2037 (Psal.
604 1943 746 2028 XIJX,
778 1963 862 2025 l6,
893 1960 1022 2025 18).
1072 1957 1283 2024 Quanto
1326 1966 1451 2020 ergo
1491 1948 1561 2001 illi
1603 1947 1831 2015 pejores,
1872 1943 1962 2013 qui

385 2074 492 2112 non
522 2071 641 2111 cum
672 2054 872 2108 furibus
897 2046 1320 2107 concurrebant,
1353 2040 1445 2094 sed
1484 2038 1579 2107 ipsi
1621 2035 1809 2089 fundos
1838 2032 1966 2087 insi-

386 2148 554 2204 diosis
596 2143 867 2199 fraudibus
903 2136 1209 2209 rapiebant?
1254 2133 1346 2187 sed
1378 2146 1481 2184 non
1512 2129 1590 2181 eis
1617 2123 1967 2209 concurrebat

387 2239 705 2311 Cyprianus,
732 2230 974 2303 quamvis
998 2242 1093 2283 eos
1120 2227 1169 2280 in
1193 2222 1452 2277 catholica
1480 2226 1659 2286 segete
1691 2204 1963 2276 toleraret,

389 2306 459 2388 ne
474 2306 635 2384 simul
656 2325 1016 2381 cradicaretnr
1037 2332 1090 2374 ct
1112 2318 1363 2373 triticum.
1397 2313 1460 2367 Et
1484 2319 1657 2364 tamen
1679 2308 1838 2361 etiam
1867 2306 1968 2374 ipsi

387 2436 545 2491 quem
574 2418 808 2475 dabant,
854 2413 992 2467 idem
1033 2411 1145 2478 ipse
1191 2406 1487 2474 Baptismus
1517 2408 1661 2461 erat;
1702 2396 1822 2465 quia
1862 2410 1968 2447 non

387 2485 651 2578 ipsorum,
684 2506 777 2559 sed
806 2502 1002 2559 Christi
1032 2508 1163 2553 erat.
1195 2496 1341 2552 Sicut
1367 2505 1495 2561 ergo
1520 2490 1626 2554 isti,
1650 2485 1893 2557 quamvis
1916 2485 1970 2537 in

388 2602 469 2653 eis
494 2598 691 2653 Christi
718 2595 1020 2665 Baptismus
1040 2595 1375 2659 agnoscatur,
1403 2599 1509 2637 non
1531 2590 1654 2634 sunt
1679 2588 1854 2631 tamen
1874 2590 1969 2629 ex-

390 2690 557 2745 cusati
586 2700 638 2743 et
663 2686 865 2742 defensi
897 2684 1076 2737 illicita
1110 2679 1398 2739 iacientes,
1429 2682 1481 2729 et
1513 2680 1655 2726 recte
1676 2669 1797 2721 illos
1819 2665 1973 2719 Chri-

389 2794 505 2835 sms
528 2777 859 2832 adversarios
895 2788 1020 2827 suos
1046 2769 1277 2839 appellat
1302 2808 1315 2831 ,
1346 2765 1467 2833 quia
1499 2764 1550 2815 in
1577 2758 1765 2813 talibus
1794 2770 1974 2824 persc-

393 2879 641 2924 verantes
668 2865 894 2919 audituri
924 2870 1069 2926 sunt,
1104 2856 1336 2912 lleccdite
1361 2871 1391 2905 α
1419 2868 1497 2905 me
1521 2893 1534 2914 ,
1580 2849 1667 2920 qui
1696 2845 1984 2917 operamini

392 2962 703 3025 iniquitatem
731 2956 942 3026 (Matth.
969 2969 1061 3017 vn,
1088 2952 1202 3018 ‘23);
1228 2946 1367 3000 unde
1394 2956 1445 2998 et
1473 2940 1769 2995 antichristi
1795 2936 1978 3006 appel-

397 3052 592 3115 lantur,
626 3050 747 3118 quia
777 3046 992 3100 Christo
1016 3039 1270 3095 contrarii
1297 3044 1440 3101 sunt,
1471 3034 1595 3087 dum
1619 3040 1802 3085 contra
1833 3027 1975 3097 quod

396 3141 636 3214 praecipit
664 3141 844 3191 vivunt
872 3152 885 3187 ;
917 3138 986 3187 ita
1015 3141 1070 3186 et
1097 3128 1350 3183 hirrctici.

466 3230 690 3286 CAPUT
737 3226 873 3281 XVI.
922 3252 997 3265 -—-
1037 3222 1127 3279 50.
1170 3220 1320 3274 Alius
1371 3213 1687 3271 Saturninus
1727 3226 1757 3264 a
1801 3210 1977 3264 Tucca

398 3326 537 3380 dixit
563 3344 574 3375 ;
607 3321 856 3383 Gentiles,
887 3316 1112 3389 quamvis
1136 3313 1274 3367 idola
1299 3311 1499 3375 colant,
1526 3315 1690 3359 tamen
1729 3318 1980 3358 summum

402 3418 565 3470 Deum
602 3413 805 3466 Patrem
830 3416 1102 3462 creatorem
1134 3409 1437 3473 cognoscunt
1477 3408 1523 3452 ct
1560 3397 1879 3463 conﬁtentur.
1912 3391 1981 3445 In

401 3510 532 3560 Ituiic
562 3504 789 3558 Marcion
815 3498 1127 3568 blasphemat
1151 3535 1165 3560 ,
1213 3503 1257 3545 et
1299 3489 1502 3561 quidam
1542 3503 1642 3541 non
1689 3484 1982 3537 erubescunt

403 3595 682 3650 Marcionis
716 3590 1035 3660 Baptismum
1077 3584 1286 3656 probare
1314 3579 1413 3652 (α).
1465 3576 1726 3643 Quomodo
1750 3575 1874 3627 tales
1899 3588 1982 3625 sa-

401 3686 627 3741 cerdotes
655 3681 988 3738 sacerdotium
1011 3677 1105 3733 Dei
1130 3686 1214 3730 aut
1237 3682 1457 3737 servant,
1486 3681 1571 3724 aut
1596 3669 1867 3729 uindicant,
1898 3666 1983 3736 qui

407 3782 569 3832 hostes
593 3761 685 3831 Dei
711 3791 812 3828 non
832 3773 1110 3842 baptizant,
1138 3777 1185 3823 et
1209 3767 1281 3820 sic
1305 3764 1408 3819 illis
1435 3758 1845 3818 communicant?

477 3871 566 3924 51.
612 3862 982 3935 Respondetur
1015 3857 1321 3915 :Nimirum
1362 3869 1483 3910 cum
1532 3853 1655 3908 talia
1694 3850 1982 3912 dicuntur,

406 3959 679 4016 excuditur
706 3954 919 4020 modus,
951 3966 1049 4007 nec
1073 3948 1439 4005 consideratur
1458 3943 1581 4014 quia
1600 3950 1657 3997 et
1676 3941 1770 4011 ipsi
1796 3938 1988 3994 talibus

407 4046 898 4125 communicabant,
926 4042 1172 4097 neminem
1192 4038 1503 4108 judicantes,
1527 4041 1614 4086 aut
1647 4048 1677 4084 a
1699 4033 1819 4101 jure
1850 4044 1987 4082 cont-

410 4138 661 4195 munionis
686 4137 923 4206 aliquem,
953 4132 995 4185 si
1020 4130 1268 4183 diuersum
1294 4121 1523 4188 senserit,
1550 4128 1854 4173 amoventes.
1880 4115 1987 4172 Sed

412 4234 574 4288 habet
597 4231 698 4284 iste
723 4229 777 4282 iu
814 4226 915 4280 hac
957 4224 1069 4291 ipsa
1106 4215 1369 4273 sententia
1408 4229 1503 4268 sua
1541 4211 1681 4266 unde
1714 4207 1988 4266 admoneri

416 4329 597 4391 posset
617 4360 631 4379 .
663 4318 708 4371 si
737 4315 1057 4376 adverteret,
1080 4309 1130 4362 id
1158 4310 1209 4362 in
1236 4321 1447 4377 quoque
1470 4300 1842 4372 corrigendum
1869 4313 1991 4354 esse

412 4412 555 4483 quod
584 4423 800 4480 pravum
829 4414 912 4460 est
935 4444 950 4470 ,
979 4402 1119 4473 quod
1148 4409 1322 4455 autem
1350 4406 1553 4453 rectmn
1580 4403 1663 4451 est
1687 4393 1990 4463 approban-

412 4507 539 4560 dum
565 4521 578 4557 :
607 4497 1031 4572 quandoquidem
1070 4495 1162 4557 ait,
1193 4491 1431 4557 Gentiles,
1458 4488 1682 4560 quamvis
1724 4486 1863 4540 idola
1899 4500 1990 4538 co-
2018 4534 2021 4539 .

413 4599 539 4659 lant,
572 4604 737 4647 tamen
765 4605 1018 4646 summum
1053 4586 1217 4641 Deum
1248 4584 1453 4638 Patrem
1495 4590 1767 4635 creatorem
1798 4594 1990 4649 cogno-

413 4700 559 4745 scunt
580 4698 625 4743 et
649 4687 969 4755 conﬁtentur.
997 4683 1051 4738 Si
1076 4680 1194 4751 quis
1222 4694 1347 4748 ergo
1362 4677 1427 4732 ad
1455 4677 1619 4731 Deum
1645 4673 1763 4728 talis
1783 4671 2009 4745 gentilis

416 4782 641 4843 veniret,
676 4776 930 4846 numquid
960 4773 1110 4828 vellet
1133 4771 1185 4825 in
1207 4786 1271 4825 eo
1290 4769 1558 4836 corrigere
1580 4773 1737 4835 atque
1763 4774 1991 4829 mutare,

416 4871 558 4944 quod
588 4870 755 4925 Deum
784 4867 996 4922 Patrem
1027 4871 1322 4919 creatorem
1351 4857 1701 4914 conﬁtebatur
1738 4864 1793 4910 et
1826 4869 1993 4909 nove-

418 4966 533 5019 rat?
579 4962 693 5017 Non
738 4968 865 5030 puto
884 4961 926 5021 ²,
959 4956 1054 5011 sed
1096 4954 1403 5009 emendaret
1434 4951 1484 5003 in
1514 4964 1579 5002 co
1607 4946 1953 5002 idololatriam
1975 4985 1990 5009 ,

419 5052 560 5125 quod
604 5052 801 5106 malum
842 5046 1103 5107 habebat;
1134 5052 1187 5097 ct
1214 5041 1447 5096 traderet
1483 5037 1824 5093 Sacramenta
1855 5034 1997 5089 chri-

418 5146 605 5205 stiana,
636 5158 752 5211 quin
777 5156 882 5194 non
908 5135 1136 5191 habebat
1170 5151 1181 5187 :
1207 5142 1261 5187 ct
1284 5133 1327 5185 si
1352 5129 1477 5201 quid
1507 5136 1705 5182 rectum
1735 5136 1915 5180 nosset
1942 5125 1993 5179 in

419 5252 506 5303 eo,
534 5232 880 5304 approbaret;
916 5229 960 5283 si
981 5225 1107 5297 quid
1139 5223 1398 5279 inveniret
1430 5232 1740 5290 perversum
1770 5259 1783 5282 ,
1816 5231 1992 5271 emen-

481 5391 497 5423 ί
534 5387 669 5447 miti,
694 5384 785 5435 sibi
822 5383 915 5435 sint
959 5394 1145 5443 semper
1165 5384 1468 5430 contmnam
1507 5375 1669 5433 Abest,
1702 5384 1908 5435 semper,
1950 5373 1998 5421 in

415 5450 769 5511 WIIIISCI‘IMIS.

483 5513 501 5542 ¹
537 5502 696 5567 Abest,
721 5523 811 5559 non
832 5514 963 5572 puto,
987 5519 1012 5553 a
1035 5502 1383 5572 manuscriptis‘.

483 5558 553 5631 ta)
573 5558 800 5631 loquitur
833 5558 899 5619 de
934 5558 1174 5626 stet-hane
1212 5558 1450 5631 I‘ontilicc,
1474 5560 1538 5631 de
1577 5571 1675 5631 quo
1708 5560 1761 5631 _iu
1785 5558 1997 5631 Cypriani

422 5637 466 5691 Ει
484 5619 590 5679 ἰδιῖιι
609 5651 617 5677 ι
637 5619 714 5687 τι,
743 5633 800 5679 ad
825 5619 1127 5691 tunnpeium:
1163 5644 1185 5671 α
1206 5633 1294 5691 cur
1318 5628 1364 5673 in
1391 5619 1575 5691 tantum
1596 5619 1828 5688 Stephani
1845 5621 2002 5691 tratris

429 5681 619 5739 altusu-i
644 5681 1031 5741 alistiaatiod'ura
1052 5689 1280 5750 prorupit.
1309 5685 1525 5750 utetiam
1547 5682 1609 5750 de
1643 5681 1885 5729 Marcionis
1918 5686 2000 5727 Ba-

429 5771 451 5799 α
477 5761 703 5811 misine...
721 5762 769 5799 et
792 5747 1076 5803 ceterorum
1101 5752 1114 5797 l
1138 5747 1535 5810 Iaspbemantium
1560 5747 1606 5793 in
1631 5750 1779 5791 Deum
1795 5750 1998 5801 t‘atreni,

428 5832 452 5861 ι
472 5815 731 5863 contendat
754 5813 870 5863 tiltos
893 5824 990 5865 Deo
1014 5812 1176 5863 nasci?
1195 5828 1216 5857 ι

1099 394 1186 448 DE
1225 383 1556 444 BAPTISMO
1594 376 1867 437 CONTRA
1914 368 2355 437 DONATISTAS,
2402 371 2458 426 S.
2502 367 2862 426 AUCUleNl

2052 483 2230 547 daret;
2257 483 2301 536 si
2327 482 2452 553 quid
2476 480 2731 536 defuisset
2754 522 2769 542 .
2799 479 2968 533 daret.
3008 476 3095 531 Sic
3119 486 3172 530 ct
3200 475 3251 530 lu
3286 470 3630 531 marcionista

2056 575 2307 629 basi-elice
2343 582 2658 644 agnosceret
2700 571 2949 640 Baptismi
2989 569 3363 637 integritatem,
3391 563 3638 636 corrige-

2054 680 2137 723 ret
2153 669 2269 736 ejus
2307 667 2705 735 perversitatem
2727 706 2742 729 ,
2763 665 2976 717 doceret
2995 660 3309 715 catholicam
3332 655 3637 712 veritatem.

2123 758 2347 812 CAPUT
2386 756 2545 811 XVII.
2577 785 2649 796 —
2677 756 2764 810 52.
2814 752 3091 808 Marcellus
3130 766 3159 804 a
3204 749 3366 802 Zama
3390 749 3405 780 ί
3454 746 3590 801 dixit
3620 765 3637 800 :

2054 850 2179 919 Cum
2206 858 2407 919 peccata
2436 848 2637 902 nonnisi
2662 849 2714 900 in
2737 846 2994 916 Baptismo
3018 843 3258 897 Ecclesia:
3284 841 3606 893 remittantur
3618 855 3641 905 ;

2054 941 2142 1011 qui
2165 942 2450 995 hazreticum
2479 956 2577 992 non
2607 938 2850 1007 baptizat,
2876 936 3122 1006 peccatori
3151 934 3505 987 communicat.

2126 1033 2213 1087 53.
2253 1031 2387 1099 Quid
2417 1031 2505 1085 ille
2530 1028 2619 1099 qui
2664 1029 2767 1082 hoc
2795 1026 3004 1082 facienti
3041 1025 3430 1089 communicat,
3459 1038 3642 1078 nonne

2055 1123 2320 1192 peccatori
2362 1122 2753 1176 communicat?
2794 1119 2929 1187 Quid
2973 1126 3146 1171 autem
3196 1116 3339 1169 aliud
3381 1116 3644 1170 faciebant

2056 1231 2245 1271 omnes
2265 1216 2565 1286 iudicantes
2595 1214 2880 1279 neminem,
2913 1221 3005 1265 aut
3031 1228 3059 1264 ιι
3088 1210 3208 1279 jure
3250 1209 3642 1262 conuuunionis

2057 1318 2364 1363 aiuoveutcs
2390 1307 2598 1361 diversa
2628 1304 2981 1361 sentientem?
3009 1302 3104 1358 Ubi
3122 1311 3203 1355 est
3224 1314 3350 1369 ergo
3379 1300 3643 1355 Ecclesia?

2059 1403 2139 1455 An
2169 1400 2509 1471 patientibus,
2540 1408 2595 1454 et
2619 1414 2686 1453 ne
2728 1398 2961 1452 triticum
2988 1395 3301 1457 eradicetur,
3332 1395 3531 1448 zizania
3556 1405 3644 1446 to-

2055 1493 2353 1547 lerantibus
2384 1492 2594 1562 (Matth.
2630 1508 2746 1555 xm,
2769 1490 2863 1559 29)
2891 1490 2989 1543 ista
3031 1502 3134 1541 non
3158 1485 3390 1541 obsunt?
3415 1486 3602 1540 Dicant
3624 1488 3645 1518 '

2060 1600 2187 1654 ergo
2216 1584 2301 1637 isti
2330 1625 2344 1649 ,
2396 1584 2487 1653 qui
2513 1598 2572 1637 se
2596 1583 2664 1637 ab
2684 1583 2814 1636 orbe
2845 1590 3106 1635 terrarum
3133 1578 3326 1632 frustm
3350 1578 3646 1647 separando

2063 1675 2393 1745 sacrilegium
2436 1676 2736 1729 scliismatis
2778 1673 3147 1737 admiserunt,
3206 1669 3387 1739 utquid
3450 1669 3647 1723 habent

2064 1769 2119 1822 in
2174 1785 2269 1823 ore
2336 1768 2653 1823 sententiam
2705 1765 2987 1838 Cypriani,
3042 1766 3132 1833 qui
3196 1778 3299 1818 non
3350 1760 3544 1815 habent
3595 1763 3646 1816 in

2064 1860 2225 1913 corde
2254 1857 2501 1929 Cypriani
2530 1858 2869 1925 patientiam?
2892 1856 3024 1910 lluie
3047 1865 3220 1909 autem
3268 1853 3516 1906 Marcello
3559 1870 3648 1907 rc-

2066 1953 2355 2021 Spondetur
2379 1967 2442 2005 ex
2472 1951 2553 2003 his
2578 1967 2695 2019 qiue
2720 1950 2787 2003 tle
2809 1949 3078 2017 Baptismo
3103 1955 3156 2001 et
3188 1946 3502 2000 remissione
3526 1961 3651 2015 pcc-
3698 1932 3703 1935 ⁷

2067 2054 2305 2097 catormn
2347 2058 2504 2112 supra
2544 2043 2683 2095 dicta
2720 2051 2863 2106 sunt,
2895 2040 3162 2109 quomodo
3195 2041 3359 2107 possit
3384 2053 3505 2091 esse
3547 2038 3616 2091 Ba

2070 2134 2295 2203 ptismus
2324 2135 2375 2188 in
2409 2133 2622 2187 homine
2643 2175 2657 2199 ,
2689 2132 2935 2201 quamvis
2963 2145 3068 2185 non
3110 2129 3179 2185 sit
3218 2130 3270 2183 in
3313 2145 3378 2183 co
3406 2130 3652 2184 remissio

2069 2234 2407 2293 peccatorum
2418 2265 2429 2276 .

2139 2313 2365 2370 CAPUT
2400 2313 2579 2368 XVIII.
2603 2345 2667 2352 —
2692 2314 2779 2368 54.
2815 2312 3047 2367 Irentcus
3070 2312 3136 2364 ab
3160 2310 3331 2366 Ululis
3351 2310 3373 2340 ³
3394 2309 3527 2364 dixit
3551 2328 3561 2362 :
3591 2310 3651 2363 Si

2070 2407 2183 2460 ideo
2217 2406 2442 2460 Ecclesia
2471 2406 2760 2459 htcreticum
2789 2422 2887 2458 non
2909 2405 3149 2472 lmptizat,
3168 2403 3301 2472 quod
3330 2402 3525 2455 dicatur
3538 2405 3652 2473 jam

2074 2500 2355 2570 baptizatus
2385 2515 2522 2560 esse;
2549 2498 2749 2551 lum-esis
2776 2499 2940 2567 major
2968 2506 3059 2550 est.

2145 2591 2234 2645 55.
2275 2588 2646 2658 ReSpondetur
2670 2606 2682 2641 :
2706 2587 2818 2641 Iloc
2864 2585 3022 2641 modo
3062 2585 3162 2639 dici
3194 2594 3405 2654 posset,
3438 2583 3490 2638 Si
3536 2583 3655 2639 ideo

2075 2695 2294 2735 avarum
2325 2680 2558 2734 Ecclesia
2588 2694 2692 2732 non
2723 2678 2955 2747 baptizat
2975 2719 2988 2740 ,
3018 2674 3155 2745 quod
3185 2676 3393 2730 dicatur
3416 2676 3523 2744 jam
3563 2675 3657 2730 ba.

2077 2772 2305 2843 ptizatus
2328 2788 2482 2837 esse,
2515 2771 2731 2825 avaritia
2775 2768 2946 2839 major
2970 2776 3072 2822 cst.
3112 2767 3222 2820 lloc
3262 2777 3439 2821 autem
3465 2765 3654 2821 lalsum

2076 2873 2159 2920 est
2184 2883 2197 2919 :
2224 2866 2294 2919 ita
2322 2880 2449 2933 ergo
2473 2873 2526 2917 et
2557 2862 2706 2916 illud.

2147 2954 2374 3009 CAPUT
2404 2953 2541 3007 XIX.
2584 2982 2655 2992 -—
2692 2950 2778 3005 56.
2825 2951 3057 3003 Donatus
3108 2963 3137 3000 a
3177 2946 3444 3003 Cilialiana
3487 2946 3655 3002 dixit:

2080 3047 2203 3118 Ego.
2220 3064 2371 3101 unam
2399 3045 2677 3099 Ecclesium
2705 3055 2750 3097 et
2779 3060 2934 3097 unum
2960 3042 3275 3111 Baptismum
3303 3043 3411 3111 ejus
3437 3042 3567 3094 novi.
3596 3040 3658 3094 Si

2080 3152 2151 3194 est
2191 3141 2273 3211 qui
2314 3141 2446 3193 dicat
2490 3155 2597 3193 esse
2643 3137 2779 3206 apud
2811 3136 3069 3189 Iucretiros
3115 3134 3365 3203 Baptismi
3410 3135 3659 3204 gratiam,

2039 3288 2045 3293 ,
2081 3244 2197 3285 tmte
2226 3242 2296 3285 est
2322 3242 2373 3285 ut
2404 3232 2630 3284 ostendat
2658 3239 2701 3282 et
2731 3231 2902 3300 probet
2927 3245 3033 3282 esse
3057 3229 3161 3282 illic
3186 3228 3481 3281 Ecclesium.

2153 3325 2241 3379 57.
2286 3323 2418 3377 lluic
2461 3322 2815 3391 respondetur
2851 3338 2865 3374 :
2904 3321 2960 3376 Si
3015 3321 3265 3389 Baptismi
3301 3320 3520 3389 gratiam
3563 3318 3663 3373 hoc

2085 3431 2203 3470 esse
2232 3414 2365 3469 dicis
2386 3413 2525 3483 quod
2548 3425 2630 3468 est
2655 3414 2977 3482 Baptismus,
3010 3422 3089 3466 est
3111 3412 3248 3481 apud
3281 3411 3557 3465 hmreticos
3582 3428 3594 3462 :
3618 3410 3663 3463 si

2084 3517 2260 3561 autem
2295 3500 2595 3573 Baptismus
2624 3514 3011 3558 sacramentum
3043 3513 3123 3555 est
3147 3505 3360 3571 gratiae,
3396 3502 3506 3570 ipSa
3545 3517 3672 3553 vero

2084 3597 2251 3664 gratia
2276 3594 2496 3648 abolitio
2527 3604 2859 3661 peccatorum
2886 3601 2997 3654 est,
3026 3607 3130 3645 non
3176 3602 3255 3645 est
3282 3593 3421 3658 apud
3453 3593 3668 3645 han-eti-

2086 3701 2179 3740 cos
2208 3684 2462 3754 Baptismi
2491 3685 2678 3752 gratia.
2705 3684 2793 3737 Sic
2819 3691 2899 3735 est
2924 3692 3098 3736 autem
3128 3698 3286 3733 unum
3317 3683 3582 3749 Baptisma
3617 3694 3672 3737 ct

2087 3793 2191 3831 uua
2211 3776 2469 3841 Ecclesia,
2493 3773 2937 3844 quemadmodum
2966 3783 3050 3828 est
3072 3789 3170 3826 una
3200 3787 3343 3840 spes.
3366 3774 3514 3825 Sicut
3540 3788 3671 3842 ergo

2092 3870 2213 3925 boni
2243 3877 2297 3924 et
2323 3868 2479 3931 mali,
2510 3883 2615 3921 non
2644 3866 2898 3921 habentes
2923 3880 3079 3919 unam
3114 3879 3300 3931 spem,
3336 3872 3558 3933 possunt
3587 3873 3668 3917 ta-

2090 3977 2211 4016 men
2240 3959 2437 4014 habere
2461 3973 2621 4013 unum
2651 3956 2948 4025 Baptisma;
2979 3954 3048 4008 ita
3070 3954 3264 4023 quibus
3288 3969 3394 4007 non
3420 3962 3505 4007 est
3526 3968 3671 4007 coali-

2092 4052 2268 4106 multis
2294 4048 2553 4112 Ecclesia.
2582 4055 2755 4117 potest
2781 4046 3049 4115 Baptisma
3078 4059 3198 4099 esse
3223 4059 3527 4099 commune.

2160 4141 2387 4199 CAPUT
2432 4140 2551 4195 XX.
2594 4169 2666 4181 —
2701 4139 2791 4195 58.
2833 4139 3084 4193 Zozimus
3120 4153 3150 4192 a
3194 4137 3453 4192 Tliarassa
3501 4137 3671 4192 dixit:

2093 4234 2415 4288 Reuelatione
2441 4232 2577 4301 facta
2606 4232 2850 4296 veritatis,
2880 4229 3023 4283 cedat
3050 4245 3193 4283 error
3222 4229 3423 4283 veritati
3445 4244 3465 4283 :
3486 4230 3606 4299 quia
3624 4238 3672 4283 et

2096 4327 2282 4381 Petrus
2311 4328 2397 4393 qui
2425 4324 2565 4393 prius
2589 4320 2969 4375 circumcidcbat
2990 4359 3006 4385 ,
3034 4319 3179 4373 cessit
3227 4317 3391 4373 Paulo
3417 4320 3674 4373 veritatem

2096 4416 2392 4489 prcedicanti
2420 4412 2612 4484 (Colat.
2645 4428 2712 4476 ll,
2751 4411 2859 4480 ll).

2167 4509 2255 4564 59.
2288 4504 2694 4575 Respondetur:
2718 4504 2901 4558 Potest
2929 4504 3088 4559 etiam
3116 4512 3295 4559 nostra
3321 4519 3445 4559 esse.
3463 4515 3676 4559 semen:

2098 4604 2168 4660 tia
2198 4604 2317 4667 ista,
2350 4610 2404 4655 et
2444 4600 2515 4654 ita
2547 4599 2738 4654 factum
2770 4608 2852 4653 est
2894 4598 2945 4652 in
2994 4597 3093 4652 hac
3121 4597 3188 4652 de
3230 4597 3502 4667 Baptismo
3527 4614 3674 4666 qua:-

2097 4697 2289 4751 stione.
2319 4693 2451 4748 Nam
2486 4691 2708 4748 veritate
2746 4699 2929 4760 postea
2980 4689 3228 4758 liquidius
3264 4689 3492 4744 revelata
3518 4689 3681 4743 cessit

2100 4804 2252 4844 error
2272 4786 2477 4841 veritati
2499 4826 2511 4847 ,
2535 4800 2655 4839 cum
2684 4782 2771 4836 illa
2796 4781 3145 4836 saluberrima
3166 4780 3500 4835 consuetudo
3519 4783 3681 4834 etiam

2099 4881 2322 4954 plenarii
2351 4878 2558 4935 concilii
2584 4875 2898 4931 auctoritate
2928 4874 3131 4927 ﬁrmata
3170 4882 3269 4927 est.
3298 4873 3441 4927 Bene
3470 4884 3678 4938 tamen,

2101 4973 2241 5043 quod
2283 4971 2438 5026 toties
2468 4968 2826 5024 meminerunt
2864 4965 3021 5019 etiam
3050 4965 3275 5033 primum
3307 4965 3681 5035 Apostolorum

2102 5067 2316 5121 Petrum
2345 5063 2581 5133 potuisse
2618 5060 2773 5114 aliter
2812 5072 2999 5127 sapere
3026 5071 3182 5126 quam
3220 5055 3418 5109 veritas
3446 5057 3683 5126 postula-

2104 5159 2225 5218 bat;
2270 5155 2409 5228 quod
2455 5152 2713 5208 accidisse
2756 5152 2913 5204 etiam
2954 5149 3218 5219 Cypriano
3262 5149 3377 5203 sine
3417 5148 3517 5201 ulla
3565 5149 3683 5211 ejus

2105 5250 2421 5308 contumelia
2464 5245 2765 5308 credimus,
2800 5242 3116 5312 quicumque
3159 5240 3427 5310 diligimus
3457 5240 3683 5309 Cypria-

2106 5341 2411 5410 numzquia
2458 5353 2560 5391 non
2589 5350 2710 5391 cum
2759 5337 2835 5388 las
2877 5342 2959 5387 est
3001 5332 3147 5405 diligi
3192 5332 3377 5401 majori
3426 5331 3687 5387 cliaritate

2104 5451 2261 5506 quam
2293 5434 2527 5489 Petrum.

2170 5550 2185 5581 ι
2220 5542 2522 5595 Corbeiensls
2549 5546 2651 5597 Ms,
2671 5552 2701 5587 a
2730 5547 2895 5587 Dama.

2168 5612 2188 5641 ¹
2224 5614 2385 5656 Plures
2408 5612 2534 5659 Mss,
2557 5601 2761 5651 discant.

2171 5671 2190 5703 ³
2224 5654 2542 5717 tovauienscs
2576 5667 2913 5717 correxerunt,
2952 5657 3013 5708 ab
3043 5654 3198 5708 ttsnlis
3228 5660 3377 5717 :quia
3418 5658 3603 5710 Scilicet
3638 5662 3686 5710 in

2107 5734 2188 5846 IIII).
2215 5733 2245 5778 5
2268 5738 2428 5779 contra
2453 5726 2773 5787 Cres.~onimu,
2799 5736 2846 5771 ιι.
2871 5722 2946 5783 22,
2973 5720 3197 5783 legimus,
3237 5720 3527 5770 theodonim
3568 5730 3684 5771 Usu-

2129 5807 2303 5846 ensem.

2129 5807 2303 5847 ειιδειιι.
