4028 6202
275 303 379 376 9.33

345 431 572 486 CAPUT
624 429 760 483 XXI.
811 459 880 467 —
922 427 1287 482 40.‘Julianus
1339 444 1368 479 a
1419 427 1634 495 Tell-pte
1679 426 1854 481 dixit:

277 524 543 590 Scriptum
572 532 667 585 est,
701 539 718 570 ι
754 519 917 572 Nemo
944 529 1101 586 potest
1130 519 1359 584 accipere
1383 518 1600 586 aliquid,
1634 517 1730 569 nisi
1759 519 1857 568 lla-

232 619 243 632 '
277 625 379 663 tum
407 613 482 664 illi
509 612 660 679 fuerit
695 610 756 663 de
783 611 906 663 caelo
938 630 955 661 ι
995 607 1169 679 (Joun.
1207 624 1291 673 ιιι,
1325 608 1438 679 9.7).
1469 607 1531 662 Si
1560 607 1761 661 Itan-esis
1790 607 1852 660 de

274 703 398 753 celo
429 711 529 764 est,
563 709 726 768 potest
755 699 1017 770 Baptisma
1042 701 1184 752 dare.
1756 741 1764 750 .

346 793 438 844 41.
481 790 674 844 Audiat
696 800 749 844 ct
776 791 936 844 alium
964 789 1226 845 dicentem
1254 807 1266 841 :
1296 789 1349 842 Si
1377 788 1594 842 avaritia
1624 788 1690 843 de
1717 788 1856 844 cmlo

276 891 377 944 est,
411 890 584 951 potest
611 880 875 950 Baptisma
917 879 1064 934 dare.
1099 879 1164 934 Et
1192 888 1364 933 tamen
1405 880 1534 932 dunt
1568 879 1752 932 avari:
1781 879 1858 934 sic

276 985 408 1038 ergo
437 981 490 1024 et
522 970 780 1024 lttnretici.

345 1061 575 1116 CAPUT
600 1061 761 1115 XXII.
785 1057 958 1115 ..ιι
988 1059 1215 1116 Faustus
1232 1075 1262 1115 a
1288 1059 1491 1114 Timida
1518 1061 1661 1130 regia
1682 1056 1815 1114 dixit
1841 1077 1856 1114 :

284 1150 400 1204 Non
429 1154 522 1205 sibi
567 1153 892 1206 blandiuntur
916 1152 1001 1222 qui
1030 1151 1273 1204 hwrcticis
1314 1151 1714 1221 patrdcinantur.
1758 1151 1858 1217 Qui

279 1261 372 1311 pro
422 1245 669 1297 Itwrt'ticis
717 1245 1046 1299 ecclesiastico
1100 1242 1360 1313 Baptismo
1396 1243 1688 1310 intercedit,
1742 1242 1859 1296 illos

275 1331 614 1395 Christianos,
646 1342 694 1385 et
721 1349 811 1386 nos
839 1334 1096 1388 Intreticos
1121 1335 1261 1403 facit.

347 1426 438 1479 43.
484 1425 614 1478 IIuic
639 1426 1026 1493 respondetur:
1049 1423 1103 1480 Si
1124 1425 1401 1492 quisquam
1421 1423 1584 1490 dicat,
1616 1438 1737 1478 eum
1763 1423 1852 1492 qui

279 1533 396 1571 cum
431 1517 756 1587 Baptismtlttt
786 1517 1069 1584 acciperet,
1105 1517 1226 1584 quia
1255 1516 1434 1571 odium
1461 1514 1752 1569 fraternum
1782 1524 1860 1570 te-

283 1610 441 1662 nebat
471 1609 524 1661 in
550 1608 713 1662 corde
738 1649 752 1670 ,
783 1623 887 1660 non
917 1617 1189 1674 acceperat
1219 1606 1582 1660 remissionem
1613 1616 1858 1673 peccato-

287 1714 425 1762 rum,
479 1713 583 1750 uou
631 1711 752 1750 esse
799 1697 988 1749 iterum
1040 1695 1430 1763 baptizandum,
1477 1695 1688 1762 quando
1732 1694 1856 1748 illud

278 1787 459 1839 odium
487 1786 553 1839 de
581 1785 742 1840 corde
772 1784 1018 1849 dimittit;
1053 1785 1307 1854 numquid
1349 1785 1711 1840 ecclesiastico
1754 1784 1857 1838 Ba-

284 1875 476 1944 ptismo
504 1875 784 1930 intercedit
827 1891 920 1944 pro
952 1873 1232 1930 homicidis
1253 1914 1268 1938 ,
1297 1883 1389 1926 aut
1428 1873 1546 1926 illus
1565 1874 1737 1938 justus
1759 1913 1776 1937 ,
1807 1884 1862 1927 et

284 1979 378 2018 nos
408 1964 704 2019 homicidas
731 1963 854 2018 facit
873 1964 894 2004 ν
925 1963 1035 2018 Iloc
1062 1979 1190 2034 ergo
1214 1973 1268 2018 et
1295 1963 1362 2017 de
1393 1962 1659 2017 hwreticis
1700 1962 1859 2016 intel-

281 2053 425 2122 ligat.

350 2143 576 2201 CAPUT
602 2143 792 2200 XXIII.
832 2175 900 2186 σ-
937 2146 1023 2199 44.
1066 2143 1337 2200 Geminius
1370 2145 1436 2198 'a
1463 2143 1654 2198 Furnis
1681 2142 1812 2197 dixit
1843 2160 1857 2196 :

283 2234 505 2300 Quidam
534 2235 597 2289 de
623 2235 826 2303 collegis
869 2235 1130 2289 htcrcticos
1162 2251 1453 2304 pro’poncre
1487 2235 1580 2287 sibi
1612 2243 1856 2300 possunt,

285 2327 425 2377 nobis
453 2341 552 2377 non
580 2335 787 2393 possunt
816 2340 834 2377 :
852 2334 898 2378 ct
933 2326 1044 2378 ideo
1073 2326 1208 2392 quod
1233 2326 1386 2378 semel
1420 2324 1755 2389 decrevimus,
1783 2334 1859 2377 tc-

285 2431 479 2479 ncmus;
508 2425 560 2466 ut
584 2415 646 2466 ab
673 2415 918 2469 lucreticis
943 2415 1187 2468 venientes
1212 2415 1544 2484 baptizcmus.

352 2506 444 2560 45.
489 2506 551 2559 Ει
581 2505 666 2560 hic
690 2509 974 2561 conﬁtetur
997 2508 1330 2576 apertissime
1356 2507 1619 2577 quosdam
1651 2507 1717 2561 de
1745 2507 1859 2561 col-

286 2597 414 2667 legis
443 2597 556 2651 suis
585 2598 794 2653 diversa
843 2599 1074 2654 sensisse
1099 2617 1111 2654 :
1133 2598 1273 2660 unde
1312 2600 1469 2652 etiam
1501 2608 1658 2667 atque
1700 2599 1859 2652 etiam

284 2687 629 2742 confirmatur
656 2702 807 2742 amor
853 2687 1105 2751 unitatis,
1149 2687 1290 2757 quod
1333 2688 1399 2742 ab
1446 2687 1670 2741 invicem
1715 2687 1862 2740 nullo
1899 2745 1903 2754 ,

289 2779 570 2832 schismate
599 2779 828 2845 separati
853 2787 995 2842 sunt,
1026 2779 1198 2833 donee
1237 2778 1419 2832 ﬂIli'I'IS
1445 2792 1629 2832 eorum
1659 2776 1706 2831 si
1735 2777 1862 2846 quid

288 2868 440 2921 aliter
467 2879 717 2938 saperent
746 2869 882 2923 Deus
911 2869 1170 2924 revelarct
1200 2867 1455 2939 (Philipp.
1486 2884 1538 2922 ut
1560 2909 1575 2931 ,
1610 2867 1722 2938 '15).
1755 2867 1862 2922 Sed

289 2955 410 3012 huic
456 2958 828 3028 reSpondt:tur,
860 2959 1091 3028 collegas
1134 2959 1249 3027 ejus
1292 2974 1400 3012 non
1437 2958 1536 3013 sibi
1582 2957 1863 3013 hereticos

291 3049 678 3117 prchosuisse;
710 3049 802 3103 sed
833 3050 1157 3118 Baptismum
1182 3048 1378 3104 Clu-isti
1398 3090 1414 3115 ,
1445 3049 1581 3104 sicut
1613 3047 1864 3118 agnosci-

291 3155 372 3196 tnr
395 3143 446 3195 in
479 3143 672 3205 avaris,
701 3141 1089 3196 fraudatoribus
1113 3183 1127 3205 ,
1159 3142 1456 3210 raptoribus
1477 3180 1494 3207 ,
1541 3139 1819 3196 bomicidis
1841 3179 1860 3207 ,

289 3235 364 3286 sic
392 3233 555 3287 etiam
585 3231 636 3284 in
665 3231 927 3288 haereticis
955 3231 1282 3300 cognovisse.

354 3344 581 3400 CAPUT
612 3342 800 3398 XXIV.
836 3371 908 3385 --
944 3342 1032 3398 46.
1074 3342 1396 3411 Rogatianus
1427 3354 1462 3395 a
1499 3339 1644 3394 Nova
1686 3339 1857 3394 dixit:

289 3435 570 3489 Ecclesium
603 3433 833 3488 Christus
873 3432 1116 3497 instituit;
1158 3431 1391 3485 heresim
1437 3429 1668 3482 diabolus
1692 3444 1712 3483 :
1731 3443 1857 3498 quo-

290 3527 433 3578 modo
476 3534 638 3594 potest
682 3523 862 3577 habere
902 3522 1214 3593 Baptismum
1254 3519 1441 3575 Christi
1477 3533 1736 3591 synagoga
1773 3535 1860 3574 sa-

287 3617 457 3668 ww?

353 3705 441 3757 Π.
474 3703 610 3760 Huic
631 3701 984 3772 respondetur
1011 3719 1025 3755 :
1050 3700 1310 3770 Numquid
1336 3699 1458 3771 quia
1481 3699 1598 3769 pios
1621 3699 1861 3755 Christus

289 3793 532 3857 instituit,
555 3803 611 3848 et
639 3793 845 3848 invidos
874 3792 1116 3849 diabolus
1138 3832 1154 3856 ,
1183 3791 1304 3847 ideo
1333 3806 1438 3846 non
1465 3799 1638 3857 potest
1663 3789 1859 3848 habena

293 3885 610 3954 Baptismum
635 3885 866 3950 Christi,
899 3899 1020 3954 qua:
1060 3883 1112 3938 in
1147 3881 1341 3937 invidis
1380 3880 1713 3936 convincitur
1739 3893 1858 3936 esse

291 3989 408 4041 pars
429 3974 672 4030 diaboli?

352 4087 580 4144 CAPUT
605 4085 771 4142 XXV.
792 4117 860 4128 -
882 4087 970 4141 48.
1013 4085 1307 4155 'I‘lierapius
1331 4099 1360 4139 a
1387 4084 1536 4138 Bulla
1561 4083 1696 4139 dixit
1720 4101 1734 4139 :
1756 4083 1860 4152 Qui

289 4182 526 4234 hcreticis
554 4179 870 4250 Baptismum
906 4179 1148 4233 Ecclesia:
1164 4179 1411 4240 concedit,
1437 4186 1484 4230 ct
1513 4177 1712 4247 prodit,
1738 4177 1860 4246 quid

289 4273 424 4324 aliud
450 4288 602 4336 quam
631 4287 830 4338 sponsa:
867 4269 1052 4325 Christi
1077 4269 1244 4322 ludas
1269 4267 1472 4321 existit?

353 4361 440 4416 i9.
481 4365 526 4416 0
552 4377 739 4431 magna
769 4362 1029 4416 convictio
1072 4359 1560 4422 schismaticorum,
1591 4358 1679 4427 qui
1708 4371 1768 4412 se
1793 4357 1861 4412 ab

287 4451 593 4507 hereditate
619 4452 817 4505 Christi
847 4460 959 4504 toto
988 4451 1117 4505 orbe
1143 4449 1330 4504 diffusa
1361 4448 1560 4503 nefario
1581 4449 1861 4516 sacrilegio

289 4552 624 4609 separat-unt,
646 4544 691 4597 si
712 4541 1010 4613 Cyprianus
1027 4541 1222 4596 talibus
1240 4539 1668 4594 communicabat
1689 4539 1859 4607 qualis

290 4633 446 4687 ludas
466 4634 690 4686 traditur
710 4631 825 4698 fuit,
856 4641 907 4686 et
935 4641 1108 4685 tamen
1130 4631 1196 4684 ab
1217 4631 1295 4685 eis
1322 4646 1429 4684 non
1459 4630 1820 4683 maculabatur
1843 4645 1857 4682 :

288 4733 373 4776 aut
400 4725 443 4777 si
471 4723 850 4786 maculabatur,
875 4731 999 4777 tunc
1019 4722 1169 4776 inda:
1198 4722 1316 4775 facti
1341 4731 1464 4774 sunt
1489 4735 1675 4774 omnes
1699 4737 1712 4772 :
1734 4731 1862 4789 ergo

288 4825 337 4869 et
357 4815 513 4869 modo
532 4814 684 4869 ludas
714 4825 839 4869 sunt
857 4829 1046 4868 omnes
1069 4831 1081 4865 :
1106 4821 1196 4866 aut
1217 4812 1259 4864 si
1289 4826 1392 4865 non
1422 4821 1565 4875 sunt,
1600 4825 1703 4863 non
1734 4824 1862 4878 ergo

290 4910 553 4975 pertinent
580 4907 645 4961 ad
671 4909 990 4977 posteriores
1013 4908 1034 4938 '
1059 4905 1294 4959 facinora
1325 4903 1577 4971 priorum,
1622 4901 1862 4970 quamvis

288 5015 346 5052 ex
387 5001 572 5053 eadem
613 5000 986 5053 communione
1017 5006 1355 5067 propagatos.
1403 4995 1511 5050 Cur
1553 5010 1680 5064 ergo
1710 4994 1863 5048 nobis

289 5091 565 5144 tradituros
639 5090 932 5159 objiciunt,
991 5103 1126 5157 quos
1185 5102 1293 5140 non
1356 5085 1743 5147 convicerunt,
1810 5092 1864 5138 et

293 5182 386 5235 sibi
427 5181 618 5236 ludam
647 5196 751 5233 non
794 5179 1087 5249 objiciunt,
1120 5178 1204 5232 cui
1229 5176 1525 5248 Cyprianus
1551 5171 1605 5230 et
1643 5173 1863 5244 collega:

291 5273 399 5335 ejus
425 5271 951 5324 communicaverunt
967 5268 992 5320 'l
1014 5268 1151 5322 Ecce
1175 5267 1456 5322 Concilium
1479 5265 1548 5320 de
1566 5281 1673 5336 quo
1693 5264 1863 5318 solent

294 5360 372 5414 isti
399 5361 635 5429 gloriari.
667 5361 775 5414 Nos
803 5360 1018 5428 quidem
1048 5358 1274 5412 dicimus
1299 5357 1418 5426 quia
1449 5357 1527 5411 sic
1549 5371 1654 5409 non
1692 5355 1864 5424 prodit

294 5450 550 5506 hareticis
577 5449 832 5504 Ecclesia:
860 5449 1212 5518 Baptismum,
1241 5449 1332 5516 qui
1361 5447 1683 5516 Baptismqu
1709 5444 1866 5498 Chri-

353 5659 368 5688 ⁸
405 5671 502 5706 .im.
539 5667 588 5708 et
614 5664 667 5704 Er
691 5693 706 5715 ,
732 5655 970 5705 nentiam.
1003 5655 1310 5704 corlieiensls
1341 5652 1516 5711 codex,
1562 5664 1590 5700 a
1628 5651 1812 5702 Fortis.

353 5723 370 5750 ’
403 5732 503 5769 sm.
527 5730 577 5769 et
602 5727 727 5790 Mss...
752 5719 815 5765 ad
841 5724 1065 5779 posteros.

552 5808 824 5891 ΡΑΤιωι..
863 5807 1077 5866 XLIII.

1601 297 1799 369 item
1839 281 2188 367 serimus

3434 314 3536 370 231

1969 423 2033 474 sti
2061 434 2114 476 et
2143 424 2194 476 in
2227 423 2486 478 lncreticis
2517 424 2699 492 probat
2724 442 2736 489 ;
2767 423 2900 479 sicut
2929 442 3031 480 non
3063 425 3234 494 prodit
3263 427 3537 484 homicidia-

1949 515 2221 569 ~Ecclesia:
2267 518 2588 586 Baptismum
2616 559 2630 581 ,
2669 521 2754 586 qui
2791 503 3112 588 Baptismuut
3159 522 3354 578 Christi
3383 533 3437 575 et
3485 523 3535 576 in

1966 607 2243 661 lintnicidis
2273 610 2460 677 probat
2483 628 2494 662 :
2519 610 2611 663 sed
2641 611 2761 680 quia
2794 612 2876 663 isti
2907 626 2968 664 cx
3005 611 3104 665 hoc
3130 613 3354 666 concilio
3388 615 3537 666 uultis

1964 697 2310 764 pruiscribcre
2351 699 2472 768 quid
2522 701 2719 754 sentire
2761 701 3084 765 debeamus,
3112 702 3395 765 affectant,
3437 705 3533 772 ipSt

1966 788 2170 855 priores
2195 790 2241 841 ei
2269 791 2620 844 consentiant.
2649 791 2782 845 Ecce
2805 788 2955 846 ludar
2978 792 3216 848 tradituri
3241 802 3366 847 sunt
3388 810 3528 847 com-

1967 878 2168 946 parati,
2223 881 2312 948 qui
2357 881 2603 934 dicebant
2650 881 2926 937 Italtl‘cliCOS
2969 884 3210 953 quamvis
3254 885 3306 940 in
3347 887 3535 940 hazresi
3581 907 3585 910 λ

1962 967 2253 1036 baptizatos
2269 985 2372 1023 non
2392 969 2585 1025 debere
2607 972 2794 1026 iterum
2824 973 3096 1042 baptizari.
3120 966 3335 1029 Talibus
3360 988 3534 1029 autem

1963 1059 2253 1128 Cyprianus
2295 1064 2750 1128 communicabat,
2782 1064 2870 1134 qui
2912 1065 3082 1130 dixit,
3117 1065 3379 1120 Neminem
3399 1070 3516 1135 λιι(ιί

1963 1162 2160 1215 cantes,
2192 1162 2278 1204 aut
2307 1170 2337 1205 a
2372 1155 2490 1223 jure
2526 1156 2887 1209 communionis
2926 1155 3176 1225 aliquem,
3208 1158 3252 1210 si
3288 1159 3533 1212 diversum

1963 1243 2188 1304 senserit,
2213 1255 2492 1298 anmventes
2519 1244 2607 1311 (In
2631 1245 2834 1299 exordio
2856 1246 3056 1300 concilii
3080 1247 3533 1316 Carthaginiensis).

1964 1329 2120 1385 Tales
2149 1333 2306 1386 etiam
2351 1345 2504 1388 antea
2547 1334 2707 1394 fuisse
2739 1337 2787 1390 in
2834 1337 3066 1390 Iicelesia
3110 1353 3202 1406 per
3244 1339 3382 1391 illam
3414 1357 3536 1390 sen-

1964 1423 2180 1476 tcntiatn
2211 1424 2627 1490 tua-nifostautur,
2647 1427 2728 1480 tibi
2761 1429 2830 1481 ait
2858 1445 2870 1480 :
2900 1428 3005 1482 Sed
3025 1430 3143 1482 dicit
3170 1425 3374 1502 aliquis,
3400 1430 3535 1497 Quid

1962 1527 2078 1580 ergo
2106 1515 2188 1580 ﬁet
2214 1515 2275 1566 de
2299 1517 2375 1568 Itis
2399 1517 2482 1585 qui
2506 1518 2556 1568 in
2585 1521 2886 1585 ptwterilum
2915 1523 2966 1572 in
2994 1518 3273 1574 Ecclesium
3301 1523 3406 1575 sine
3432 1521 3532 1576 Ba-

1965 1605 2145 1670 ptismo
2173 1606 2378 1658 admissi
2402 1617 2520 1658 sunt
2547 1607 2736 1676 (Epist.
2769 1608 2854 1672 75,
2887 1611 2955 1662 ad
2975 1609 3324 1678 Jubuiamtm).
3352 1611 3528 1665 Talem

1965 1692 2119 1745 fuisse
2148 1691 2400 1748 Ecclesiae
2439 1696 2876 1750 consuetudinem
2924 1698 3053 1766 ipsi,
3085 1699 3171 1766 qui
3203 1700 3306 1754 hoc
3349 1701 3527 1755 conci-

1965 1784 2088 1837 lium
2118 1784 2332 1847 faciunt,
2363 1792 2973 1853 swpe‘commemorant.
3003 1789 3054 1844 Si
3083 1806 3210 1858 ergo
3239 1792 3365 1844 nihil
3392 1793 3534 1845 aliud

1963 1872 2258 1939 quicumque
2285 1873 2378 1926 hoc
2419 1875 2540 1941 facit
2558 1916 2572 1940 ,
2601 1892 2748 1944 quant
2781 1893 2979 1945 sponsa:
3007 1877 3192 1932 Christi
3220 1879 3384 1933 Judas
3423 1885 3530 1935 cai-

1967 1960 2085 2021 stit,
2118 1963 2250 2013 sicut
2283 1961 2377 2015 ista
2426 1965 2682 2017 sententia
2713 1967 3046 2034 pronuntiata
3091 1975 3204 2023 est:
3249 1968 3411 2023 ludas
3435 1986 3532 2024 au-

1967 2057 2093 2112 tem,
2122 2049 2258 2104 sicut
2285 2050 2436 2105 dueet
2468 2053 2832 2124 Evangelium,
2861 2056 3078 2110 traditur
3105 2057 3234 2123 fuit;
3269 2059 3535 2114 traditori—

1961 2135 2062 2192 bus
2083 2155 2206 2206 ergo
2227 2143 2746 2196 con'imunicaverunt
2765 2157 2965 2208 omnes,
2991 2147 3076 2215 qui
3107 2156 3230 2201 tune
3251 2149 3408 2202 etiam
3437 2151 3531 2203 ista

1963 2227 2244 2293 dicebant,
2275 2240 2329 2285 et
2368 2243 2647 2301 ant’erpiam
2680 2236 2777 2288 ista
2807 2235 3074 2300 dicereut,
3107 2237 3386 2293 tradituros
3413 2237 3531 2293 fat-ti

1964 2327 2317 2374 erantumues
2340 2335 2431 2388 per
2453 2323 2592 2376 illam
2619 2324 3073 2390 Consuetudinem,
3097 2340 3252 2395 quam
3279 2338 3404 2381 tunc
3432 2329 3523 2382 Ec-

1959 2409 2127 2464 clesia
2156 2411 2430 2466 retinebat.
2463 2409 2660 2468 Omnes
2688 2430 2833 2484 ergo,
2853 2415 2904 2468 id
2930 2427 3009 2470 est
3035 2429 3087 2472 et
3118 2431 3213 2472 nos
3239 2429 3292 2473 et
3319 2419 3416 2488 ipsi
3445 2435 3532 2488 qui

1962 2513 2027 2554 ex
2052 2500 2141 2554 illa
2161 2500 2359 2555 unitate
2374 2503 2644 2572 propagati
2675 2519 2877 2570 sumus,
2899 2507 3176 2561 traditores
3196 2522 3398 2562 sumus.
3427 2509 3529 2564 Sed

1964 2604 2062 2644 nos
2089 2590 2292 2646 duobus
2319 2592 2488 2646 modis
2517 2591 2853 2648 defendimur
2875 2613 2887 2646 :
2913 2595 3032 2664 quia
3063 2609 3114 2650 et
3142 2596 3262 2652 huic
3283 2599 3530 2664 Concilio,

1964 2681 2052 2736 ubi
2098 2681 2198 2737 hoc
2242 2685 2632 2752 pronuntiatum
2661 2697 2774 2752 est,
2805 2703 2906 2740 non
2945 2689 3302 2744 consentimus
3327 2730 3341 2753 ,
3387 2691 3534 2744 salvo

1960 2771 2078 2840 jure
2109 2773 2344 2836 unitatis,
2373 2775 2508 2827 sicut
2537 2776 2646 2842 ipse
2671 2777 2964 2847 Cyprianus
2993 2763 3269 2846 prtudixi‘t;
3300 2789 3353 2833 et
3378 2779 3532 2834 bonis

1963 2861 2132 2915 malos
2161 2862 2210 2916 in
2236 2863 2435 2917 unitate
2461 2865 2741 2931 catholica,
2770 2866 2938 2920 donec
2963 2866 3012 2920 iu
3043 2866 3145 2921 line
3174 2885 3199 2920 a
3228 2868 3404 2922 tritico
3433 2885 3519 2938 pa-

1967 2951 2044 3004 lea
2087 2964 2381 3021 separetur,
2429 2954 2555 3008 nihil
2599 2956 2789 3010 obesse
2829 2957 3164 3012 arbitramur.
3197 2957 3281 3013 lsti
3322 2968 3525 3024 autem,

1964 3044 2088 3112 quia
2131 3053 2186 3098 et
2228 3047 2327 3100 hoc
2355 3047 2635 3101 concilium
2662 3044 2909 3118 tanquam
2951 3063 3045 3118 pro
3070 3052 3446 3119 seproferunt,
3479 3063 3532 3107 et

1965 3135 2222 3189 malorum
2251 3137 2622 3191 communione
2650 3139 2798 3207 quasi
2821 3141 3138 3208 conmgione
3164 3141 3331 3194 bonos
3359 3141 3532 3209 perire

1962 3227 2309 3294 contendunt,
2340 3244 2442 3280 non
2476 3227 2746 3282 inveniunt
2765 3230 3029 3297 quomodo
3054 3230 3252 3296 dicant,
3279 3241 3366 3284 aut
3395 3233 3534 3299 prio-

1965 3334 2050 3374 res
2099 3319 2433 3376 Christianos
2481 3320 2621 3375 unde
2669 3321 2771 3393 isti
2803 3332 3175 3391 propagantur,
3227 3339 3330 3376 nun
3368 3322 3533 3376 fuisse

1965 3411 2268 3477 traditores,
2291 3412 2412 3481 quia
2435 3411 2536 3466 isto
2565 3412 2794 3466 concilio
2818 3414 3236 3478 convincuntur;
3265 3422 3358 3467 aut
3380 3413 3446 3467 ad
3477 3428 3532 3466 se

1965 3517 2070 3558 non
2104 3505 2366 3572 pertinere
2388 3499 2622 3558 facinora
2651 3504 2892 3572 priorum
2913 3544 2928 3568 ,
2957 3504 3077 3574 quia
3111 3503 3260 3559 nobis
3300 3504 3533 3573 majores

1965 3605 2174 3649 nostros
2199 3594 2490 3662 objiciunt?
3403 3655 3408 3663 _

2031 3677 2256 3739 CAPUT
2283 3682 2470 3738 XXVI.
2496 3713 2570 3724 —
2605 3676 2696 3740 50.
2740 3684 2866 3739 Item
2907 3684 3041 3740 alius
3082 3684 3284 3744 Lucius.
3310 3699 3340 3736 a
3367 3682 3536 3739 Metu-

1964 3772 2115 3826 bresa
2143 3774 2157 3803 ¹
2206 3771 2377 3825 dixit:
2403 3771 2664 3840 Scriptum
2707 3784 2780 3826 est
2802 3814 2818 3838 ,
2855 3792 2873 3824 ι
2911 3775 3044 3826 Deus
3089 3785 3397 3842 peccatorcm
3433 3791 3532 3828 non

1961 3866 2104 3916 audit
2135 3883 2152 3915 ι
2191 3858 2368 3934 (Joan.
2405 3879 2484 3927 Ix,
2517 3864 2631 3924 3i).
2667 3865 2769 3928 Qui
2793 3876 3024 3934 peccator
3045 3877 3138 3931 est,
3166 3868 3415 3935 quomodo
3442 3884 3535 3920 au-

1963 3952 2062 4005 diri
2085 3952 2136 4005 in
2163 3949 2424 4022 Baptismo
2452 3961 2612 4023 potest
2630 3952 2656 4005 .’

2033 4043 2122 4098 5|.
2166 4027 2613 4112 Responde-musa
2647 4041 2925 4109 Quomodo
2966 4041 3178 4098 auditur
3215 4058 3441 4112 avarus,
3479 4059 3534 4102 et

1963 4142 2160 4202 raptor,
2190 4143 2244 4186 et
2287 4131 2574 4196 fenerator,
2603 4143 2656 4186 et
2699 4131 3004 4187 homicida?
3029 4135 3108 4187 An
3153 4133 3236 4188 isti
3273 4150 3377 4189 non
3408 4147 3535 4190 sunt

1966 4220 2307 4292 peccatores?
2331 4237 2464 4292 quos
2495 4233 2672 4278 tamen
2709 4222 3007 4293 Cyprianus
3033 4224 3084 4278 in
3124 4224 3394 4280 Catholica
3431 4227 3526 4279 οι.-

1958 4314 2151 4382 jurgat.
2186 4321 2241 4368 et
2269 4313 2477 4368 tolerat.
2930 4310 2941 4322 ⁸

2030 4402 2257 4460 CAPUT
2283 4403 2494 4458 XXVII.
2516 4434 2587 4444 —-
2607 4404 2694 4459 59..
2739 4405 2867 4461 Item
2893 4406 3029 4460 alius
3059 4407 3202 4462 Felix
3232 4424 3259 4461 a
3291 4408 3532 4463 Btislthe-

1965 4495 2047 4548 nis
2080 4495 2100 4524 ³
2129 4491 2383 4548 dixitzln
2432 4494 2675 4547 haereticis
2716 4496 2824 4548 sine
2870 4495 3130 4563 Baptismo
3184 4496 3422 4552 Ecclesia:
3439 4510 3527 4551 uu-

1965 4585 2218 4637 mittcndis
2255 4600 2398 4636 nemo
2424 4585 2830 4656 consuetudinem
2871 4586 3056 4638 rationi
3083 4597 3129 4640 et
3159 4589 3354 4642 veritati
3398 4608 3530 4658 prir-

1966 4684 2155 4742 ponat;
2179 4674 2296 4742 quia
2324 4674 2728 4726 consuetudinem
2754 4675 2885 4726 ratio
2909 4684 2956 4727 et
2983 4678 3160 4729 veritas
3202 4694 3399 4744 semper
3445 4697 3532 4732 et.

1965 4762 2139 4814 cludit.

2037 4855 2124 4907 55.
2168 4853 2297 4906 IIuic
2327 4853 2711 4922 respondetur:
2740 4853 3028 4909 Veritatem
3058 4872 3162 4910 non
3189 4858 3446 4924 ostendis,
3471 4863 3538 4913 de

1966 4943 2346 5000 consuetudine
2382 4943 2667 4997 conﬁteris.
2702 4943 2865 4998 Recte
2907 4945 3063 5014 igitur
3102 4948 3539 5001 consuetudinem

1968 5046 2269 5090 teneremus
2325 5033 2563 5102 plenario
2606 5033 2831 5087 concilio
2884 5037 3179 5103 posteriore
3232 5038 3488 5091 tirmatam
3519 5079 3534 5101 ,

1968 5129 2125 5182 etiam
2168 5126 2212 5179 si
2245 5126 2437 5180 veritas
2477 5124 2649 5179 adhuc
2695 5126 2914 5189 lateret,
2942 5142 3098 5196 quam
3128 5128 3392 5184 credimus
3426 5129 3534 5198 jam

1969 5231 2087 5272 csse
2113 5215 2518 5269 manifestatum.

2041 5307 2266 5364 CAPUT
2292 5305 2527 5360 XXVIII.
2550 5337 2620 5348 -—
2642 5308 2728 5360 54.
2771 5308 2920 5362 Alius
2946 5308 3260 5380 Saturninus
3283 5311 3349 5364 ab
3374 5311 3540 5366 Abiti-

1972 5395 2053 5448 nis
2075 5393 2094 5423 ³
2132 5393 2264 5446 dixit
2291 5410 2303 5443 :
2329 5391 2390 5445 Si
2420 5399 2578 5460 potest
2605 5392 2927 5446 antichristus
2965 5394 3087 5446 dare
3123 5396 3276 5447 alicui
3326 5402 3543 5464 gratiam

2037 5532 2053 5560 ι
2091 5534 2190 5574 Am.
2209 5530 2279 5573 Er.
2311 5530 2362 5572 et
2379 5523 2666 5587 plures_Mss.
2691 5537 2800 5587 cum
2821 5525 3012 5587 gemina
3034 5537 3098 5582 ss,
3127 5525 3428 5587 Membressa.

2037 5592 2056 5621 ²
2091 5598 2190 5635 Am.
2217 5595 2266 5635 et
2280 5590 2374 5652 _I'ZI‘.,
2392 5584 2452 5632 ab
2480 5584 2765 5635 Uslacccnt's.
2791 5584 3005 5649 Cypriani
3026 5586 3190 5642 editio,
3217 5601 3246 5635 tl
3271 5588 3532 5652 tiuslatcul,

1977 5663 2084 5705 seu,
2109 5661 2140 5695 ιι
2179 5645 2457 5714 βυςιίιεεηε..
2525 5703 2553 5714 Α
2594 5705 2603 5714 ,

2043 5717 2063 5748 ⁸
2096 5725 2194 5761 aut.
2222 5717 2272 5756 et
2291 5713 2385 5768 En,
2412 5706 2469 5756 ab
2499 5705 2646 5757 Itinis.
2671 5708 2944 5769 typriauus,
2971 5705 3180 5756 avitiru's.

2920 5784 3191 5871 (Πυθίᾳ
