4028 6202
411 339 514 400 253

417 459 632 525 Christi,
687 461 891 528 possunt
939 463 984 506 et
1028 450 1248 524 htsjretici
1277 449 1567 517 baptizare,
1622 445 1704 514 qui
1747 437 1986 510 appellati

417 561 532 604 sunt
561 547 863 602 antichristi.

485 639 575 696 55.
616 635 772 702 Quid,
800 636 842 689 si
869 632 1004 687 alius
1030 631 1231 686 diceret
1259 647 1273 683 :
1297 627 1353 683 Si
1379 636 1552 697 potest
1579 622 1837 679 homicida
1861 621 1988 675 dare

415 732 569 788 alicui
594 728 814 799 gratiam
841 724 1070 790 Christi,
1100 729 1322 792 possunt
1341 730 1393 774 et
1422 719 1509 789 qui
1551 717 1742 772 fratres
1769 715 1993 768 oderunt

418 823 704 892 baptizare,
730 820 819 890 qui
848 816 1092 887 appellati
1119 823 1242 869 sunt
1273 811 1592 867 homicidze?
1617 809 1816 877 Nempe
1843 805 1991 875 quasi

414 927 598 968 verum
631 911 811 965 dicere
847 908 1137 971 videretur,
1166 915 1220 961 et
1261 913 1436 958 tamen
1483 910 1703 972 possunt
1729 917 1741 952 :
1767 900 1840 954 sic
1867 913 1992 966 ergo

418 1017 469 1061 et
500 1003 755 1059 hmt‘etici.

487 1095 712 1152 CAPUT
744 1091 936 1150 XXIX.
981 1122 1048 1134 --
1072 1091 1159 1146 56.
1202 1089 1430 1156 Quintus
1474 1086 1540 1138 ab
1572 1085 1749 1153 Aggya
1773 1083 1786 1113 ¹
1814 1080 1947 1134 dixit
1975 1095 1988 1131 :

429 1188 517 1242 Ille
545 1195 700 1257 potest
727 1186 848 1238 dare
870 1183 1082 1252 aliquid,
1114 1182 1198 1249 qui
1237 1177 1429 1246 aliquid
1453 1175 1629 1228 habet:
1651 1172 1869 1227 hteretici
1896 1187 1990 1222 au-

418 1291 514 1334 tem
541 1278 662 1346 quid
688 1285 896 1346 possunt
923 1276 1065 1340 dare,
1094 1289 1216 1343 quos
1248 1279 1441 1324 constat
1471 1267 1597 1320 nihil
1625 1267 1802 1318 habere
1827 1265 1850 1317 ?

489 1371 575 1425 57.
619 1370 750 1422 lInic
780 1365 1131 1436 respondetur
1156 1381 1168 1415 :
1193 1362 1249 1416 Si
1275 1377 1400 1430 ergo
1429 1367 1598 1428 potest
1627 1357 1755 1410 dare
1796 1353 1990 1423 aliquid

423 1461 510 1530 qui
536 1459 731 1527 aliquid
763 1458 940 1522 habet,
971 1454 1302 1509 manifestum
1329 1461 1409 1504 est
1437 1463 1590 1518 posse
1631 1447 1757 1500 dare
1786 1443 1997 1498 lucreti-

423 1566 515 1604 cos
544 1550 892 1619 Baptismum,
925 1546 1043 1616 quia
1071 1560 1188 1599 cum
1231 1544 1295 1596 ab
1320 1540 1553 1595 Ecclesia
1585 1537 1861 1598 recedunt,
1893 1534 1991 1587 ha-

424 1644 550 1697 bent
595 1642 785 1695 lavacri
808 1640 1207 1694 Sacramentum
1234 1633 1373 1703 quod
1403 1631 1802 1697 ibiaccepcrant
1827 1645 1838 1679 :
1870 1639 1991 1679 nam

420 1731 701 1786 redeuntes
725 1744 831 1783 non
863 1727 1141 1797 recipiunt,
1163 1725 1281 1794 quia
1310 1737 1415 1777 non
1443 1721 1729 1774 amiserant
1755 1728 1874 1771 cum
1905 1731 1991 1769 re-

418 1830 710 1877 cesserunt.

489 1931 715 1987 CAPUT
745 1929 913 1984 XXX.
933 1957 1003 1967 -—
1022 1926 1108 1982 58.
1140 1925 1290 1979 Alius
1308 1923 1547 1977 Julianus
1564 1936 1588 1971 a
1619 1917 1949 1974 Marcelliana
1971 1917 1991 1945 ‘

420 2025 549 2078 dixit
581 2043 593 2079 :
623 2023 682 2078 Si
708 2030 865 2092 potest
903 2023 1048 2074 homo
1083 2018 1274 2071 duobus
1310 2014 1526 2068 dominis
1564 2011 1763 2073 servire,
1801 2005 1906 2060 Deo
1949 2017 1994 2059 et

419 2130 717 2169 mammona?
741 2114 949 2183 (Matth.
980 2127 1048 2175 γι,
1081 2110 1204 2177 24);
1256 2116 1412 2178 potest
1445 2115 1490 2159 et
1517 2103 1772 2174 Baptisma
1803 2100 1994 2152 duobus

417 2209 617 2270 servire,
645 2206 913 2260 christiano
933 2213 976 2256 et
1006 2201 1255 2256 ha’retico.

491 2299 577 2354 59.
630 2295 741 2352 Iino
787 2298 831 2349 si
877 2302 1049 2364 potest
1088 2289 1376 2347 continenti
1407 2299 1458 2343 et
1508 2299 1687 2350 avaro,
1721 2283 1898 2336 sobrio
1943 2289 1994 2332 ct

419 2391 651 2453 ebrioso,
681 2388 768 2457 pio
797 2395 849 2441 et
879 2383 1178 2450 homicidae,
1204 2397 1298 2436 cur
1326 2394 1430 2434 non
1455 2378 1614 2432 etiam
1635 2373 1921 2428 christiano
1942 2379 1995 2422 et

423 2478 710 2534 Incrctico?
737 2476 939 2543 Quibus
961 2472 1172 2543 quidem
1201 2486 1303 2523 non
1331 2467 1526 2531 servit;
1550 2463 1641 2519 Sed
1667 2462 1994 2515 ministratur

421 2578 475 2622 et
496 2568 620 2629 illis,
645 2567 727 2620 vel
757 2567 825 2618 ab
853 2564 976 2628 illis,
1019 2561 1082 2614 ad
1125 2560 1344 2615 salutem
1373 2557 1508 2611 bene
1535 2552 1820 2613 utentibus,
1850 2559 1902 2603 et
1927 2548 1990 2600 ad

415 2658 670 2729 judicium
703 2656 839 2710 male
865 2653 1150 2708 utentibus.
1201 2642 1205 2647 ’
1942 2640 1966 2666 ⁸

487 2747 712 2803 CAPUT
743 2743 932 2800 XXXI.
951 2773 1022 2783 —
1037 2742 1126 2797 60.
1149 2737 1415 2795 Tenax-ab
1431 2735 1645 2790 I-Iorreis
1665 2733 1820 2788 Celiae
1841 2730 1990 2785 dixit:

421 2841 684 2910 Baptisma
705 2855 858 2892 unum
879 2845 970 2902 est,
997 2836 1083 2889 sed
1111 2832 1388 2886 Ecclesiae:
1418 2828 1502 2882 ubi
1532 2826 1754 2882 Ecclesia
1779 2841 1876 2878 non
1899 2833 1989 2888 est,

421 2932 681 3002 Baptisma
711 2929 815 2983 illic
835 2944 940 2982 esse
964 2943 1061 2979 non
1083 2933 1262 2996 potest.
1421 2927 1427 2933 '

491 3025 579 3078 61.
613 3021 744 3076 lluic
770 3017 1147 3088 reSpondemus
1175 3033 1190 3068 :
1230 3015 1404 3079 Quare
1429 3026 1554 3080 ergo
1582 3017 1752 3079 potest
1787 3006 1872 3058 ubi
1907 3019 1995 3073 pc-

421 3129 501 3170 tra
528 3131 632 3168 non
662 3121 762 3174 est,
790 3109 883 3165 sed
905 3121 1065 3162 arena
1091 3115 1200 3170 est;
1228 3119 1347 3159 cum
1372 3102 1608 3156 Ecclesia
1629 3101 1678 3152 in
1703 3107 1868 3166 petra,
1889 3112 1991 3147 tum

423 3210 474 3262 iu
501 3220 658 3261 arena
680 3203 784 3257 sit?
1064 3192 1071 3198 ’

491 3313 714 3372 CAPUT
741 3306 1488 3368 XXXII.—62.Alius\iictor
1518 3301 1584 3358 ab
1603 3297 1952 3357 Assurisdixit
1976 3314 1991 3352 :

429 3409 687 3478 Scriptum
707 3417 800 3472 est,
835 3422 854 3456 ι
883 3404 998 3473 quia
1027 3401 1163 3455 Deus
1192 3416 1318 3452 unus
1340 3407 1433 3462 est,
1480 3408 1526 3450 et
1573 3393 1798 3447 Christus
1842 3407 1991 3454 unus,

423 3501 650 3555 Ecclesia
675 3515 796 3559 una,
828 3505 873 3552 et
903 3495 1163 3565 Baptisma
1192 3507 1345 3546 unum
1372 3509 1390 3540 ι
1416 3488 1630 3558 (Ep/tes.
1655 3500 1731 3551 tv,
1754 3485 1828 3553 4).
1859 3483 1996 3548 Quo-

422 3591 570 3645 modo
599 3590 702 3644 illic
739 3588 982 3657 baptizari
1009 3585 1189 3656 aliquis
1214 3590 1392 3655 potest,
1418 3579 1503 3633 ubi
1529 3578 1668 3632 Deus
1695 3586 1740 3630 et
1767 3574 1995 3632 Christus

423 3692 470 3735 et
501 3681 728 3736 Ecclesia
755 3695 854 3733 non
883 3686 954 3732 est
982 3676 1046 3731 ’?

494 3774 583 3828 6⁸5.
615 3769 894 3837 Quomodo
944 3775 1116 3838 potest
1157 3775 1212 3822 et
1240 3765 1292 3819 in
1320 3777 1478 3818 arena
1506 3763 1614 3828 illa,
1647 3760 1734 3815 ubi
1763 3774 1859 3814 nec
1889 3759 1993 3814 Ec-

421 3864 579 3920 clesia
607 3871 707 3927 est,
735 3861 857 3930 quia
899 3859 949 3913 in
984 3867 1129 3927 petra
1171 3865 1285 3921 est;
1331 3868 1429 3910 nec
1458 3853 1598 3908 Deus
1637 3859 1692 3906 et
1727 3847 1992 3915 Christus,

423 3955 544 4024 quia
570 3969 672 4006 non
698 3960 781 4007 est
808 3949 875 4003 ibi
905 3948 1156 4019 templum
1184 3946 1278 4001 Dei
1301 3953 1357 4002 et
1378 3942 1608 4001 Christi?

494 4042 716 4101 CAPUT
741 4040 1073 4114 XXXIII._——
1110 4039 1199 4094 64.
1241 4036 1529 4091 Donatqus
1555 4049 1586 4089 a
1613 4033 1782 4103 Capsa
1817 4030 1950 4087 dixit
1978 4047 1991 4082 :

417 4137 494 4192 Et
520 4154 610 4209 ego
649 4151 839 4204 semper
877 4134 971 4188 hoc
1006 4132 1160 4198 sensi,
1207 4139 1260 4182 ut
1299 4128 1536 4191 hwretici,
1585 4127 1671 4194 qui
1717 4125 1843 4178 nihil
1873 4124 1996 4194 [oris

427 4229 680 4285 consecuti
705 4236 843 4292 sunt,
875 4225 1078 4296 quando
1105 4221 1172 4274 ad
1201 4220 1475 4275 Ecclesium
1501 4225 1871 4280 convertuntur,
1904 4218 1994 4268 ba-

426 4323 690 4390 ptizentur.
1015 4313 1023 4322 ’

495 4433 583 4486 65.
617 4431 695 4485 Ad
736 4430 838 4484 hoc
879 4426 1224 4498 rcSpondetur
1261 4443 1273 4480 :
1302 4423 1440 4480 Nihil
1469 4421 1683 4494 quidem
1713 4419 1840 4475 foris
1864 4432 1994 4474 eon-

425 4523 589 4578 Secuti
614 4536 755 4586 sunt,
787 4520 879 4576 sed
917 4519 981 4573 ad
1026 4517 1271 4580 salutem,
1320 4530 1425 4569 non
1476 4513 1540 4568 ad
1577 4512 1994 4569 Sacramentum.

425 4613 579 4668 Salus
605 4612 742 4665 enim
773 4609 980 4684 propria
1012 4617 1095 4664 est
1123 4607 1306 4671 bonis;
1336 4605 1676 4660 Sacramenta
1701 4615 1828 4656 vero
1851 4615 1998 4655 com-

428 4702 601 4758 tnuuia
629 4711 682 4756 et
707 4701 858 4755 bouis
877 4709 930 4754 et
959 4698 1128 4752 malis.

498 4813 718 4869 CAPUT
752 4811 986 4866 xxxw.
1014 4842 1083 4850 —
1112 4810 1200 4864 66.
1230 4809 1455 4866 Verulus
1481 4779 1824 4861 a‘nusiccade
1844 4805 1993 4859 dixit:

437 4906 599 4959 ιιοηιο
648 4904 906 4958 Ιτωνειὲεαε
956 4903 1078 4956 dare
1119 4918 1220 4955 non
1269 4910 1427 4970 potest
1472 4899 1606 4968 quod
1649 4915 1748 4950 non
1795 4896 1940 4949 habet
1977 4909 1998 4948 :

430 4997 588 5049 multo
615 5011 773 5065 magis
798 4994 1162 5059 schismaticus,
1192 4993 1274 5063 qui
1297 4991 1432 5060 quod
1456 4988 1627 5043 habuit
1656 4988 1843 5041 amisit.

504 5087 590 5142 67.
613 5085 725 5141 Jam
747 5085 1073 5148 estcnditnus
1093 5097 1185 5136 cos
1211 5082 1439 5143 habere;
1462 5083 1580 5150 quia
1601 5095 1702 5133 non
1727 5080 1996 5144 amittunt,

429 5195 548 5234 cum
603 5177 876 5234 recedunt.
926 5175 1038 5231 Non
1079 5177 1219 5229 enim
1271 5175 1551 5241 recipiunt,
1593 5189 1713 5228 cum
1753 5172 1995 5227 redeunt.

429 5275 781 5340 Quapropter,
816 5270 863 5325 si
890 5279 1164 5339 prOptcrca
1196 5267 1506 5322 videbantur
1535 5267 1661 5321 dare
1689 5280 1791 5320 nOu
1820 5280 1995 5335 posse,

426 5365 545 5431 quia
591 5361 903 5430 putabantur
947 5374 1050 5414 non
1088 5357 1312 5422 habere;
1345 5357 1699 5426 intelligantur
1737 5356 1843 5425 jam
1875 5355 2001 5408 dare

491 5496 506 5526 ¹
545 5496 845 5558 Remigiauus
877 5494 1029 5558 codex
1071 5508 1177 5544 cum
1220 5503 1318 5558 Am.
1361 5501 1409 5543 et
1443 5500 1534 5558 εν..
1575 5495 1636 5544 ab
1674 5492 1867 5558 Aggiva.
1914 5491 1999 5541 Αιὶἰ

427 5554 591 5660 ἕξω-ωδ
614 5554 739 5624 Mss,
765 5559 826 5606 ab
853 5556 1048 5620 angnia.
1071 5557 1390 5615 Corbeiensis,
1414 5555 1576 5604 Florus
1605 5567 1655 5605 et
1687 5554 1999 5613 Getmgianus,

461 5630 484 5661 0
509 5629 702 5679 ..ίςιιιιιω
1067 5638 1079 5648 ·

489 5681 509 5744 ξ
545 5677 734 5744 λιιι-1⁷1³.
763 5688 812 5729 et
836 5681 1026 5744 quidam
1051 5687 1175 5744 usa,
1199 5693 1228 5728 a
1263 5677 1553 5730 Marcelline.

491 5738 508 5767 ³
543 5749 591 5799 Α,
609 5741 665 5787 u-i
689 5751 758 5802 ty;
778 5738 979 5804 rianuzn,
1001 5741 1207 5795 Ecclesia
1229 5756 1322 5794 una
1345 5753 1435 5791 non
1457 5745 1542 5790 cst.

1081 335 1168 390 DE
1207 329 1540 388 BAPTISMO
1577 326 1848 382 eomas
1892 317 2326 389 DONATISTAS,
2368 327 2422 381 s.
2466 328 2830 386 aucusmx

2097 453 2270 506 posse,
2296 444 2413 509 quia
2449 444 2806 514 intelliguntur
2825 458 2878 502 et
2907 449 3120 504 habere.

2168 532 2390 588 CAPUT
2433 531 2643 590 XXXV.
2679 569 2748 576 —
2806 539 2892 593 68.
2950 539 3305 594 I‘udeutianus
3370 557 3396 594 a
3464 543 3676 599 Cuiculi

2100 621 2263 676 dixit:
2288 623 2498 679 Novitas
2528 628 2841 698 episcopatus
2869 627 3050 694 eﬂ'ecit,
3070 634 3251 699 fratres
3268 632 3594 694 dilectissimi,
3626 605 3718 686 ut.

2094 719 2386 767 sustinerem
2445 717 2564 782 quid
2627 719 2843 781 maiores
2909 720 3220 788 judicarent.
3274 718 3412 774 Nam
3460 725 3673 777 hwrese‘s

2098 804 2226 856 nihil
2255 804 2453 868 habere,
2485 805 2572 858 n'ec
2613 823 2774 874 posse,
2825 809 3144 878 manifestum
3170 819 3241 863 est
3282 827 3300 862 :
3328 822 3477 879 atque
3514 813 3585 865 ita
3634 831 3676 865 ,ςι

2031 883 2046 902 '
2097 893 2183 958 qui
2231 908 2294 946 ex
2346 894 2416 947 eis
2484 896 2741 963 venerint,
2793 896 3041 966 baptizari
3096 901 3376 968 tequissime
3431 912 3675 955 statutum

2097 991 2187 1035 est.

2170 1071 2258 1125 69.
2291 1071 2438 1128 Sicut
2483 1089 2610 1144 ergo
2651 1077 3012 1143 superioribus
3062 1094 3372 1147 reSpotrsutn
3404 1093 3503 1142 est,
3541 1100 3677 1152 quos

2101 1160 2186 1216 hic
2213 1164 2503 1217 sustinebat
2551 1166 2676 1245 quid
2706 1166 3021 1233 judicarcnt,
3067 1169 3142 1222 sic
3182 1179 3235 1223 et
3273 1169 3394 1224 huic
3443 1173 3538 1240 ipsi
3587 1189 3673 1227 re-

2098 1268 2351 1322 sponsum
2383 1269 2499 1308 eSse
2528 1257 2862 1325 intelligatur.

2169 1344 2392 1400 CAPUT
2423 1344 2655 1398 XXXVI.
2684 1377 2754 1386 —
2779 1347 2868 1401 70.
2898 1347 3085 1404 Petrus
3133 1351 3198 1404 ab
3244 1351 3482 1419 Hippone
3525 1354 3672 1406 Diar-

2097 1432 2237 1487 rhito
2271 1435 2285 1465 ¹
2317 1433 2448 1487 dixit
2489 1452 2502 1488 τ
2549 1435 2674 1487 Cum
2722 1453 2875 1488 unum
2921 1437 3181 1508 Baptisma
3221 1441 3283 1493 sit
3312 1442 3376 1492 -in
3429 1443 3672 1494 catholica

2100 1523 2348 1588 Ecclesia,
2405 1527 2720 1595 manifrstnm
2767 1542 2836 1580 est
2881 1547 2978 1582 non
3028 1548 3172 1600 posse
3199 1543 3348 1585 extra
3397 1532 3671 1588 Ecclesium

2098 1616 2342 1686 baptizari
2389 1631 2408 1668 .°
2452 1625 2496 1669 et
2543 1617 2654 1669 ideo
2700 1618 2750 1670 in
2797 1619 2972 1672 hmresi
3021 1622 3201 1674 tinctos
3229 1663 3243 1686 ,
3302 1623 3403 1676 sive
3442 1624 3491 1676 in
3540 1626 3673 1676 schi-

2097 1715 2275 1769 smate,
2312 1707 2556 1760 venientes
2584 1708 2651 1759 ad
2682 1707 2956 1762 Ecclesium
2979 1751 2994 1776 ,
3035 1727 3208 1764 censeo
3251 1712 3495 1780 baptizari
3520 1731 3671 1782 opor-

2097 1806 2216 1851 tere.

2169 1888 2257 1941 7i.
2291 1887 2380 1943 Sic
2409 1897 2490 1942 est
2534 1906 2692 1943 unum
2724 1890 2990 1959 Baptisma
3026 1892 3077 1946 in
3110 1892 3344 1947 Ecclesia
3390 1895 3670 1960 catholica,

2099 1985 2155 2029 ut
2183 1991 2302 2031 eum
2335 1978 2527 2033 exinde
2553 1978 2710 2048 aliqui
2734 1981 2978 2045 exierint,
3007 1981 3057 2033 in
3091 1982 3171 2034 his
3207 1983 3294 2051 qui
3323 1994 3536 2045 exeunt,
3567 2001 3670 2038 non

2100 2066 2226 2121 ﬁant
2249 2069 2374 2134 duo,
2417 2070 2508 2123 sed
2539 2071 2676 2124 idem
2701 2087 2863 2124 unum
2891 2083 3117 2126 maneat.
3146 2072 3296 2140 Quod
3321 2089 3447 2144 ergo
3472 2075 3521 2128 iu
3553 2077 3673 2130 red-

2097 2157 2346 2211 euntibus
2391 2161 2713 2228 agnoscitur,
2764 2159 2866 2214 boc
2918 2170 2971 2214 et
3013 2161 3066 2214 in
3109 2162 3185 2216 eis
3223 2165 3310 2232 qui
3358 2179 3384 2216 a
3417 2165 3671 2220 receden-

2099 2251 2238 2304 tibus
2255 2261 2592 2318 aceepcrunt,
2617 2251 2755 2321 quod
2783 2252 2888 2306 illic
2907 2267 3028 2308 cum
3055 2252 3387 2322 recederent,
3412 2271 3515 2308 non
3540 2259 3671 2311 ami-

2098 2350 2298 2394 SCI‘IIIIL

2168 2430 2391 2486 CAPUT
2422 2420 2683 2487 XXXVII.
2709 2463 2779 2472 —
2809 2433 2895 2487 72.
2931 2433 3058 2488 item
3094 2435 3228 2488 alius
3253 2434 3446 2489 Lucius
3471 2436 3538 2490 ab
3570 2439 3668 2489 Au-

2097 2521 2208 2578 safa
2240 2525 2260 2554 ²
2289 2524 2421 2577 dixit
2459 2542 2471 2576 :
2509 2524 2798 2579 Secundum
2826 2537 3015 2580 motum
3053 2527 3208 2578 animi
3241 2527 3338 2581 mei
3369 2537 3417 2581 et
3451 2527 3672 2597 Spiritus

2095 2615 2276 2680 sancti,
2307 2631 2421 2668 cum
2451 2617 2512 2669 sit
2556 2633 2686 2669 unus
2729 2615 2865 2670 Deus
2911 2615 3066 2669 Pater
3104 2615 3310 2669 Domini
3353 2620 3508 2669 nostri
3551 2618 3673 2669 Jesn

2099 2702 2302 2770 Christi,
2339 2715 2387 2758 et
2432 2722 2560 2758 unus
2591 2707 2836 2772 Christus,
2880 2717 2928 2760 et
2966 2723 3067 2758 una
3092 2723 3222 2776 spes,
3269 2723 3400 2760 unus
3446 2709 3670 2776 spiritus,

2099 2814 2200 2850 una
2228 2798 2470 2864 Ecclesia,
2504 2815 2654 2850 unum
2693 2797 2831 2850 debet
2859 2813 2966 2851 esse
2993 2797 3276 2862 Baptisma.
3306 2797 3372 2849 Et
3398 2799 3508 2850 ideo
3538 2798 3668 2858 dico,

2099 2898 2143 2939 et
2172 2889 2215 2941 si
2242 2888 2361 2958 quid
2399 2887 2538 2956 apud
2579 2888 2837 2940 haereticos
2882 2898 3071 2940 motum
3103 2887 3124 2917 ³
3148 2898 3236 2939 aut
3277 2888 3465 2956 factum
3501 2889 3671 2957 fixerit,

2099 2977 2313 3031 rescindi
2341 2975 2554 3040 debere;
2579 2986 2622 3028 et
2652 2991 2736 3029 eos
2762 2977 2848 3045 qui
2884 2976 3064 3029 exinde
3096 2977 3316 3041 ueniunt,
3355 2977 3407 3029 in
3447 2975 3672 3029 Ecclesia

2099 3067 2420 3136 baptizandos
2440 3083 2562 3119 esse.

2171 3156 2258 3210 7‘5.
2302 3156 2650 3210 Reseindatur
2677 3170 2803 3225 ergo
2844 3155 2982 3226 quod
3011 3156 3298 3225 baptizant,
3327 3156 3416 3226 qui
3455 3154 3669 3208 audiunt

2098 3245 2259 3300 verba
2293 3245 2383 3298 Ilei
2413 3254 2466 3300 et
2492 3261 2594 3299 non
2624 3244 2838 3310 faciunt,
2870 3259 2988 3300 eum
3021 3245 3087 3299 ab
3126 3245 3399 3314 iniquitate
3427 3244 3492 3298 ad
3519 3244 3672 3313 ju~ti-

2100 3338 2248 3400 tiam,
2277 3335 2378 3389 hoc
2401 3346 2503 3401 est,
2531 3336 2598 3389 ab
2624 3351 2782 3390 arena
2814 3336 2876 3388 ad
2910 3344 3112 3405 petram
3135 3336 3367 3404 migrare
3391 3333 3667 3404 coeperint.

2097 3427 2255 3495 Quod
2273 3428 2318 3482 si
2349 3443 2452 3481 non
2482 3428 2558 3492 Iit,
2587 3428 2707 3496 quia
2733 3436 2787 3482 et
2810 3428 2860 3482 in
2886 3428 3014 3496 ipsis
3039 3427 3180 3496 quod
3201 3426 3392 3482 Christi
3415 3436 3550 3492 erat,
3574 3442 3669 3480 eo-

2098 3534 2215 3573 rum
2255 3518 2616 3587 iniquitatibus
2653 3534 2758 3570 nou
2785 3519 3104 3580 violabatur;
3141 3517 3242 3572 hoc
3261 3518 3425 3572 etiam
3449 3517 3522 3572 de
3565 3517 3675 3570 hu:-

2097 3610 2277 3666 retieis
2322 3609 2641 3676 intelligatur
2682 3625 2696 3659 :
2747 3622 2866 3660 nam
2920 3622 3018 3660 nec
3064 3606 3247 3660 eadem
3292 3621 3416 3674 spes
3459 3608 3563 3660 illis
3592 3617 3676 3661 est

2097 3699 2349 3772 quamdiu
2388 3700 2440 3754 in
2470 3713 2627 3753 arena
2655 3707 2797 3763 sunt,
2840 3712 2958 3766 qua:
3007 3696 3111 3750 illis
3144 3695 3233 3765 qui
3281 3710 3442 3764 super
3468 3706 3673 3764 petram

2099 3801 2250 3858 sunt;
2298 3800 2472 3846 tamen
2501 3789 2637 3845 idem
2665 3787 2928 3858 Baptisma
2951 3796 3036 3841 est
3061 3788 3112 3841 in
3139 3787 3395 3854 utrisque,
3429 3789 3676 3855 quamvis

2098 3883 2238 3938 sicut
2265 3897 2387 3951 spes
2410 3895 2532 3946 una,
2562 3881 2632 3934 ita
2661 3894 2821 3934 unum
2845 3879 3108 3946 Baptisma
3133 3877 3329 3931 dictum
3357 3877 3446 3930 sit.

2169 3973 2395 4029 CAPUT
2425 3970 2708 4026 XXXVIII.
2734 3998 2805 4010 -—
2827 3969 2915 4023 74.
2941 3967 3094 4023 Felix
3121 3982 3151 4020 a
3181 3966 3486 4037 Gurgitibus
3504 3966 3635 4021 dixit
3658 3986 3671 4020 :

2099 4063 2214 4136 Ego
2233 4078 2428 4127 censeo,
2454 4070 2508 4113 ut
2531 4058 2803 4114 secundum
2831 4067 3121 4120 sanctarum
3143 4055 3522 4124 Scriptararum
3545 4071 3677 4123 pra:-

2099 4166 2243 4226 cepta
2271 4152 2508 4224 baptizati
2526 4152 2699 4206 illicite
2718 4149 2779 4204 ab
2801 4148 3045 4204 hwreticis
3065 4157 3205 4200 extra
3226 4145 3522 4210 Ecclesium,
3545 4146 3588 4197 si
3607 4147 3676 4198 ad

2101 4245 2382 4300 Ecclesium
2420 4242 2688 4311 confugere
2713 4240 2979 4303 voluerint,
3015 4237 3230 4308 gratiam
3268 4234 3545 4304 Baptismi,
3592 4235 3676 4286 ubi

2101 4337 2235 4392 licite
2261 4335 2429 4399 datur,
2451 4341 2832 4401 consequantur.
3021 4389 3024 4392 _

2173 4426 2261 4482 75.
2311 4421 2720 4492 Respondetur:
2757 4418 2868 4474 Imo
2911 4419 3050 4474 Iicite
3097 4419 3349 4487 incipiant
3387 4418 3579 4472 habere
3607 4419 3672 4468 ad

2103 4521 2347 4578 salutem.
2377 4514 2518 4586 quod
2549 4511 2731 4567 illicite
2779 4510 3045 4566 habebant
3081 4510 3146 4564 ad
3192 4510 3479 4580 perniciem
3511 4525 3524 4558 :
3553 4513 3674 4576 qum

2103 4609 2202 4664 sub
2229 4607 2416 4663 eodem
2443 4603 2712 4674 Baptismo
2732 4601 3050 4671 justiticatur
3073 4642 3087 4665 ,
3130 4615 3249 4653 cum
3280 4614 3339 4654 se
3364 4600 3584 4666 quisque
3613 4600 3675 4649 :nl

2104 4702 2268 4756 Deum
2291 4697 2464 4752 veraci
2497 4694 2657 4750 corde
2681 4692 3026 4753 converterit,
3059 4690 3158 4744 sub
3183 4705 3289 4757 quo
3322 4688 3676 4755 ,ίιιάίςειικιιυιιν

2103 4794 2313 4864 quando
2343 4790 2393 4845 id
2423 4788 2688 4857 accipiens
2713 4785 2906 4840 smculo
2947 4783 3074 4836 solis
3101 4781 3276 4836 verbis
3315 4789 3368 4833 et
3396 4796 3498 4832 non
3527 4779 3679 4832 laetis

2102 4886 2344 4943 renuntia
2354 4889 2520 4939 verat.
2813 4927 2822 4930 _

2173 4974 2397 5032 CAPUT
2455 4967 2696 5026 XXXIX.
2739 4997 2809 5007 —
2858 4965 2945 5020 70.
3004 4964 3233 5018 Pusillus
3293 4976 3322 5015 a
3371 4959 3627 5014 Latuasba
3661 4961 3677 4986 ‘

2106 5069 2272 5123 dixit:
2300 5065 2409 5135 Ego
2430 5062 2577 5116 credo
2595 5059 2860 5128 Baptisma
2885 5057 3106 5109 salutare
3130 5070 3228 5106 non
3251 5069 3355 5106 esse
3379 5051 3475 5104 nisi
3498 5051 3549 5103 in
3579 5049 3681 5103 Ec-

2102 5157 2255 5212 clesia
2273 5153 2536 5208 catholica.
2569 5148 2828 5220 Quidquid
2849 5146 3033 5217 absque
3054 5142 3312 5199 Catholica
3336 5141 3506 5212 fuerit,
3527 5141 3681 5193 simu-

2105 5249 2228 5304 latio
2257 5256 2349 5301 est.

2176 5341 2264 5394 77.
2295 5333 2404 5391 Hoc
2434 5334 2643 5405 quidem
2670 5345 2852 5388 verum
2881 5337 2982 5393 est,
3013 5325 3153 5396 quod
3183 5322 3442 5393 Baptisma
3461 5321 3684 5374 salutare

2106 5429 2303 5488 nonnisi
2328 5429 2379 5482 in
2425 5424 2649 5480 Ecclesia
2689 5421 2935 5475 catholica
2977 5427 3072 5472 cst.
3111 5416 3292 5470 Potest
3333 5412 3474 5466 enim
3511 5411 3685 5478 ipsum

2170 5549 2184 5578 ί
2225 5556 2321 5593 Am.
2349 5550 2419 5591 Er.
2449 5549 2499 5590 et
2521 5539 2668 5588 nostri
2691 5543 2821 5592 uss,
2846 5533 2904 5584 ab
2929 5531 3139 5594 Hippone
3165 5526 3340 5578 Zarito.

2169 5613 2189 5642 ³
2224 5617 2320 5654 Arn.
2349 5613 2400 5653 et
2422 5611 2515 5660 Ern,
2541 5602 2600 5650 ab
2633 5600 2833 5660 inesarci.

2171 5673 2190 5704 ³
2224 5653 2270 5718 tu
2293 5653 2513 5729 Cypriani
2529 5653 2835 5714 mihicum-ub
2854 5653 3088 5729 lta'relit'is
3106 5658 3298 5702 motum.

2170 5735 2190 5764 δ
2227 5718 2668 5792 Apud-Cyprianum,
2687 5736 2715 5770 a
2742 5718 2976 5768 lambe-xi.

3563 323 3678 384 eas
3743 353 3757 358 -
