4028 6202
282 276 382 343 237

288 405 407 454 esse“
433 396 487 453 et
511 406 660 467 extra
702 397 1047 460 Catholicam,
1091 397 1183 453 sed
1212 400 1444 455 salutare
1487 416 1591 456 non
1631 415 1712 456 est
1749 403 1859 468 ibi;

287 489 409 558 qttia
437 502 542 541 non
579 486 648 541 ibi
679 496 930 556 operatur
954 487 1175 541 salutem
1210 506 1224 541 :
1257 490 1395 542 sicut
1425 489 1514 545 ille
1542 490 1712 545 bonus
1742 490 1873 544 odor

250 594 263 605 ·
287 578 484 632 Christi
511 592 617 632 non
641 585 722 631 est
751 579 931 648 utique
957 578 1205 632 salutaris
1238 580 1288 633 in
1320 580 1384 635 iis
1411 580 1499 649 qui
1534 591 1758 650 pereunt
1779 581 1798 650 (
1823 579 1864 634 Il

286 666 404 720 Cor.
439 684 496 730 ιι,
529 668 655 738 15),
692 684 796 722 non
818 683 914 723 suo
936 669 1085 735 vitio,
1118 670 1211 724 sed
1238 671 1474 725 illorum.
1507 670 1779 727 Simulatio
1798 681 1875 725 est

286 771 453 812 autem
470 759 715 830 quidquid
729 764 869 815 extra
892 759 1202 815 Catholicam
1229 764 1401 834 fuerit,
1425 763 1519 817 sed
1544 765 1593 818 in
1615 774 1869 833 quantum

289 865 392 901 non
434 861 514 903 est
540 850 882 905 catholicum.
918 851 1295 927 Potestautem
1327 852 1526 923 aliquid
1557 855 1875 909 catholicum

287 957 406 995 esse
433 950 591 994 extra
605 940 953 1010 Catholicam,
975 943 1109 997 sicut
1137 930 1307 1014 potuit
1324 958 1517 998 nomen
1541 945 1733 999 Christi
1759 952 1880 1001 esse

287 1042 435 1086 extra
465 1032 931 1102 congregationem
962 1035 1176 1098 Christi,
1201 1035 1254 1089 in
1278 1050 1382 1103 quo
1405 1035 1620 1089 nomine
1648 1032 1879 1104 pellebat

288 1121 554 1176 dmmonia
571 1123 659 1177 ille
674 1124 898 1192 quicum
918 1123 1190 1192 discipulis
1222 1140 1324 1178 non
1340 1124 1661 1194 sequebatur
1673 1114 1874 1198 (Marc.

289 1228 358 1275 is,
389 1212 457 1265 37
477 1211 521 1283 ).
544 1210 675 1265 Nam
694 1211 964 1266 simulatio
984 1214 1141 1266 etiam
1169 1214 1221 1268 in
1247 1212 1519 1268 Catholica
1539 1229 1659 1268 esse
1682 1222 1874 1283 potest,

289 1302 336 1354 in
367 1302 450 1356 his
469 1303 649 1373 utique
666 1294 753 1372 qui
779 1304 978 1358 smculo
998 1304 1169 1358 verbis
1185 1314 1356 1359 etnon
1376 1303 1526 1359 l'actis
1549 1306 1874 1371 renuntiant,

290 1410 385 1450 nec
409 1405 586 1449 tamen
615 1406 697 1449 est
737 1395 996 1450 catholica
1035 1396 1320 1450 simulatio.
1360 1395 1509 1451 Sicut
1538 1412 1668 1466 ergo
1702 1407 1784 1450 est
1822 1397 1873 1450 in

289 1486 561 1539 Catholica
589 1485 727 1554 quod
766 1495 979 1541 nonest
1016 1485 1356 1549 catholicum,
1401 1486 1480 1541 sic
1521 1494 1698 1556 potest
1721 1481 1874 1541 'extra

289 1577 615 1631 Catholicam
635 1575 840 1647 aliquid
871 1593 990 1633 esse
1019 1578 1364 1632 catholicum.

359 1650 605 1722 CAPUT.
628 1666 739 1721 XL.
770 1697 840 1706 —
865 1667 953 1721 78.
1005 1667 1282 1722 Salvianus
1318 1683 1348 1721 a
1375 1667 1658 1733 Cazaui‘aia
1687 1667 1820 1723 dixit
1857 1685 1870 1721 :

293 1755 570 1811 Hiereticos
595 1757 722 1810 nihil
749 1757 930 1810 habere
956 1768 1151 1811 constat
1175 1774 1193 1821 ;
1220 1770 1263 1811 et
1290 1757 1402 1812 ideo
1423 1758 1490 1810 ad
1515 1775 1606 1812 nos
1632 1760 1833 1812 veniunt
1854 1796 1871 1825 ,

290 1859 341 1901 ut
368 1848 562 1916 possint
590 1848 817 1918 accipere
833 1848 967 1917 quod
987 1865 1087 1902 non
1112 1847 1380 1902 habebant.

361 1939 430 1993 79
466 1937 873 2008 ReSpondemus
901 1956 913 1989 :
942 1933 1058 1992 Non
1086 1946 1210 1991 sunt
1238 1953 1365 2009 ergo
1392 1937 1627 1993 liazretici
1656 1937 1756 2008 ipsi
1782 1939 1870 2009 qui

295 2028 530 2084 hereses
567 2027 940 2091 condideiunt,
972 2028 1095 2098 quia
1122 2028 1189 2082 ab
1216 2027 1461 2083 Ecclesia
1489 2036 1827 2083 recesserunt
1852 2070 1867 2093 ,

264 2131 339 2172 ιρι
368 2119 549 2189 utique
580 2116 845 2172 habebant
872 2117 1011 2187 quod
1036 2118 1106 2172 ibi
1143 2126 1482 2187 acceperunt.
1529 2119 1679 2186 Quod
1708 2119 1753 2172 si
1778 2118 1871 2173 ab-

289 2209 505 2263 surdum
549 2223 631 2262 est
671 2208 869 2271 dicere,
913 2208 1058 2262 utilli
1078 2223 1181 2261 non
1212 2208 1593 2271 sinthazretici,
1619 2222 1713 2275 per
1736 2221 1871 2276 quos

287 2299 465 2353 etcteri
496 2298 624 2351 liunt
648 2298 882 2352 hmretici
907 2305 1114 2368 ;potest
1137 2297 1247 2352 fieri
1275 2307 1331 2350 ut
1356 2296 1635 2351 lueretieus
1657 2296 1866 2362 habeat,

290 2404 392 2459 quo
419 2390 560 2444 male
587 2389 781 2443 utendo
805 2388 1089 2458 dispercat.

354 2499 434 2555 CA
448 2500 581 2557 PUT
619 2500 829 2555 XLi.——
849 2500 937 2555 80.
968 2500 1267 2555 Honoratus
1293 2516 1322 2554 a
1350 2500 1523 2555 Tucca
1550 2499 1681 2555 dixit
1704 2517 1718 2552 :
1742 2498 1868 2555 Cum

287 2589 513 2646 Christus
535 2593 717 2646 veritas
746 2592 831 2654 sit,
864 2592 1025 2660 magis
1054 2592 1310 2644 veritatem
1355 2606 1505 2658 quam
1544 2590 1864 2643 consuetudi-

288 2698 398 2735 nem
418 2682 557 2749 sequi
583 2674 852 2745 debemus;
876 2689 926 2731 ut
939 2680 1199 2732 luereticos
1218 2678 1301 2746 qui
1318 2679 1429 2731 ideo
1450 2679 1517 2729 ad
1531 2695 1619 2730 nos
1638 2679 1862 2743 veniunt,

288 2772 400 2838 quia
424 2771 550 2839 foris
580 2770 710 2823 nihil
741 2770 969 2839 accipere
1004 2778 1303 2838 potuerunt,
1336 2768 1577 2822 Ecclesia:
1607 2767 1864 2837 Baptismo

287 2861 670 2927 sancti/iremus.
1780 2902 1785 2909 .

353 2950 440 3003 8|.
480 2949 549 3002 Et
593 2949 690 3002 iste
736 2956 1015 3003 attestator
1043 2959 1124 3002 est
1172 2948 1589 3019 consuetudinis,
1634 2948 1720 3002 ubi
1764 2965 1862 3003 nos

289 3040 568 3106 plurimum
605 3038 838 3106 adjuvat,
860 3038 1112 3108 quidquid
1150 3038 1293 3092 aliud
1318 3049 1504 3092 contra
1545 3055 1642 3092 nos
1683 3039 1863 3093 dicere

288 3129 539 3183 videatur.
585 3127 702 3182 Non
743 3138 922 3182 autem
950 3128 1070 3183 ideo
1116 3128 1182 3182 ad
1212 3143 1311 3185 nos
1355 3130 1568 3183 veniunt
1601 3130 1857 3193 harrctici,

286 3224 406 3291 quia
437 3220 567 3275 foris
596 3219 725 3272 nihil
756 3228 1104 3288 acceperunt;
1133 3219 1226 3274 sed
1247 3228 1305 3273 ut
1328 3219 1404 3273 eis
1425 3219 1551 3274 utile
1575 3235 1693 3273 esse
1721 3220 1853 3274 inci-

289 3311 551 3382 piatquod
581 3319 904 3380 acceperunt
929 3327 941 3362 :
972 3310 1073 3363 hoc
1091 3310 1233 3364 enim
1258 3308 1388 3362 foris
1414 3309 1559 3363 nullo
1585 3308 1741 3364 modo
1770 3324 1862 3378 po-

287 3414 406 3458 test.

356 3495 582 3551 CAPUT
621 3492 958 3550 ηιμ-82.
1003 3486 1183 3547 Victbr
1246 3491 1316 3545 ab
1359 3492 1557 3547 Octavo
1609 3493 1625 3523 ¹
1673 3491 1808 3546 dixit
1844 3511 1859 3546 :

289 3585 432 3649 Quod
462 3596 508 3639 et
532 3585 631 3654 ipsi
655 3585 815 3651 scitis,
847 3600 949 3637 non
972 3582 1094 3636 olim
1116 3598 1228 3636 sum
1249 3584 1546 3641 constitutus
1567 3583 1854 3652 episcopus,

287 3689 330 3731 et
350 3679 460 3732 ideo
490 3682 837 3747 exspectabam
863 3690 1219 3744 pnesessorum
1242 3674 1525 3729 consilium.
1560 3672 1672 3727 Hoc
1698 3676 1863 3741 itaque

285 3771 529 3834 existimo,
579 3777 632 3822 ut
655 3768 952 3838 quicumque
979 3781 1043 3819 ea:
1068 3764 1245 3818 heresi
1272 3763 1512 3829 venerint,
1549 3765 1656 3816 sine
1696 3763 1847 3816 dubio

288 3862 616 3930 baptisentur.

332 3952 440 4006 ,85.
481 3949 634 4017 Quod
659 3962 787 4020 ergo
826 3948 930 4003 illis
965 3963 1099 4017 quos
1139 3944 1497 4017 exspectabat,
1542 3959 1857 4014 responsum

286 4050 380 4106 at,
416 4041 544 4094 huic
566 4054 778 4109 quoque
811 4053 1126 4108 responsum
1151 4037 1466 4106 accipiatur.
1720 4092 1810 4119 Ἀ

350 4132 577 4188 CAPUT
614 4131 871 4186 XLII|.—
887 4133 977 4187 84.
995 4131 1184 4186 Clarus
1208 4148 1238 4184 a
1266 4131 1498 4185 uascula
1528 4128 1663 4185 dixit
1689 4146 1703 4182 :
1734 4128 1860 4182 bla—

288 4223 460 4293 nifesta
484 4233 558 4276 est
586 4223 831 4276 seruantia
855 4221 1060 4277 Domini
1086 4221 1247 4276 nostri
1271 4219 1308 4272 Ι
1311 4237 1397 4276 esu
1425 4220 1613 4275 Christi
1640 4222 1859 4289 Aposto-

289 4315 356 4366 ιω
380 4330 501 4368 suos
529 4315 787 4379 mittentis,
811 4323 856 4368 et
885 4314 1009 4384 ipsis
1042 4315 1165 4367 solis
1207 4322 1498 4383 potestatem
1519 4330 1551 4365 a
1573 4311 1732 4367 Patre
1767 4312 1866 4365 sibi

287 4404 449 4458 datam
465 4405 818 4475 permittentis,
845 4405 1024 4473 quibus
1051 4420 1140 4458 nos
1167 4405 1519 4475 successimus,
1556 4402 1731 4457 eadem
1761 4419 1825 4473 po
1844 4432 1859 4440 -

287 4507 449 4549 testate
468 4474 755 4549 Ecclesium
785 4493 991 4548 Domini
1015 4474 1373 4565 gubemantes,‘
1397 4504 1443 4548 et
1466 4495 1775 4549 credentium
1794 4495 1857 4564 ﬁ-

288 4580 391 4639 dem
410 4586 723 4655 baptisantes
747 4602 764 4639 :
791 4596 839 4640 et
873 4586 986 4639 ideo
1012 4584 1273 4651 hteretici,~
1284 4572 1382 4657 "qui
1410 4602 1499 4639 nec
1569 4595 1861 4656 potestatem

285 4678 425 4744 foris,
452 4694 543 4731 nec
568 4677 853 4732 Ecclesium
879 4676 1288 4742 Christihabent,
1312 4677 1559 4733 neminem
1601 4679 1861 4750 baptizare

285 4764 541 4837 Baptismo
560 4770 670 4839 eius
695 4779 923 4839 possunt.

345 4858 436 4912 δε.
480 4857 745 4928 Numquid
769 4868 825 4913 et
851 4859 998 4927 impii
1041 4858 1321 4914 homicidae
1348 4860 1616 4929 Apostolis
1634 4875 1856 4919 succes-

284 4948 503 5007 serunt?
528 4947 636 5003 Cur
660 4963 788 5019 ergo
808 4950 1112 5018 baptizant?
1143 4951 1224 5004 An
1251 4950 1371 5019 quia
1403 4965 1508 5003 non
1536 4957 1660 5004 sunt
1685 4950 1814 5005 foris
1837 4952 1860 5004 ἲ

285 5036 434 5091 Sed:
466 5048 616 5107 petra
644 5038 773 5095 loris
799 5048 943 5106 sunt,
982 5041 1066 5094 cui
1093 5042 1272 5095 claves
1314 5040 1573 5094 Dominus
1611 5040 1759 5096 dedit
1803 5048 1860 5096 et

288 5130 370 5181 ubi
391 5128 851 5185 semdilicaturum
895 5130 1189 5186 Ecclesium
1219 5131 1357 5186 dixit
1397 5129 1603 5200 (Matth.
1630 5146 1744 5195 xw,
1772 5131 1859 5197 18,

289 5218 352 5272 i9
373 5222 415 5284 ).

351 5309 574 5366 CAPUT
603 5310 785 5366 XLIV.
812 5339 887 5352 -—
927 5312 1017 5368 86.
1057 5311 1425 5369 Secundianus
1459 5326 1491 5365 a
1517 5311 1801 5367 Thambeis
1842 5312 1863 5343 '

288 5400 414 5455 dixit
439 5419 456 5455 :
488 5401 541 5457 Ν
551 5419 619 5456 οη
647 5403 880 5457 debemus
899 5404 1160 5457 hereticos
1179 5414 1350 5457 nostra
1366 5403 1755 5471 prtasuntptione
1777 5402 1865 5454 de-

288 5492 465 5557 cipere,
494 5493 627 5546 utin
651 5491 878 5547 Ecclesia
921 5492 1125 5546 Domini
1167 5493 1324 5546 nostri
1367 5492 1491 5548 Jesu
1530 5492 1714 5546 Christi
1766 5508 1865 5546 non

348 5608 364 5636 ¹
396 5608 704 5655 Coronensis
730 5614 871 5655 vetus
892 5605 1047 5655 codex
1076 5605 1271 5667 Optima:
1302 5613 1446 5667 none.
1471 5603 1531 5652 ab
1555 5611 1803 5653 octavam.

347 5668 528 5780 metu
550 5667 857 5717 Corbcicnsis
893 5668 1067 5726 codex,
1101 5664 1130 5715 ἁ
1166 5664 1441 5715 Satambeis.
1472 5675 1568 5712 am.
1615 5672 1666 5713 et
1703 5669 1798 5726 Eia,
1837 5675 1869 5713 α

295 5734 461 5777 Iuben.

1612 308 1814 369 LIBER
1850 310 2198 369 SEPTIMUS.

3459 324 3560 380 9.33

1989 405 2225 473 baptismi
2250 421 2309 458 ac
2336 423 2423 477 per
2452 410 2544 461 hoc
2571 409 2907 465 remissionem
2930 422 3247 480 peccatorum
3268 431 3367 469 non
3394 432 3557 473 conm

1985 496 2106 562 cuti,
2132 513 2242 550 cum
2257 498 2444 567 judicii
2468 501 2573 555 dies
2596 502 2978 570 venerit,.nobis
3015 506 3261 573 imputent
3299 510 3436 582 quod
3477 526 3562 580 per

1986 601 2076 637 nos
2113 603 2212 641 non
2247 589 2346 642 sint
2387 590 2646 659 baptizati,
2692 605 2738 646 et
2772 595 3138 666 indulgentiam
3168 599 3353 655 divinat
3388 605 3559 672 gratio;

1985 678 2253 731 consecuti.
2291 678 2508 751 Propter
2531 685 2684 753 quod,
2715 702 2829 739 cum
2851 688 2915 739 sit
2939 704 3040 741 una
3069 687 3303 746 Ecclesia
3330 701 3375 746 et
3403 708 3558 747 unum

1983 763 2267 836 Baptisma,
2298 771 2499 838 quando
2526 774 2592 825 ad
2618 791 2707 829 nos
2747 787 3117 847 convertuntur,
3145 780 3297 834 simul
3319 798 3431 835 cum
3455 780 3557 836 Ec-

1984 856 2137 909 clesia
2164 869 2209 909 et
2235 856 2477 915 Ecclesia:
2499 861 2813 934 Baptismum
2839 879 3228 939 consequantur.

2055 944 2143 1000 87.
2188 947 2296 1001 lmo
2336 951 2575 1006 translati
2615 954 2680 1007 ad
2722 965 2924 1025 petram
2969 960 3328 1027 etcolumbze
3371 962 3556 1020 sociati

1985 1036 2244 1105 accipiant
2270 1041 2636 1097 remissionem
2666 1056 3023 1114 peccatorum,
3047 1065 3206 1120 qnam
3238 1052 3431 1109 habere
3453 1070 3557 1109 non

1983 1137 2227 1195 poterant
2250 1141 2398 1185 extra
2431 1143 2634 1203 petram
2654 1147 2706 1190 et
2725 1149 2870 1192 extra
2893 1141 3212 1209 columbam,
3242 1145 3355 1200 sive
3374 1156 3559 1216 aperte

1984 1215 2134 1280 foris,
2163 1219 2299 1274 sicut
2329 1224 2581 1285 haeretici.
2606 1227 2717 1282 sive
2744 1236 2991 1298 tanquam
3016 1233 3177 1299 intus,
3205 1233 3343 1289 sicut
3364 1215 3556 1306 pcrditi

1982 1306 2224 1363 catholici
2262 1328 2276 1364 :
2310 1328 2442 1381 quos
2491 1325 2665 1370 tamen
2713 1319 3035 1386 Baptismnm
3082 1324 3199 1379 sine
3247 1326 3560 1382 remissione

1983 1409 2318 1462 peccatorum
2341 1414 2396 1457 et
2423 1400 2617 1462 habere
2644 1417 2696 1463 et
2720 1410 2851 1483 dare
2881 1412 3217 1468 manifestum
3241 1427 3341 1482 cst,
3365 1432 3484 1472 cum
3508 1431 3561 1474 et

1979 1488 2047 1541 ab
2078 1489 2203 1558 ipsis
2235 1493 2366 1547 tales
2394 1497 2678 1565 accipiunt,
2707 1500 2794 1569 qui
2822 1516 2924 1557 non
2955 1503 3005 1556 in
3034 1505 3222 1560 melius
3247 1512 3558 1563 etnninntati

1980 1577 2142 1631 Deum
2172 1580 2323 1635 labiis
2351 1583 2633 1652 honorant,
2660 1602 2753 1641 cor
2777 1601 2953 1644 autem
2977 1608 3160 1647 eorum
3188 1595 3342 1666 longe
3374 1608 3457 1653 est
3490 1600 3559 1654 ah

1978 1668 2083 1741 ρο(
2124 1668 2250 1724 Isai.
2284 1688 2436 1739 xxix,
2474 1677 2581 1745 15).
2612 1678 2810 1734 Tamen
2838 1682 2915 1734 sic
2942 1691 3024 1736 est
3072 1699 3231 1738 unum
3264 1687 3550 1756 Baptisma,
3626 1743 3630 1746 ἠ

1977 1760 2246 1827 quomodo
2268 1773 2348 1816 est
2376 1760 2476 1819 una
2504 1768 2770 1833 columba,
2800 1784 2921 1824 cum
2954 1776 3155 1841 possint
3184 1774 3274 1846 qui
3303 1793 3407 1832 non
3428 1790 3554 1833 sunt

1977 1848 2029 1901 in
2056 1849 2297 1905 columba
2322 1856 2695 1924 communiter,
2710 1858 2972 1928 Baptisma
2997 1871 3168 1918 tamen
3193 1864 3388 1923 habere
3409 1884 3552 1924 com-

1976 1942 2225 1996 muniter.

2046 2051 2269 2109 CAPUT
2309 2055 2546 2111 XLV.-—
2568 2059 2656 2116 88.
2700 2061 2825 2118 item
2854 2065 2992 2122 alios
3030 2067 3278 2127 Aurelius
3315 2087 3345 2126 a
3389 2071 3555 2131 Chul-

1975 2143 2119 2237 lalii‘
2145 2145 2276 2237 dixit
2304 2164 2318 2202 :
2349 2146 2573 2205 Joannes
2601 2157 2862 2221 apostolus
2890 2158 2941 2212 in
2970 2156 3206 2229 Epistola
3226 2180 3321 2218 sua
3360 2169 3548 2237 posuit,

1980 2248 1999 2283 ι
2033 2232 2094 2286 Si
2117 2236 2229 2303 quis
2253 2240 2319 2290 ad
2339 2255 2422 2293 vos
2448 2242 2596 2308 venit,
2622 2253 2666 2296 et
2705 2244 2985 2301 doctrinam
3026 2249 3214 2306 Christi
3238 2270 3341 2308 non
3361 2232 3549 2323 ‘habet,

1973 2323 2126 2376 nolite
2138 2341 2253 2377 eum
2275 2327 2540 2381 admittere
2554 2331 2606 2385 in
2631 2333 2835 2388 domum
2855 2349 3084 2403 vestram,
3105 2349 3152 2395 ct
3172 2342 3276 2397 Ave
3289 2344 3366 2399 illi
3380 2362 3443 2400 ne
3462 2349 3515 2400 di
3532 2378 3551 2389 ο

1970 2412 2160 2507 meritis.
2192 2413 2293 2481 Qui
2317 2418 2448 2470 enim
2473 2419 2655 2474 dixerit
2678 2423 2756 2476 illi
2776 2425 2894 2491 Ave,
2918 2432 3252 2486 communicat
3268 2435 3418 2505 [actis
3437 2438 3548 2507 ejus

1973 2502 2117 2555 malis
2154 2521 2173 2553 ι
2207 2505 2270 2572 (ll
2293 2506 2449 2560 Joan.
2476 2509 2627 2574 ιο,ιι
2737 2514 3142 2581 Quomodottdes
3156 2502 3355 2578 admitti
3370 2502 3552 2584 temere

1970 2589 2022 2641 in
2042 2590 2247 2667 domum
2283 2595 2378 2649 Dei
2405 2610 2632 2667 possunt,
2660 2605 2748 2673 qui
2776 2605 2826 2658 in
2857 2606 3061 2663 domum
3103 2623 3328 2668 nostram
3373 2596 3546 2685 priua-

1971 2688 2072 2732 tam
2100 2682 2300 2735 admitti
2328 2688 2690 2752 prohibentur?
2727 2693 2830 2747 Aut
2868 2698 3118 2766 quomodo
3178 2717 3293 2756 cum
3334 2682 3405 2758 eis
3442 2707 3549 2760 sine

1970 2771 2211 2827 Ecclesia:
2247 2775 2507 2846 Buptismo
2549 2786 2917 2840 communicare
2950 2806 3240 2858 possumus,
3282 2795 3460 2862 quibus
3501 2814 3544 2850 st

1971 2863 2071 2913 Ave
2111 2862 2383 2919 dixerimus
2420 2877 2636 2937 tantum;
2663 2874 2809 2942 [actis
2835 2889 3004 2929 eorum
3036 2880 3182 2933 malis
3207 2885 3544 2937 conmunica-

1969 2969 2098 3006 mus.

2039 3046 2127 3102 89.
2159 3049 2231 3104 De
2256 3050 2357 3106 hoc
2386 3055 2689 3112 testimonio
2720 3058 2940 3116 Joannis
2966 3080 3069 3118 non
3100 3075 3181 3120 est
3213 3066 3409 3124 diutius
3429 3070 3541 3126 dis-

1968 3140 2272 3209 serendum,
2296 3148 2507 3214 quando
2537 3149 2748 3219 quidem
2770 3152 2835 3207 ad
2877 3157 3221 3224 quiestioncm
3249 3159 3498 3230 Baptistni
3525 3205 3541 3230 ,

1968 3243 2124 3296 quam
2196 3235 2355 3286 modo
2434 3245 2759 3306 tractamus,
2811 3245 3029 3300 omnino
3114 3262 3220 3302 non
3291 3252 3561 3320 pertinet-

1966 3320 2057 3371 Ait
2125 3322 2266 3376 enim
2292 3365 2308 3388 ,
2371 3327 2433 3380 Si
2492 3330 2601 3396 quis
2654 3331 2725 3384 ad
2787 3347 2871 3387 vos
2946 3338 3130 3391 venerit
3154 3378 3170 3403 ,
3226 3352 3272 3394 et
3350 3343 3545 3397 doctri-

1965 3424 2084 3461 nam
2126 3407 2312 3466 Christi
2360 3431 2460 3468 non
2512 3418 2677 3473 liabet.
2727 3420 2970 3480 lituretici
3008 3436 3186 3481 autem
3238 3428 3544 3500 relinqueuo

1968 3506 2047 3552 tes
2099 3501 2393 3557 doctrinam
2452 3510 2654 3564 erroris
2695 3513 2775 3566 sui
2805 3552 2823 3578 ,
2876 3515 2941 3568 ad
3000 3516 3195 3573 Christi
3237 3519 3561 3576 doctrinam.

1965 3601 2381 3673 Convertuntur,
2431 3605 2488 3651 ut
2554 3601 2963 3671 incorporentur
3010 3607 3259 3665 Ecclesia:
3291 3648 3309 3677 ,
3356 3621 3414 3666 et
3476 3618 3544 3666 ad

1967 3679 2107 3733 illan)
2159 3686 2456 3739 columbam
2503 3688 2756 3759 incipiant
2806 3697 3101 3762 pertinere,
3151 3699 3302 3769 cujus
3347 3702 3542 3757 Sacra-

1966 3780 2202 3823 mentnm
2235 3773 2495 3829 habebant
2526 3795 2540 3831 :
2567 3790 2620 3832 et
2647 3781 2766 3833 ideo
2800 3784 2938 3851 quod
2970 3786 3084 3854 ejus
3130 3803 3233 3840 non
3257 3790 3541 3854 habebant,

1965 3858 2045 3911 eis
2091 3859 2267 3926 tiatur,
2300 3862 2351 3915 id
2402 3875 2502 3929 est,
2561 3881 2660 3933 pax
2695 3880 2748 3920 «ιι
2794 3870 3025 3927 charitas
3067 3876 3135 3929 de
3180 3880 3343 3933 corde
3382 3895 3541 3948 puro,

1966 3959 2020 4001 et
2062 3953 2385 4005 conscientia
2419 3957 2554 4009 bona
2578 3966 2677 4022 bet
2706 3958 2807 4014 lidc
2838 3975 2942 4014 non
2985 3963 3105 4018 {icta
3139 3964 3182 4036 (1
3215 3964 3349 4020 Tim.
3378 3987 3414 4033 ι,
3458 3971 3539 4036 5).

1966 4042 2115 4107 Quod
2146 4052 2320 4097 autem
2349 4048 2463 4114 ejus
2495 4046 2793 4123 habebant,
2844 4054 3175 4123 agnoscitur,
3205 4068 3262 4114 et
3286 4058 3404 4115 sine
3434 4063 3541 4114 ulla

1966 4136 2283 4188 contumelia
2319 4137 2605 4206 suscipitur
2634 4156 2648 4193 :
2677 4142 2816 4197 sicut
2854 4143 2908 4198 in
2934 4146 3175 4201 adultera
3219 4147 3357 4204 Deus
3382 4165 3538 4219 abno-

1966 4226 2067 4278 scit
2090 4225 2228 4279 dona
2250 4241 2365 4293 sua,
2390 4230 2548 4283 etiam
2567 4245 2685 4285 cum
2711 4233 2799 4287 illa
2824 4237 3061 4306 sequitur
3086 4247 3356 4294 amatores
3383 4255 3540 4306 suos;

1967 4315 2086 4384 quia
2117 4317 2463 4373 fornicatione
2484 4332 2723 4376 correcta
2753 4326 2795 4388 ',
2826 4341 2946 4381 cum
2983 4328 3049 4382 ad
3078 4330 3379 4387 castitatem
3408 4346 3540 4389 con-

1967 4409 2206 4471 vertitur,
2266 4425 2368 4462 non
2413 4409 2550 4463 dona
2589 4412 2676 4466 illa
2725 4416 3024 4484 culpantur,
3053 4419 3148 4475 sed
3199 4421 3311 4492 ipsa
3359 4438 3542 4483 einen.-

1965 4495 2122 4575 datur
2154 4496 2306 4566 (Osee
2328 4500 2407 4567 ιι).
2430 4496 2579 4554 Sicut
2606 4517 2665 4557 se
2704 4513 2881 4559 autem
2922 4518 3100 4576 posset
3124 4510 3410 4568 defendere
3429 4512 3536 4585 Cy—

1967 4591 2204 4657 prianus,
2231 4591 2280 4643 si
2312 4592 2412 4646 hoc
2436 4594 2485 4646 ei
2526 4592 2746 4657 Joannis
2774 4598 3134 4656 teStimonium
3183 4604 3501 4674 objicerctnr
3524 4647 3539 4670 ,

1966 4680 2178 4749 quando
2209 4682 2399 4736 talibus
2423 4686 2889 4751 communicabat;
2929 4690 2998 4743 ita
3022 4706 3082 4745 se
3100 4691 3384 4749 defendant
3409 4709 3543 4750 οων

1967 4777 2045 4823 tra
2073 4785 2207 4838 quos
2233 4771 2446 4826 dicitur.
2476 4773 2606 4827 Nam
2637 4775 2703 4828 ad
2746 4780 2897 4831 istam
2922 4784 3292 4848 quaestionem,
3330 4795 3387 4839 ut
3407 4787 3538 4851 dist,

1965 4862 2183 4914 omnino
2211 4877 2316 4915 non
2349 4866 2601 4931 pertinet.
2629 4865 2860 4922 Joannes
2889 4872 3029 4922 enim
3055 4871 3204 4937 dicit,
3233 4873 3421 4928 aliena:
3446 4874 3545 4930 do-

1966 4954 2150 5006 ctrina:
2176 4951 2480 5009 hominibus
2522 4958 2632 5011 Ave
2684 4975 2788 5013 non
2830 4975 2950 5015 esse
3000 4942 3545 5031 dicendurmi’aulus

1964 5052 2142 5097 autem
2164 5032 2439 5112 apostolus
2470 5048 2842 5116 yehementius
2870 5050 3018 5116 dicit,
3043 5052 3104 5107 Si
3132 5054 3245 5123 quis
3275 5058 3432 5124 frater
3453 5072 3531 5108 na-

1967 5132 2188 5185 minatur
2215 5134 2342 5187 inter
2369 5150 2456 5188 uos
2499 5146 2587 5189 aut
2629 5154 2833 5204 avarus,
2865 5151 2950 5194 aut
2975 5141 3221 5208 ebriosus,
3266 5154 3398 5210 etc.,
3427 5159 3543 5197 cum

1968 5224 2214 5294 ejusmodi
2237 5241 2327 5279 nec
2340 5228 2541 5295 quidem
2564 5228 2727 5283 cibum
2741 5231 2895 5286 simul
2914 5248 3109 5287 sumere
3131 5234 3176 5305 (Ι
3190 5234 3311 5288 Cor.
3328 5249 3382 5298 ν,
3411 5235 3470 5289 Η
3486 5241 3503 5299 )
3528 5253 3538 5286 :

1971 5324 2026 5369 ct
2052 5326 2226 5370 tamen
2251 5330 2372 5371 eum
2398 5319 2619 5388 collegis
2647 5317 3054 5391 feneratoribus,
3084 5325 3389 5390 ittSidiOaiS',
3408 5325 3538 5380 l'ran-

1970 5406 2242 5462 datoribus
2271 5447 2287 5476 ,
2332 5410 2655 5478 raptoribus,
2682 5427 2787 5466 non
2843 5413 3101 5484 privatam
3144 5428 3406 5482 mensam,
3447 5415 3546 5471 sed

2038 5584 2053 5614 ¹
2087 5582 2582 5653 Corbeicnsisaliique
2605 5584 2773 5648 plures
2788 5596 2912 5652 διεδ,
2928 5602 2960 5640 a
2978 5588 3163 5642 (illati.
3184 5588 3286 5652 alii,
3309 5603 3340 5641 α
3356 5589 3550 5645 aliubi.

1974 5652 2075 5693 Am.
2100 5653 2154 5693 et
2174 5650 2266 5701 ﬁta,
2289 5656 2321 5694 a
2340 5643 2530 5697 (illuni.

2045 5708 2065 5737 ³
2099 5707 2233 5767 aliti,
2255 5713 2482 5770 corrupta
2506 5719 2524 5758 .'
2549 5707 2794 5759 mendose.
