4028 6202
308 366 317 389 ο
364 365 369 369 .

308 284 317 383 ξ
364 328 508 383 ηδε

398 540 585 585 autem
612 528 713 582 hoc
734 525 1068 590 defendatur,
1096 524 1204 593 jam
1232 524 1282 577 in
1313 523 1429 577 aliis
1460 524 1606 578 libris
1629 527 1759 579 satis
1784 524 1981 579 dictum

412 634 511 677 est.

480 712 706 770 CAPUT
744 709 924 766 XLVI.
957 739 1028 749 —
1054 706 1143 763 90.
1174 707 1375 763 Litteus
1411 709 1427 740 ί
1458 722 1486 761 a
1526 707 1782 763 Gemellis
1814 708 1984 763 dixit:

410 804 584 859 thcus
607 818 797 857 meum
821 802 863 855 si
886 800 1056 863 ducat,
1086 798 1305 852 amboin
1337 800 1529 869 foveam
1558 798 1743 851 cadunt
1774 797 1983 869 (Matth.

378 916 381 919 ·
414 910 504 959 xv,
537 894 644 965 14).
662 892 787 948 Cum
813 907 929 963 ergo
950 890 1206 945 haereticos
1226 898 1414 943 constet
1438 906 1537 942 non
1562 906 1706 959 posse
1729 889 1988 943 illumina-

410 1004 464 1039 re
484 1001 803 1055 quemquam,
832 992 1002 1052 utpote
1030 998 1189 1037 cazcos
1204 998 1222 1045 ;
1237 979 1498 1051 Baptisma
1520 998 1691 1036 eorum
1721 997 1818 1035 non
1834 979 1984 1033 valet.

480 1077 569 1131 9t.
614 1075 728 1130 Nec
757 1090 855 1128 nos
885 1074 1112 1127 dicimus
1146 1073 1323 1126 valere
1379 1071 1443 1125 ad
1476 1071 1702 1125 salutem
1732 1069 1985 1139 quamdiu

380 1166 805 1227 «limreticisunt,
838 1164 972 1218 sicut
1010 1172 1063 1217 et
1084 1163 1186 1216 illis
1207 1160 1490 1216 homicidis
1511 1160 1762 1231 quamdiu
1794 1159 1987 1213 fratres

408 1256 637 1309 oderunt
664 1272 676 1307 :
709 1269 827 1308 nam
851 1264 903 1308 et
925 1254 1022 1322 ipsi
1053 1253 1103 1306 in
1137 1251 1370 1306 tenebris
1414 1260 1556 1315 sunt,
1590 1261 1642 1305 et
1663 1250 1709 1304 si
1747 1252 1864 1320 quis
1896 1265 1988 1305 eos

405 1346 680 1415 sequitur,
725 1345 880 1399 simul
936 1346 987 1398 in
1039 1343 1242 1398 foveam
1270 1342 1502 1407 cadunt;
1535 1356 1635 1395 nec
1665 1340 1784 1395 ideo
1810 1349 1986 1395 tamen

412 1438 737 1505 llaptismnm
770 1436 849 1489 vel
878 1452 978 1489 non
1011 1435 1224 1498 habent,
1254 1433 1333 1486 vel
1363 1448 1467 1486 non
1489 1431 1721 1486 tradunt.

481 1526 704 1582 CAPUT
734 1524 938 1580 XLVII.
960 1556 1031 1565 —
1056 1524 1145 1580 92.
1174 1523 1373 1579 Natalis
1394 1524 1461 1577 ab
1480 1522 1626 1578 Oea'
1652 1522 1785 1577 dixit
1814 1540 1827 1575 :
1858 1520 1986 1575 Tam

410 1634 499 1688 rgo
522 1634 757 1687 presens,
802 1634 954 1687 quam
982 1614 1250 1686 Pompeius
1284 1615 1632 1681 Sabratensis,
1657 1631 1807 1683 quam
1837 1615 1988 1667 etiam

408 1710 574 1778 Dioga
603 1708 1050 1779 Leptimagnensis,
1074 1708 1158 1777 qui
1196 1707 1318 1760 mihi
1342 1706 1726 1769 mandaverunt,
1778 1722 1988 1773 corpore

414 1799 614 1867 quidem
640 1799 886 1861 absentes,
935 1797 1117 1865 spiritu
1163 1804 1449 1864 prasentes,
1493 1812 1749 1849 censemus
1775 1795 1908 1864 quod
1934 1804 1982 1848 et

414 1890 621 1957 Cullt‘gtB
644 1888 837 1949 nostri;
866 1886 999 1956 quod
1027 1886 1250 1938 haeretici
1274 1884 1775 1937 communicationem
1807 1883 1985 1936 habere

418 1979 669 2032 nobiscum
693 1994 790 2030 non
809 1985 1037 2048 possunt,
1066 1976 1161 2028 nisi
1182 1973 1512 2029 ecclesiastico
1532 1972 1793 2043 Baptismo
1821 1972 1984 2041 bapti—

412 2071 512 2123 sati
538 2070 743 2138 fuerint.

483 2161 573 2214 93.
606 2158 1188 2223 Communicationem,
1238 2156 1435 2221 credo,
1490 2170 1606 2211 eam
1653 2156 1826 2219 dicit,
1868 2170 1987 2225 qua:

416 2250 643 2319 pertinet
692 2249 756 2303 ad
784 2250 1044 2304 columba:
1073 2250 1380 2303 societatem
1412 2266 1426 2302 :
1457 2262 1576 2301 nam
1619 2248 1670 2300 in
1701 2247 1985 2315 participa-

415 2340 559 2395 tione
601 2340 1063 2395 Sacramentorum
1110 2338 1482 2410 proculdubio
1522 2338 1987 2392 eommunicabaut

413 2430 492 2484 eis
518 2472 533 2496 ,
563 2430 828 2484 neminem
855 2429 1156 2498 judicantes
1176 2470 1191 2494 ,
1240 2444 1338 2484 nec
1374 2444 1402 2481 a
1448 2428 1567 2497 jure
1596 2428 1986 2482 communionis

414 2521 643 2591 aliquem
666 2561 682 2586 ,
713 2521 757 2575 si
787 2522 1054 2575 diversum
1084 2522 1326 2587 sentiret,
1351 2528 1679 2575 amoventes.
1716 2519 1821 2574 Sed
1853 2534 1987 2588 quo-

415 2612 535 2667 libet
570 2612 727 2667 modo
751 2611 963 2679 dixerit,
1012 2628 1115 2667 non
1144 2627 1466 2681 magnopere
1489 2612 1648 2666 verba
1681 2613 1793 2665 haec
1822 2611 1979 2665 refel-

415 2702 566 2756 lenda
596 2710 738 2756 sunt.
769 2702 923 2756 Certe
943 2702 1084 2756 enim
1111 2716 1214 2756 non
1245 2701 1267 2733 ³
1290 2696 1649 2756 communicet
1684 2702 1984 2765 luereticus,

416 2792 514 2846 nisi
564 2792 925 2846 ecclesiastico
957 2792 1222 2861 Baptismo
1253 2791 1570 2860 baptizatus.
1621 2790 1844 2845 Constat
1894 2807 1986 2845 au-

416 2892 522 2937 tem
560 2881 980 2937 ecclesiasticum
1003 2896 1123 2936 esse
1148 2881 1472 2950 Baptismum
1502 2866 1659 2936 etiam
1704 2882 1842 2951 apud
1876 2882 1985 2935 hae-

416 2972 607 3026 reticos
632 2972 807 3026 verbis
838 2972 1159 3040 evangelicis
1199 2979 1564 3025 consecratum
1604 2990 1616 3025 :
1649 2972 1785 3024 sicut
1812 2970 1985 3039 ipsum

417 3060 757 3129 Evangelinm
800 3060 1214 3113 ecclesiasticum
1248 3067 1365 3123 est,
1399 3074 1496 3113 nec
1522 3059 1585 3112 ad
1618 3074 1803 3113 eormn
1828 3060 1987 3129 perti—

414 3160 504 3205 net
533 3149 957 3220 perversitatem,
987 3148 1081 3203 sed
1116 3149 1293 3219 utique
1324 3164 1473 3204 suam
1503 3151 1693 3205 retinet
1712 3151 1970 3205 sanctita-

418 3249 523 3295 tem
547 3238 589 3292 ⁸.

488 3328 717 3385 CAPUT
754 3326 982 3383 XLVIII.
1031 3360 1103 3369 —
1143 3329 1231 3385 94.
1275 3329 1463 3385 Junius
1492 3345 1520 3383 a
1552 3329 1769 3399 Neapoli
1807 3331 1938 3385 dixit
1969 3347 1983 3383 :

419 3420 492 3473 Ab
514 3435 571 3474 eo
589 3420 725 3489 quod
746 3418 898 3473 semel
940 3420 1222 3473 censuinms
1243 3460 1258 3485 ,
1298 3436 1396 3473 non
1424 3420 1618 3484 recedo,
1649 3430 1703 3473 ut
1730 3421 1987 3474 hwrcticos

421 3511 665 3564 uenientes
689 3511 757 3563 ad
781 3510 1055 3564 Ecclesium
1084 3511 1409 3581 baptisemus.

491 3600 580 3655 95.
619 3600 715 3654 Hie
758 3600 879 3670 quia
924 3601 1119 3654 nullam
1179 3602 1436 3654 ratiOnem
1489 3601 1568 3655 'vel
1622 3601 1984 3655 testimonium

425 3690 821 3762 Scripturarum
849 3692 1041 3757 attulit,
1074 3691 1163 3745 diu
1196 3707 1293 3746 nos
1319 3702 1499 3747 tenere
1531 3710 1636 3747 non
1665 3694 1844 3748 debet.

489 3803 714 3861 CAPUT
753 3804 939 3861 XLIX.
986 3836 1055 3845 —
1092 3806 1183 3860 96.
1226 3806 1524 3877 Cyprianus
1575 3824 1604 3861 a
1668 3806 1987 3878 Carthagine

418 3896 549 3949 dixit
591 3913 606 3949 :
639 3894 807 3948 Meam
849 3898 1143 3949 sententiam
1187 3897 1469 3966 plenissime
1513 3898 1746 3967 exprimit
1776 3898 1987 3968 epistola

417 4000 529 4055 qua:
547 3984 958 4039 ad’Jubuianum
1004 3985 1247 4056 collegam
1275 3998 1499 4039 nostrunt
1544 3988 1731 4058 scripta
1756 3997 1850 4051 est,
1885 3989 1989 4042 lue-

416 4075 595 4130 reticos
636 4076 907 4129 secundum
942 4077 1277 4144 euangelicum
1308 4084 1355 4128 et
1381 4078 1709 4144 apostolicam
1743 4088 1985 4132 contesta-

418 4167 601 4221 tionem
638 4166 952 4219 adversarios
999 4164 1186 4217 Christi
1231 4174 1279 4217 et
1307 4165 1627 4220 antichristos
1672 4170 1979 4236 appellatos,

420 4255 621 4323 quando
654 4255 722 4307 ad
748 4254 1025 4307 Ecclesiam
1066 4254 1285 4317 venerint
1308 4294 1324 4319 ,
1367 4255 1517 4308 unico
1549 4255 1791 4311 Ecclesia:
1814 4256 1987 4327 Bapti-

419 4362 526 4400 smo
572 4345 897 4414 baptisandos
940 4360 1083 4411 esse,
1135 4355 1187 4397 ut
1234 4347 1423 4415 possint
1457 4347 1569 4416 ﬁeri
1596 4348 1657 4401 de
1688 4348 1990 4406 adversariis

422 4435 591 4500 amici,
618 4444 664 4487 et
690 4434 753 4487 de
777 4434 1081 4487 antichristis
1108 4434 1387 4489 christiani.

496 4524 584 4578 97.
614 4522 751 4589 Quid
770 4522 909 4577 aliud
928 4522 1014 4577 hic
1031 4522 1403 4593 disputandum
1427 4534 1507 4579 est
1526 4568 1540 4591 ,
1562 4526 1775 4597 quando
1795 4530 1986 4599 ipsam,

424 4616 576 4686 cujus
608 4617 930 4670 mentionem
971 4613 1114 4681 fecit,
1147 4617 1425 4684 epistolam
1454 4618 1517 4672 ad
1546 4618 1861 4675 Jubaianum
1890 4621 1987 4675 da-

424 4720 550 4770 tam,
577 4717 769 4775 quanta
802 4707 1063 4775 potuimus
1108 4708 1373 4777 diligentia
1404 4711 1881 4777 pertractavimus?
1923 4712 1992 4766 Et

424 4796 562 4865 quod
600 4794 687 4850 hic
710 4797 860 4860 dixit,
894 4797 1298 4852 meminerimus
1323 4798 1425 4853 dici
1456 4814 1612 4868 posse
1642 4801 1709 4856 de
1743 4802 1990 4857 omnibus

422 4887 613 4958 iniquis
637 4928 652 4953 ,
701 4904 834 4957 quos
862 4897 917 4943 et
969 4889 1020 4943 in
1061 4887 1337 4944 Catholica
1379 4906 1497 4945 esse
1526 4893 1637 4961 ipse
1673 4903 1911 4959 testatur,
1939 4903 1994 4949 et

427 4981 748 5048 Raptis-mum
801 4979 997 5034 habere
1024 4990 1077 5033 et
1101 4979 1250 5044 dare,
1291 4996 1449 5035 nemo
1475 4992 1717 5037 nostrum
1746 4985 1987 5054 ambigit.

429 5072 500 5123 ltli
529 5070 668 5125 enim
700 5070 914 5123 veniunt
949 5070 1013 5124 ad
1041 5070 1357 5137 Ecclesium,
1389 5072 1476 5141 qui
1506 5072 1573 5127 de
1614 5084 1763 5143 parte
1792 5073 1989 5128 diaboli

421 5161 484 5213 ad
513 5160 779 5215 Christum
814 5170 1108 5225 transeunt,
1138 5170 1193 5215 et
1246 5160 1509 5216 :edilicant
1548 5179 1709 5231 super
1741 5174 1943 5232 petram
1974 5206 1989 5230 ,

421 5264 471 5305 et
505 5254 905 5319 incorporantur
944 5251 1225 5316 columbaz,
1274 5261 1326 5305 et
1377 5251 1427 5305 in
1462 5252 1619 5307 horto
1646 5254 1899 5308 concluso
1940 5264 1993 5309 et

398 5346 568 5399 .foute
616 5344 821 5412 signato
871 5342 1339 5407 muniuntur;ubi
1372 5359 1478 5397 non
1527 5353 1646 5398 sunt
1674 5358 1858 5398 omnes
1901 5346 1991 5415 qui

418 5444 600 5488 contra
631 5433 825 5487 Christi
854 5441 1116 5504 przcccpta
1141 5434 1358 5498 vivunt,
1383 5433 1602 5488 ubilibet
1627 5448 1746 5490 esse
1775 5434 1991 5489 videan-

482 5580 495 5608 '
535 5586 631 5627 Am.
669 5588 719 5628 ct
743 5586 837 5638 trita,
862 5576 1055 5629 Licteus.

486 5641 500 5703 ξ
538 5649 633 5703 Am.
660 5646 733 5687 Er.
761 5636 1026 5703 etquidem
1052 5646 1178 5697 Mss,
1206 5637 1334 5689 A’alis
1363 5653 1393 5688 tt
1420 5648 1573 5701 mea;
1592 5640 1692 5698 vel,
1713 5636 1771 5687 ab
1789 5646 1900 5688 Oea.

486 5700 505 5729 ι
536 5701 839 5751 (ζοτὶιρίιιῑιδὶε
852 5700 1031 5759 codex,
1056 5712 1185 5759 nunt.

482 5760 504 5791 δ
537 5761 704 5811 Plures
726 5769 850 5823 5333.,
875 5762 1137 5813 sanitatem.

1160 321 1246 374 DE
1287 318 1617 375 BAPTISMO
1655 314 1924 375 CONTRA
1968 318 2407 389 DONATISTAS,
2450 322 2504 377 S.
2548 314 2909 380 AUGUSTI.“

309 442 314 449 ’
364 448 385 459 ’⁷
412 439 503 493 Dei
535 437 701 491 altare
728 434 965 488 habebat
1016 446 1300 485 commune
1348 432 1670 502 Cyprianus.
1704 433 1981 500 Quomodo

3564 330 3673 388 9ιο

2098 446 2199 491 tur.
2237 438 2366 492 Nam
2397 439 2449 492 in
2476 439 2695 508 epistola
2720 456 2874 509 quam
2901 442 3109 510 scripsit
3139 438 3202 496 ad
3236 434 3480 512 Magnum
3504 486 3516 509 ,
3546 458 3669 500 cum

2095 527 2162 580 de
2189 526 2286 581 hac
2325 528 2433 596 ipsa
2468 544 2525 581 re
2551 538 2751 598 ageret,
2778 532 2905 582 satis
2932 540 3219 601 aperteque
3251 533 3364 601 ipse
3396 549 3492 588 nos
3516 549 3671 589 com-

2084 619 2333 685 monuit,
2368 619 2417 672 iu
2461 620 2599 689 quali
2627 620 2641 650 ¹
2665 622 2915 675 societate
2941 634 3182 692 Oporteat
3228 624 3445 695 intelligi
3478 627 3670 681 Eccle«

2092 710 2246 763 siam.
2279 711 2365 763 Ait
2398 712 2561 774 enim,
2591 711 2658 766 de
2681 712 2909 781 quodam
2937 715 3159 784 loquens
3197 733 3209 767 :
3243 716 3448 772 Alienus
3492 719 3582 785 ﬁat
3627 722 3675 773 et

2094 802 2341 872 profanus
2365 803 2629 857 dominica
2670 806 2826 874 pacis,
2856 822 2914 858 ac
2942 806 3207 861 dominica:
3237 810 3441 862 unitatis
3462 808 3672 863 'inimi-

2092 909 2180 945 cus
2207 934 2221 957 ,
2272 909 2374 946 non
2424 893 2654 947 habitans
2681 895 2733 947 in
2771 895 2919 948 domo
2960 895 3087 960 Dei,
3118 898 3172 950 id
3218 908 3307 962 est,
3342 899 3393 952 in
3441 897 3671 953 Ecclesia

2093 979 2302 1048 Christi,
2342 982 2393 1034 in
2431 998 2529 1052 qua
2557 999 2657 1036 non
2683 984 2779 1036 nisi
2802 986 3073 1039 concordes
3097 997 3251 1055 atque
3290 990 3552 1043 unanimes
3578 991 3675 1042 hu-

2094 1071 2252 1123 bitant
2290 1069 2508 1139 (Epist.
2547 1070 2687 1142 69).
2744 1070 2894 1140 Quod
2946 1089 3075 1144 ergo
3116 1074 3200 1128 hic
3236 1075 3479 1141 dicimus,
3536 1094 3668 1146 pau-

2092 1158 2257 1212 lulum
2301 1160 2616 1224 advertant,
2662 1163 2748 1231 qui
2813 1162 2967 1217 nobis
3035 1163 3101 1217 de
3164 1164 3431 1234 Cypriane
3487 1169 3669 1220 volunt

2095 1252 2459 1320 przcscrihere.
2511 1252 2565 1306 Si
2604 1255 2745 1308 enim
2791 1255 2841 1307 in
2896 1256 3131 1310 Ecclesia
3168 1255 3363 1313 Christi
3416 1278 3517 1315 non
3568 1263 3668 1315 nisi

2092 1342 2383 1396 concordes
2410 1354 2570 1413 atque
2594 1345 2871 1399 unanimes
2902 1346 3161 1411 habitant,
3180 1353 3362 1418 procul
3386 1353 3543 1405 dubio
3566 1371 3673 1409 non

2093 1428 2401 1485 habitabant
2430 1434 2479 1485 in
2533 1433 2766 1487 Ecclesia
2816 1433 3053 1501 Christi,
3098 1441 3340 1507 quamvis
3367 1441 3507 1494 intus
3550 1460 3673 1499 esse

2094 1520 2401 1575 viderentur
2430 1564 2446 1587 ,
2492 1524 2562 1577 illi
2604 1526 2690 1592 qui
2746 1540 2842 1594 per
2876 1525 3124 1580 invidiam
3177 1540 3230 1583 et
3276 1535 3670 1589 contentionem

2092 1610 2208 1664 sine
2251 1611 2508 1666 charitate
2574 1614 2841 1667 Christum
2905 1618 3320 1683 anmmtiabant;
3368 1637 3502 1691 quos
3559 1626 3672 1693 ipse

2092 1701 2375 1771 intelligit,
2432 1719 2534 1756 non
2603 1704 2882 1759 hmrcticus
2928 1706 3010 1759 vel
3061 1707 3476 1765 schismaticosa
3509 1712 3673 1767 Paulo

2091 1792 2333 1859 apostolo
2397 1806 2883 1859 commemoratos,
2935 1797 3028 1852 sed
3084 1800 3241 1854 falsos
3296 1799 3484 1856 fratres
3547 1820 3670 1858 cum

2093 1880 2186 1934 illo
2260 1880 2484 1936 interius
2539 1896 2915 1940 conversantes
2979 1886 3250 1961 (Philipp.
3306 1893 3491 1959 1,15,
3537 1893 3669 1965 l7):

2091 1973 2185 2041 qui
2212 1983 2358 2028 certe
2388 1974 2658 2044 baptizare
2712 1993 2816 2031 non
2871 1978 3155 2046 debebant,
3201 1983 3321 2052 quia
3359 1984 3409 2038 in
3437 1987 3671 2043 Ecclesia

2092 2078 2195 2116 non
2227 2062 2570 2127 habitabant,
2601 2067 2652 2120 in
2680 2084 2783 2137 qua
2824 2068 2936 2137 ipse
2985 2068 3112 2125 dicit
3145 2086 3249 2126 non
3287 2072 3526 2130 habitare
3570 2079 3669 2132 nisi

2091 2154 2383 2209 concordes
2408 2166 2463 2209 et
2490 2158 2797 2211 unanimes:
2826 2159 2925 2213 nisi
2960 2158 3097 2215 forte
3142 2163 3422 2232 quisquam
3456 2166 3531 2219 sic
3574 2168 3667 2220 ab-

2092 2243 2275 2298 horret
2299 2260 2326 2298 a
2371 2261 2519 2311 vero,
2545 2257 2603 2301 ut
2627 2248 2768 2302 dicat
2799 2251 3090 2306 concordes
3116 2263 3168 2307 et
3201 2257 3474 2311 unanimes
3507 2258 3668 2312 fuisse

2092 2333 2301 2386 invidos
2324 2344 2377 2387 et
2407 2336 2720 2402 malevolos,
2748 2346 2802 2391 et
2837 2338 2952 2392 sine
2975 2338 3234 2396 charitate
3270 2346 3629 2400 contentiosos
3656 2366 3666 2399 :

2091 2432 2145 2476 et
2192 2431 2366 2477 tamen
2417 2424 2785 2491 baptizabant,
2842 2442 2943 2482 nec
2983 2444 3170 2483 eorum
3222 2432 3318 2486 ista
3354 2433 3671 2491 detestanda

2092 2513 2412 2581 perversitas
2447 2514 2850 2570 S-icrameutum
2877 2516 3098 2583 Christi,
3137 2521 3280 2590 quod
3314 2539 3407 2591 per
3442 2539 3534 2579 eos
3562 2536 3669 2580 ίΙῖΙο

2090 2603 2335 2658 ctabatur
2358 2613 2412 2659 et
2445 2605 2873 2675 dispensabatur,
2905 2608 3079 2679 aliqua
3116 2627 3179 2665 ex
3214 2622 3362 2681 parte
3394 2616 3669 2671 minuebat

2091 2701 2249 2760 atque
2274 2693 2525 2747 violabat.

2160 2780 2389 2838 CAPUT
2428 2783 2488 2836 L.
2508 2814 2578 2824 --
2604 2784 2691 2839 9‘8.
2723 2785 2914 2841 Totum
2947 2802 3077 2844 sane
3103 2791 3273 2859 ipsum
3305 2793 3481 2847 locum
3505 2794 3553 2847 in
3575 2810 3665 2849 ea.

2091 2869 2210 2924 dem
2234 2871 2297 2924 ad
2326 2871 2569 2941 Magnum
2598 2876 2819 2942 epistola
2846 2879 3076 2946 positum
3104 2896 3284 2949 opera:
3324 2883 3553 2953 pretium
3580 2895 3663 2939 est

2091 2972 2443 3029 pertractare,
2468 2978 2624 3033 quem
2651 2964 2720 3018 ita
2744 2970 3037 3022 contexuit.
3062 2968 3181 3023 Non
3203 2971 3455 3038 habitans,
3479 2974 3670 3043 inquit,

2089 3051 2142 3103 in
2167 3052 2316 3104 domo
2346 3051 2462 3116 Dei,
2484 3055 2538 3106 id
2561 3064 2653 3121 est,
2686 3054 2739 3108 in
2763 3054 2991 3110 Ecclesia
3017 3057 3225 3126 Christi,
3248 3063 3298 3114 in
3322 3078 3422 3132 qua
3448 3079 3545 3117 non
3570 3066 3671 3117 nisi

2089 3141 2359 3196 concordes
2377 3152 2527 3213 atque
2550 3146 2815 3199 unanimes
2838 3146 3085 3214 habitant,
3111 3148 3343 3219 loquente
3360 3153 3412 3205 ln
3452 3151 3672 3206 Psalmis

2091 3231 2290 3300 Spiritu
2315 3242 2509 3300 sancto,
2549 3243 2596 3287 et
2639 3234 2853 3300 dicente,
2886 3255 2903 3287 ι
2946 3237 3085 3292 Deus
3124 3240 3209 3309 qui
3246 3241 3525 3295 inhabitare
3549 3243 3675 3311 facit

2089 3324 2350 3377 unanimes
2375 3325 2427 3377 in
2449 3325 2599 3379 domo
2630 3344 2649 3378 ι
2704 3325 2889 3398 (Prol.
2922 3344 3086 3397 van,
3115 3330 3192 3401 7).
3225 3331 3451 3402 Denique
3478 3336 3668 3385 unani—

2091 3414 2262 3468 mitate
2280 3413 2592 3470 Christianos
2612 3417 2763 3485 ﬁrma
2788 3418 2883 3472 sibi
2906 3430 3055 3491 atque
3068 3421 3391 3492 inseparabili
3416 3424 3664 3477 charitate

2091 3518 2339 3557 connexos
2366 3504 2407 3569 ³,
2438 3507 2586 3558 etiam
2626 3506 2736 3575 ipsa
2770 3506 3038 3561 Dominica
3078 3512 3332 3577 sacrificia
3376 3512 3661 3566 declarant.

2093 3590 2230 3645 Nam
2250 3593 2452 3659 quando
2472 3592 2722 3647 Dominus
2746 3611 2930 3665 corpus
2954 3613 3099 3649 suum
3117 3614 3300 3667 panem
3320 3612 3464 3654 vocat
3485 3602 3670 3669 (Joan.

2091 3697 2164 3747 v1,
2193 3681 2307 3749 52),
2336 3682 2398 3735 de
2418 3683 2693 3736 multorum
2714 3699 2987 3754 granorum
3007 3686 3314 3741 adunationc
3340 3701 3630 3760 congestum
3656 3708 3675 3751 :

2092 3772 2333 3845 populum
2359 3782 2603 3841 nostrum,
2631 3790 2775 3844 quem
2796 3776 3045 3845 portabat,
3067 3776 3255 3831 indicat
3277 3778 3559 3833 adamatum
3583 3797 3601 3834 :
3623 3794 3672 3835 et

2091 3866 2294 3927 quando
2327 3866 2623 3936 sanguinem
2646 3883 2791 3920 suum
2818 3867 3237 3937 vinum'appellat
3278 3868 3489 3941 (Matth.
3524 3888 3671 3935 XXVI,

2091 3957 2303 4028 26-29),
2333 3958 2395 4011 de
2422 3958 2574 4012 botris
2592 3968 2742 4028 atque
2758 3959 2918 4013 acinis
2933 3960 3161 4030 plurimis
3184 3976 3495 4031 expressum,
3518 3972 3670 4031 atque

2092 4047 2146 4101 in
2172 4064 2329 4101 unum
2349 4056 2616 4113 coactum;
2640 4064 2839 4119 gregem
2866 4050 2987 4102 item
3010 4058 3235 4104 nostrum
3251 4051 3506 4122 signiﬁcat
3528 4068 3670 4105 com-

2094 4138 2338 4191 mixtione
2360 4137 2599 4190 adunata:
2640 4138 2983 4192 multitudinis
3002 4140 3311 4207 copulatum.
3356 4140 3481 4194 Haec
3508 4141 3673 4194 verba

2094 4228 2233 4283 beati
2260 4227 2510 4299 Cypriani
2540 4227 2776 4282 indicant
2799 4242 2919 4283 eum
2941 4240 2991 4284 et
3012 4230 3333 4285 intellexisse
3352 4242 3405 4285 et
3422 4230 3675 4286 dilexisse

2095 4320 2346 4375 decorem
2374 4320 2568 4374 damus
2612 4320 2738 4386 Dei,
2791 4335 2948 4389 quam
2976 4320 3192 4376 domum
3223 4337 3287 4376 ex
3313 4323 3575 4377 unanimis
3618 4332 3672 4375 et

2094 4410 2450 4467 concordibus
2474 4419 2721 4464 constare
2747 4409 3051 4479 afﬁrmavit,
3083 4422 3135 4467 et
3160 4412 3342 4468 docuit
3367 4402 3671 4468 testimonio

2096 4499 2425 4569 prophetico,
2456 4508 2510 4552 et
2538 4498 2920 4568 signiﬁcatione
2944 4500 3411 4556 Saeramentorum
3437 4520 3452 4555 :
3483 4503 3534 4557 in
3563 4512 3668 4572 qua

2096 4590 2278 4657 utique
2300 4600 2407 4642 non
2425 4596 2575 4642 erant
2592 4589 2668 4642 illi
2688 4588 2870 4655 invidi,
2889 4600 2945 4643 et
2970 4592 3085 4645 sine
3112 4591 3375 4646 charitate
3401 4593 3669 4657 malemli,

2096 4680 2186 4748 qui
2214 4687 2389 4733 tamen
2418 4677 2774 4749 baptizabant.
2803 4679 2880 4732 Ex
2914 4695 3021 4749 quo
3044 4692 3265 4750 apparet
3293 4692 3348 4736 et
3373 4683 3422 4735 in
3449 4682 3527 4735 eis
3553 4696 3676 4736 esse

2097 4784 2257 4842 posse
2276 4810 2290 4835 ,
2317 4779 2474 4839 atque
2502 4770 2569 4824 ab
2592 4770 2672 4824 eis
2692 4769 2805 4823 dari
2846 4785 3001 4840 posse
3023 4770 3425 4827 Sacramentum
3450 4772 3674 4839 Christi,

2097 4860 2186 4931 qui
2210 4875 2315 4915 non
2345 4868 2469 4915 sunt
2492 4861 2544 4914 in
2567 4860 2800 4915 Ecclesia
2825 4861 3044 4927 Christi,
3065 4864 3235 4931 inqua
3266 4850 3372 4918 non
3404 4864 3501 4917 nisi
3541 4879 3678 4917 una-

2098 4950 2269 5005 nimes
2298 4959 2351 5005 et
2379 4951 2675 5005 concordes
2700 4950 2939 5004 habitare
2963 4951 3263 5022 Cyprianus
3290 4954 3401 5021 ipse
3428 4963 3673 5007 testatur.

2099 5040 2281 5111 Neque
2306 5041 2448 5096 enim
2478 5041 2669 5096 saltem
2713 5042 2815 5095 hoc
2837 5041 2940 5096 dici
2987 5051 3192 5110 potest,
3241 5053 3365 5097 tunc
3408 5044 3679 5112 baptizare

2101 5150 2392 5205 possecum
2415 5134 2881 5204 latent:quoniam
2913 5134 2986 5187 illi
3017 5136 3231 5188 Paulum
3251 5136 3548 5204 apostolum
3570 5152 3677 5189 non

2103 5226 2356 5293 latebant,
2387 5241 2521 5295 quos
2552 5227 2601 5281 iu
2628 5226 2863 5295 Epistola
2892 5241 2985 5279 sua
3018 5229 3385 5282 veraeissimus
3408 5230 3557 5282 testis
3586 5244 3679 5281 no-

2103 5327 2198 5381 tat,
2221 5326 2275 5372 et
2301 5317 2533 5387 gaudere
2562 5331 2619 5370 se
2640 5316 2788 5382 dicit,
2818 5316 3064 5386 quouinu
3098 5327 3150 5370 ct
3178 5317 3559 5386 ipsiChristum
3580 5335 3677 5370 an-

2103 5406 2431 5461 nuntiabant.
2466 5405 2540 5459 De
2562 5404 2645 5458 his
2672 5405 2867 5475 quippe
2895 5405 2988 5468 ait,
3018 5404 3136 5459 Sive
3174 5408 3451 5467 occasione,
3480 5407 3588 5459 sire
3602 5424 3684 5460 ve-

2130 5519 2183 5585 ηι
2204 5523 2285 5585 ιω
2306 5517 2499 5578 optima:
2522 5523 2648 5564 nota
2686 5515 2842 5565 codex
2880 5517 3202 5565 Corbciensis.
3230 5526 3284 5567 Αι
3317 5516 3453 5574 editi,
3496 5514 3676 5574 inqua

2105 5578 2352 5700 ιώξιλμιιξ
2375 5636 2673 5700 cyprianum,
2696 5649 2754 5685 ac
2775 5634 2953 5700 dicitur
2976 5637 3185 5693 mutatis.

2172 5701 2193 5731 ³
2225 5696 2352 5760 si_ud
2375 5696 2670 5760 Ljprianum,
2706 5696 3062 5760 immunitatem
3082 5698 3405 5749 Cltristiamnn
3433 5696 3577 5760 ﬁrma
3600 5700 3695 5748 sibi

2111 5766 2250 5822 atque
2264 5756 2569 5821 inseparabili
2593 5757 2825 5807 charitate
2848 5771 3127 5809 caruissem.

3688 3328 3725 3337 κ
