4028 6202
335 373 434 428 251

331 574 460 631 debo
487 579 755 651 (Philipp.
785 601 820 651 ι,
856 574 965 655 t8).

401 668 631 727 CAPUT
668 674 751 728 ιι.
787 706 858 716 -
889 679 978 733 99.
1012 680 1212 747 Quibus
1242 687 1488 744 omnibus
1517 692 1867 750 consideratis
1892 739 1907 762 ,

328 769 459 826 puto
480 776 568 815 me
595 779 700 817 non
720 775 916 823 temere
936 769 1281 838 diccre,alios
1299 777 1368 831 ita
1395 793 1514 834 esse
1532 782 1582 836 in
1605 784 1765 838 domo
1792 785 1906 852 Dei,
1932 787 1945 796 ’

325 859 385 902 ιιι
431 852 532 920 ipsi
563 855 722 908 etiam
762 857 869 911 sint
903 861 1089 916 eadem
1145 864 1336 921 domus
1389 869 1523 933 Dei,
1562 888 1680 942 qua:
1708 875 1908 931 dicitur

321 938 580 995 mdilicari
620 958 780 1011 super
806 958 1006 1015 petram
1051 949 1264 1022 (Matth.
1299 972 1422 1021 xvt,
1464 938 1722 1030 l8),vqute
1750 965 1903 1020 unica

316 1027 566 1082 columba
598 1034 894 1099 appellatur
914 1037 1086 1106 (Cant.
1121 1056 1192 1103 vt,
1215 1042 1293 1112 8),
1322 1060 1441 1113 qua:
1466 1027 1657 1118 sponsa
1682 1052 1899 1121 pulchra

313 1116 434 1170 sine
456 1121 666 1174 macula
685 1131 737 1176 et
758 1140 881 1194 ruga
908 1127 984 1199 (a)
1017 1128 1232 1200 (Ep/tes.
1265 1149 1317 1201 ν,
1336 1134 1454 1206 27),
1476 1116 1529 1192 et
1556 1116 1739 1196 hortus
1765 1158 1897 1199 con-

311 1206 497 1261 clusus
520 1249 537 1273 ,
570 1208 690 1264 fons
716 1213 956 1283 signatus
979 1257 994 1282 ,
1036 1230 1227 1287 puteus
1256 1238 1405 1292 aqua:
1430 1226 1583 1294 vivae,
1622 1232 1896 1299 paradisus

304 1309 434 1349 cum
456 1297 630 1353 fructu
656 1316 933 1369 pomorum
978 1307 1147 1379 (Cant.
1183 1327 1254 1378 tv,
1284 1304 1368 1377 12,
1409 1317 1497 1388 l5)
1525 1338 1537 1371 :
1562 1297 1678 1389 quae
1704 1322 1893 1381 domus

304 1385 470 1440 etiam
520 1388 698 1445 claves
732 1395 974 1463 accepit,
1017 1413 1081 1453 ac
1116 1410 1433 1469 potestatem
1475 1385 1712 1466 solvendi
1746 1423 1800 1468 et
1835 1415 1892 1469 li-

302 1475 463 1542 gandi
490 1476 703 1546 (Matth.
731 1498 839 1549 xvr,
866 1484 973 1556 19).
998 1488 1143 1544 lianc
1167 1490 1380 1549 domum
1402 1496 1446 1550 si
1463 1499 1579 1567 quis
1593 1503 1888 1573 corripien-

304 1576 412 1620 tetn
439 1569 903 1643 corrigentemque
936 1583 1356 1651 contempserit,
1392 1585 1474 1641 Sit
1504 1589 1591 1643 tibi
1616 1631 1631 1655 ,
1662 1569 1833 1661 inquit
1863 1635 1878 1660 ,

297 1666 545 1724 tanquam
570 1661 797 1717 ethnicus
824 1673 872 1717 et
893 1667 1191 1732 publicanus
1215 1671 1342 1744 (1d.
1374 1691 1521 1743 xvut,
1546 1678 1657 1753 17).
1689 1681 1766 1738 De
1784 1683 1884 1741 hac

293 1744 460 1800 domo
496 1748 713 1817 dicitur,
746 1752 979 1824 Domine,
1008 1759 1166 1814 dilexi
1202 1765 1432 1820 decorent
1452 1744 1632 1825 domus
1655 1782 1791 1839 tute,
1833 1787 1882 1830 et

292 1838 465 1893 locum
498 1842 823 1902 habitationis
850 1851 1028 1921 gloria:
1059 1863 1163 1909 tute
1188 1857 1356 1926 (Psal.
1382 1877 1506 1927 xxv,
1536 1864 1592 1936 8)
1625 1881 1639 1931 ;
1672 1876 1744 1934 et,
1779 1867 1880 1934 Qui

291 1928 529 1986 habitare
572 1936 696 2004 facit
737 1941 1000 1996 unanimes
1029 1944 1082 1997 in
1107 1946 1256 2000 domo
1278 1948 1297 2017 (
1316 1948 1461 2005 Psal.
1488 1928 1646 2022 uio,
1679 1928 1873 2030 7)';i‘et,

285 2016 615 2078 lucundatus
630 2042 742 2079 sum
763 2028 815 2081 in
854 2030 933 2084 Itis
959 2048 1071 2101 quae
1093 2016 1329 2091 dixerunt
1352 2042 1477 2094 milii
1508 2084 1523 2109 ,
1576 2043 1643 2098 In
1667 2016 1874 2102 domum

288 2108 498 2165 Domini
521 2114 701 2170 ibimus
725 2119 743 2187 (
765 2117 908 2175 Psal.
950 2139 1091 2191 CXXI,
1120 2126 1212 2197 1);
1245 2137 1320 2192 et,
1354 2129 1498 2185 Beati
1536 2135 1622 2203 qui
1646 2136 1873 2193 habitant

290 2203 341 2253 in
368 2203 524 2257 domo
551 2215 660 2273 tua,
694 2207 942 2275 Domine;
967 2214 1019 2267 in
1050 2217 1236 2270 swcula
1259 2220 1559 2276 stcrulorum
1590 2227 1869 2283 laudabunt

284 2301 332 2344 te
356 2292 375 2360 (
405 2292 550 2347 Psal.
578 2311 792 2364 Lxxxut,
818 2301 910 2369 5);
939 2313 994 2356 et
1022 2304 1421 2363 innumerabilia
1454 2313 1591 2367 talia.
1620 2315 1744 2371 H'ec
1772 2318 1867 2373 do-

287 2399 405 2438 mus
430 2386 592 2439 etiam
623 2389 851 2445 triticum
882 2392 1094 2461 dicitur,
1124 2396 1238 2450 sive
1268 2398 1548 2469 tricenutn,
1574 2405 1687 2459 sive
1713 2422 1865 2462 sexa-

285 2488 477 2543 genum
504 2518 520 2543 ,
563 2479 677 2535 sive
720 2491 1004 2538 centenum
1058 2485 1283 2541 fructum
1314 2490 1542 2547 afferens
1570 2510 1688 2549 cum
1723 2499 1855 2552 tole—

290 2569 457 2622 rantia
478 2568 694 2640 (Matth.
726 2588 838 2639 xui,
868 2576 969 2640 25,
992 2586 1039 2629 et
1070 2578 1193 2631 Luc.
1226 2597 1338 2647 vui,
1382 2584 1492 2655 l5).
1522 2585 1646 2641 ilice
1672 2588 1861 2646 domus

281 2668 360 2713 est
389 2660 442 2712 in
490 2663 634 2717 vasis
684 2666 861 2721 aureis
909 2676 963 2722 et
1001 2673 1269 2739 argenteis
1294 2672 1313 2741 (
1342 2674 1379 2727 ll
1416 2675 1543 2730 Tim.
1579 2694 1631 2742 ιι,
1662 2679 1776 2751 20),
1805 2691 1859 2736 et

284 2748 545 2817 lapidibus
576 2753 841 2819 pretiosis,
875 2766 929 2810 et
951 2757 1110 2827 lignis
1138 2760 1568 2829 imputribilibus.
1601 2748 1741 2821 Huic.
1761 2770 1857 2824 do-

280 2839 386 2891 tnui
411 2839 625 2905 dicitur,
651 2843 959 2909 Sufferentes
987 2849 1195 2903 invicem
1217 2853 1266 2905 in
1294 2854 1574 2919 dilectione.
1598 2859 1853 2916 studentes

276 2944 473 2983 seruare
502 2934 745 2986 unitatem
785 2937 999 3005 spiritus
1046 2941 1096 2993 in
1125 2942 1321 2997 vinculo
1352 2947 1491 3014 pacis
1524 2948 1748 3019 (Ephes.
1776 2967 1847 3017 tv,

273 3018 327 3081 2,
355 3019 449 3088 3);
477 3031 553 3087 ct,
598 3022 857 3092 Templum
903 3029 1035 3080 enim
1066 3029 1158 3083 Dei
1188 3045 1416 3087 sanctum
1446 3047 1539 3101 est,
1571 3018 1704 3106 quod
1734 3044 1849 3096 estis

272 3126 351 3165 ros
381 3112 423 3181 (Ι
446 3111 565 3167 Cor.
594 3130 671 3181 ιιι,
704 3117 810 3185 17).
843 3118 965 3172 llzec
991 3121 1185 3189 quippe
1209 3123 1259 3177 in
1289 3124 1442 3178 bonis
1472 3125 1711 3183 fidelibus
1732 3140 1843 3197 est,

268 3213 318 3255 et
364 3205 569 3259 sanctis
619 3206 709 3262 Dei
767 3211 937 3264 servis
968 3211 1161 3281 ubique
1193 3214 1449 3285 dispersis
1478 3228 1531 3272 ct
1583 3222 1843 3289 spirituali

269 3292 470 3349 unitate
497 3294 757 3352 devinctis
788 3298 839 3352 in
893 3300 1082 3355 eadem
1120 3306 1496 3361 communione
1526 3308 1843 3366 Sacramen-

265 3390 455 3446 torum,
474 3385 587 3439 sive
604 3402 663 3441 se
689 3387 821 3442 facie
851 3392 1115 3457 noverint,
1134 3394 1246 3449 sive
1273 3412 1376 3448 non
1403 3402 1663 3453 noverint.
1695 3403 1841 3457 Alios

266 3484 441 3529 autem
484 3479 555 3531 ita
601 3478 704 3533 dici
737 3496 858 3535 esse
891 3483 941 3535 in
987 3484 1170 3549 domo,
1201 3496 1255 3539 ut
1292 3504 1395 3541 non
1426 3492 1726 3557 pertineant
1771 3495 1835 3547 ad

263 3579 568 3637 compagem
591 3568 802 3634 domus,
834 3587 931 3627 nec
951 3573 1015 3627 ad
1043 3577 1351 3632 societatem
1378 3581 1663 3637 fructiferte
1694 3586 1837 3654 pati-

269 3651 484 3723 licmque
502 3657 759 3725 justitiie;
807 3662 899 3715 sed
935 3663 1071 3717 sicut
1092 3679 1211 3720 esse
1240 3668 1389 3735 palea
1426 3669 1619 3726 dicitur
1644 3651 1833 3729 ιιι-[ιου-

265 3744 451 3798 mentis
475 3763 489 3799 :
509 3762 630 3801 nam
656 3758 707 3803 et
736 3749 866 3805 istos
895 3766 1016 3808 esse
1056 3754 1109 3807 in
1136 3755 1317 3823 domo,
1351 3774 1547 3829 negare
1577 3779 1679 3815 non
1707 3780 1833 3833 pos-

261 3849 459 3899 sumus,
499 3838 708 3894 diccnte
732 3843 989 3910 Apostolo
1011 3886 1026 3911 ,
1054 3843 1121 3899 1η
1142 3864 1327 3918 magna
1354 3861 1519 3904 autem
1544 3853 1692 3906 domo
1715 3873 1816 3909 non

260 3926 415 3978 solum
448 3944 606 3982 aurea
629 3946 749 3983 vasa
777 3942 893 3987 sunt
917 3935 993 3989 vel
1020 3947 1276 4007 argentea,
1320 3940 1409 3995 sed
1428 3950 1473 3995 et
1499 3942 1663 4012 lignea
1682 3956 1728 3998 ct
1767 3947 1831 4015 fi-

257 4018 426 4081 ctilia;
453 4029 501 4072 et
542 4021 648 4078 alia
688 4024 889 4091 quidem
918 4037 1036 4079 sunt
1080 4029 1133 4081 in
1180 4029 1419 4084 honorem
1445 4073 1460 4095 ,
1488 4034 1590 4087 alia
1638 4051 1750 4089 vero
1777 4038 1828 4091 in

260 4112 610 4169 contumeliam
640 4114 704 4186 (ll
733 4115 866 4169 Tim.
907 4134 963 4184 ιι,
990 4120 1085 4187 20)
1121 4122 1218 4190 (a).
1248 4122 1325 4177 Ex
1377 4123 1479 4179 hoc
1503 4142 1725 4184 numero
1748 4129 1829 4183 in-

258 4205 587 4272 numerabili,
617 4222 722 4261 non
749 4209 921 4262 solum
959 4211 1112 4266 turba
1143 4214 1284 4267 intus
1318 4231 1566 4283 premens
1584 4233 1826 4288 corpau-

254 4309 429 4349 eorum
452 4297 505 4350 in
529 4306 691 4353 tanta:
714 4301 1064 4357 multitudinis
1079 4307 1475 4374 comparatione
1496 4320 1822 4376 sanctorum,

252 4385 337 4439 sed
366 4388 527 4441 etiam
556 4388 810 4459 disruplis
834 4392 1041 4448 retibus
1070 4392 1305 4450 haereses
1332 4404 1385 4451 et
1404 4397 1688 4454 schismata
1712 4402 1823 4456 exi-

250 4484 387 4531 stunt
416 4479 470 4532 in
511 4480 592 4533 eis
611 4520 626 4544 ,
656 4482 742 4554 qui
764 4482 873 4550 jam
904 4483 1069 4553 magis
1089 4498 1154 4538 ex
1183 4484 1346 4540 domo
1370 4503 1528 4557 quam
1560 4491 1609 4542 in
1650 4491 1818 4547 domo

252 4580 366 4621 esse
401 4568 614 4623 dicendi
642 4582 786 4636 sunt,
835 4572 903 4627 de
944 4573 1136 4641 quibus
1168 4574 1382 4643 dicitur,
1414 4577 1495 4631 Ex
1520 4580 1661 4633 nobis
1689 4581 1823 4635 exie-

256 4666 384 4723 runt,
406 4658 498 4711 sed
517 4675 619 4712 non
643 4668 785 4713 erant
807 4676 870 4714 ea:
896 4662 1036 4716 nobis
1063 4662 1083 4733 (
1106 4662 1123 4716 I
1144 4662 1300 4717 Joan.
1329 4681 1386 4727 tt,
1437 4667 1547 4736 19).
1592 4668 1820 4737 Separa-

253 4747 406 4802 tiores
431 4750 575 4803 enim
615 4760 739 4804 sunt
779 4751 890 4819 jam
938 4753 1099 4807 etiam
1129 4757 1480 4823 corporaliter
1512 4762 1816 4830 segregati,

247 4854 397 4906 quam
428 4841 504 4894 illi
531 4842 619 4911 qui
647 4841 873 4897 interius
899 4844 1190 4903 carnaliter
1208 4854 1263 4900 et
1286 4847 1584 4905 aniutaliter
1614 4852 1813 4917 vivunt,

246 4941 295 4984 ct
319 4932 666 5000 spiritualiter
690 4935 921 5003 separati
955 4944 1100 4991 sunt.

303 5008 526 5079 (ΣᾹΡΠΪ
568 5024 674 5078 LII.
704 5054 777 5065 —
803 5025 923 5080 100.
954 5025 1154 5082 Horum
1182 5038 1359 5083 autem
1382 5030 1619 5083 omnium
1642 5046 1805 5101 gone.

244 5126 352 5165 rum
379 5114 455 5168 illi
479 5115 656 5184 primi,
688 5117 775 5186 qui
804 5117 882 5172 sic
926 5126 1049 5172 sunt
1076 5119 1126 5172 in
1157 5118 1319 5174 domo
1346 5120 1469 5181 Dei,
1501 5130 1557 5173 ut
1584 5122 1679 5192 ipsi
1707 5123 1815 5178 sint

243 5205 420 5261 domus
448 5207 562 5271 Dei,
589 5209 703 5262 sive
733 5208 841 5277 jam
870 5210 1171 5279 spirituales
1195 5215 1331 5275 sint,
1359 5213 1469 5265 sive
1498 5214 1668 5267 adhuc
1697 5232 1814 5283 par-
1846 5256 1851 5263 .

242 5296 337 5350 mli
366 5297 502 5353 lacte
545 5299 848 5354 nutriantur
870 5341 885 5366 ,
933 5300 1025 5355 sed
1056 5311 1227 5357 tamen
1259 5302 1323 5356 ad
1363 5304 1639 5372 spirituale
1666 5305 1814 5359 habi-

248 5396 351 5441 tum
377 5390 583 5444 intento
605 5391 768 5445 corde
790 5391 1102 5460 proﬁciant,
1134 5408 1288 5448 nemo
1314 5393 1519 5449 dubitat
1546 5396 1684 5465 quod
1712 5396 1810 5449 Ba-

247 5478 488 5543 ptisnttttn
519 5492 571 5535 et
594 5481 791 5535 utiliter
818 5481 1067 5549 habeant,
1099 5492 1152 5537 et
1175 5499 1233 5537 se
1259 5484 1582 5540 imitantibus
1606 5487 1804 5541 utiliter

244 5567 445 5622 tradant
480 5584 501 5622 :‘
546 5569 683 5624 lictis
720 5580 918 5636 autem,
965 5585 1096 5643 quos
1125 5570 1350 5641 Spiritus
1397 5588 1608 5629 Sanctus
1656 5576 1805 5648 fugit,

290 5762 363 5825 (a)
387 5771 419 5813 tt
445 5772 635 5817 neti-aet
659 5799 673 5827 ,
696 5778 801 5828 cap.
831 5765 903 5815 18.

1680 396 1879 453 LIBER
1916 398 2268 463 SEPTIMUS.

329 487 481 541 ritate
503 489 734 545 Christus
753 498 1092 563 anmmtietur,
1116 510 1162 553 et
1183 502 1232 555 in
1260 503 1352 558 hoc
1367 506 1581 575 gaudeo,
1606 510 1693 562 sed
1714 520 1760 564 et
1785 528 1915 580 gau-

3501 438 3636 498 9121

1963 586 1972 594 _
2027 519 2126 571 etsi
2152 519 2271 588 ipsi,
2294 538 2546 593 quantum
2576 531 2628 586 in
2658 538 2737 591 eis
2762 548 2882 605 est,
2913 544 3112 599 utiliter
3140 546 3384 617 tradunt,
3412 550 3495 608 illi
3514 558 3610 610 tam.

2022 622 2145 662 men
2188 610 2442 671 inutiliter
2476 622 2755 693 accipiunt,
2792 645 2895 685 non
2928 632 3193 692 imitantes
3210 654 3309 694 eos
3335 655 3635 715 per'qttosv'.

2019 699 2300 769 accipiunt.
2333 705 2410 762 Illi
2438 725 2564 767 vero
2587 717 2675 784 qui
2715 720 2794 775 sic
2828 733 2950 777 sunt
2980 726 3030 779 in
3062 743 3248 800 magna
3278 732 3436 789 domo
3468 748 3584 794 tan—

2016 802 2170 856 quam
2196 807 2318 849 vasa
2346 797 2398 852 in
2427 808 2798 863 contumeliam
2818 852 2832 876 ,
2861 822 2918 867 et
2950 797 3203 874 inutiliter
3245 821 3438 879 habent
3474 828 3578 883 Ba?—

2014 880 2284 949 ptismum,
2325 896 2377 942 et
2407 904 2466 946 se
2498 892 2823 955 imitantibus
2872 904 3129 963 inutiliter
3166 912 3377 969 tradunt
3435 934 3448 969 :
3503 919 3595 974 illi:

2011 983 2172 1037 porro
2197 974 2264 1028 ab
2288 978 2367 1032 eis
2412 981 2613 1040 utiliter
2640 992 2935 1060 accipiunt,
2962 999 3051 1066 qui
3099 1016 3205 1056 non
3253 1004 3379 1074 ipsis
3417 1011 3589 1066 corde-

2006 1066 2165 1129 atque
2201 1068 2457 1137 moribus,
2504 1075 2600 1129 sed
2643 1090 2841 1138 sanctae
2881 1084 3061 1142 domui
3112 1066 3445 1161 capulantur.
3477 1099 3605 1165 Qui:-

2004 1160 2180 1206 autem
2226 1162 2598 1231 separatiores,
2650 1184 2756 1225 non
2795 1175 2960 1244 magis
3005 1177 3057 1232 in
3098 1160 3258 1236 domo
3305 1200 3460 1254 quam
3509 1203 3599 1245 eis:

2002 1238 2161 1297 domo
2190 1257 2332 1314 sunt,
2378 1266 2549 1323 neque
2573 1261 2790 1316 omnino
2817 1238 3016 1321 utiliter
3039 1267 3274 1339 habent,
3308 1238 3479 1346 deque
3504 1280 3569 1334 ab
3586 1302 3600 1327 <-

1997 1330 2076 1386 eis
2107 1336 2305 1394 utiliter
2330 1344 2604 1415 accipitur,
2635 1351 2737 1406 nisi
2766 1354 2901 1411 forte
2941 1360 3234 1430 accipiendi
3276 1330 3601 1425 necessitas

1997 1436 2199 1494 urgeat,
2231 1438 2287 1483 et
2312 1433 2621 1504 accipientis
2648 1443 2859 1500 animus
2883 1448 2951 1503 ab
2979 1452 3195 1507 unitatis
3224 1456 3434 1513 vinculo
3464 1478 3568 1518 non
3598 1500 3601 1503 ι

1994 1517 2248 1609 recedat:
2281 1530 2454 1579 tamen
2495 1536 2550 1582 et
2594 1530 2806 1600 habent,
2842 1552 3141 1609 quanquam
3189 1544 3443 1604 inutiliter
3471 1553 3566 1608 ha-

1991 1600 2183 1671 beant;
2215 1618 2268 1664 et
2295 1614 2551 1685 accipitur
2572 1619 2640 1674 ab
2666 1622 2763 1688 eis,
2794 1600 2953 1680 etiam
2994 1600 3115 1684 cum
3150 1632 3333 1691 inutile
3371 1649 3451 1693 est
3475 1657 3569 1696 ac-

1988 1693 2334 1767 cipientibus;
2379 1707 2520 1775 quod
2576 1719 2632 1764 ut
2670 1711 2762 1767 flat
2804 1716 2952 1783 utile,
2993 1718 3060 1773 ab
3089 1721 3279 1780 hmresi
3310 1728 3392 1783 vel
3420 1693 3562 1785 schi-

1986 1799 2157 1843 smate
2187 1794 2538 1853 recedendum
2569 1812 2683 1869 est,
2723 1813 2779 1859 et
2818 1807 2890 1860 illi
2931 1807 3111 1865 domui
3141 1814 3513 1874 cohmrendum
3548 1841 3559 1875 :

1985 1878 2123 1945 quod
2155 1896 2258 1936 non
2303 1884 2475 1940 solum
2527 1888 2757 1947 hieretici
2795 1904 2848 1949 et
2889 1898 3229 1970 sehismatici,
3267 1907 3359 1961 sed
3403 1910 3560 1965 etiam

1986 1966 2058 2021 illi
2081 1967 2256 2026 facere
2278 1972 2513 2045 debent,
2544 1981 2631 2049 qui
2667 1982 2745 2037 sic
2771 1997 2895 2040 sunt
2922 1984 2974 2041 in
3003 1988 3164 2047 domo
3198 1966 3296 2062 per
3324 2011 3560 2055 commu-

1982 2055 2191 2112 nionem
2223 2061 2715 2137 Sacramentorum,
2759 2081 2818 2127 ut
2855 2084 3006 2131 extra
3048 2078 3262 2136 domum
3307 2082 3414 2142 sint
3466 2104 3559 2157 per

1978 2144 2337 2204 diversitatem
2380 2169 2586 2210 morum
2650 2176 2663 2212 :
2720 2161 2797 2216 sic
2840 2164 2982 2220 enim
3023 2177 3075 2223 et
3102 2169 3231 2238 ipsis
3250 2174 3385 2229 utile
3412 2175 3544 2231 inci-

1977 2235 2053 2303 pit
2078 2252 2195 2292 csse
2219 2238 2638 2311 Sacratnentum,
2674 2250 2814 2319 quod
2835 2254 2989 2310 aliter
3012 2235 3194 2315 inutile
3217 2271 3319 2317 est.

2046 2326 2271 2384 CAPUT
2320 2331 2448 2387 Llll.
2490 2365 2557 2378 --
2598 2338 2720 2393 101.
2751 2340 2898 2398 Solet
2940 2347 3098 2402 etiam
3144 2353 3330 2421 qutcri,
3374 2364 3547 2411 utrum

1970 2419 2367 2485 approbandum
2398 2425 2467 2479 sit
2496 2425 2782 2497 Baptisma,
2811 2435 2949 2503 quod
2976 2438 3126 2494 abeo
3149 2419 3236 2510 qui
3263 2460 3365 2498 non
3388 2461 3541 2501 acce-

1970 2506 2065 2573 pit.
2090 2510 2365 2579 accipitur,
2408 2514 2451 2568 si
2484 2514 2618 2571 forte
2657 2518 2755 2575 hoc
2779 2523 3085 2582 curiositate
3108 2506 3285 2600 aliqua
3318 2535 3330 2564 ¹
3363 2535 3546 2591 didicit

1965 2600 2407 2663 quemadmodum
2440 2604 2669 2663 dandum
2699 2612 2766 2665 sit
2797 2628 2811 2666 :
2842 2622 2896 2668 et
2936 2625 3115 2672 utrum
3148 2621 3274 2675 nihil
3312 2624 3537 2692 intersit,

1964 2701 2069 2754 quo
2095 2690 2274 2743 animo
2296 2693 2519 2764 accipiat
2562 2697 2649 2754 ille
2675 2702 2757 2754 cui
2788 2702 2980 2772 datur,
3010 2722 3130 2762 cum
3177 2711 3536 2783 simulatione,

1960 2792 2027 2830 an
2072 2779 2186 2834 sine
2238 2781 2573 2841 simulatione
2631 2806 2643 2840 :
2702 2791 2744 2844 si
2788 2806 2908 2846 cum
2957 2796 3314 2868 simulatione,
3363 2814 3537 2860 utrutn

1961 2867 2167 2935 fallens,
2208 2873 2348 2927 sicut
2394 2875 2446 2928 in
2476 2876 2743 2946 Ecclesia,
2794 2884 2874 2938 vel
2919 2886 2971 2939 in
3016 2903 3076 2942 ea
3123 2906 3243 2960 qua:
3316 2906 3537 2963 putatur-

1957 2959 2240 3028 Ecclesia;
2294 2979 2362 3019 an
2426 2968 2650 3036 jocans,
2709 2972 2848 3029 sicut
2904 2976 2955 3030 in
3017 2980 3178 3036 mimo
3228 3001 3241 3037 :
3303 2995 3357 3040 et
3407 2989 3531 3057 quid

1955 3052 2023 3106 sit
2077 3056 2421 3124 sceleratius,
2479 3061 2530 3116 in
2571 3062 2805 3120 Ecclesia
2859 3067 3115 3127 fallaciter
3168 3078 3430 3146 accipere,
3460 3098 3526 3135 an

1954 3141 2005 3196 in
2056 3144 2240 3199 Incresi
2272 3148 2350 3200 vel
2380 3148 2665 3207 schismate
2706 3155 2823 3211 sine
2863 3158 3086 3224 fallacia,
3115 3164 3165 3218 id
3209 3166 3310 3233 cst,
3351 3171 3529 3225 animo

1953 3249 2056 3287 non
2086 3234 2366 3301 simulato;
2409 3249 2463 3293 et
2505 3251 2678 3296 utrum
2722 3245 2776 3299 in
2814 3244 3004 3303 haeresi
3053 3250 3348 3323 fallaciter,
3379 3274 3445 3313 an
3474 3261 3524 3315 in

1949 3324 2112 3378 minio
2136 3341 2257 3379 cum
2289 3328 2414 3396 fide,
2464 3331 2508 3384 si
2538 3334 2815 3403 quisquam
2857 3338 2997 3394 inter
3024 3344 3286 3413 agendum
3330 3354 3523 3419 repen-

1949 3418 2053 3470 tina
2088 3418 2278 3486 pietate
2306 3432 2599 3477 moveatur.
2638 3425 2950 3499 Quanquam
2979 3432 3135 3488 talem
3172 3437 3216 3490 si
3260 3439 3417 3493 etiam
3448 3442 3519 3496 illi

1944 3507 2280 3564 conferamus
2315 3512 2406 3581 qui
2448 3512 2502 3567 in
2542 3514 2655 3584 ipsa
2692 3516 2965 3575 Catholica
3008 3520 3265 3581 fallaciter
3291 3529 3514 3599 accipit,

1945 3601 2131 3653 mirum
2173 3601 2220 3655 si
2263 3601 2533 3658 dubitatur
2583 3607 2700 3676 quis
2728 3610 2811 3663 cui
2852 3611 3218 3680 prieferendus
3244 3610 3313 3672 Sit
3345 3635 3357 3671 :
3389 3621 3519 3693 quid

1941 3692 2079 3743 enim
2113 3694 2277 3759 prosit
2310 3696 2518 3749 animus
2566 3699 2822 3755 veraciter
2870 3703 3046 3758 dantis
3070 3705 3328 3763 fallaciter
3366 3692 3512 3766 acci-

1940 3783 2122 3850 piettti,
2174 3798 2279 3838 non
2334 3785 2507 3841 video.
2549 3787 2652 3842 Sed
2708 3790 3029 3849 arbitremur
3076 3797 3305 3867 aliquem
3349 3803 3507 3857 etiam

1940 3870 2199 3925 fallat-iter
2223 3872 2457 3941 dantem,
2488 3890 2607 3930 cum
2637 3886 2691 3932 et
2721 3880 2935 3936 tradens
2975 3893 3030 3938 et
3055 3887 3322 3955 accipiens
3357 3889 3506 3944 falla-

1934 3964 2066 4018 citer
2087 3974 2243 4033 agant
2271 3964 2323 4019 in
2355 3965 2466 4034 ipsa
2496 3971 2693 4024 unitate
2737 3972 2995 4028 catholica
3020 4017 3033 4039 ,
3066 3986 3240 4031 utrum
3270 3979 3369 4036 hoc
3394 3999 3508 4036 ma-

1932 4054 2012 4123 gis
2039 4054 2305 4123 Baptisma
2333 4056 2402 4111 sit
2426 4060 2831 4129 acceptandum,
2856 4079 2923 4117 an
2952 4065 3079 4120 illud
3106 4068 3244 4137 quod
3268 4070 3318 4123 in
3347 4073 3508 4127 mimo

1932 4143 2109 4209 datur,
2134 4144 2178 4199 si
2209 4145 2329 4215 quis
2358 4147 2551 4202 existat
2585 4150 2674 4219 qui
2717 4150 2945 4208 fideliter
2991 4154 3167 4210 subito
3209 4169 3506 4217 commotus

1932 4236 2154 4306 accipiat
2184 4254 2198 4292 :
2227 4251 2293 4291 an
2322 4248 2574 4308 quantum
2600 4240 2664 4295 ad
2693 4242 2837 4312 ipsos
2873 4245 3086 4315 quidem
3117 4249 3306 4305 attinet
3332 4251 3505 4309 licini-

1932 4340 2045 4390 nes,
2078 4327 2363 4396 plurimum
2392 4329 2552 4384 distet
2596 4331 2735 4386 inter
2779 4336 3082 4393 credentem
3131 4339 3179 4393 in
3222 4344 3419 4410 mimo,
3452 4358 3507 4401 ct

1930 4416 2237 4473 irridentem
2281 4419 2333 4473 in
2366 4419 2632 4487 Ecclesia;
2673 4418 2739 4477 ad
2768 4424 2931 4495 ipsius
2956 4414 3133 4484 autem
3170 4431 3500 4491 Sacramenti

1930 4508 2285 4578 integritatem
2318 4511 2446 4566 nihil
2478 4511 2703 4569 intersit.
2735 4515 2795 4572 Si
2834 4520 2975 4573 enim
3020 4522 3149 4578 nihil
3181 4524 3400 4581 interest
3434 4531 3498 4582 ad

1928 4601 2281 4672 integritatem
2321 4604 2649 4661 Sacramenti
2676 4607 2728 4661 in
2754 4608 2865 4678 ipsa
2895 4611 3165 4668 Catholica
3185 4656 3200 4681 ,
3233 4626 3404 4671 utrutn
3447 4620 3498 4674 id

1924 4692 2086 4762 aliqui
2115 4692 2370 4749 fallaciter
2406 4710 2471 4750 an
2501 4697 2759 4753 veraciter
2802 4708 2980 4770 agant,
3020 4717 3140 4757 cum
3191 4714 3365 4761 tamen
3398 4707 3495 4765 hoc

1925 4784 2063 4839 idem
2096 4785 2303 4855 utrique
2339 4796 2498 4857 agant
2526 4805 2540 4842 :
2572 4803 2668 4843 cur
2696 4798 2842 4845 extra
2894 4792 3136 4858 intersit,
3168 4812 3270 4851 non
3308 4800 3491 4860 video;

1923 4876 2135 4945 quando
2180 4876 2272 4932 ille
2314 4877 2402 4947 qui
2450 4878 2661 4950 accipit,
2702 4895 2808 4936 non
2851 4882 3187 4941 simulatione
3229 4889 3491 4957 palliatus,

1922 4967 2013 5021 sed
2043 4967 2298 5037 religione
2334 4978 2564 5025 mutatus
2592 4979 2694 5025 est.
2735 4972 2815 5025 An
2844 4973 3164 5042 plus,valent
3195 4978 3262 5031 ad
3291 4980 3483 5034 confir-

1921 5057 2172 5112 mandum
2198 5057 2598 5112 Sacramentum
2631 5059 2706 5113 illi
2734 5075 2950 5117 veraces
2981 5062 3119 5119 inter
3138 5082 3274 5137 quos
3298 5069 3485 5138 agitur,

1920 5164 2077 5217 quam
2099 5148 2163 5203 ad
2192 5148 2549 5204 frustrandum
2594 5150 2668 5207 illi
2699 5150 2919 5209 fallaces
2942 5169 2970 5208 a
2997 5157 3190 5225 quibus
3217 5159 3411 5229 agitur,
3438 5172 3493 5215 et

1921 5237 1971 5292 in
2004 5240 2193 5308 quibus
2217 5240 2428 5309 agitur?
2453 5240 2519 5295 Et
2547 5250 2722 5299 tamen
2751 5244 2795 5300 si
2827 5256 3007 5315 postea
3032 5249 3303 5318 prodatur,
3334 5266 3491 5307 nemo

1922 5329 2131 5398 repetit,
2162 5329 2252 5383 sed
2278 5339 2368 5384 aut
2395 5334 2901 5392 excommunicando
2921 5340 3138 5407 punitur
3163 5339 3250 5393 illa
3277 5340 3492 5396 simula-

1921 5421 2008 5481 tio,
2040 5430 2127 5472 aut
2154 5420 2455 5487 paenitendo
2481 5432 2717 5478 sanatur.

1990 5511 2111 5566 102.
2140 5510 2244 5565 Sed
2273 5511 2421 5565 nobis
2453 5520 2621 5568 tutum
2660 5524 2759 5580 est,
2796 5517 2846 5571 in
2875 5533 2933 5573 ea
2984 5536 3089 5575 non
3120 5520 3362 5590 progredi
3392 5520 3487 5577 ali-

1915 5619 2014 5670 qua
2040 5601 2331 5656 temeritate
2360 5604 2653 5669 SCﬂlClllllB,
2686 5622 2801 5677 quia
2830 5609 2971 5663 nullo
3011 5610 3061 5664 in
3102 5610 3363 5667 catholico
3398 5628 3487 5669 re-

1980 5718 1997 5749 ι
2034 5724 2163 5793 nov,
2186 5716 2226 5788 si
2250 5717 2366 5787 forte
2389 5716 2659 5793 curiositate
2681 5720 2842 5793 aliqua
2861 5735 2877 5793 ς
2898 5736 3091 5784 omtsso,
3113 5723 3219 5788 hoc,
3243 5727 3368 5793 quod
3386 5732 3494 5780 Am.

1922 5788 1972 5830 et
1992 5778 2208 5829 Gallicani
2232 5782 2445 5842 potiores
2470 5778 2771 5843 manuscripti
2800 5784 2992 5836 habent.
