4028 6202
453 395 559 448 2ιὸ

454 505 645 573 gionali
667 507 887 560 concilio
902 514 1094 572 empta,
1121 503 1264 556 nullo
1285 502 1520 570 pleuario
1549 503 1825 555 terminata
1856 511 1979 556 sunt
2009 519 2020 552 :

458 593 506 646 id
549 603 723 647 autem
754 594 938 646 ﬁducia
964 607 1166 646 secura:
1192 590 1336 644 vocis
1361 605 1601 644 asserere
1621 631 1636 653 ,
1675 589 1816 660 quod
1850 591 1898 643 in
1930 588 2043 658 gn!

457 684 760 738 bernationc
790 683 994 736 Domini
1026 682 1113 735 Dei
1144 681 1308 737 nostri
1331 693 1380 735 et
1405 679 1693 734 Salvatoris
1717 679 1842 734 Jesu
1873 680 2026 734 Citri-

454 771 540 831 sti.
581 772 891 825 universalis
936 771 1182 826 Ecclesiae
1210 770 1560 825 consensione
1587 770 1884 823 roboratum
1912 780 2016 822 est.

457 859 830 914 Verumtamen
857 863 899 914 si
926 861 1044 930 quis
1065 861 1199 914 forte
1223 875 1308 913 me
1337 859 1388 912 iu
1413 873 1478 913 eo
1518 858 1743 912 concilio
1771 857 2024 910 constitu-

459 961 588 1011 tum,
609 951 696 1004 ubi
727 951 906 1004 talium
931 967 1107 1006 rerum
1129 950 1349 1020 qumstio
1365 956 1683 1013 versaretur,
1704 962 1806 1000 non
1831 962 2026 1016 pretee-

454 1040 696 1093 dcntibus
711 1040 919 1104 talibus,
941 1057 1165 1112 quorum
1177 1039 1468 1094 sententias
1490 1039 1638 1106 sequi
1663 1038 1876 1092 mallem
1901 1079 1913 1096 ,
1931 1054 2025 1090 ur-

455 1140 599 1198 geret
613 1140 668 1184 ut
685 1130 916 1185 dicerem
930 1131 1054 1202 quid
1069 1133 1177 1199 ipsc
1189 1131 1442 1184 sentirem
1460 1147 1470 1181 :
1491 1128 1534 1182 si
1555 1143 1619 1182 eo
1636 1127 1794 1185 modo
1811 1127 2027 1181 affectus

457 1235 652 1286 essem,
677 1237 784 1290 quo
818 1237 962 1276 eram
987 1237 1105 1276 cum
1134 1222 1229 1275 ista
1257 1220 1545 1281 dictarem;
1574 1233 1902 1287 nequaquam
1931 1217 2028 1270 du-

458 1310 676 1364 bitarent
711 1312 903 1364 habere
928 1325 1019 1366 eos
1048 1312 1368 1379 Baptismum
1397 1351 1410 1374 ,
1437 1310 1524 1378 qui
1550 1308 1885 1376 ubicumque,
1916 1318 1968 1362 et
1997 1323 2026 1361 a

457 1399 899 1468 quibuscumque,
931 1400 1053 1452 illud
1081 1399 1254 1452 verbis
1299 1399 1614 1468 evangelicis
1637 1406 2025 1461 consecratum,

460 1487 572 1540 sine
597 1501 690 1540 sua
719 1488 1054 1542 simulatione
1080 1529 1094 1551 ,
1112 1497 1165 1543 et
1189 1503 1307 1541 cum
1338 1488 1508 1557 aliqua
1539 1486 1641 1541 ﬁde
1666 1487 2026 1555 accepissent:

454 1591 753 1646 quanquam
783 1576 862 1639 eis
901 1577 965 1632 ad
997 1578 1217 1632 salutem
1245 1577 1568 1646 spiritualem
1598 1593 1702 1631 non
1733 1577 2026 1647 prodesset,

455 1667 767 1722 sicharitatc
788 1670 1102 1735 caruissent,
1119 1685 1222 1739 qua
1245 1668 1520 1723 catholica:
1547 1669 1906 1724 inscrerentur
1930 1669 2031 1724 Ec-

456 1757 650 1809 clesiae.
676 1758 734 1811 Si
752 1759 888 1818 enim
905 1759 1130 1822 habeam,
1150 1760 1333 1828 inquit,
1353 1759 1504 1828 ﬁdem
1526 1800 1539 1823 ,
1571 1769 1625 1811 ut
1647 1770 1835 1813 montes
1862 1767 2031 1812 trans-

466 1848 623 1912 feram
649 1888 662 1909 ,
696 1845 986 1898 charitatem
1005 1856 1173 1902 autem
1200 1864 1298 1902 non
1317 1847 1542 1913 habeam,
1566 1846 1697 1902 nihil
1717 1865 1825 1902 sum
1850 1847 1892 1918 (Ι
1914 1848 2029 1900 Cor.

458 1951 546 1988 xui
572 1977 586 2000 ,
610 1934 688 2006 ‘2).
723 1935 869 1989 Sicut
899 1937 1009 2005 jam
1035 1937 1312 2004 prwteritis
1337 1936 1596 2006 majorum
1632 1937 1843 1992 statutis
1869 1977 1882 1996 .
1919 1953 2024 1990 non

458 2025 641 2080 dubito
653 2027 807 2080 etiam
829 2027 947 2083 illos
971 2027 1162 2082 habere
1199 2027 1542 2096 Baptismutn,
1568 2028 1654 2095 qui
1684 2028 1921 2094 quamvis
1945 2027 2034 2080 fal-

461 2114 642 2168 laciter
676 2117 724 2170 id
752 2116 1012 2185 accipiant
1039 2159 1053 2180 ,
1089 2118 1139 2170 in
1171 2117 1403 2171 Ecclesia
1435 2125 1608 2172 tamen
1639 2118 1926 2185 accipiunt,
1952 2119 2032 2172 vel

461 2208 545 2260 tibi
577 2216 789 2275 putatur
815 2223 930 2262 esse
958 2207 1194 2262 Ecclesia
1218 2209 1283 2262 ab
1313 2209 1389 2262 eis
1417 2251 1430 2274 ,
1459 2209 1508 2261 in
1537 2224 1760 2277 quorum
1783 2209 2034 2263 societate

464 2297 512 2351 id
551 2298 830 2366 accipitur,
856 2299 920 2352 de
960 2299 1147 2364 quibus
1193 2299 1508 2363 dictumest,
1537 2298 1616 2351 Ex
1641 2297 1780 2352 nobis
1805 2299 2035 2351 exierunt

466 2388 482 2455 (
507 2387 523 2439 l
550 2386 703 2440 Joan.
730 2403 785 2452 ιι,
819 2387 934 2456 19).
963 2387 1060 2450 ubi
1087 2399 1262 2442 autent
1286 2404 1458 2456 neque
1487 2388 1714 2442 societas
1744 2388 1843 2441 ulla
1891 2398 2034 2444 esset

465 2479 532 2532 ita
560 2477 908 2544 credentium,
941 2495 1111 2547 neque
1155 2479 1240 2532 ille
1268 2481 1356 2548 qui
1389 2479 1456 2532 ibi
1500 2479 1788 2548 acciperet,
1819 2479 1886 2543 ita
1910 2495 2033 2533 cre-

465 2568 634 2639 deret,
684 2568 777 2623 sed
812 2579 977 2623 totum
1027 2569 1226 2623 ludicre
1279 2580 1332 2622 et
1386 2569 1594 2622 mimice
1634 2577 1687 2621 et
1731 2568 2036 2638 joculariter

464 2668 727 2729 ageretur,
754 2671 926 2715 utrum
958 2659 1332 2729 approbandus
1352 2670 1492 2715 esset
1518 2661 1818 2727 Baptismus
1839 2660 1927 2728 qui
1953 2660 2030 2712 sic

465 2751 965 2815 daretur;divinum
993 2752 1249 2820 judicium
1295 2769 1387 2821 per
1433 2751 1653 2820 alicujus
1700 2751 2038 2805 revelationis

464 2841 758 2904 oraculum,
784 2841 1032 2895 concordi
1062 2843 1300 2894 oratione
1329 2849 1381 2894 et
1408 2841 1660 2909 impensis
1684 2840 1903 2908 supplici
1935 2839 2030 2893 de-

465 2929 678 2997 votione
705 2930 987 3000 gemitibus
1016 2930 1402 2998 implorandum
1451 2945 1569 2984 esse
1613 2945 1891 2984 censerem
1919 2949 1931 2983 :
1964 2931 2031 2982 ita

467 3035 595 3074 sane
636 3029 692 3085 ιιι
743 3029 866 3094 post
892 3036 976 3074 me
1005 3022 1241 3074 dicturos
1296 3021 1605 3084 sententias,
1663 3035 1728 3074 ne
1765 3020 1889 3089 quid
1929 3020 2038 3089 jam

467 3109 797 3176 exploratum
815 3118 866 3162 et
881 3109 1146 3178 Cognitum
1169 3109 1441 3174 afferrent,
1467 3109 1738 3162 humiliter
1762 3116 2039 3177 exspecta-

473 3214 584 3262 rem
617 3215 629 3250 :
663 3209 858 3268 quanto
889 3200 1058 3270 magis
1078 3215 1205 3269 ergo
1251 3215 1391 3254 nunc
1421 3201 1533 3254 sine
1562 3199 1867 3268 prmjndicio
1911 3199 2036 3253 dili-

470 3293 1120 3362 gentiorisinquisitionis,
1147 3293 1230 3347 vel
1255 3294 1468 3363 majoris
1510 3292 1858 3358 auctoritatis,
1909 3291 2039 3346 illud

471 3383 668 3443 dixisse
692 3384 1026 3454 accipiendos
1048 3398 1162 3453 sum
1184 3384 1207 3438 ?

1443 389 1804 442 ADMUNITIU
1846 388 1908 443 IN
1948 387 2475 455 SUBSEQUENTES
2517 388 2772 442 LIBROS.

3603 392 3709 444 2M

2201 499 2423 554 CAPUT
2455 499 2659 553 LIV.—
2695 499 2811 554 105.
2836 497 2937 552 Sed
2965 499 3093 566 jam,
3121 508 3174 550 ιιι
3204 497 3469 561 evistimn,
3503 511 3714 567 tempus

2131 599 2212 643 est
2245 590 2340 642 hos
2365 590 2520 642 etiam
2548 589 2707 642 libros
2729 572 3097 658 dequarstione
3119 588 3368 655 Baptismi
3397 587 3576 643 debito
3608 591 3714 643 ﬁne

2133 681 2447 735 concludere
2473 699 2484 734 :
2511 679 2597 734 ubi
2627 679 2778 733 nobis
2806 678 3033 732 ostendit
3082 679 3333 732 Dominus
3365 680 3503 732 Deus
3531 693 3715 735 noster

2136 787 2228 839 per
2263 773 2532 840 paciﬁcum
2577 771 2878 838 episc0putn
2922 768 3264 839 Cyprianum,
3308 779 3359 822 et
3393 770 3507 822 illos
3535 773 3619 839 qui
3664 775 3713 824 ei

2100 901 2102 904 τ
2133 871 2536 926 consenserunt,
2570 871 2821 930 quantum
2845 862 2913 914 sit
2937 860 3192 914 catholica
3223 861 3396 914 unitas
3421 861 3708 930 diligenda,

2136 963 2190 1005 ut
2219 954 2267 1006 iit
2298 970 2363 1006 eo
2383 954 2521 1021 quod
2547 955 2700 1007 aliter
2728 953 3020 1020 sapiebant,
3049 952 3218 1006 donec
3251 952 3298 1006 id
3329 968 3539 1021 quoque
3571 954 3711 1007 Deus

2135 1045 2392 1098 revelaret
2433 1042 2700 1114 (Philipp.
2734 1059 2812 1108 ιιι,
2836 1044 2962 1114 i5);
2987 1045 3272 1097 tolerarent
3301 1043 3474 1109 potius
3502 1044 3712 1097 diversa

2134 1138 2444 1200 sentientes,
2479 1153 2635 1206 quam
2675 1152 2732 1191 se
2761 1136 2826 1189 ab
2853 1136 2929 1190 eis
2957 1137 3158 1189 nefario
3183 1135 3470 1189 schismate
3493 1149 3708 1202 separa-

2137 1235 2256 1280 rent
2302 1246 2314 1281 :
2370 1227 2455 1280 tibi
2514 1228 2902 1280 Donatistarum
2963 1240 3178 1294 prorsus
3224 1241 3316 1278 ora
3373 1225 3711 1290 clauduntur,

2135 1317 2340 1369 etiamsi
2367 1316 2433 1370 de
2463 1315 2862 1370 Maximianistis
2893 1315 3018 1368 niltil
3051 1314 3304 1369 dicamus.
3335 1313 3390 1368 Si
3419 1316 3558 1369 enim
3586 1316 3711 1368 mali

2137 1404 2303 1457 bonos
2331 1405 2380 1456 in
2408 1405 2606 1458 unitate
2632 1403 3014 1466 contau'iinant,
3041 1403 3236 1460 nullam
3259 1402 3368 1471 jam
3399 1403 3713 1463 Ecclesiam,

2137 1492 2218 1544 cui
2257 1493 2570 1555 sociaretttr,
2603 1492 2681 1546 vel
2731 1492 2842 1558 ipse
2863 1491 3158 1561 Cyprianus
3189 1490 3408 1544 invenit.
3449 1492 3503 1545 Si
3535 1504 3714 1545 autem

2139 1581 2263 1634 ntali
2287 1582 2455 1634 bonos
2482 1582 2533 1634 in
2563 1583 2762 1634 unitate
2795 1595 2896 1634 non
2927 1582 3225 1643 maculant,
3257 1581 3454 1634 nullam
3494 1597 3712 1634 causam

2138 1671 2485 1738 separationis
2539 1670 2826 1739 sacrilegus
2882 1670 3144 1723 donatista
3218 1671 3485 1739 proponit.
3535 1670 3717 1738 Bapti-

2104 1759 2106 1761 ’
2138 1775 2311 1813 smum
2341 1771 2514 1813 autem
2544 1760 2585 1812 si
2618 1759 2814 1814 habent
2843 1769 2895 1813 et
2943 1759 3155 1812 tradunt
3182 1759 3269 1812 alii
3302 1767 3405 1812 tam
3435 1760 3586 1812 multi
3619 1760 3715 1828 qui

2139 1862 2425 1918 cperantur
2469 1866 2628 1918 opera
2675 1851 2870 1913 carnis,
2923 1851 3095 1918 qualia
3135 1851 3223 1918 qui
3267 1860 3447 1918 agunt,
3495 1866 3714 1918 regnum

2139 1940 2231 1994 Dei
2286 1956 2389 1994 non
2441 1940 2779 2006 possidebunt
2818 1937 3020 2010 (Calai.
3048 1953 3099 2003 v,
3129 1939 3360 2007 19-21);
3408 1939 3603 1992 habent
3651 1955 3716 1993 ac

2144 2031 2355 2085 tradunt
2377 2041 2428 2084 et
2454 2030 2710 2095 lucretici,
2735 2032 2821 2098 qui
2843 2031 2978 2082 inter
3000 2030 3082 2082 illa
3106 2045 3262 2096 opera
3284 2031 3542 2083 numerati
3566 2040 3716 2092 sunt,

2142 2121 2278 2188 quod
2307 2121 2424 2188 quia
2461 2121 2756 2173 recedendo
2789 2135 2892 2172 non
2921 2119 3235 2184 amisvrunt,
3274 2129 3325 2172 et
3355 2119 3563 2172 tradere
3601 2135 3718 2171 ma-

2142 2211 2314 2265 nendo
2343 2220 2662 2278 potuerunt:
2696 2210 2787 2263 sed
2821 2220 2924 2262 tam
2973 2208 3294 2264 infructuose
3334 2218 3492 2278 atque
3523 2210 3718 2260 inutili—

2143 2308 2222 2352 ter
2271 2300 2402 2353 tales
2433 2299 2643 2364 talibus,
2687 2315 2843 2368 quam
2875 2309 2925 2352 et
2958 2299 3028 2352 illi
3059 2298 3236 2352 caueri
3279 2314 3432 2366 pares
3457 2314 3638 2358 eorum
3672 2305 3717 2359 ³,

2142 2390 2278 2443 ineo
2303 2389 2444 2459 quod
2468 2405 2684 2460 regnum
2718 2390 2807 2442 Dei
2832 2406 2937 2443 non
2970 2389 3329 2458 possidebunt.
3363 2388 3428 2442 Et
3453 2391 3711 2457 quemad-

2142 2480 2356 2534 modum
2388 2481 2491 2534 illis
2533 2481 2786 2535 correctis
2825 2480 3091 2548 Baptisma
3137 2495 3240 2532 non
3295 2479 3474 2546 incipit
3521 2478 3712 2536 adesse

2143 2571 2280 2639 quod
2305 2570 2504 2630 deerat.
2538 2571 2628 2624 sed
2655 2570 2906 2640 prodesse
2936 2569 3075 2638 quod
3103 2570 3301 2632 inerat;
3344 2569 3420 2622 sic
3458 2577 3512 2622 et
3549 2569 3725 2627 haste-

2144 2661 2281 2716 ticis.
2315 2661 2466 2717 Unde
2491 2662 2785 2734 Cyprianus
2805 2703 2818 2723 ,
2841 2672 2895 2715 et
2923 2662 3010 2731 qui
3050 2676 3171 2714 cum
3211 2676 3274 2714 eo
3304 2668 3613 2724 senserunt,
3641 2679 3724 2723 t'gt-

2145 2753 2354 2808 tliolicze
2397 2753 2666 2819 ΕειιΙεεὶιυ,
2720 2769 2876 2822 quant
2908 2753 3194 2809 noluerunt
3244 2751 3549 2820 prrecidere,
3607 2767 3720 2804 non

2145 2855 2435 2914 potuerunt
2483 2845 2850 2913 pragscribere.
2879 2843 3030 2908 Quod
3061 2857 3188 2896 vero
3227 2841 3382 2895 aliter
3411 2850 3725 2909 sapuerunt,

2146 2949 2253 2988 non
2297 2933 2713 3002 expavescimus,
2766 2933 2886 3002 quia
2927 2947 3046 2985 cum
3075 2932 3153 2986 eis
3197 2946 3511 2984 veneramur
3547 2937 3600 2983 et
3626 2929 3734 2987 Pe-

2149 3034 2288 3077 trum
2319 3042 2331 3077 :
2361 3023 2501 3092 quod
2527 3032 2702 3077 autem
2732 3023 2798 3076 ab
2833 3023 3035 3076 unitate
3075 3036 3177 3076 non
3204 3029 3560 3086 recesserunt,
3589 3034 3730 3087 ετιιιο

2147 3113 2353 3178 demus,
2385 3113 2507 3182 quia
2529 3128 2648 3166 cum
2679 3113 2756 3167 eis
2777 3111 3168 3166 aediﬁcamurin
3199 3121 3367 3181 petra.

2215 3331 2230 3360 ί
2271 3335 2318 3376 In
2343 3335 2515 3378 vetere
2538 3327 2704 3377 codice
2723 3326 3000 3375 Corbeiensi
3013 3330 3063 3374 ct
3086 3326 3132 3372 in
3142 3322 3248 3372 aliis
3272 3330 3374 3370 Mss.
3402 3333 3552 3383 prepe
3579 3320 3740 3367 omni-

2147 3389 2258 3449 bus,
2295 3396 2456 3452 patres
2478 3402 2660 3439 eorum.

2949 3495 3093 3503 μη..-

509 3500 2970 3512 __“____________________,___________
3021 3500 3060 3501 ί
3079 3500 3092 3501 η

1587 3623 1828 3746 AD
1857 3612 2600 3748 MONITIO

1436 3828 1523 3902 1N
1583 3822 2305 3900 SUBSEQUENTES
2367 3819 2722 3883 LIBROS.

1897 3963 2301 4002 σιςιττδτσππδ

545 4085 668 4139 Post
694 4086 854 4140 libros
869 4085 934 4138 de
965 4084 1229 4152 Baptismo
1261 4083 1528 4149 proximus
1549 4091 1627 4134 est
1652 4082 1701 4134 in
1725 4082 2174 4135 ltelractationum
2201 4077 2339 4130 serie
2363 4075 2495 4128 liber
2522 4073 2672 4141 cujus
2719 4069 2920 4130 titulus,
2945 4067 3130 4122 Contra
3144 4063 3276 4134 quod
3291 4059 3739 4114 attalitCenturius

471 4191 503 4227 α
543 4174 836 4230 Donatistis.
858 4176 952 4230 Cui
995 4174 1128 4228 libro
1152 4212 1166 4237 ,
1209 4173 1252 4225 si
1293 4188 1430 4225 nunc
1469 4183 1719 4230 exstaret,
1766 4187 1892 4224 suns
1933 4171 2018 4225 hic
2054 4181 2175 4224 ante
2214 4165 2466 4236 opuscula
2506 4174 2689 4218 contra
2731 4158 3208 4214 Petilianumlocus
3249 4153 3585 4206 tribueretur.

543 4266 830 4320 Pctilianus
861 4266 911 4319 in
947 4264 1130 4317 Donati
1165 4275 1311 4331 parte
1337 4263 1646 4332 epi~copus,
1677 4263 1967 4317 advocatus
1995 4259 2220 4314 forensis
2260 4268 2412 4311 antea
2464 4255 2662 4314 fuerat;
2695 4268 2802 4321 quo
2832 4252 2880 4303 in
2926 4260 3143 4302 munere
3169 4262 3226 4298 se
3258 4241 3508 4335 llaracleti
3540 4254 3738 4335 punici)

476 4358 828 4427 promeruisse
861 4355 1168 4424 jactitabat,
1201 4365 1332 4408 teste
1363 4357 1653 4423 Augustino
1681 4353 1730 4406 in
1781 4353 1934 4422 hujus
1973 4352 2148 4421 operis
2179 4351 2313 4403 libro
2339 4349 2393 4412 3,
2425 4362 2539 4413 cap.
2576 4344 2658 4397 16.
2709 4343 2880 4410 lpsutn
2926 4337 3117 4398 Cit-tie,
3151 4350 3241 4427 seu
3270 4334 3414 4427 (quze
3459 4327 3643 4427 eadem
3685 4327 3740 4379 in

473 4448 710 4503 Numidia
742 4447 924 4500 civitas
955 4443 1102 4516 erat)
1134 4443 1522 4508 Constantine,
1555 4459 1673 4497 cum
1700 4443 1995 4497 catholicus
2025 4443 2436 4494 catechumenos
2480 4445 2650 4498 esset,
2684 4441 2837 4516 natus
2863 4429 2928 4482 de
2959 4426 3262 4496 parentibus
3296 4419 3570 4516 catholicis
3590 4458 3605 4481 ν
3650 4433 3741 4469 τα·

477 4550 620 4610 ptum
651 4537 814 4596 fuisse
840 4553 869 4591 a
898 4511 1211 4602 Donatistis,
1239 4547 1292 4589 et
1323 4551 1416 4605 per
1441 4536 1543 4588 vim
1566 4536 1632 4589 ab
1664 4535 1726 4589 iis
1758 4535 2108 4604 baptizatum,
2135 4531 2508 4596 uolenteuujue
2534 4513 2831 4577 ordin'atum
2851 4563 2864 4584 ,
2893 4520 3019 4572 dicit
3046 4518 3182 4571 idem
3205 4514 3525 4610 Augustinus
3552 4511 3741 4610 inser-

475 4598 632 4691 inone
657 4634 724 4689 de
751 4632 927 4689 Gestis
956 4647 1075 4685 cum
1106 4598 1377 4692 Emerita,
1410 4643 1613 4682 necnon
1660 4629 1776 4688 hic,
1812 4598 1901 4679 lib.
1930 4625 1985 4686 9.,
2011 4638 2128 4693 cap.
2175 4621 2294 4675 10-1.
2329 4619 2504 4674 Evasit
2548 4613 2882 4684 postmodum
2917 4610 3204 4663 Pctilianus
3233 4604 3396 4673 partis
3427 4598 3742 4695 Donati-Idc-

474 4727 650 4784 fensor
675 4723 996 4785 acerrimus,
1023 4720 1220 4790 fuitque
1248 4735 1381 4774 unus
1399 4735 1426 4772 c
1444 4728 1644 4787 septem
1668 4717 1927 4788 episcopis
1956 4711 2202 4776 delectis,
2231 4711 2318 4779 qui
2346 4702 2814 4774 iuCarthaginensi
2845 4699 3126 4754 collatione
3153 4695 3406 4748 advetsus
3429 4688 3739 4743 Catholtcus

476 4817 696 4875 totidem
729 4817 1002 4886 episcopos
1030 4813 1386 4881 disputarunt.
2381 4879 2386 4884 κ
2757 4883 2782 4886 Α
2929 4880 2958 4886 __
3181 4885 3188 4886 ί
3286 4873 3319 4886 η
3360 4871 3391 4886 Α
3533 4884 3574 4886 Η
3604 4868 3634 4886 ν

552 4909 597 4963 Is
625 4868 788 4965 multi)
811 4868 935 4962 ante
960 4868 1202 4960 eamdem
1242 4903 1577 4956 collationem
1600 4901 1809 4968 scripsit
1833 4899 1950 4952 illas
1981 4894 2282 4950 Donatianis
2313 4879 2634 4960 presbyteris
2659 4895 2710 4938 et
2736 4880 3044 4935 diaConibus
3073 4868 3744 4973 contra-(‘a-t‘lt0lic0slute-

478 5017 593 5066 ras,
625 5016 742 5070 qua:
767 4997 1206 5066 subsequentibus
1248 4995 1393 5058 libris
1421 4993 1585 5047 tribus
1629 4998 1984 5045 confutantur.
2018 4986 2195 5040 Primo
2226 4985 2360 5037 libro
2397 4979 2697 5049 aggreditur
2733 4972 3062 5071 Augustinus
3085 4966 3321 5071 epistolze
3353 4962 3592 5071 Pctiltai‘u
3632 4976 3738 5065 pri-

483 5056 622 5148 main
643 5056 854 5162 lpartem
872 5131 886 5155 ,
912 5056 1026 5158 quae
1047 5089 1178 5156 sibi,
1202 5102 1320 5142 cum
1348 5087 1399 5140 in
1422 5085 1646 5141 ecclesia
1674 5079 2118 5137 Constantiuieusi
2141 5089 2277 5132 esset
2297 5119 2311 5142 ,
2335 5077 2508 5128 oblata
2539 5072 2664 5133 fuit;
2690 5067 2942 5128 Absentio,
2970 5074 3026 5118 ut
3051 5064 3100 5116 in
3129 5061 3244 5114 libri
3272 5057 3491 5164 exordio
3547 5056 3745 5164 legitur

477 5152 721 5262 prorsa-tle
761 5199 806 5244 et
855 5152 1134 5242 Fortunato
1164 5152 1287 5255 vejus
1316 5183 1557 5237 Ecclesia:
1582 5182 1832 5250 episcopo.
1875 5176 1969 5232 Ubi
2029 5192 2122 5245 pro
2167 5172 2433 5234 Absentio,
2481 5168 2614 5221 forte
2657 5163 2937 5233 legendum
2993 5157 3210 5262 Algpio,
3232 5172 3338 5226 quo
3381 5153 3430 5262 id
3487 5152 3751 5262 referatur

489 5287 554 5340 ad
579 5283 818 5340 eamdem
848 5280 1013 5349 ipsam
1043 5279 1372 5333 occasionem
1395 5317 1408 5338 ,
1438 5290 1539 5343 qua
1591 5272 1746 5325 simul
1777 5277 2153 5324 concurrentes
2181 5267 2336 5319 iidem
2369 5261 2602 5333 episcopi
2625 5302 2639 5326 ,
2667 5259 2989 5312 Fortunatus
3013 5295 3027 5318 ,
3062 5252 3281 5322 Alypius
3300 5258 3355 5304 ct
3383 5249 3712 5349 Augustinps
3732 5286 3748 5310 ,

480 5378 764 5450 Epistulam
797 5338 1029 5429 53-intcr
1057 5369 1463 5438 Angustiuiauas
1484 5407 1498 5432 ,
1530 5382 1646 5434 qua:
1676 5363 1740 5415 ad
1784 5377 1981 5414 annum
2017 5359 2226 5413 circiter
2256 5357 2360 5410 400
2387 5362 2682 5412 revocatur,
2717 5349 2991 5404 Generosa
3020 5345 3346 5413 scripsi-runt
3374 5338 3748 5450 coltttttuntbus

480 5430 652 5528 verbis
673 5513 686 5533 ,
722 5484 840 5530 cunt
875 5463 1122 5521 nonnulla
1164 5462 1356 5524 ibidem
1379 5501 1392 5528 ,
1422 5476 1540 5528 cap.
1569 5459 1617 5518 i,
1649 5456 1715 5510 de
1741 5452 2219 5510 Constantiniensis
2249 5447 2484 5516 C|li>COjti
2533 5443 2812 5498 donatistze
2841 5439 3060 5510 epistola
3091 5437 3377 5533 ntentionne.
3410 5430 3628 5533 Librum
3657 5447 3750 5483 se-

480 5525 708 5616 runduut
729 5525 879 5628 ,quo
908 5568 1068 5610 totam
1103 5563 1280 5623 postea
1311 5525 1573 5626 receptant
1598 5547 1838 5603 Pctiliani
1872 5544 2149 5614 epistolam
2176 5540 2368 5596 refellit
2391 5537 2737 5608 Augustinus,
2774 5532 3038 5588 scribebat
3067 5529 3285 5628 sedi-nte

479 5657 560 5706 sio
579 5693 593 5715 ,
622 5664 677 5705 ιιι
701 5613 839 5720 patet
882 5666 948 5705 ex
976 5613 1147 5716 capite
1174 5647 1231 5698 5|
1263 5662 1275 5709 ;
1309 5655 1398 5698 aut
1424 5613 1610 5696 saltent
1645 5637 1907 5692 Anastasii
1936 5635 2079 5688 obitu
2102 5675 2115 5698 ,
2143 5633 2229 5702 qui
2261 5632 2312 5684 itt
2361 5630 2452 5682 die.
2472 5628 2660 5697 aprilis
2689 5624 2938 5692 vigesima
2970 5620 3188 5720 septima
3216 5616 3353 5720 anni
3398 5613 3504 5716 Mli!
3533 5613 3747 5720 incidit,

479 5703 715 5798 nonduni
746 5743 844 5796 sibi
875 5703 1168 5814 compertu.
1198 5738 1433 5792 Tertium
1468 5734 1706 5799 tandem,
1761 5731 1868 5797 visa
1917 5729 2182 5799 aliquanto
2209 5736 2324 5803 post
2357 5720 2700 5792 responsione
2731 5718 2840 5772 sive
2867 5714 3091 5770 secunda
3117 5710 3356 5783 Petili-ani
3386 5708 3646 5776 cpistola,
3680 5703 3717 5760 li
3737 5736 3753 5745 -

482 5833 635 5892 bruto
666 5833 730 5887 ad
758 5835 924 5902 ipsam
950 5831 1351 5888 convellendum
1379 5827 1521 5886 fecit.
