4024 6196
332 412 435 465 ειπ
946 411 1211 467 comm
1254 378 1587 468 uruanas
1627 413 1899 468 PETILIM

2020 415 2079 468 S.
2123 416 2484 472 Al‘GUS’l‘lNl
2502 417 2706 474 LIBER
2731 414 2992 480 FlllllL'S.
3491 434 3598 490 256

407 525 643 576 Advertit
672 523 925 577 Duronius
948 523 1145 580 dictum
1174 526 1241 580 ab
1264 526 1559 597 Augustino
1589 526 1674 580 hic
1692 567 1708 591 ,
1741 526 1877 580 libro
1903 526 1957 589 2,
1986 542 2103 596 cap.
2128 526 2231 581 9.0:
2262 527 2475 584 Nullam
2492 534 2693 602 quidem
2716 536 2874 607 legem
2899 539 3361 608 abimpemtoribus
3386 547 3580 608 detaut,

332 628 384 670 ut
414 613 815 682 occideremini,’
827 618 994 671 recolo
1023 631 1044 672 :
1072 627 1136 673 er
1152 616 1422 674 concludit
1448 618 1749 674 elaboratos
1779 620 1940 674 hosce
1968 619 2133 676 libros
2160 631 2285 675 ante
2327 622 2541 678 llonorii
2570 625 2738 697 legem
2771 629 2858 685 die
2886 633 3068 702 aprilis
3090 633 3342 703 vigesima
3371 636 3561 705 quinta
3582 679 3598 700 ,

331 721 506 770 anno,
546 715 606 761 ut
630 716 812 775 putat,
840 707 947 763 598
968 706 1179 775 datam,
1207 724 1309 779 qua
1337 709 1564 779 capitale
1593 709 1910 780 supplicium
1946 709 2201 765 adversus
2232 708 2794 787 inferentesjnjnriam
2823 722 2874 775 in
2905 738 3164 790 personas
3195 734 3252 781 et
3276 726 3404 781 loca
3443 742 3595 782 sacra

330 798 660 852 decernitur.
692 797 799 853 Sed
834 807 1021 854 contra
1053 801 1408 867 Augustinus,
1443 809 1498 855 et
1524 800 1662 856 libro
1689 803 1738 867 l,
1758 817 1877 871 cap.
1909 801 1963 868 9,
1988 817 2092 867 non
2122 804 2348 860 obscure
2373 806 2635 877 significat
2662 811 2897 868 scribere
2923 827 2981 868 se
3011 825 3129 885 post
3154 827 3380 873 mortem
3422 804 3600 888 Optati

310 891 635 983 ’Gildoﬁiani
658 932 674 956 ,
701 906 819 960 qua":
844 891 945 945 Stlb
970 892 1093 945 anni
1120 890 1223 947 598
1245 891 1685 965 linemgcontigit,
1715 905 1769 950 et
1799 896 1934 951 libro
1962 896 2031 962 2,
2078 909 2197 967 cap.
2229 896 2329 962 92,
2358 914 2411 952 n.
2444 899 2568 963 210,
2595 903 2749 957 aliam
2778 904 2846 960 de
2896 907 3199 965 auferendis
3244 911 3435 980 idolis,
3475 928 3596 984 quat

331 984 455 1037 anni
484 982 589 1037 599
608 992 722 1045 est,
753 982 973 1055 Honorii
1000 983 1169 1054 legem
1194 994 1377 1054 aperte
1398 985 1612 1040 indicat.
1660 984 1776 1040 Non
1803 1002 1929 1057 ergo
1955 988 2222 1043 recolebat
2251 989 2479 1059 priorem
2508 991 2651 1047 illam
2680 995 2804 1048 anni
2834 996 2939 1051 598
2984 998 3152 1070 legem
3176 1041 3193 1067 ,
3242 1001 3449 1058 fortean
3494 982 3598 1073 qui

331 1090 449 1129 eam
478 1075 531 1128 in
555 1073 727 1129 Africa
750 1082 934 1128 contra
967 1075 1265 1130 Donatistas
1293 1075 1625 1132 exsecutioni
1675 1077 2049 1132 demandatam
2096 1093 2363 1151 nunquam
2409 1080 2632 1136 viderat.
2689 1083 3045 1156 Praeterquam
3093 1089 3235 1158 quod
3287 1106 3447 1146 an~ea
3495 1092 3586 1148 lex

332 1165 399 1220 ad
457 1165 759 1220 Donatistas
810 1167 1125 1236 spectaverit
1149 1209 1163 1233 ,
1195 1166 1455 1238 fueritque
1501 1183 1645 1224 anno
1689 1167 1801 1224 598
1842 1170 2171 1240 promulgata
2193 1212 2207 1235 ,
2231 1186 2336 1227 non
2362 1172 2490 1229 satis
2516 1171 2700 1243 liquet.
2732 1173 2861 1231 Utut
2884 1186 3001 1244 est,
3029 1179 3337 1237 existimare
3366 1197 3461 1253 par
3477 1195 3561 1238 est
3582 1226 3596 1248 ,

333 1257 417 1311 itis
442 1256 594 1311 libris
623 1256 798 1311 locum
828 1256 881 1311 in
927 1257 1409 1316 Retractationibus
1438 1274 1544 1316 non
1575 1268 1776 1317 temere
1796 1260 1873 1316 ab
1904 1262 2202 1333 Augustino
2228 1261 2554 1334 assignatum
2582 1274 2701 1336 post
2744 1268 2998 1338 opuscula
3042 1271 3284 1341 quzedam
3310 1288 3436 1339 sua,
3468 1290 3590 1345 qua:

329 1360 472 1401 anno
499 1345 604 1402 400
633 1356 724 1401 aut
746 1360 886 1402 anno
904 1346 1003 1403 ιω
1028 1349 1346 1420 composuit.

337 1503 3600 1533 Μ

410 1602 490 1662 In
511 1599 939 1679 subsequente:
973 1600 1167 1663 libros
1204 1602 1341 1665 vide
1383 1613 1679 1680 prteterea
1741 1602 1852 1665 lib.
1889 1604 1967 1678 2,
2001 1621 2134 1683 cap.
2165 1603 2248 1664 25
2271 1647 2287 1678 ,
2318 1605 2889 1681 Retractationum,
2932 1615 3079 1670 tom.
3124 1611 3184 1684 1,
3217 1611 3337 1673 col.
3377 1611 3529 1682 ϐω.
3558 1632 3597 1673 α

327 1698 556 1769 verbis,
589 1701 951 1778 Antequam
980 1701 1255 1777 ﬁni-rem,
1308 1720 1499 1783 usque
1522 1702 1604 1764 ad
1630 1703 1834 1777 verba,
1867 1704 2140 1767 Litteras
2172 1709 2342 1781 tuas,
2375 1706 2496 1767 col.
2532 1704 2674 1766 6M.
2757 1706 2843 1769 Mt

910 2044 1051 2163 8.
1146 2048 1905 2162 AURELII
1991 2047 2992 2166 Αυευετιπι

1330 2260 1346 2273 ’
1500 2255 2015 2343 HIPPONENSIS
2055 2257 2407 2323 EPISCOPI

1420 2356 1485 2451 ’.
1830 2397 2105 2455 CONTRA
2476 2376 2483 2383 ’

583 2579 1363 2686 LITTERAS
1478 2546 2277 2684 PETILIANI
2404 2510 3326 2727 DQNATISTfE

1554 2773 1957 2837 CIRTENSIS
1989 2776 2340 2839 EPISCOPI

1671 2930 1939 3024 πίβῖί
2010 2938 2221 3023 tres.

1642 3118 2255 3198 <HHEEEIIEBBBD>

1336 3260 1802 3369 LIBER
1873 3261 2615 3373 PRIJVIUS‘“).
2698 3339 2715 3351 .

414 3452 625 3514 scriptu
644 3450 793 3503 forma
817 3446 1036 3513 epistola:
1054 3447 1114 3498 ad
1134 3444 1399 3497 catholicos
1417 3446 1633 3507 directae,
1660 3446 1707 3497 in
1730 3445 2203 3556 quépglimiemirartes
2220 3459 2266 3509 el
2285 3445 2438 3501 istolze
2459 3447 2692 3512 Petilianl,
2715 3462 2858 3514 quam
2883 3454 2987 3516 ipse
3009 3456 3067 3509 ad
3083 3470 3198 3510 suos
3217 3461 3493 3527 βαίνω-ιι,

1764 3653 2164 3689 W-

320 3778 688 3835 Dilectissimis
712 3777 962 3834 fratribus
976 3776 1047 3833 ad
1069 3784 1263 3830 nostra!
1284 3773 1691 3844 dispensationis
1716 3785 1898 3825 curam

396 3870 806 3941 pertinentibus,
855 3870 1211 3929 AUGUSTINUS,
1244 3864 1307 3918 In
1330 3864 1551 3917 Domino
1579 3864 1828 3914 salutem.

322 3988 329 3991 τ
394 3963 617 4019 CAPUT
646 3959 926 4017 PRIMUM.
952 3988 1025 4000 -—-
1056 3959 1106 4012 1.
1154 3956 1332 4011 Nostis
1362 3966 1458 4008 nos
1499 3966 1642 4021 srrpe
1674 3949 1903 4005 voluisse

320 4055 714 4111 Donatistarum
733 4051 1103 4107 hereticorum
1127 4045 1438 4115 sacrilegum
1462 4056 1698 4098 errorem
1723 4041 1773 4093 in
1798 4054 1899 4091 no-

320 4147 490 4199 titiam
522 4142 878 4209 manifestam,
911 4148 1144 4195 nontam
1169 4151 1232 4192 ex
1259 4145 1463 4199 nosuo,
1485 4148 1641 4203 quam
1669 4146 1737 4185 ex
1763 4131 1902 4200 ipso-

320 4251 442 4290 rum
470 4249 565 4289 ore
591 4234 609 4266 ¹
631 4232 942 4303 producere,
970 4239 1128 4299 atque
1155 4226 1468 4281 convincere
1497 4239 1512 4277 :
1540 4220 1680 4277 unde
1707 4220 1900 4274 factum

318 4337 406 4382 est
433 4335 490 4379 ut
512 4325 578 4379 ad
608 4323 895 4385 nonnullos
910 4320 1067 4376 etiam
1097 4319 1349 4389 primates
1370 4329 1551 4369 eorum
1581 4314 1783 4368 litteras
1807 4311 1899 4365 da-

321 4431 521 4480 remus,
552 4429 657 4468 non
684 4412 894 4483 quidem
921 4407 1436 4472 communicatorias,
1465 4405 1655 4475 quibus
1697 4418 1757 4457 se
1791 4400 1900 4471 jam

321 4509 378 4561 in
419 4506 741 4575 przeteritum
782 4502 1024 4572 indignos
1063 4514 1092 4553 a
1121 4498 1380 4554 catholica
1416 4495 1651 4550 Ecclesia
1691 4493 1902 4548 dissen-

321 4599 512 4653 tiendo
531 4600 798 4661 fecerunt;
834 4609 933 4651 nec
961 4604 1139 4649 tamen
1167 4589 1582 4647 contumeliosas
1600 4630 1615 4655 ,
1642 4585 1735 4641 sed
1768 4586 1902 4655 paci-

322 4690 488 4745 ﬁcas:
527 4698 589 4745 ut
615 4688 889 4745 nobiscum
916 4684 1209 4757 quaestione
1245 4682 1501 4747 discussa,
1533 4695 1652 4749 quae
1690 4679 1809 4733 illos
1833 4677 1902 4732 ab

318 4778 469 4837 orbis
497 4786 759 4834 terrarum
779 4784 960 4831 sancta
986 4772 1359 4829 communione
1378 4769 1626 4838 disrupit,
1651 4766 1899 4822 conside-

319 4880 432 4924 rata
475 4870 699 4924 veritate
743 4867 934 4937 corrigi
980 4865 1205 4930 vellent;
1235 4878 1334 4918 nec
1375 4861 1633 4932 majorum
1684 4875 1899 4917 suorum

317 4962 615 5014 animosam
646 4959 1044 5029 perversitatem
1069 4954 1355 5027 pertinacia
1377 4955 1618 5009 stultiore
1644 4951 1896 5008 defende-

315 5062 459 5115 rent,
486 5050 583 5106 sed
610 5051 676 5104 ad
712 5050 938 5106 fructum
968 5048 1241 5104 charitatis
1265 5045 1430 5101 radici
1470 5045 1744 5101 catholica:
1772 5045 1896 5100 red-

316 5142 594 5198 derentur.
623 5140 729 5197 Sed
758 5139 1009 5211 quoniam
1031 5140 1284 5209 scriptum
1311 5146 1412 5207 est,
1436 5137 1559 5192 Cum
1580 5137 1657 5193 his
1675 5139 1761 5210 qui
1781 5137 1901 5192 ode-

382 5333 401 5364 ί
435 5332 572 5392 ωἱιί,
595 5344 753 5395 opere.
777 5331 871 5382 Sed
893 5328 1070 5382 melius
1080 5336 1282 5380 veteres
1302 5326 1513 5388 codices,
1535 5338 1637 5377 ore.

2004 3779 2119 3822 runt
2149 3786 2341 3839 pacem,
2374 3789 2509 3825 nam
2532 3776 2774 3842 paciﬁcus
2801 3776 2971 3846 (Paul.
3002 3796 3157 3846 (ειη,
3187 3785 3275 3854 7);
3304 3786 3372 3839 ita
3399 3787 3473 3842 illi
3502 3804 3583 3844 re-

2004 3868 2260 3927 spuerant
2289 3860 2491 3914 litteras
2537 3876 2715 3927 meas,
2757 3864 2894 3920 sicut
2920 3867 3087 3935 ipsam
3127 3886 3344 3942 pacem,
3370 3877 3453 3930 cui
3491 3892 3584 3946 ρυι·

2004 3960 2097 4002 eas
2134 3948 2538 4014 consulebatur,
2565 3950 2809 4007 oderunt.
2841 3953 2993 4011 Nunc
3024 3973 3150 4015 vero
3177 3975 3298 4015 cum
3333 3977 3504 4020 essem
3532 3966 3583 4021 in

2004 4036 2225 4091 ecclesia
2249 4034 2719 4105 Constantiniensi,
2752 4042 3041 4100 Absentio‘
3073 4059 3357 4118 praesente,
3388 4061 3444 4107 et
3469 4056 3584 4109 col-

2005 4128 2118 4198 lega
2148 4143 2268 4184 meo
2303 4129 2595 4186 Fortunato
2629 4133 2746 4204 ejus
2786 4134 3067 4208 episcopo,
3108 4138 3421 4196 obtulerunt
3456 4144 3583 4200 milii

2004 4216 2198 4273 fratres
2222 4219 2521 4288 epistolam,
2549 4237 2706 4292 quam
2735 4224 2801 4279 ad
2831 4240 2957 4283 suos
2982 4229 3320 4301 presbyteros
3343 4232 3581 4303 ejusdem

2005 4308 2307 4365 schismatis
2334 4310 2641 4381 episcopum
2666 4312 2880 4372 dedisse
2908 4316 3176 4388 dicebant,
3205 4321 3340 4377 sicut
3368 4339 3582 4379 earum-

2004 4399 2124 4455 dem
2146 4417 2357 4471 quoque
2379 4402 2672 4459 litterarum
2703 4409 3065 4475 praetendebat
3090 4411 3383 4484 inscriptio.
3412 4415 3584 4483 Quam

2003 4505 2125 4545 cum
2168 4492 2411 4562 legissem
2434 4533 2449 4560 ,
2482 4493 2552 4548 ita
2582 4496 2802 4551 miratus
2840 4512 2957 4554 sum
3001 4503 3143 4572 quod
3189 4505 3372 4575 primis
3408 4510 3587 4565 verbis

2005 4582 2117 4636 suis
2137 4589 2300 4637 totam
2328 4582 2491 4652 partis
2518 4599 2627 4640 suae
2662 4590 3087 4647 communionem
3118 4595 3371 4654 radicitus
3393 4613 3584 4669 ampu-

2007 4675 2154 4737 tavit,
2187 4684 2243 4728 ut
2273 4675 2467 4730 nollem
2512 4676 2733 4733 credere
2776 4679 2919 4736 illius
2948 4682 3177 4741 hominis
3203 4701 3324 4743 esse
3353 4688 3577 4755 litteras,

2002 4779 2162 4835 quem
2187 4766 2324 4821 solet
2349 4765 2486 4823 fama
2515 4769 2802 4839 praedicare
2824 4812 2839 4839 ,
2864 4774 3007 4843 quod
3043 4776 3183 4833 inter
3218 4794 3315 4836 eos
3341 4781 3581 4838 doctrina

2002 4864 2162 4926 atque
2187 4854 2429 4913 facundia
2457 4860 2688 4916 maxime
2712 4863 2955 4918 excellat.
2980 4864 3086 4922 Sed
3115 4868 3238 4938 quia
3265 4887 3350 4927 me
3375 4872 3584 4944 legente

2005 4946 2225 5000 aderant
2249 4946 2462 5016 quidam
2482 4948 2573 5019 qui
2596 4948 2713 5018 eius
2736 4954 3001 5009 sermonis
3018 4957 3213 5012 cultum
3235 4974 3585 5032 ornatumque

2004 5048 2405 5107 cognoscerent,
2455 5039 2583 5093 mihi
2631 5043 2952 5112 persuadere
2999 5057 3314 5117 coeperunt,
3365 5052 3582 5108 omnino

2001 5127 2122 5197 ejus
2145 5142 2265 5184 esse
2292 5128 2420 5184 illud
2440 5129 2730 5200 eloquium.
2760 5133 2873 5206 Ego
2905 5146 3076 5194 tamen
3106 5142 3386 5210 cujuslibet
3411 5154 3574 5209 esset,

2004 5217 2350 5303 refellendum
2381 5223 2556 5291 putavi
2579 5264 2594 5291 ,
2633 5239 2701 5280 ne
2736 5227 2975 5298 quisquis
3002 5244 3064 5285 ea
3107 5231 3351 5304 scripsit,
3383 5234 3579 5306 aliquid

2064 5327 2084 5361 ι
2118 5334 2275 5392 Forte,
2297 5322 2480 5396 Αιῃρδὸ.

1480 5424 1767 5464 ADIONI'I‘IO
1805 5424 1885 5464 PP.
1927 5425 2402 5469 BENEDICTINORUI.

380 5508 544 5576 Libros
571 5515 738 5576 contra
759 5502 1210 5576 Ulteras'Petiliaui
1241 5499 1531 5576 contulimus
1557 5513 1665 5576 cum
1687 5498 1949 5576 Gallicanis
1967 5509 2171 5576 quatuor
2204 5506 2559 5576 manuscriptis,
2581 5506 2892 5576 Floriacensi,
2937 5515 3184 5576 Beecensi,
3210 5512 3490 5566 Pratellensl
3531 5527 3575 5566 et

309 5570 660 5640 pygirannensi
692 5580 782 5640 seu
803 5576 847 5640 ἢ.
870 5565 1138 5630 Cygiramu,
1160 5576 1270 5614 cum
1294 5563 1439 5613 editis
1457 5571 1558 5612 am.
1584 5568 1658 5611 Er.
1691 5570 1744 5612 et
1763 5568 1872 5613 ιον.
1896 5561 2228 5616 consumimus
2252 5569 2399 5618 etiam
2434 5561 2592 5619 varias
2624 5569 2863 5623 lectiones
2878 5561 3224 5638 η’
3241 5561 3578 5640 Μ”ιεξτ

311 5628 639 5679 tbvanienses
658 5628 901 5678 collectas.

408 5711 919 5791 Comparavimus
938 5716 1242 5788 praeterea
1274 5726 1371 5767 eas
1408 5725 1612 5767 omnes
1645 5705 1944 5767 editiones
1972 5707 2158 5770 im'lio
2185 5709 2349 5772 Retr.
2373 5716 2426 5767 et
2453 5708 2827 5783 Confess.,t.
2851 5716 2908 5789 1,
2937 5728 3322 5780 memoratas.
3374 5722 3493 5783 “M.

379 5812 450 5872 (α)
473 5816 682 5872 Scriptus
703 5810 892 5859 circiter
915 5820 1090 5858 annum
1104 5807 1274 5855 Christi
1305 5804 1406 5855 l00.
