4028 6202
308 427 315 438 ’
384 411 533 466 λῖὃῖ

432 522 529 575 sibi
550 519 686 589 apud
708 515 978 585 imperitos
996 510 1249 564 adversus
1272 505 1594 561 Catholicam
1624 503 1898 571 scripsisse
1924 502 1999 553 ri-

436 610 667 663 duretur.

505 696 557 749 Ξ.
602 695 709 748 Hoc
748 706 872 760 ergo
904 689 991 745 ille
1018 687 1239 757 primum
1273 685 1323 739 in
1350 683 1570 750 epistola
1601 697 1693 735 sua
1722 680 1893 749 posuit
1919 678 2002 731 di-

436 799 583 845 crus,
611 783 744 849 quod
767 782 834 834 eis
859 778 1152 848 objiciamus
1171 777 1245 831 bis
1273 774 1551 842 Baptisma,
1582 772 1666 840 qui
1689 772 1778 825 sub
1807 769 2005 822 nomine

440 872 686 943 llaptismi
722 871 917 924 animus
958 876 1151 921 nostras
1184 881 1268 917 reo
1306 865 1505 917 lavacro
1551 862 1837 930 polluimus.
1870 858 2003 925 Quid

438 974 613 1017 autem
661 962 878 1032 prodest
909 959 1083 1014 omnia
1130 958 1245 1025 ejus
1288 953 1668 1010 contumeliosa
1713 952 1868 1006 verba
1922 966 2006 1001 rc-

440 1054 662 1110 tosere?
690 1052 818 1106 Nam
845 1050 1093 1120 quoniam
1118 1047 1256 1101 aliud
1283 1055 1362 1099 est
1405 1045 1720 1099 documenta
1765 1042 1972 1094 ﬁrmare
1992 1079 2006 1103 ,

442 1144 582 1197 aliud
604 1142 877 1199 maledicta
905 1138 1196 1194 refellendo
1220 1144 1474 1197 tractare;
1498 1132 1627 1187 illud
1652 1132 1822 1200 potius
1842 1139 2010 1183 atten-

349 1252 359 1262 ·
444 1235 664 1299 damus,
706 1247 814 1300 quo
840 1239 991 1299 pacto
1021 1228 1386 1286 demonstrare
1428 1221 1674 1287 voluerit,
1709 1234 1805 1273 nos
1830 1217 2009 1285 Baptiv

444 1338 616 1375 smum
646 1340 747 1375 non
775 1321 991 1384 habere,
1021 1328 1072 1370 et
1101 1318 1216 1370 ideo
1246 1330 1304 1368 se
1333 1329 1437 1371 non
1471 1319 1709 1379 repetere
1738 1308 1875 1377 quod
1902 1310 2009 1375 jam

445 1421 582 1477 erat,
612 1411 701 1464 sed
742 1410 868 1471 dare
907 1408 1046 1477 quod
1076 1422 1178 1461 non
1208 1415 1349 1459 erat.
1375 1405 1462 1457 Ait
1490 1402 1629 1456 enim
1656 1418 1668 1453 :
1702 1399 2012 1453 Conscientia

448 1517 663 1568 namque
690 1500 854 1555 dantis
875 1497 1163 1558 attenditur,
1189 1495 1273 1564 qui
1300 1494 1470 1547 abluat
1499 1489 1828 1560 accipientis?
1855 1486 2010 1554 Quid,

448 1594 493 1647 si
521 1594 679 1647 lateat
706 1592 879 1647 dantis
906 1588 1246 1650 conscientia,
1289 1598 1343 1639 et
1367 1584 1588 1638 fortasse
1615 1582 1879 1638 maculosa
1910 1578 2014 1633 sit?

450 1684 715 1751 quomodo
743 1683 931 1751 poterit
951 1681 1257 1749 accipientis
1278 1678 1493 1733 abluere
1518 1673 1915 1737 conscientiam,
1946 1672 2013 1737 si,

450 1774 891 1839 quemadmodum
917 1772 1062 1834 dicit,
1094 1770 1393 1823 conscientia
1423 1766 1590 1821 dantis
1617 1763 1907 1821 atienditnr,
1930 1762 2016 1830 qui

451 1865 620 1920 abluat
649 1863 978 1933 accipientis?
1001 1862 1054 1915 Si
1082 1861 1220 1913 enim
1250 1858 1433 1911 dixerit
1459 1857 1523 1910 ad
1547 1856 1889 1921 accipientem
1914 1867 2017 1905 non

454 1955 718 2023 pertinere
741 1950 991 2021 quidquid
1020 1949 1140 2003 mali
1169 1947 1378 2001 latuerit
1404 1946 1455 1998 in
1480 1944 1800 1997 conscientia
1823 1941 2015 2004 dantis,

455 2046 517 2097 ad
547 2044 646 2103 hoc
670 2044 859 2102 valebit
890 2042 1109 2095 fortasse
1138 2040 1223 2093 illa
1253 2036 1568 2108 ignorantia,
1588 2043 1641 2087 ut
1662 2033 1726 2087 de
1743 2032 2019 2085 conscien-

458 2138 526 2190 tia
555 2135 893 2203 haptizatoris
922 2134 1001 2187 sui
1035 2147 1137 2185 non
1162 2130 1326 2200 possit
1346 2128 1585 2182 nesciens
1606 2122 1876 2187 maculari.
1900 2119 2023 2176 Suf-

460 2226 596 2287 ﬁciat
623 2240 749 2294 ergo
777 2232 834 2277 ut
851 2222 1068 2277 alterius
1088 2220 1409 2275 conscientia
1440 2216 1702 2270 maculosa
1729 2230 1848 2269 cum
1871 2215 2020 2283 igno-

459 2326 621 2379 ratur,
653 2331 757 2376 non
795 2315 1057 2370 maculet:
1091 2310 1341 2380 numquid
1380 2317 1554 2361 autem
1604 2306 1763 2361 etiam
1808 2304 2023 2359 abluere

461 2414 632 2473 potest
645 2405 670 2459 ?
1411 2452 1423 2458 -

528 2492 752 2550 CAPUT
780 2492 840 2546 ll.
862 2522 934 2531 —
951 2492 1005 2545 5.
1044 2490 1193 2545 Unde
1222 2488 1379 2558 igitur
1404 2486 1692 2540 abluendus
1716 2493 1797 2539 est
1824 2485 1911 2554 qui
1939 2499 2027 2539 ac-

461 2586 584 2657 cipit
611 2584 929 2652 Baptismum
955 2622 971 2647 ,
997 2596 1117 2634 cum
1146 2579 1317 2637 dantis
1347 2578 1542 2645 polluta
1573 2574 1895 2631 conscientia
1922 2582 2020 2636 est,

463 2683 515 2728 et
541 2673 641 2728 hoc
668 2674 756 2728 ille
776 2672 863 2741 qui
885 2680 966 2725 est
983 2678 1295 2738 accepturus
1318 2666 1557 2735 ignorat?
1585 2665 1884 2719 Praesertim
1906 2678 2026 2718 cum

462 2764 652 2827 addat,
684 2769 739 2818 et
770 2764 910 2819 dicat
933 2804 947 2827 ,
993 2760 1129 2814 Nam
1157 2760 1243 2829 qui
1277 2759 1426 2826 ﬁdem
1452 2774 1483 2809 a
1511 2756 1702 2825 perﬁdo
1730 2756 2025 2824 sumpserit,

462 2871 562 2911 non
587 2854 738 2923 ﬁdem
764 2853 994 2923 percipit,
1032 2852 1118 2904 sed
1142 2860 1354 2903 reatum.
1385 2847 1522 2902 Ecce
1544 2855 1648 2900 stat
1678 2846 1908 2915 perﬁdus
1935 2846 2029 2899 ba-

465 2945 771 3012 ptizaturns,
794 2953 845 2998 al
878 2944 964 2998 ille
1002 2942 1090 3012 qui
1120 2939 1460 3011 baptizandus
1484 2947 1586 3002 est,
1610 2937 1882 3006 perfidiam
1913 2938 2026 3007 ejus

465 3038 704 3100 ignorat:
732 3033 854 3105 quid
880 3047 1000 3099 eum
1021 3040 1355 3097 accepturum
1377 3042 1494 3081 esse
1521 3026 1828 3080 arbitraris?
1852 3036 2024 3079 utrum

467 3125 644 3189 ﬁdem,
674 3139 739 3181 an
768 3121 1010 3175 reatum?
1045 3120 1100 3175 Si
1132 3119 1327 3175 dixeris
1355 3118 1509 3171 ﬁdem
1536 3132 1551 3179 ;
1579 3116 1841 3175 concedes
1871 3130 2029 3184 posse

468 3215 579 3269 ﬁeri
610 3224 667 3269 ut
692 3214 720 3281 α
750 3212 951 3281 perﬁdo
992 3211 1213 3280 quisque
1253 3208 1410 3263 ﬁdem
1442 3207 1734 3278 percipiat,
1777 3222 1880 3267 non
1909 3222 2029 3260 rea-

469 3316 613 3362 tum:
640 3312 688 3357 et
714 3304 897 3359 falsum
929 3301 1030 3355 erit
1063 3299 1191 3367 illud
1222 3297 1360 3367 quod
1391 3297 1586 3351 dictum
1623 3304 1723 3357 est,
1761 3295 1860 3362 Qui
1883 3296 2031 3363 ﬁdem

468 3412 499 3446 η
537 3394 727 3462 perfido
764 3392 1063 3460 sumpserit,
1098 3407 1197 3446 non
1227 3390 1379 3457 ﬁdem
1422 3388 1662 3457 percipit,
1692 3388 1780 3440 sed
1816 3396 2027 3441 reatum.

473 3485 769 3538 invenimus
797 3483 935 3537 enim
967 3481 1078 3535 ﬁeri
1128 3494 1280 3548 posse
1321 3490 1376 3530 ut
1403 3479 1559 3533 etiam
1589 3492 1617 3530 a
1646 3477 1845 3546 perﬁdo
1876 3476 2031 3530 ﬁdem

469 3576 587 3643 quis
614 3572 883 3644 percipiat,
912 3571 955 3624 si
987 3569 1257 3641 perfidiam
1284 3567 1457 3621 dantis
1482 3567 1702 3635 ignoret.
1743 3566 1857 3619 Non
1889 3566 2031 3627 enim

469 3666 556 3728 ait,
587 3663 685 3728 Qui
723 3663 877 3716 ﬁdem
908 3677 935 3713 a
975 3660 1177 3729 perﬁdo
1207 3657 1486 3712 manifesto
1514 3659 1597 3711 vel
1638 3658 1849 3728 cognito
1879 3673 2024 3711 sum-

470 3755 631 3819 pserit
664 3772 677 3807 :
710 3752 827 3818 sed,
863 3752 962 3816 Qui
1000 3751 1171 3820 ﬁdem,
1202 3750 1404 3820 inquit,
1440 3766 1472 3802 a
1502 3750 1703 3817 perﬁdo
1740 3751 2028 3819 sumpserit,

470 3862 567 3903 non
597 3844 747 3911 [idem
776 3843 1021 3913 percipit.
1061 3839 1150 3895 sed
1184 3850 1415 3902 reatum;
1451 3838 1593 3909 quod
1623 3839 1803 3903 utique
1841 3838 2031 3893 falsum

470 3934 784 4002 est,quaudo
801 3933 916 4003 quis
944 3948 972 3987 ιι
1003 3933 1200 3987 latente
1224 3930 1426 4001 perﬁdo
1450 3930 1762 3998 baptizatur.
1783 3930 1837 3984 Si
1854 3939 2029 3983 autem

471 4026 679 4087 dixerit,
702 4024 869 4081 Etiam
885 4038 1004 4087 cum
1041 4022 1331 4090 bsptizator
1356 4019 1589 4089 perlidus
1613 4020 1757 4085 latet,
1773 4034 1879 4072 non
1892 4019 2034 4073 abeo

474 4116 628 4180 ﬁdem
675 4114 928 4184 percipit,
968 4112 1062 4167 sed
1105 4119 1354 4165 reatum:
1394 4108 1719 4177 rebaptizent
1759 4124 1886 4177 ergo
1915 4109 2033 4163 illos

469 4223 602 4273 quos
627 4206 695 4260 ab
719 4207 798 4260 eis
838 4204 1126 4271 baptizatos
1153 4214 1272 4254 esse
1298 4198 1625 4263 constiterit,
1652 4198 1739 4267 qui
1779 4198 1869 4251 ditt
1894 4199 2031 4266 apud

477 4298 616 4365 ipsos
639 4290 983 4348 conscelerati
1004 4292 1018 4321 ¹
1048 4289 1328 4352 latuerunt,
1349 4296 1401 4353 et
1428 4296 1605 4356 postea
1635 4286 1827 4356 proditi
1855 4287 2035 4343 convi-

470 4387 643 4457 ctique
666 4383 897 4437 damnati
918 4389 1059 4437 sunt.

542 4470 765 4535 CAPUT
789 4470 874 4539 ill.
898 4469 979 4523 Eo
1000 4467 1193 4537 quippe
1218 4476 1453 4535 tempore
1476 4480 1583 4536 quo
1603 4466 1854 4529 latebant,
1876 4479 2037 4535 quos-

474 4576 700 4635 cumque
729 4559 1144 4628 baptizat'erunt,
1177 4573 1282 4611 non
1312 4557 1390 4611 eis
1420 4565 1704 4625 potuerunt
1744 4556 1897 4610 ﬁdem
1916 4566 2031 4609 .tra-

473 4652 631 4713 dere,
662 4648 754 4705 sed
796 4658 1031 4712 reatum;
1058 4648 1102 4701 si
1139 4646 1376 4716 quisquis
1425 4646 1577 4699 ﬁdem
1605 4660 1632 4697 a
1665 4645 1866 4714 perﬁdo
1893 4660 2038 4699 sum-

479 4738 658 4807 pserit,
688 4754 790 4792 non
822 4740 975 4793 ﬁdem
1023 4738 1272 4807 percipit,
1312 4736 1404 4791 sed
1432 4745 1657 4789 reatum.
1686 4737 1825 4805 Ergo
1860 4736 2036 4805 bapti-

475 4841 660 4887 zeutur
683 4846 712 4884 a
740 4831 923 4894 bonis,
954 4839 1011 4884 ut
1038 4830 1240 4903 possint
1267 4827 1422 4881 ﬁdem
1450 4827 1719 4898 percipere
1742 4867 1756 4891 ,
1792 4842 1896 4895 non
1924 4843 2041 4880 rea-

478 4938 609 4978 tum.
1042 4912 1045 4916 4
1452 4904 1458 4917 ⁴
1916 4996 1919 4997 ν

547 5019 600 5073 4.
640 5014 745 5072 Sed
766 5013 1038 5085 quomodo
1063 5021 1117 5067 et
1136 5011 1203 5065 de
1232 5010 1345 5064 istis
1359 5010 1432 5081 (tt)
1450 5010 1619 5065 securi
1641 5018 1817 5076 erunt,
1836 5008 1880 5062 si
1905 5023 2030 5065 cen-

475 5109 694 5165 seientia
721 5107 895 5160 dantis
917 5102 1226 5169 attenditur,
1248 5117 1365 5169 quae
1391 5101 1518 5154 latet
1537 5100 1718 5153 oculos
1736 5098 2040 5165 accepturi?

482 5204 552 5254 Ita
582 5196 873 5263 secundum
893 5209 1075 5262 eorum
1101 5192 1413 5247 sententiam
1438 5190 1493 5243 ﬁt
1517 5191 1659 5248 salus
1688 5189 1771 5241 illa
1799 5187 2041 5257 spiritua-

483 5294 545 5349 lis
590 5292 809 5360 incerta,
836 5286 960 5342 dum
986 5292 1167 5337 contra
1210 5281 1508 5349 Scripturas
1536 5288 1763 5341 sanctas,
1803 5291 1920 5345 quae
1955 5275 2039 5328 di-

477 5392 623 5445 cunt,
655 5379 848 5439 Bonum
875 5385 943 5431 est
980 5373 1229 5440 conlidere
1258 5372 1309 5437 in
1345 5370 1577 5431 Domino,
1608 5384 1755 5437 quam
1792 5366 2044 5434 conﬁdere

479 5473 530 5525 in
554 5471 755 5525 homine
790 5465 963 5536 (Psal.
991 5479 1153 5522 cxvu.
1185 5462 1272 5527 8);
1309 5469 1395 5525 ct,
1440 5459 1739 5511 sialedictus
1778 5460 1937 5509 omnis
1960 5456 2044 5521 qui

479 5578 527 5629 η
543 5578 619 5613 em
638 5575 780 5613 suam
809 5556 945 5625 ponit
965 5556 1015 5617 in
1041 5553 1239 5617 homth
1258 5549 1465 5620 (Jereut.
1498 5564 1625 5614 xv",
1658 5547 1711 5616 5)
1744 5564 1757 5600 :
1784 5560 1929 5615 spem
1954 5546 2047 5600 ba-

548 5711 566 5767 t
598 5709 731 5763 miti,
750 5720 858 5755 cum
878 5704 1111 5754 scelerati.
1136 5712 1256 5762 uss,
1291 5715 1397 5767 cum
1430 5702 1698 5752 sceleratis:
1726 5717 1751 5746 u
1771 5702 1880 5761 inus
1893 5708 2044 5750 recto.

547 5766 622 5827 (α)
657 5767 847 5829 supple,
871 5767 1015 5816 bonis.

1269 395 1537 451 COVTRA
1581 391 1914 446 LITTERAS
1954 390 2311 455 l‘ETlLl.\Nl,
2354 389 2412 445 S.
2454 389 2816 445 AUGUSTINI

3572 394 3681 446 ΞΗ

2112 502 2473 569 ιιιίῑειηιιοηιηι
2504 500 2743 555 auferunt
2779 518 2806 553 a
2856 502 3078 555 Domino
3126 503 3232 557 Deo
3253 545 3267 566 ,
3296 512 3349 557 et
3381 503 3431 557 in
3461 504 3684 560 homine

2111 590 2407 658 ponendam
2445 605 2564 645 esse
2601 590 2939 658 persuadent.
2975 590 3122 645 Unde
3149 592 3207 644 ﬁt
3235 593 3450 645 omnino
3490 606 3546 646 ut
3575 612 3684 648 non

2113 680 2206 732 iuc~
2231 690 2329 737 rta.
2359 680 2451 734 sed
2480 693 2694 748 prorsus
2726 681 2864 733 nulla
2892 680 2961 733 sit
2989 681 3132 733 salus
3157 700 3171 734 :
3202 682 3345 750 quia,
3381 681 3584 736 Domini
3606 697 3683 737 est

2112 769 2249 823 salus
2276 768 2446 838 (Psal.
2469 784 2542 830 ut,
2570 768 2656 836 9);
2687 778 2764 831 et,
2806 767 2945 823 Vana
2972 771 3110 824 salus
3133 771 3346 824 hantiais
3372 771 3541 842 (Psal.
3574 790 3683 834 us.

2115 858 2224 928 15).
2258 860 2433 928 Itaque
2457 859 2695 929 quisquis
2737 861 2786 912 in
2820 860 3034 914 homine
3058 874 3205 927 spem
3234 864 3487 929 posuerit.
3519 867 3684 917 etiam

2114 966 2270 1019 quem
2318 951 2512 1019 iustum
2557 960 2612 1005 et
2652 952 2984 1005 innocentem
3032 952 3168 1005 novit
3195 992 3211 1017 ,
3242 953 3552 1008 maledictus
3579 970 3685 1009 esu

2117 1039 2269 1095 Unde
2300 1050 2359 1094 ct
2405 1040 2675 1108 apostolus
2705 1040 2899 1093 Paulus
2924 1055 3019 1093 eos
3056 1042 3142 1109 qui
3170 1041 3417 1097 dicebant
3453 1057 3511 1097 se
3540 1044 3687 1098 Pauli

2114 1144 2253 1193 esse,
2275 1130 2550 1201 objurgat,
2581 1142 2635 1185 et
2680 1132 2807 1185 dicit
2840 1148 2851 1183 :
2896 1129 3157 1202 Numquid
3195 1132 3384 1187 Paulus
3431 1152 3521 1203 pro
3549 1138 3688 1190 vobis

2115 1221 2385 1288 cruciﬁxus
2409 1230 2480 1276 est
2500 1221 2526 1274 2
2543 1231 2629 1274 aut
2651 1222 2706 1275 in
2722 1222 2920 1276 nomine
2943 1220 3093 1279 Pauli
3116 1224 3350 1291 baptizati
3374 1226 3488 1277 estis
3506 1225 3545 1293 (Ι
3566 1225 3687 1279 Cor.

2117 1310 2321 1378 L15)?

2185 1400 2409 1455 CAPUT
2449 1401 2533 1454 IV.
2564 1432 2632 1441 —-
2661 1403 2712 1456 5.
2753 1402 3100 1472 Quapropter,
3148 1404 3189 1455 si
3230 1406 3471 1459 errabant
3508 1407 3599 1469 illi,
3631 1418 3690 1461 et

2119 1489 2217 1542 nisi
2251 1491 2659 1559 corrigerentur,
2691 1492 2940 1559 perirent,
2968 1492 3055 1562 qui
3089 1494 3332 1547 volebant
3353 1510 3469 1549 csse
3497 1497 3642 1550 Pauli
3669 1516 3684 1558 ;

2117 1597 2234 1651 qua:
2262 1582 2471 1637 tandem
2511 1598 2633 1653 spes
2659 1598 2838 1638 eorum
2879 1595 2993 1650 est,
3026 1585 3113 1653 qui
3158 1598 3400 1654 quaerunt
3441 1603 3557 1642 esse
3588 1590 3693 1641 lio—

2120 1672 2225 1725 nati
2248 1672 2274 1724 ?
2315 1670 2369 1725 ld
2399 1672 2538 1725 enim
2586 1682 2746 1739 agunt
2775 1672 2857 1726 isti
2880 1714 2894 1734 .
2926 1682 2984 1728 ut
3009 1675 3191 1743 origo,
3238 1674 3382 1728 radix
3406 1717 3421 1738 ,
3450 1686 3502 1729 et
3526 1688 3687 1743 caput

2122 1762 2370 1831 baptizati
2400 1778 2502 1816 non
2531 1763 2629 1815 nisi
2664 1763 2751 1817 ille
2792 1764 2859 1817 sit
2887 1780 2915 1816 a
2943 1780 3047 1833 quo
3074 1765 3387 1833 baptizatur.
3420 1765 3490 1818 Ita
3525 1765 3579 1818 ﬁt
3606 1776 3685 1829 ut,

2122 1852 2372 1921 quoniam
2419 1852 2729 1922 plerumque
2768 1853 2938 1921 qualis
2976 1855 3043 1907 sit
3087 1854 3379 1923 baptizator
3429 1855 3693 1908 incertum

2123 1952 2203 1997 est
2223 1984 2237 2001 .
2268 1944 2465 1997 incerta
2506 1944 2708 2012 origine
2729 1986 2741 2007 ,
2772 1945 2967 1998 incerta
3015 1944 3190 2000 radice
3213 1986 3227 2010 ,
3271 1945 3472 1999 incerto
3496 1947 3692 2014 capite,

2125 2042 2246 2101 'spes
2272 2032 2428 2086 etiam
2452 2028 2624 2086 omnis
2643 2034 2659 2064 ¹
2689 2034 2885 2087 incerta
2915 2035 3000 2086 sit.
3032 2034 3095 2087 Et
3114 2049 3230 2089 cum
3263 2034 3374 2088 ﬁeri
3407 2036 3590 2104 possit,
3621 2035 3694 2087 ita

2125 2138 2243 2177 esse
2268 2124 2642 2177 conscientiam
2664 2124 2858 2189 dantis,
2883 2134 2939 2178 ut
2958 2126 3212 2180 scelerata
3241 2136 3398 2196 atque
3425 2127 3699 2181 maculosa

2126 2214 2216 2277 sit,
2248 2223 2301 2267 et
2328 2213 2428 2268 hoc
2455 2214 2654 2285 ignoret
2681 2215 2973 2283 accipiens;
3002 2226 3390 2285 consequenter
3418 2218 3475 2270 fit
3500 2226 3555 2269 ut
3580 2233 3701 2271 sceo

2128 2300 2294 2357 Ierata
2314 2303 2537 2373 origine,
2565 2304 2817 2357 scelerata
2844 2305 3039 2367 radice,
3071 2306 3328 2360 scelerato
3348 2309 3538 2374 capite,
3572 2322 3701 2376 spes

2128 2404 2340 2460 quoque
2368 2392 2611 2462 baptizati
2641 2408 2772 2447 vana
2812 2402 2866 2448 et
2903 2394 3071 2448 inanis
3096 2395 3305 2449 existat.
3337 2397 3541 2467 Quippe
3569 2413 3695 2455 cum

2130 2481 2231 2536 iste
2256 2482 2311 2537 in
2338 2484 2560 2551 epistola
2600 2498 2693 2537 sua
2722 2494 2909 2552 ponat,
2944 2486 3198 2563 et‘dicat,
3236 2485 3413 2540 Omnis
3452 2489 3581 2540 enim
3619 2506 3704 2544 res

2132 2573 2325 2641 origine
2346 2584 2393 2625 et
2414 2573 2583 2627 radice
2601 2574 2844 2638 consistit,
2877 2585 2922 2628 et
2942 2576 2986 2627 si
3010 2585 3161 2642 caput
3192 2591 3291 2630 non
3316 2576 3460 2631 habet
3480 2579 3695 2649 aliquid,

2132 2664 2260 2716 nihil
2288 2672 2376 2716 est.
2402 2664 2638 2733 Cumque
2663 2664 2919 2733 originem
2948 2674 3001 2718 et
3022 2664 3249 2719 radicem
3276 2674 3330 2721 et
3357 2676 3511 2735 caput
3531 2667 3705 2735 bapti-

2133 2753 2257 2816 Zati,
2291 2753 2558 2809 hominem
2589 2768 2617 2805 a
2648 2768 2752 2822 quo
2781 2754 3092 2821 baptizatur,
3125 2756 3250 2809 velit
3294 2756 3544 2827 inteligi;
3574 2758 3703 2826 quid

2133 2841 2351 2910 prodest
2377 2841 2570 2896 misero
2601 2841 2895 2910 baptizato,
2928 2843 3067 2911 quod
3100 2844 3301 2913 ignorat
3337 2861 3490 2914 quam
3532 2847 3708 2902 malus

2133 2932 2204 2987 sit
2254 2932 2545 3000 baptizator
2572 2931 2724 3000 ejus?
2757 2932 2966 3003 Ignorat
3009 2934 3149 2992 enim
3187 2948 3244 2987 se
3286 2935 3475 2987 malum
3508 2935 3709 2990 habere

2133 3031 2324 3091 caput,
2356 3030 2446 3076 aut
2481 3023 2696 3077 omnino
2736 3038 2793 3077 se
2831 3037 2949 3077 esse
2992 3024 3106 3077 sine
3135 3026 3325 3092 capite.
3356 3024 3552 3078 Tamen
3584 3041 3707 3093 qua:

2135 3126 2257 3184 spes
2286 3119 2367 3165 est
2410 3111 2509 3176 illi,
2538 3111 2622 3165 cui
2652 3111 2764 3167 sive
2789 3111 2975 3166 scienti
2998 3152 3012 3176 ,
3058 3113 3170 3166 sive
3216 3113 3507 3179 nescienti,
3547 3125 3712 3183 caput

2135 3201 2418 3270 pessimum
2444 3211 2535 3254 aut
2561 3200 2758 3254 nullum
2788 3202 2906 3261 est?
2948 3200 3209 3271 Numquid
3242 3202 3352 3271 ipsa
3397 3203 3694 3272 ignorantia

2138 3293 2196 3359 ﬁt
2223 3293 2271 3347 ei
2311 3301 2488 3360 caput,
2521 3292 2604 3347 cui
2631 3308 2758 3347 suus
2780 3293 3074 3367 baptizatur
3103 3295 3186 3347 vcl
3215 3295 3410 3347 malum
3438 3305 3595 3365 caput
3620 3296 3709 3349 vel

2137 3382 2341 3436 nullum
2372 3384 2491 3437 est?
2516 3383 2586 3437 At
2614 3382 2714 3438 hoc
2738 3385 2975 3455 quisquis
3006 3386 3288 3457 putaverit,
3320 3401 3442 3445 vere
3472 3386 3585 3441 sine
3610 3401 3711 3445 cae-

2137 3474 2244 3544 pite
2270 3482 2370 3527 est.

2205 3563 2431 3618 CAPUT
2475 3562 2537 3617 V.
2563 3591 2634 3601 —
2659 3561 2711 3621 6.
2752 3562 2859 3617 Nos
2902 3577 3030 3632 ergo
3073 3564 3359 3632 quaerimus
3380 3607 3393 3628 ,
3423 3567 3544 3634 quia
3575 3565 3717 3621 dixit

2136 3653 2255 3719 istc,
2286 3652 2384 3719 Qui
2412 3652 2561 3721 ﬁdem
2581 3669 2611 3705 a
2633 3653 2824 3721 perﬁdo
2848 3654 3136 3721 sumpserit,
3166 3671 3263 3707 non
3291 3656 3441 3722 ﬁdem
3469 3659 3712 3727 percipit,

2135 3742 2224 3797 sed
2250 3752 2483 3808 reatum;
2510 3743 2791 3812 statimque
2814 3743 3119 3805 connesuit.
3149 3742 3351 3810 dicens,
3377 3744 3554 3799 Omnis
3575 3748 3715 3801 enim

2138 3851 2219 3889 res
2239 3834 2433 3905 origine
2450 3842 2495 3887 et
2523 3833 2692 3887 radice
2716 3833 2958 3895 consistit,
2989 3843 3033 3886 et
3059 3834 3102 3887 si
3123 3843 3273 3902 caput
3307 3850 3408 3889 non
3441 3836 3589 3889 habet
3608 3838 3715 3889 ali-

2136 3924 2279 3991 quid,
2314 3922 2443 3976 nihil
2469 3930 2540 3975 cst
2570 3937 2588 3974 :
2618 3920 2901 3991 quaarimus
2929 3922 3105 3990 itaque
3128 3935 3245 3987 nos,
3275 3938 3395 3977 cum
3420 3923 3512 3978 ille
3535 3923 3714 3992 bapti-

2139 4022 2285 4066 zator
2313 4012 2544 4080 perlidus
2570 4011 2717 4074 latet,
2749 4011 2792 4065 si
2823 4021 2947 4067 tunc
2972 4012 3060 4066 ille
3082 4028 3238 4082 quem
3267 4014 3513 4083 baptizat,
3540 4014 3702 4071 ﬁdem

2134 4101 2379 4172 percipit,
2415 4115 2517 4154 non
2546 4110 2749 4155 reatum
2781 4119 2794 4154 :
2836 4102 2880 4155 si
2912 4113 3037 4157 tunc
3070 4103 3120 4159 ei
3157 4118 3260 4157 non
3291 4115 3373 4159 est
3414 4106 3712 4175 baptizatur

2138 4192 2255 4262 ejus
2282 4194 2430 4261 origo
2458 4203 2512 4247 et
2539 4192 2686 4247 radix
2710 4202 2763 4247 et
2792 4203 2966 4262 caput,
2991 4195 3108 4263 quis
3132 4204 3216 4249 est
3239 4210 3268 4247 a
3298 4211 3405 4263 quo
3430 4196 3620 4265 accipit
3646 4199 3713 4251 ﬁ-

2137 4285 2302 4339 dem?
2335 4285 2423 4339 ubi
2460 4296 2539 4339 est
2576 4286 2725 4353 origo
2766 4285 2832 4339 de
2873 4300 2972 4353 qua
3003 4286 3210 4339 oritur?
3248 4286 3332 4340 ubi
3375 4287 3521 4341 radix
3569 4289 3712 4345 unde

2136 4376 2437 4445 germinat?
2475 4375 2561 4428 ubi
2590 4383 2749 4443 caput
2777 4375 2915 4429 unde
2952 4376 3164 4443 incipit?
3190 4377 3272 4429 An
3302 4375 3437 4431 forte
3464 4390 3582 4430 cum
3612 4378 3709 4431 ba-

2140 4466 2422 4535 ptizantem
2468 4464 2725 4533 perﬁdum
2771 4465 2858 4519 ille
2886 4464 2972 4533 qui
3003 4465 3296 4535 baptizatur
3325 4468 3545 4536 ignorat,
3583 4478 3711 4525 tunc

2139 4555 2382 4611 Christus
2422 4553 2510 4606 dat
2540 4552 2695 4607 ﬁdem
2717 4593 2731 4617 ,
2766 4562 2889 4607 tunc
2926 4553 3168 4609 Christus
3200 4566 3281 4609 est
3304 4556 3452 4625 origo
3476 4566 3530 4611 et
3557 4558 3710 4612 radix

2141 4654 2196 4699 et
2220 4653 2377 4710 caput
2402 4642 2425 4694 ?
2456 4642 2497 4703 Ο
2526 4642 2750 4713 humana
2785 4643 3055 4698 temeritas
3083 4653 3135 4698 et
3164 4645 3408 4713 superbia
3434 4647 3446 4699 !
3478 4661 3571 4700 cur
3602 4662 3709 4701 non

2138 4738 2270 4797 sinis
2299 4736 2475 4804 potius
2512 4744 2570 4789 ut
2600 4750 2810 4803 semper
2831 4734 3071 4797 Christus
3100 4737 3188 4795 det
3223 4738 3417 4805 ﬁdem,
3461 4740 3713 4794 christia-

2142 4842 2266 4881 num
2310 4824 2487 4878 dando
2532 4824 2799 4878 facturus?
2830 4825 2937 4878 Cttr
2980 4842 3083 4879 non
3124 4827 3253 4881 sinis
3297 4838 3353 4883 ut
3388 4844 3600 4897 semper
3643 4834 3715 4884 sit

2144 4916 2383 4969 Christus
2409 4915 2556 4984 origo
2580 4914 2874 4984 christiani,
2902 4916 2953 4969 in
2975 4916 3185 4970 Christo
3214 4919 3443 4972 radicem
3464 4921 3715 4973 christia-

2143 5019 2243 5063 nus
2267 5002 2465 5072 inligat,
2491 5000 2731 5057 Christus
2759 5004 3027 5075 christiani
3058 5006 3126 5059 sit
3150 5010 3342 5076 caput?
3369 5008 3547 5077 Neque
3567 5027 3715 5067 emm

2144 5094 2301 5147 etiam
2346 5108 2465 5146 cum
2513 5108 2608 5161 per
2648 5102 2885 5155 sanctum
2931 5105 2983 5148 et
3030 5095 3235 5151 ﬁdelem
3289 5098 3712 5169 dispensatorem

2144 5184 2309 5249 gratia
2340 5183 2625 5250 spiritualis
2650 5184 2989 5249 credentibus
3031 5186 3342 5254 impertitur,
3379 5189 3719 5258 dispensator

2147 5274 2259 5341 ipse
2298 5274 2569 5341 justilicat,
2597 5288 2660 5327 ac
2697 5290 2803 5329 non
2833 5275 2918 5329 ille
2949 5292 3082 5329 unus
3112 5277 3179 5333 de
3214 5293 3319 5346 quo
3347 5278 3547 5335 dictum
3576 5292 3660 5335 est
3688 5325 3704 5347 ,

2147 5362 2286 5437 quod
2316 5364 2565 5431 justi/icat
2600 5364 2809 5432 impium
2839 5365 3011 5435 (Rem.
3042 5382 3113 5431 Iv,
3156 5367 3253 5437 5)?
3280 5370 3383 5421 Aut
3413 5385 3539 5422 vero
3570 5373 3717 5437 Apu-

2149 5454 2317 5507 stolus
2346 5453 2537 5507 Paulus
2566 5464 2722 5522 caput
2748 5466 2830 5507 est
2858 5465 2910 5509 et
2930 5456 3081 5525 origo
3103 5472 3310 5523 eorum,
3339 5474 3472 5527 quos
3506 5460 3713 5527 planta—

2150 5551 2314 5605 verat,
2338 5550 2429 5594 aut
2453 5542 2641 5609 Apollo
2662 5542 2812 5596 radix
2840 5554 2921 5598 est
2948 5560 3129 5599 eorum
3164 5562 3296 5615 quos
3322 5548 3580 5616 rigaverat
3608 5567 3621 5611 ;
3655 5565 3720 5604 ac

2152 5646 2255 5685 non
2285 5633 2371 5686 ille
2393 5633 2480 5701 qui
2505 5632 2583 5686 eis
2604 5633 2654 5685 in
2682 5634 2946 5688 credendo
2974 5635 3126 5690 ﬁdem
3150 5637 3367 5692 dederat
3391 5655 3402 5690 :
3434 5655 3551 5713 cum
3574 5639 3717 5713 idem

2221 5763 2236 5806 β
2272 5762 2342 5831 sic
2365 5769 2465 5831 Mss.
2496 5769 2549 5831 At
2568 5761 2702 5835 editi,
2723 5762 2936 5833 hominis.
