  <div class='ocr_page' id='page_1' title='image "/cluster/home/n/w/nwhite01/storage/ocr_20150623/43/hvd.32044096580659/130.png"; bbox 0 0 4028 6202; ppageno 0'>
   <div class='ocr_carea' id='block_1_1' title="bbox 276 491 1852 565">
    <p class='ocr_par' dir='ltr' id='par_1_1' title="bbox 276 491 1852 565">
     <span class='ocr_line' id='line_1_1' title="bbox 276 491 1852 565; baseline -0.002 -18"><span class='ocrx_word' id='word_1_1' title='bbox 276 499 415 552; x_wconf 69' lang='lat' dir='ltr'><strong>dicat</strong></span> <span class='ocrx_word' id='word_1_2' title='bbox 440 536 456 551; x_wconf 95' lang='lat'><strong>.</strong></span> <span class='ocrx_word' id='word_1_3' title='bbox 488 492 599 560; x_wconf 75' lang='lat' dir='ltr'><strong>Ego</strong></span> <span class='ocrx_word' id='word_1_4' title='bbox 639 493 893 565; x_wconf 84' lang='lat' dir='ltr'><strong>plantari,</strong></span> <span class='ocrx_word' id='word_1_5' title='bbox 931 492 1109 560; x_wconf 74' lang='lat' dir='ltr'><strong>Apollo</strong></span> <span class='ocrx_word' id='word_1_6' title='bbox 1150 492 1360 562; x_wconf 68' lang='lat' dir='ltr'><strong>rigavit;</strong></span> <span class='ocrx_word' id='word_1_7' title='bbox 1396 492 1484 544; x_wconf 87' lang='lat' dir='ltr'><strong>sed</strong></span> <span class='ocrx_word' id='word_1_8' title='bbox 1518 491 1650 546; x_wconf 83' lang='lat' dir='ltr'><strong>Deus</strong></span> <span class='ocrx_word' id='word_1_9' title='bbox 1690 492 1852 544; x_wconf 81' lang='lat' dir='ltr'><strong>incre-</strong></span> 
     </span>
    </p>
   </div>
   <div class='ocr_carea' id='block_1_2' title="bbox 282 583 1854 653">
    <p class='ocr_par' dir='ltr' id='par_1_2' title="bbox 282 583 1854 653">
     <span class='ocr_line' id='line_1_2' title="bbox 282 583 1854 653; baseline 0 -18"><span class='ocrx_word' id='word_1_10' title='bbox 282 597 498 641; x_wconf 78' lang='lat' dir='ltr'><strong>mentum</strong></span> <span class='ocrx_word' id='word_1_11' title='bbox 521 585 658 638; x_wconf 89' lang='lat' dir='ltr'><strong>dedit</strong></span> <span class='ocrx_word' id='word_1_12' title='bbox 687 600 707 638; x_wconf 90' lang='lat'><strong><em>:</em></strong></span> <span class='ocrx_word' id='word_1_13' title='bbox 733 586 900 651; x_wconf 73' lang='lat' dir='ltr'><strong>itaque</strong></span> <span class='ocrx_word' id='word_1_14' title='bbox 924 599 1081 651; x_wconf 82' lang='lat' dir='ltr'><strong>neque</strong></span> <span class='ocrx_word' id='word_1_15' title='bbox 1105 583 1190 653; x_wconf 80' lang='lat' dir='ltr'><strong>qui</strong></span> <span class='ocrx_word' id='word_1_16' title='bbox 1210 583 1404 650; x_wconf 78' lang='lat' dir='ltr'><strong>plantat</strong></span> <span class='ocrx_word' id='word_1_17' title='bbox 1428 592 1499 637; x_wconf 87' lang='lat' dir='ltr'><strong>est</strong></span> <span class='ocrx_word' id='word_1_18' title='bbox 1523 584 1736 653; x_wconf 74' lang='lat' dir='ltr'><strong>ahquid,</strong></span> <span class='ocrx_word' id='word_1_19' title='bbox 1770 599 1854 635; x_wconf 84' lang='lat' dir='ltr'><strong>ne-</strong></span> 
     </span>
    </p>
   </div>
   <div class='ocr_carea' id='block_1_3' title="bbox 278 669 1848 745">
    <p class='ocr_par' dir='ltr' id='par_1_3' title="bbox 278 669 1848 745">
     <span class='ocr_line' id='line_1_3' title="bbox 278 669 1848 745; baseline -0.003 -18"><span class='ocrx_word' id='word_1_20' title='bbox 278 694 378 743; x_wconf 71' lang='lat' dir='ltr'><strong>que</strong></span> <span class='ocrx_word' id='word_1_21' title='bbox 402 678 487 744; x_wconf 87' lang='lat' dir='ltr'><strong>qui</strong></span> <span class='ocrx_word' id='word_1_22' title='bbox 531 675 705 745; x_wconf 82' lang='lat' dir='ltr'><strong>rigat;</strong></span> <span class='ocrx_word' id='word_1_23' title='bbox 733 674 825 728; x_wconf 83' lang='lat' dir='ltr'><strong>sed</strong></span> <span class='ocrx_word' id='word_1_24' title='bbox 854 674 938 741; x_wconf 86' lang='lat' dir='ltr'><strong>qui</strong></span> <span class='ocrx_word' id='word_1_25' title='bbox 979 673 1333 725; x_wconf 83' lang='lat' dir='ltr'><strong>incrementum</strong></span> <span class='ocrx_word' id='word_1_26' title='bbox 1360 672 1448 724; x_wconf 89' lang='lat' dir='ltr'><strong>dat</strong></span> <span class='ocrx_word' id='word_1_27' title='bbox 1488 669 1623 725; x_wconf 88' lang='lat' dir='ltr'><strong>Deus</strong></span> <span class='ocrx_word' id='word_1_28' title='bbox 1665 670 1707 740; x_wconf 92' lang='grc'><strong>(1</strong></span> <span class='ocrx_word' id='word_1_29' title='bbox 1733 672 1848 724; x_wconf 83' lang='lat' dir='ltr'><strong>Cor.</strong></span> 
     </span>
    </p>
   </div>
   <div class='ocr_carea' id='block_1_4' title="bbox 280 760 1853 834">
    <p class='ocr_par' dir='ltr' id='par_1_4' title="bbox 280 760 1853 834">
     <span class='ocr_line' id='line_1_4' title="bbox 280 760 1853 834; baseline -0.004 -14"><span class='ocrx_word' id='word_1_30' title='bbox 280 785 362 830; x_wconf 79' lang='lat' dir='ltr'><strong>Ill,</strong></span> <span class='ocrx_word' id='word_1_31' title='bbox 392 767 447 827; x_wconf 83' lang='lat'><strong>6,</strong></span> <span class='ocrx_word' id='word_1_32' title='bbox 475 767 556 834; x_wconf 82' lang='lat'><strong>7).</strong></span> <span class='ocrx_word' id='word_1_33' title='bbox 582 763 692 820; x_wconf 79' lang='lat' dir='ltr'><strong>Nec</strong></span> <span class='ocrx_word' id='word_1_34' title='bbox 719 762 871 818; x_wconf 88' lang='lat' dir='ltr'><strong>radix</strong></span> <span class='ocrx_word' id='word_1_35' title='bbox 899 776 1085 816; x_wconf 89' lang='lat' dir='ltr'><strong>eorum</strong></span> <span class='ocrx_word' id='word_1_36' title='bbox 1114 769 1231 814; x_wconf 88' lang='lat' dir='ltr'><strong>erat</strong></span> <span class='ocrx_word' id='word_1_37' title='bbox 1264 761 1409 830; x_wconf 79' lang='lat' dir='ltr'><strong>ipse;</strong></span> <span class='ocrx_word' id='word_1_38' title='bbox 1441 760 1535 819; x_wconf 83' lang='lat' dir='ltr'><strong>sed</strong></span> <span class='ocrx_word' id='word_1_39' title='bbox 1563 761 1735 829; x_wconf 84' lang='lat' dir='ltr'><strong>potius</strong></span> <span class='ocrx_word' id='word_1_40' title='bbox 1766 760 1853 814; x_wconf 78' lang='lat' dir='ltr'><strong>ille</strong></span> 
     </span>
    </p>
   </div>
   <div class='ocr_carea' id='block_1_5' title="bbox 276 851 1850 926">
    <p class='ocr_par' dir='ltr' id='par_1_5' title="bbox 276 851 1850 926">
     <span class='ocr_line' id='line_1_5' title="bbox 276 851 1850 926; baseline -0.003 -18"><span class='ocrx_word' id='word_1_41' title='bbox 276 860 368 923; x_wconf 75' lang='lat' dir='ltr'><strong>qui</strong></span> <span class='ocrx_word' id='word_1_42' title='bbox 397 858 473 910; x_wconf 86' lang='lat' dir='ltr'><strong>ait</strong></span> <span class='ocrx_word' id='word_1_43' title='bbox 502 873 517 910; x_wconf 87' lang='lat'><strong>:</strong></span> <span class='ocrx_word' id='word_1_44' title='bbox 548 854 660 926; x_wconf 86' lang='lat' dir='ltr'><strong>Ego</strong></span> <span class='ocrx_word' id='word_1_45' title='bbox 696 871 807 917; x_wconf 81' lang='lat' dir='ltr'><strong>sum</strong></span> <span class='ocrx_word' id='word_1_46' title='bbox 834 853 984 916; x_wconf 72' lang='lat' dir='ltr'><strong>vitis;</strong></span> <span class='ocrx_word' id='word_1_47' title='bbox 1009 868 1093 909; x_wconf 75' lang='lat' dir='ltr'><strong>vos</strong></span> <span class='ocrx_word' id='word_1_48' title='bbox 1124 851 1241 905; x_wconf 81' lang='lat' dir='ltr'><strong>estis</strong></span> <span class='ocrx_word' id='word_1_49' title='bbox 1272 861 1524 909; x_wconf 79' lang='lat' dir='ltr'><strong>sarmenta</strong></span> <span class='ocrx_word' id='word_1_50' title='bbox 1557 851 1732 919; x_wconf 84' lang='lat' dir='ltr'><strong>(Joan.</strong></span> <span class='ocrx_word' id='word_1_51' title='bbox 1762 866 1850 916; x_wconf 79' lang='lat' dir='ltr'><strong>xv,</strong></span> 
     </span>
    </p>
   </div>
   <div class='ocr_carea' id='block_1_6' title="bbox 280 940 1851 1016">
    <p class='ocr_par' dir='ltr' id='par_1_6' title="bbox 280 940 1851 1016">
     <span class='ocr_line' id='line_1_6' title="bbox 280 940 1851 1016; baseline -0.005 -16"><span class='ocrx_word' id='word_1_52' title='bbox 280 950 359 1009; x_wconf 80' lang='lat'><strong>5).</strong></span> <span class='ocrx_word' id='word_1_53' title='bbox 393 947 565 1016; x_wconf 87' lang='lat' dir='ltr'><strong>Caput</strong></span> <span class='ocrx_word' id='word_1_54' title='bbox 602 946 759 1005; x_wconf 88' lang='lat' dir='ltr'><strong>etiam</strong></span> <span class='ocrx_word' id='word_1_55' title='bbox 787 958 977 999; x_wconf 87' lang='lat' dir='ltr'><strong>eorum</strong></span> <span class='ocrx_word' id='word_1_56' title='bbox 1016 940 1283 1012; x_wconf 85' lang='lat' dir='ltr'><strong>quomodo</strong></span> <span class='ocrx_word' id='word_1_57' title='bbox 1316 955 1435 995; x_wconf 87' lang='lat' dir='ltr'><strong>esse</strong></span> <span class='ocrx_word' id='word_1_58' title='bbox 1473 948 1702 1009; x_wconf 78' lang='lat' dir='ltr'><strong>poterat,</strong></span> <span class='ocrx_word' id='word_1_59' title='bbox 1731 955 1851 994; x_wconf 85' lang='lat' dir='ltr'><strong>cum</strong></span> 
     </span>
    </p>
   </div>
   <div class='ocr_carea' id='block_1_7' title="bbox 279 1022 1848 1105">
    <p class='ocr_par' dir='ltr' id='par_1_7' title="bbox 279 1022 1848 1105">
     <span class='ocr_line' id='line_1_7' title="bbox 279 1022 1848 1105; baseline -0.007 -12"><span class='ocrx_word' id='word_1_60' title='bbox 279 1042 456 1105; x_wconf 74' lang='lat' dir='ltr'><strong>dicat,</strong></span> <span class='ocrx_word' id='word_1_61' title='bbox 503 1053 603 1093; x_wconf 89' lang='lat' dir='ltr'><strong>nos</strong></span> <span class='ocrx_word' id='word_1_62' title='bbox 644 1035 841 1093; x_wconf 87' lang='lat' dir='ltr'><strong>multos</strong></span> <span class='ocrx_word' id='word_1_63' title='bbox 884 1022 1211 1089; x_wconf 41' lang='lat' dir='ltr'><strong>mium&#39;esse</strong></span> <span class='ocrx_word' id='word_1_64' title='bbox 1254 1046 1448 1101; x_wconf 81' lang='lat' dir='ltr'><strong>corpus</strong></span> <span class='ocrx_word' id='word_1_65' title='bbox 1496 1031 1549 1084; x_wconf 91' lang='lat' dir='ltr'><strong>in</strong></span> <span class='ocrx_word' id='word_1_66' title='bbox 1598 1029 1848 1095; x_wconf 87' lang='lat' dir='ltr'><strong>Christo,</strong></span> 
     </span>
    </p>
   </div>
   <div class='ocr_carea' id='block_1_8' title="bbox 282 1118 1848 1200">
    <p class='ocr_par' dir='ltr' id='par_1_8' title="bbox 282 1118 1848 1200">
     <span class='ocr_line' id='line_1_8' title="bbox 282 1118 1848 1200; baseline -0.006 -17"><span class='ocrx_word' id='word_1_67' title='bbox 282 1118 564 1200; x_wconf 77' lang='lat' dir='ltr'><strong>ipsumque</strong></span> <span class='ocrx_word' id='word_1_68' title='bbox 609 1125 876 1189; x_wconf 76' lang='lat' dir='ltr'><strong>Christum</strong></span> <span class='ocrx_word' id='word_1_69' title='bbox 929 1130 1089 1194; x_wconf 84' lang='lat' dir='ltr'><strong>caput</strong></span> <span class='ocrx_word' id='word_1_70' title='bbox 1133 1138 1258 1200; x_wconf 74' lang='lat' dir='ltr'><strong>esse</strong></span> <span class='ocrx_word' id='word_1_71' title='bbox 1294 1121 1526 1188; x_wconf 73' lang='lat' dir='ltr'><strong>universi</strong></span> <span class='ocrx_word' id='word_1_72' title='bbox 1573 1120 1848 1195; x_wconf 87' lang='lat' dir='ltr'><strong>corporis,</strong></span> 
     </span>
    </p>
   </div>
   <div class='ocr_carea' id='block_1_9' title="bbox 284 1194 1350 1291">
    <p class='ocr_par' dir='ltr' id='par_1_9' title="bbox 284 1194 1350 1291">
     <span class='ocr_line' id='line_1_9' title="bbox 284 1194 1350 1291; baseline -0.005 -22"><span class='ocrx_word' id='word_1_73' title='bbox 284 1194 524 1290; x_wconf 72' lang='lat' dir='ltr'><strong>pluribus</strong></span> <span class='ocrx_word' id='word_1_74' title='bbox 552 1216 684 1273; x_wconf 87' lang='lat' dir='ltr'><strong>locis</strong></span> <span class='ocrx_word' id='word_1_75' title='bbox 708 1214 1041 1285; x_wconf 81' lang='lat' dir='ltr'><strong>apertissime</strong></span> <span class='ocrx_word' id='word_1_76' title='bbox 1066 1194 1350 1291; x_wconf 65' lang='lat' dir='ltr'><strong>praedicet?</strong></span> 
     </span>
    </p>
   </div>
   <div class='ocr_carea' id='block_1_10' title="bbox 349 1299 1854 1375">
    <p class='ocr_par' dir='ltr' id='par_1_10' title="bbox 349 1299 1854 1375">
     <span class='ocr_line' id='line_1_10' title="bbox 349 1299 1854 1375; baseline -0.005 -14"><span class='ocrx_word' id='word_1_77' title='bbox 349 1306 577 1375; x_wconf 79' lang='lat' dir='ltr'><strong>CAPUT</strong></span> <span class='ocrx_word' id='word_1_78' title='bbox 617 1305 704 1358; x_wconf 78' lang='lat' dir='ltr'><strong>VI.</strong></span> <span class='ocrx_word' id='word_1_79' title='bbox 742 1316 815 1344; x_wconf 80' lang='lat'><strong>-‘—</strong></span> <span class='ocrx_word' id='word_1_80' title='bbox 848 1305 903 1358; x_wconf 86' lang='lat'><strong>7.</strong></span> <span class='ocrx_word' id='word_1_81' title='bbox 932 1303 1263 1373; x_wconf 82' lang='lat' dir='ltr'><strong>Quapropter</strong></span> <span class='ocrx_word' id='word_1_82' title='bbox 1282 1301 1398 1370; x_wconf 10' lang='lat' dir='ltr'><strong>isive</strong></span> <span class='ocrx_word' id='word_1_83' title='bbox 1421 1316 1451 1354; x_wconf 91' lang='lat' dir='ltr'><strong>a</strong></span> <span class='ocrx_word' id='word_1_84' title='bbox 1480 1299 1620 1355; x_wconf 80' lang='lat' dir='ltr'><strong>ﬁdeli</strong></span> <span class='ocrx_word' id='word_1_85' title='bbox 1640 1339 1655 1362; x_wconf 87' lang='lat'><strong>,</strong></span> <span class='ocrx_word' id='word_1_86' title='bbox 1685 1300 1797 1354; x_wconf 85' lang='lat' dir='ltr'><strong>sive</strong></span> <span class='ocrx_word' id='word_1_87' title='bbox 1824 1314 1854 1354; x_wconf 91' lang='lat' dir='ltr'><strong>a</strong></span> 
     </span>
    </p>
   </div>
   <div class='ocr_carea' id='block_1_11' title="bbox 282 1390 1856 1478">
    <p class='ocr_par' dir='ltr' id='par_1_11' title="bbox 282 1390 1856 1478">
     <span class='ocr_line' id='line_1_11' title="bbox 282 1390 1856 1478; baseline -0.004 -25"><span class='ocrx_word' id='word_1_88' title='bbox 282 1399 507 1478; x_wconf 56' lang='lat' dir='ltr'><strong>&#39;Illl’ﬁd0\</strong></span> <span class='ocrx_word' id='word_1_89' title='bbox 526 1398 892 1466; x_wconf 76' lang='lat' dir='ltr'><strong>dispensatore</strong></span> <span class='ocrx_word' id='word_1_90' title='bbox 932 1401 1322 1450; x_wconf 78' lang='lat' dir='ltr'><strong>sacramentum</strong></span> <span class='ocrx_word' id='word_1_91' title='bbox 1354 1390 1603 1461; x_wconf 83' lang='lat' dir='ltr'><strong>Baptismi</strong></span> <span class='ocrx_word' id='word_1_92' title='bbox 1630 1391 1856 1460; x_wconf 85' lang='lat' dir='ltr'><strong>quisque</strong></span> 
     </span>
    </p>
   </div>
   <div class='ocr_carea' id='block_1_12' title="bbox 285 1482 1857 1562">
    <p class='ocr_par' dir='ltr' id='par_1_12' title="bbox 285 1482 1857 1562">
     <span class='ocr_line' id='line_1_12' title="bbox 285 1482 1857 1562; baseline -0.006 -16"><span class='ocrx_word' id='word_1_93' title='bbox 285 1491 574 1562; x_wconf 80' lang='lat' dir='ltr'><strong>percipiat,</strong></span> <span class='ocrx_word' id='word_1_94' title='bbox 609 1503 733 1554; x_wconf 80' lang='lat' dir='ltr'><strong>spes</strong></span> <span class='ocrx_word' id='word_1_95' title='bbox 770 1488 819 1542; x_wconf 88' lang='lat' dir='ltr'><strong>ei</strong></span> <span class='ocrx_word' id='word_1_96' title='bbox 860 1486 1033 1554; x_wconf 75' lang='lat' dir='ltr'><strong>omnis</strong></span> <span class='ocrx_word' id='word_1_97' title='bbox 1058 1486 1112 1538; x_wconf 88' lang='lat' dir='ltr'><strong>in</strong></span> <span class='ocrx_word' id='word_1_98' title='bbox 1136 1482 1349 1539; x_wconf 85' lang='lat' dir='ltr'><strong>Christo</strong></span> <span class='ocrx_word' id='word_1_99' title='bbox 1376 1483 1444 1539; x_wconf 88' lang='lat' dir='ltr'><strong>sit</strong></span> <span class='ocrx_word' id='word_1_100' title='bbox 1462 1523 1479 1549; x_wconf 94' lang='lat'><strong>,</strong></span> <span class='ocrx_word' id='word_1_101' title='bbox 1510 1498 1577 1538; x_wconf 89' lang='lat' dir='ltr'><strong>ne</strong></span> <span class='ocrx_word' id='word_1_102' title='bbox 1605 1485 1674 1539; x_wconf 89' lang='lat' dir='ltr'><strong>sit</strong></span> <span class='ocrx_word' id='word_1_103' title='bbox 1700 1483 1857 1543; x_wconf 84' lang='lat' dir='ltr'><strong>male-</strong></span> 
     </span>
    </p>
   </div>
   <div class='ocr_carea' id='block_1_13' title="bbox 282 1573 1856 1651">
    <p class='ocr_par' dir='ltr' id='par_1_13' title="bbox 282 1573 1856 1651">
     <span class='ocr_line' id='line_1_13' title="bbox 282 1573 1856 1651; baseline -0.005 -15"><span class='ocrx_word' id='word_1_104' title='bbox 282 1585 444 1636; x_wconf 74' lang='lat' dir='ltr'><strong>dictus</strong></span> <span class='ocrx_word' id='word_1_105' title='bbox 470 1581 558 1651; x_wconf 81' lang='lat' dir='ltr'><strong>qui</strong></span> <span class='ocrx_word' id='word_1_106' title='bbox 584 1597 724 1651; x_wconf 69' lang='lat' dir='ltr'><strong>span</strong></span> <span class='ocrx_word' id='word_1_107' title='bbox 744 1594 891 1635; x_wconf 84' lang='lat' dir='ltr'><strong>suam</strong></span> <span class='ocrx_word' id='word_1_108' title='bbox 911 1577 1051 1648; x_wconf 86' lang='lat' dir='ltr'><strong>ponit</strong></span> <span class='ocrx_word' id='word_1_109' title='bbox 1069 1577 1120 1629; x_wconf 89' lang='lat' dir='ltr'><strong>in</strong></span> <span class='ocrx_word' id='word_1_110' title='bbox 1142 1575 1356 1645; x_wconf 63' lang='lat' dir='ltr'><strong>nomine.</strong></span> <span class='ocrx_word' id='word_1_111' title='bbox 1389 1573 1634 1642; x_wconf 85' lang='lat' dir='ltr'><strong>Alioquin</strong></span> <span class='ocrx_word' id='word_1_112' title='bbox 1665 1574 1710 1628; x_wconf 89' lang='lat' dir='ltr'><strong>si</strong></span> <span class='ocrx_word' id='word_1_113' title='bbox 1738 1574 1856 1628; x_wconf 86' lang='lat' dir='ltr'><strong>talis</strong></span> 
     </span>
    </p>
   </div>
   <div class='ocr_carea' id='block_1_14' title="bbox 280 1663 1857 1743">
    <p class='ocr_par' dir='ltr' id='par_1_14' title="bbox 280 1663 1857 1743">
     <span class='ocr_line' id='line_1_14' title="bbox 280 1663 1857 1743; baseline -0.003 -21"><span class='ocrx_word' id='word_1_114' title='bbox 280 1674 505 1743; x_wconf 74' lang='lat' dir='ltr'><strong>quisque</strong></span> <span class='ocrx_word' id='word_1_115' title='bbox 545 1671 598 1725; x_wconf 80' lang='lat' dir='ltr'><strong>id</strong></span> <span class='ocrx_word' id='word_1_116' title='bbox 634 1671 803 1740; x_wconf 75' lang='lat' dir='ltr'><strong>gratia</strong></span> <span class='ocrx_word' id='word_1_117' title='bbox 830 1666 1087 1738; x_wconf 89' lang='lat' dir='ltr'><strong>spirituali</strong></span> <span class='ocrx_word' id='word_1_118' title='bbox 1114 1664 1437 1726; x_wconf 86' lang='lat' dir='ltr'><strong>renascitur,</strong></span> <span class='ocrx_word' id='word_1_119' title='bbox 1465 1664 1633 1737; x_wconf 80' lang='lat' dir='ltr'><strong>qualis</strong></span> <span class='ocrx_word' id='word_1_120' title='bbox 1660 1672 1741 1717; x_wconf 86' lang='lat' dir='ltr'><strong>est</strong></span> <span class='ocrx_word' id='word_1_121' title='bbox 1769 1663 1857 1718; x_wconf 89' lang='lat' dir='ltr'><strong>ille</strong></span> 
     </span>
    </p>
   </div>
   <div class='ocr_carea' id='block_1_15' title="bbox 272 1754 1857 1834">
    <p class='ocr_par' dir='ltr' id='par_1_15' title="bbox 272 1754 1857 1834">
     <span class='ocr_line' id='line_1_15' title="bbox 272 1754 1857 1834; baseline -0.007 -16"><span class='ocrx_word' id='word_1_122' title='bbox 272 1784 308 1818; x_wconf 46' lang='lat' dir='ltr'><strong>‘a</strong></span> <span class='ocrx_word' id='word_1_123' title='bbox 346 1781 453 1834; x_wconf 89' lang='lat' dir='ltr'><strong>quo</strong></span> <span class='ocrx_word' id='word_1_124' title='bbox 489 1763 817 1830; x_wconf 78' lang='lat' dir='ltr'><strong>baptizatur,</strong></span> <span class='ocrx_word' id='word_1_125' title='bbox 847 1768 1044 1823; x_wconf 85' lang='lat' dir='ltr'><strong>etcum</strong></span> <span class='ocrx_word' id='word_1_126' title='bbox 1075 1756 1382 1824; x_wconf 78' lang='lat' dir='ltr'><strong>manifestus</strong></span> <span class='ocrx_word' id='word_1_127' title='bbox 1403 1764 1485 1810; x_wconf 90' lang='lat' dir='ltr'><strong>est</strong></span> <span class='ocrx_word' id='word_1_128' title='bbox 1512 1755 1600 1825; x_wconf 89' lang='lat' dir='ltr'><strong>qui</strong></span> <span class='ocrx_word' id='word_1_129' title='bbox 1630 1754 1857 1824; x_wconf 78' lang='lat' dir='ltr'><strong>haptizat</strong></span> 
     </span>
    </p>
   </div>
   <div class='ocr_carea' id='block_1_16' title="bbox 281 1844 1855 1919">
    <p class='ocr_par' dir='ltr' id='par_1_16' title="bbox 281 1844 1855 1919">
     <span class='ocr_line' id='line_1_16' title="bbox 281 1844 1855 1919; baseline -0.007 -11"><span class='ocrx_word' id='word_1_130' title='bbox 281 1856 442 1908; x_wconf 82' lang='lat' dir='ltr'><strong>homo</strong></span> <span class='ocrx_word' id='word_1_131' title='bbox 482 1854 654 1907; x_wconf 85' lang='lat' dir='ltr'><strong>bonus</strong></span> <span class='ocrx_word' id='word_1_132' title='bbox 672 1892 689 1917; x_wconf 88' lang='lat'><strong>,</strong></span> <span class='ocrx_word' id='word_1_133' title='bbox 716 1851 830 1919; x_wconf 90' lang='lat' dir='ltr'><strong>ipse</strong></span> <span class='ocrx_word' id='word_1_134' title='bbox 853 1848 945 1903; x_wconf 87' lang='lat' dir='ltr'><strong>dat</strong></span> <span class='ocrx_word' id='word_1_135' title='bbox 972 1846 1127 1902; x_wconf 83' lang='lat' dir='ltr'><strong>ﬁdem</strong></span> <span class='ocrx_word' id='word_1_136' title='bbox 1146 1887 1163 1914; x_wconf 95' lang='lat'><strong>,</strong></span> <span class='ocrx_word' id='word_1_137' title='bbox 1193 1846 1306 1916; x_wconf 89' lang='lat' dir='ltr'><strong>ipse</strong></span> <span class='ocrx_word' id='word_1_138' title='bbox 1330 1845 1481 1915; x_wconf 76' lang='lat' dir='ltr'><strong>origo</strong></span> <span class='ocrx_word' id='word_1_139' title='bbox 1506 1853 1559 1900; x_wconf 86' lang='lat' dir='ltr'><strong>et</strong></span> <span class='ocrx_word' id='word_1_140' title='bbox 1587 1844 1734 1900; x_wconf 79' lang='lat' dir='ltr'><strong>radix</strong></span> <span class='ocrx_word' id='word_1_141' title='bbox 1763 1858 1855 1898; x_wconf 80' lang='lat' dir='ltr'><strong>ca-</strong></span> 
     </span>
    </p>
   </div>
   <div class='ocr_carea' id='block_1_17' title="bbox 282 1934 1856 2015">
    <p class='ocr_par' dir='ltr' id='par_1_17' title="bbox 282 1934 1856 2015">
     <span class='ocr_line' id='line_1_17' title="bbox 282 1934 1856 2015; baseline -0.008 -16"><span class='ocrx_word' id='word_1_142' title='bbox 282 1955 479 2015; x_wconf 88' lang='lat' dir='ltr'><strong>putque</strong></span> <span class='ocrx_word' id='word_1_143' title='bbox 507 1941 775 1997; x_wconf 85' lang='lat' dir='ltr'><strong>nascentis</strong></span> <span class='ocrx_word' id='word_1_144' title='bbox 792 1948 910 2004; x_wconf 89' lang='lat' dir='ltr'><strong>est;</strong></span> <span class='ocrx_word' id='word_1_145' title='bbox 942 1953 1062 1993; x_wconf 87' lang='lat' dir='ltr'><strong>cum</strong></span> <span class='ocrx_word' id='word_1_146' title='bbox 1089 1946 1264 2003; x_wconf 86' lang='lat' dir='ltr'><strong>autem</strong></span> <span class='ocrx_word' id='word_1_147' title='bbox 1285 1936 1409 1991; x_wconf 83' lang='lat' dir='ltr'><strong>latet</strong></span> <span class='ocrx_word' id='word_1_148' title='bbox 1428 1934 1661 2006; x_wconf 78' lang='lat' dir='ltr'><strong>perﬁdus</strong></span> <span class='ocrx_word' id='word_1_149' title='bbox 1682 1934 1856 2005; x_wconf 84' lang='lat' dir='ltr'><strong>bapti-</strong></span> 
     </span>
    </p>
   </div>
   <div class='ocr_carea' id='block_1_18' title="bbox 283 2025 1855 2105">
    <p class='ocr_par' dir='ltr' id='par_1_18' title="bbox 283 2025 1855 2105">
     <span class='ocr_line' id='line_1_18' title="bbox 283 2025 1855 2105; baseline -0.006 -17"><span class='ocrx_word' id='word_1_150' title='bbox 283 2045 465 2105; x_wconf 71' lang='lat' dir='ltr'><strong>zatur,</strong></span> <span class='ocrx_word' id='word_1_151' title='bbox 508 2041 635 2094; x_wconf 85' lang='lat' dir='ltr'><strong>tunc</strong></span> <span class='ocrx_word' id='word_1_152' title='bbox 656 2032 879 2101; x_wconf 82' lang='lat' dir='ltr'><strong>quisque</strong></span> <span class='ocrx_word' id='word_1_153' title='bbox 906 2044 935 2083; x_wconf 87' lang='lat' dir='ltr'><strong>a</strong></span> <span class='ocrx_word' id='word_1_154' title='bbox 964 2027 1174 2084; x_wconf 84' lang='lat' dir='ltr'><strong>Christo</strong></span> <span class='ocrx_word' id='word_1_155' title='bbox 1202 2027 1421 2097; x_wconf 76' lang='lat' dir='ltr'><strong>percipit</strong></span> <span class='ocrx_word' id='word_1_156' title='bbox 1445 2025 1602 2082; x_wconf 76' lang='lat' dir='ltr'><strong>[idem</strong></span> <span class='ocrx_word' id='word_1_157' title='bbox 1625 2065 1640 2092; x_wconf 92' lang='lat'><strong>,</strong></span> <span class='ocrx_word' id='word_1_158' title='bbox 1675 2035 1799 2081; x_wconf 90' lang='lat' dir='ltr'><strong>tunc</strong></span> <span class='ocrx_word' id='word_1_159' title='bbox 1825 2039 1855 2079; x_wconf 89' lang='lat' dir='ltr'><strong>a</strong></span> 
     </span>
    </p>
   </div>
   <div class='ocr_carea' id='block_1_19' title="bbox 279 2115 1849 2189">
    <p class='ocr_par' dir='ltr' id='par_1_19' title="bbox 279 2115 1849 2189">
     <span class='ocr_line' id='line_1_19' title="bbox 279 2115 1849 2189; baseline -0.005 -12"><span class='ocrx_word' id='word_1_160' title='bbox 279 2124 490 2177; x_wconf 77' lang='lat' dir='ltr'><strong>Christo</strong></span> <span class='ocrx_word' id='word_1_161' title='bbox 529 2120 673 2176; x_wconf 84' lang='lat' dir='ltr'><strong>ducit</strong></span> <span class='ocrx_word' id='word_1_162' title='bbox 714 2120 967 2189; x_wconf 76' lang='lat' dir='ltr'><strong>originem</strong></span> <span class='ocrx_word' id='word_1_163' title='bbox 993 2158 1008 2186; x_wconf 91' lang='lat'><strong>,</strong></span> <span class='ocrx_word' id='word_1_164' title='bbox 1048 2127 1170 2172; x_wconf 91' lang='lat' dir='ltr'><strong>tunc</strong></span> <span class='ocrx_word' id='word_1_165' title='bbox 1211 2116 1264 2171; x_wconf 89' lang='lat' dir='ltr'><strong>in</strong></span> <span class='ocrx_word' id='word_1_166' title='bbox 1303 2115 1515 2172; x_wconf 84' lang='lat' dir='ltr'><strong>Christo</strong></span> <span class='ocrx_word' id='word_1_167' title='bbox 1550 2116 1849 2183; x_wconf 87' lang='lat' dir='ltr'><strong>radicatur,</strong></span> 
     </span>
    </p>
   </div>
   <div class='ocr_carea' id='block_1_20' title="bbox 280 2206 1855 2281">
    <p class='ocr_par' dir='ltr' id='par_1_20' title="bbox 280 2206 1855 2281">
     <span class='ocr_line' id='line_1_20' title="bbox 280 2206 1855 2281; baseline -0.003 -15"><span class='ocrx_word' id='word_1_168' title='bbox 280 2229 406 2270; x_wconf 77' lang='lat' dir='ltr'><strong>tunc</strong></span> <span class='ocrx_word' id='word_1_169' title='bbox 430 2213 643 2272; x_wconf 79' lang='lat' dir='ltr'><strong>Christo</strong></span> <span class='ocrx_word' id='word_1_170' title='bbox 663 2211 837 2281; x_wconf 79' lang='lat' dir='ltr'><strong>capite</strong></span> <span class='ocrx_word' id='word_1_171' title='bbox 852 2210 1103 2281; x_wconf 76' lang='lat' dir='ltr'><strong>gloriatur</strong></span> <span class='ocrx_word' id='word_1_172' title='bbox 1126 2226 1140 2262; x_wconf 89' lang='lat'>:</span> <span class='ocrx_word' id='word_1_173' title='bbox 1162 2207 1446 2277; x_wconf 82' lang='lat' dir='ltr'><strong>optandum</strong></span> <span class='ocrx_word' id='word_1_174' title='bbox 1471 2216 1552 2261; x_wconf 91' lang='lat' dir='ltr'><strong>est</strong></span> <span class='ocrx_word' id='word_1_175' title='bbox 1573 2206 1590 2238; x_wconf 78' lang='grc'>⁸</span> <span class='ocrx_word' id='word_1_176' title='bbox 1611 2206 1855 2262; x_wconf 87' lang='lat' dir='ltr'><strong>omnibus</strong></span> 
     </span>
    </p>
   </div>
   <div class='ocr_carea' id='block_1_21' title="bbox 280 2297 1856 2376">
    <p class='ocr_par' dir='ltr' id='par_1_21' title="bbox 280 2297 1856 2376">
     <span class='ocr_line' id='line_1_21' title="bbox 280 2297 1856 2376; baseline -0.003 -18"><span class='ocrx_word' id='word_1_177' title='bbox 280 2308 367 2376; x_wconf 68' lang='lat' dir='ltr'><strong>qui</strong></span> <span class='ocrx_word' id='word_1_178' title='bbox 395 2305 726 2374; x_wconf 84' lang='lat' dir='ltr'><strong>baptizantur</strong></span> <span class='ocrx_word' id='word_1_179' title='bbox 748 2343 764 2367; x_wconf 91' lang='lat'><strong>,</strong></span> <span class='ocrx_word' id='word_1_180' title='bbox 792 2311 849 2357; x_wconf 91' lang='lat' dir='ltr'><strong>ut</strong></span> <span class='ocrx_word' id='word_1_181' title='bbox 879 2300 1229 2368; x_wconf 81' lang='lat' dir='ltr'><strong>baptizatores</strong></span> <span class='ocrx_word' id='word_1_182' title='bbox 1258 2297 1485 2368; x_wconf 81' lang='lat' dir='ltr'><strong>perﬁdos</strong></span> <span class='ocrx_word' id='word_1_183' title='bbox 1515 2297 1773 2364; x_wconf 84' lang='lat' dir='ltr'><strong>habeant,</strong></span> <span class='ocrx_word' id='word_1_184' title='bbox 1801 2306 1856 2353; x_wconf 89' lang='lat' dir='ltr'><strong>et</strong></span> 
     </span>
    </p>
   </div>
   <div class='ocr_carea' id='block_1_22' title="bbox 283 2384 1853 2466">
    <p class='ocr_par' dir='ltr' id='par_1_22' title="bbox 283 2384 1853 2466">
     <span class='ocr_line' id='line_1_22' title="bbox 283 2384 1853 2466; baseline -0.006 -16"><span class='ocrx_word' id='word_1_185' title='bbox 283 2401 524 2466; x_wconf 71' lang='lat' dir='ltr'><strong>ignorent</strong></span> <span class='ocrx_word' id='word_1_186' title='bbox 552 2407 666 2449; x_wconf 81' lang='lat' dir='ltr'><strong>eos.</strong></span> <span class='ocrx_word' id='word_1_187' title='bbox 691 2391 987 2461; x_wconf 84' lang='lat' dir='ltr'><strong>Quamlibet</strong></span> <span class='ocrx_word' id='word_1_188' title='bbox 1015 2389 1156 2448; x_wconf 87' lang='lat' dir='ltr'><strong>enim</strong></span> <span class='ocrx_word' id='word_1_189' title='bbox 1186 2388 1353 2444; x_wconf 85' lang='lat' dir='ltr'><strong>bonos</strong></span> <span class='ocrx_word' id='word_1_190' title='bbox 1382 2386 1679 2450; x_wconf 86' lang='lat' dir='ltr'><strong>habuerint,</strong></span> <span class='ocrx_word' id='word_1_191' title='bbox 1702 2384 1853 2442; x_wconf 84' lang='lat' dir='ltr'><strong>Chri-</strong></span> 
     </span>
    </p>
   </div>
   <div class='ocr_carea' id='block_1_23' title="bbox 280 2477 1855 2553">
    <p class='ocr_par' dir='ltr' id='par_1_23' title="bbox 280 2477 1855 2553">
     <span class='ocr_line' id='line_1_23' title="bbox 280 2477 1855 2553; baseline -0.006 -14"><span class='ocrx_word' id='word_1_192' title='bbox 280 2497 396 2540; x_wconf 81' lang='lat' dir='ltr'><strong>stus</strong></span> <span class='ocrx_word' id='word_1_193' title='bbox 418 2493 501 2540; x_wconf 86' lang='lat' dir='ltr'><strong>est</strong></span> <span class='ocrx_word' id='word_1_194' title='bbox 527 2484 706 2553; x_wconf 86' lang='lat' dir='ltr'><strong>ulique</strong></span> <span class='ocrx_word' id='word_1_195' title='bbox 733 2478 1212 2549; x_wconf 88' lang='lat' dir='ltr'><strong>incomparabiliter</strong></span> <span class='ocrx_word' id='word_1_196' title='bbox 1236 2477 1454 2542; x_wconf 86' lang='lat' dir='ltr'><strong>melior,</strong></span> <span class='ocrx_word' id='word_1_197' title='bbox 1486 2477 1576 2547; x_wconf 81' lang='lat' dir='ltr'><strong>qui</strong></span> <span class='ocrx_word' id='word_1_198' title='bbox 1606 2486 1730 2543; x_wconf 85' lang='lat' dir='ltr'><strong>tunc</strong></span> <span class='ocrx_word' id='word_1_199' title='bbox 1754 2477 1855 2543; x_wconf 85' lang='lat' dir='ltr'><strong>erit</strong></span> 
     </span>
    </p>
   </div>
   <div class='ocr_carea' id='block_1_24' title="bbox 283 2566 1616 2645">
    <p class='ocr_par' dir='ltr' id='par_1_24' title="bbox 283 2566 1616 2645">
     <span class='ocr_line' id='line_1_24' title="bbox 283 2566 1616 2645; baseline -0.01 -16"><span class='ocrx_word' id='word_1_200' title='bbox 283 2574 530 2645; x_wconf 80' lang='lat' dir='ltr'><strong>haptizati</strong></span> <span class='ocrx_word' id='word_1_201' title='bbox 560 2580 750 2641; x_wconf 87' lang='lat' dir='ltr'><strong>caput,</strong></span> <span class='ocrx_word' id='word_1_202' title='bbox 781 2570 824 2623; x_wconf 92' lang='lat' dir='ltr'><strong>si</strong></span> <span class='ocrx_word' id='word_1_203' title='bbox 857 2568 1088 2637; x_wconf 81' lang='lat' dir='ltr'><strong>perﬁdus</strong></span> <span class='ocrx_word' id='word_1_204' title='bbox 1118 2566 1278 2622; x_wconf 84' lang='lat' dir='ltr'><strong>lateat</strong></span> <span class='ocrx_word' id='word_1_205' title='bbox 1303 2566 1616 2635; x_wconf 82' lang='lat' dir='ltr'><strong>baptizatur.</strong></span> 
     </span>
    </p>
   </div>
   <div class='ocr_carea' id='block_1_25' title="bbox 347 2654 1855 2726">
    <p class='ocr_par' dir='ltr' id='par_1_25' title="bbox 347 2654 1855 2726">
     <span class='ocr_line' id='line_1_25' title="bbox 347 2654 1855 2726; baseline -0.009 -6"><span class='ocrx_word' id='word_1_206' title='bbox 347 2661 575 2719; x_wconf 79' lang='lat' dir='ltr'><strong>CAPUT</strong></span> <span class='ocrx_word' id='word_1_207' title='bbox 601 2658 709 2725; x_wconf 68' lang='grc' dir='ltr'><strong>ΠΙ.</strong></span> <span class='ocrx_word' id='word_1_208' title='bbox 737 2688 808 2700; x_wconf 89' lang='lat'><strong>——</strong></span> <span class='ocrx_word' id='word_1_209' title='bbox 835 2658 888 2714; x_wconf 90' lang='lat'><strong>8.</strong></span> <span class='ocrx_word' id='word_1_210' title='bbox 921 2656 1070 2723; x_wconf 83' lang='lat' dir='ltr'><strong>Quod</strong></span> <span class='ocrx_word' id='word_1_211' title='bbox 1096 2655 1142 2709; x_wconf 93' lang='lat' dir='ltr'><strong>si</strong></span> <span class='ocrx_word' id='word_1_212' title='bbox 1169 2654 1619 2726; x_wconf 76' lang='lat' dir='ltr'><strong>dementissimnm</strong></span> <span class='ocrx_word' id='word_1_213' title='bbox 1640 2662 1719 2707; x_wconf 88' lang='lat' dir='ltr'><strong>est</strong></span> <span class='ocrx_word' id='word_1_214' title='bbox 1738 2668 1855 2707; x_wconf 87' lang='lat' dir='ltr'><strong>crc-</strong></span> 
     </span>
    </p>
   </div>
   <div class='ocr_carea' id='block_1_26' title="bbox 280 2742 1853 2825">
    <p class='ocr_par' dir='ltr' id='par_1_26' title="bbox 280 2742 1853 2825">
     <span class='ocr_line' id='line_1_26' title="bbox 280 2742 1853 2825; baseline -0.006 -18"><span class='ocrx_word' id='word_1_215' title='bbox 280 2756 408 2810; x_wconf 87' lang='lat' dir='ltr'><strong>dere</strong></span> <span class='ocrx_word' id='word_1_216' title='bbox 448 2755 688 2825; x_wconf 72' lang='lat' dir='ltr'><strong>(scalper</strong></span> <span class='ocrx_word' id='word_1_217' title='bbox 728 2750 868 2805; x_wconf 85' lang='lat' dir='ltr'><strong>enim</strong></span> <span class='ocrx_word' id='word_1_218' title='bbox 909 2746 1149 2802; x_wconf 79' lang='lat' dir='ltr'><strong>Christus</strong></span> <span class='ocrx_word' id='word_1_219' title='bbox 1184 2744 1433 2815; x_wconf 82' lang='lat' dir='ltr'><strong>justiticat</strong></span> <span class='ocrx_word' id='word_1_220' title='bbox 1473 2744 1689 2825; x_wconf 86' lang='lat' dir='ltr'><strong>impium</strong></span> <span class='ocrx_word' id='word_1_221' title='bbox 1712 2783 1730 2808; x_wconf 95' lang='lat'><strong>,</strong></span> <span class='ocrx_word' id='word_1_222' title='bbox 1774 2742 1853 2797; x_wconf 83' lang='lat' dir='ltr'><strong>Ia-</strong></span> 
     </span>
    </p>
   </div>
   <div class='ocr_carea' id='block_1_27' title="bbox 281 2820 1852 2911">
    <p class='ocr_par' dir='ltr' id='par_1_27' title="bbox 281 2820 1852 2911">
     <span class='ocr_line' id='line_1_27' title="bbox 281 2820 1852 2911; baseline -0.01 -14"><span class='ocrx_word' id='word_1_223' title='bbox 281 2820 468 2907; x_wconf 73' lang='lat' dir='ltr'><strong>riendo</strong></span> <span class='ocrx_word' id='word_1_224' title='bbox 508 2858 574 2898; x_wconf 83' lang='lat' dir='ltr'><strong>ex</strong></span> <span class='ocrx_word' id='word_1_225' title='bbox 596 2820 767 2911; x_wconf 85' lang='lat' dir='ltr'><strong>impio</strong></span> <span class='ocrx_word' id='word_1_226' title='bbox 790 2837 1131 2894; x_wconf 75' lang='lat' dir='ltr'><strong>christianum</strong></span> <span class='ocrx_word' id='word_1_227' title='bbox 1155 2876 1172 2902; x_wconf 94' lang='lat'><strong>,</strong></span> <span class='ocrx_word' id='word_1_228' title='bbox 1201 2848 1412 2902; x_wconf 84' lang='lat' dir='ltr'><strong>semper</strong></span> <span class='ocrx_word' id='word_1_229' title='bbox 1436 2848 1466 2887; x_wconf 89' lang='lat' dir='ltr'><strong>a</strong></span> <span class='ocrx_word' id='word_1_230' title='bbox 1494 2820 1706 2892; x_wconf 83' lang='lat' dir='ltr'><strong>Christo</strong></span> <span class='ocrx_word' id='word_1_231' title='bbox 1731 2848 1852 2899; x_wconf 51' lang='lat' dir='ltr'><strong>per,</strong></span> 
     </span>
    </p>
   </div>
   <div class='ocr_carea' id='block_1_28' title="bbox 281 2924 1929 3004">
    <p class='ocr_par' dir='ltr' id='par_1_28' title="bbox 281 2924 1929 3004">
     <span class='ocr_line' id='line_1_28' title="bbox 281 2924 1929 3004; baseline -0.012 -15"><span class='ocrx_word' id='word_1_232' title='bbox 281 2936 471 3004; x_wconf 79' lang='lat' dir='ltr'><strong>ripitur</strong></span> <span class='ocrx_word' id='word_1_233' title='bbox 514 2931 681 2995; x_wconf 82' lang='lat' dir='ltr'><strong>ﬁdes,</strong></span> <span class='ocrx_word' id='word_1_234' title='bbox 725 2943 937 2999; x_wconf 79' lang='lat' dir='ltr'><strong>semper</strong></span> <span class='ocrx_word' id='word_1_235' title='bbox 967 2926 1207 2998; x_wconf 82' lang='lat' dir='ltr'><strong>Christus</strong></span> <span class='ocrx_word' id='word_1_236' title='bbox 1233 2933 1316 2981; x_wconf 86' lang='lat' dir='ltr'><strong>est</strong></span> <span class='ocrx_word' id='word_1_237' title='bbox 1343 2924 1491 2991; x_wconf 76' lang='lat' dir='ltr'><strong>origo</strong></span> <span class='ocrx_word' id='word_1_238' title='bbox 1515 2931 1853 2995; x_wconf 76' lang='lat' dir='ltr'><strong>regenerato-</strong></span> <span class='ocrx_word' id='word_1_239' title='bbox 1920 2932 1929 2939; x_wconf 89' lang='grc'><strong>·</strong></span> 
     </span>
    </p>
   </div>
   <div class='ocr_carea' id='block_1_29' title="bbox 282 3012 1853 3093">
    <p class='ocr_par' dir='ltr' id='par_1_29' title="bbox 282 3012 1853 3093">
     <span class='ocr_line' id='line_1_29' title="bbox 282 3012 1853 3093; baseline -0.009 -13"><span class='ocrx_word' id='word_1_240' title='bbox 282 3043 395 3090; x_wconf 79' lang='lat' dir='ltr'><strong>rum</strong></span> <span class='ocrx_word' id='word_1_241' title='bbox 434 3033 489 3081; x_wconf 91' lang='lat' dir='ltr'><strong>et</strong></span> <span class='ocrx_word' id='word_1_242' title='bbox 528 3032 688 3093; x_wconf 82' lang='lat' dir='ltr'><strong>caput</strong></span> <span class='ocrx_word' id='word_1_243' title='bbox 730 3018 1059 3087; x_wconf 70' lang='lat' dir='ltr'><strong>Ecclesiae),</strong></span> <span class='ocrx_word' id='word_1_244' title='bbox 1105 3015 1230 3088; x_wconf 87' lang='lat' dir='ltr'><strong>quid</strong></span> <span class='ocrx_word' id='word_1_245' title='bbox 1272 3015 1466 3070; x_wconf 84' lang='lat' dir='ltr'><strong>habent</strong></span> <span class='ocrx_word' id='word_1_246' title='bbox 1492 3013 1745 3083; x_wconf 85' lang='lat' dir='ltr'><strong>ponderis</strong></span> <span class='ocrx_word' id='word_1_247' title='bbox 1769 3012 1853 3067; x_wconf 89' lang='lat' dir='ltr'><strong>illa</strong></span> 
     </span>
    </p>
   </div>
   <div class='ocr_carea' id='block_1_30' title="bbox 282 3101 1856 3184">
    <p class='ocr_par' dir='ltr' id='par_1_30' title="bbox 282 3101 1856 3184">
     <span class='ocr_line' id='line_1_30' title="bbox 282 3101 1856 3184; baseline -0.006 -19"><span class='ocrx_word' id='word_1_248' title='bbox 282 3117 435 3172; x_wconf 77' lang='lat' dir='ltr'><strong>verba</strong></span> <span class='ocrx_word' id='word_1_249' title='bbox 461 3156 478 3182; x_wconf 84' lang='lat'><strong>,</strong></span> <span class='ocrx_word' id='word_1_250' title='bbox 520 3128 640 3184; x_wconf 64' lang='lat' dir='ltr'><strong>qua:</strong></span> <span class='ocrx_word' id='word_1_251' title='bbox 686 3110 803 3164; x_wconf 89' lang='lat' dir='ltr'><strong>vani</strong></span> <span class='ocrx_word' id='word_1_252' title='bbox 846 3108 1073 3175; x_wconf 80' lang='lat' dir='ltr'><strong>lectores</strong></span> <span class='ocrx_word' id='word_1_253' title='bbox 1113 3121 1218 3173; x_wconf 78' lang='lat' dir='ltr'><strong>lion</strong></span> <span class='ocrx_word' id='word_1_254' title='bbox 1254 3103 1533 3171; x_wconf 80' lang='lat' dir='ltr'><strong>attendunt</strong></span> <span class='ocrx_word' id='word_1_255' title='bbox 1562 3101 1688 3173; x_wconf 83' lang='lat' dir='ltr'><strong>quid</strong></span> <span class='ocrx_word' id='word_1_256' title='bbox 1717 3102 1856 3156; x_wconf 88' lang='lat' dir='ltr'><strong>intus</strong></span> 
     </span>
    </p>
   </div>
   <div class='ocr_carea' id='block_1_31' title="bbox 282 3191 1855 3268">
    <p class='ocr_par' dir='ltr' id='par_1_31' title="bbox 282 3191 1855 3268">
     <span class='ocr_line' id='line_1_31' title="bbox 282 3191 1855 3268; baseline -0.011 -7"><span class='ocrx_word' id='word_1_257' title='bbox 282 3207 508 3261; x_wconf 85' lang='lat' dir='ltr'><strong>habeam</strong></span> <span class='ocrx_word' id='word_1_258' title='bbox 530 3245 546 3268; x_wconf 92' lang='lat'><strong>,</strong></span> <span class='ocrx_word' id='word_1_259' title='bbox 572 3201 666 3256; x_wconf 84' lang='lat' dir='ltr'><strong>sed</strong></span> <span class='ocrx_word' id='word_1_260' title='bbox 694 3210 891 3254; x_wconf 87' lang='lat' dir='ltr'><strong>tantum</strong></span> <span class='ocrx_word' id='word_1_261' title='bbox 914 3194 1352 3267; x_wconf 83' lang='lat' dir='ltr'><strong>quemadmodum</strong></span> <span class='ocrx_word' id='word_1_262' title='bbox 1378 3193 1610 3255; x_wconf 77' lang='lat' dir='ltr'><strong>sonent?</strong></span> <span class='ocrx_word' id='word_1_263' title='bbox 1635 3191 1732 3261; x_wconf 89' lang='lat' dir='ltr'><strong>Qui</strong></span> <span class='ocrx_word' id='word_1_264' title='bbox 1758 3206 1855 3245; x_wconf 88' lang='lat' dir='ltr'><strong>au-</strong></span> 
     </span>
    </p>
   </div>
   <div class='ocr_carea' id='block_1_32' title="bbox 198 3274 1856 3363">
    <p class='ocr_par' dir='ltr' id='par_1_32' title="bbox 198 3274 1856 3363">
     <span class='ocr_line' id='line_1_32' title="bbox 198 3274 1856 3363; baseline -0.009 -11"><span class='ocrx_word' id='word_1_265' title='bbox 198 3341 202 3344; x_wconf 90' lang='lat'><strong>.</strong></span> <span class='ocrx_word' id='word_1_266' title='bbox 281 3274 386 3363; x_wconf 69' lang='lat' dir='ltr'><strong>tem</strong></span> <span class='ocrx_word' id='word_1_267' title='bbox 423 3310 529 3349; x_wconf 92' lang='lat' dir='ltr'><strong>non</strong></span> <span class='ocrx_word' id='word_1_268' title='bbox 566 3307 693 3347; x_wconf 89' lang='lat' dir='ltr'><strong>aure</strong></span> <span class='ocrx_word' id='word_1_269' title='bbox 727 3291 838 3345; x_wconf 85' lang='lat' dir='ltr'><strong>sola</strong></span> <span class='ocrx_word' id='word_1_270' title='bbox 878 3287 1072 3355; x_wconf 77' lang='lat' dir='ltr'><strong>excipit</strong></span> <span class='ocrx_word' id='word_1_271' title='bbox 1112 3298 1268 3339; x_wconf 89' lang='lat' dir='ltr'><strong>voces</strong></span> <span class='ocrx_word' id='word_1_272' title='bbox 1291 3324 1306 3349; x_wconf 92' lang='lat'><strong>,</strong></span> <span class='ocrx_word' id='word_1_273' title='bbox 1334 3282 1429 3337; x_wconf 87' lang='lat' dir='ltr'><strong>sed</strong></span> <span class='ocrx_word' id='word_1_274' title='bbox 1454 3289 1508 3336; x_wconf 89' lang='lat' dir='ltr'><strong>et</strong></span> <span class='ocrx_word' id='word_1_275' title='bbox 1536 3291 1712 3335; x_wconf 88' lang='lat' dir='ltr'><strong>mente</strong></span> <span class='ocrx_word' id='word_1_276' title='bbox 1735 3295 1856 3337; x_wconf 86' lang='lat' dir='ltr'><strong>scn-</strong></span> 
     </span>
    </p>
   </div>
   <div class='ocr_carea' id='block_1_33' title="bbox 281 3371 1855 3446">
    <p class='ocr_par' dir='ltr' id='par_1_33' title="bbox 281 3371 1855 3446">
     <span class='ocr_line' id='line_1_33' title="bbox 281 3371 1855 3446; baseline -0.008 -9"><span class='ocrx_word' id='word_1_277' title='bbox 281 3386 468 3441; x_wconf 86' lang='lat' dir='ltr'><strong>teutias</strong></span> <span class='ocrx_word' id='word_1_278' title='bbox 506 3385 766 3446; x_wconf 88' lang='lat' dir='ltr'><strong>intuetur,</strong></span> <span class='ocrx_word' id='word_1_279' title='bbox 810 3394 930 3432; x_wconf 89' lang='lat' dir='ltr'><strong>cum</strong></span> <span class='ocrx_word' id='word_1_280' title='bbox 969 3375 1225 3440; x_wconf 83' lang='lat' dir='ltr'><strong>audierit,</strong></span> <span class='ocrx_word' id='word_1_281' title='bbox 1248 3372 1558 3428; x_wconf 77' lang='lat' dir='ltr'><strong>Conscientia</strong></span> <span class='ocrx_word' id='word_1_282' title='bbox 1583 3371 1748 3424; x_wconf 88' lang='lat' dir='ltr'><strong>dantis</strong></span> <span class='ocrx_word' id='word_1_283' title='bbox 1774 3380 1855 3425; x_wconf 84' lang='lat' dir='ltr'><strong>at-</strong></span> 
     </span>
    </p>
   </div>
   <div class='ocr_carea' id='block_1_34' title="bbox 281 3458 1856 3542">
    <p class='ocr_par' dir='ltr' id='par_1_34' title="bbox 281 3458 1856 3542">
     <span class='ocr_line' id='line_1_34' title="bbox 281 3458 1856 3542; baseline -0.011 -14"><span class='ocrx_word' id='word_1_284' title='bbox 281 3475 499 3528; x_wconf 81' lang='lat' dir='ltr'><strong>tmditur</strong></span> <span class='ocrx_word' id='word_1_285' title='bbox 522 3513 539 3535; x_wconf 93' lang='lat'><strong>,</strong></span> <span class='ocrx_word' id='word_1_286' title='bbox 583 3470 668 3542; x_wconf 84' lang='lat' dir='ltr'><strong>qui</strong></span> <span class='ocrx_word' id='word_1_287' title='bbox 709 3468 880 3521; x_wconf 86' lang='lat' dir='ltr'><strong>abluat</strong></span> <span class='ocrx_word' id='word_1_288' title='bbox 916 3463 1207 3533; x_wconf 84' lang='lat' dir='ltr'><strong>accipientis</strong></span> <span class='ocrx_word' id='word_1_289' title='bbox 1245 3477 1264 3516; x_wconf 91' lang='lat'><strong><em>:</em></strong></span> <span class='ocrx_word' id='word_1_290' title='bbox 1300 3460 1671 3529; x_wconf 82' lang='lat' dir='ltr'><strong>respondebit,</strong></span> <span class='ocrx_word' id='word_1_291' title='bbox 1703 3458 1856 3528; x_wconf 67' lang='lat' dir='ltr'><strong>Saepe</strong></span> 
     </span>
    </p>
   </div>
   <div class='ocr_carea' id='block_1_35' title="bbox 282 3549 1854 3634">
    <p class='ocr_par' dir='ltr' id='par_1_35' title="bbox 282 3549 1854 3634">
     <span class='ocr_line' id='line_1_35' title="bbox 282 3549 1854 3634; baseline -0.01 -16"><span class='ocrx_word' id='word_1_292' title='bbox 282 3564 406 3618; x_wconf 88' lang='lat' dir='ltr'><strong>mibi</strong></span> <span class='ocrx_word' id='word_1_293' title='bbox 451 3564 625 3634; x_wconf 75' lang='lat' dir='ltr'><strong>ignota</strong></span> <span class='ocrx_word' id='word_1_294' title='bbox 663 3568 740 3614; x_wconf 88' lang='lat' dir='ltr'><strong>est</strong></span> <span class='ocrx_word' id='word_1_295' title='bbox 768 3556 995 3610; x_wconf 86' lang='lat' dir='ltr'><strong>humana</strong></span> <span class='ocrx_word' id='word_1_296' title='bbox 1021 3551 1341 3609; x_wconf 87' lang='lat' dir='ltr'><strong>conscientia</strong></span> <span class='ocrx_word' id='word_1_297' title='bbox 1365 3591 1381 3617; x_wconf 92' lang='lat'><strong>,</strong></span> <span class='ocrx_word' id='word_1_298' title='bbox 1411 3549 1504 3606; x_wconf 90' lang='lat' dir='ltr'><strong>sed</strong></span> <span class='ocrx_word' id='word_1_299' title='bbox 1533 3558 1709 3605; x_wconf 89' lang='lat' dir='ltr'><strong>certus</strong></span> <span class='ocrx_word' id='word_1_300' title='bbox 1737 3564 1854 3604; x_wconf 88' lang='lat' dir='ltr'><strong>sum</strong></span> 
     </span>
    </p>
   </div>
   <div class='ocr_carea' id='block_1_36' title="bbox 282 3640 1858 3710">
    <p class='ocr_par' dir='ltr' id='par_1_36' title="bbox 282 3640 1858 3710">
     <span class='ocr_line' id='line_1_36' title="bbox 282 3640 1858 3710; baseline -0.01 -2"><span class='ocrx_word' id='word_1_301' title='bbox 282 3657 347 3709; x_wconf 84' lang='lat' dir='ltr'><strong>de</strong></span> <span class='ocrx_word' id='word_1_302' title='bbox 383 3651 581 3709; x_wconf 86' lang='lat' dir='ltr'><strong>Christi</strong></span> <span class='ocrx_word' id='word_1_303' title='bbox 619 3646 1001 3705; x_wconf 83' lang='lat' dir='ltr'><strong>misericordia.</strong></span> <span class='ocrx_word' id='word_1_304' title='bbox 1036 3643 1170 3698; x_wconf 86' lang='lat' dir='ltr'><strong>Cum</strong></span> <span class='ocrx_word' id='word_1_305' title='bbox 1208 3641 1468 3703; x_wconf 86' lang='lat' dir='ltr'><strong>audierit,</strong></span> <span class='ocrx_word' id='word_1_306' title='bbox 1513 3640 1614 3705; x_wconf 75' lang='lat' dir='ltr'><strong>Qui</strong></span> <span class='ocrx_word' id='word_1_307' title='bbox 1648 3640 1799 3710; x_wconf 83' lang='lat' dir='ltr'><strong>ﬁdem</strong></span> <span class='ocrx_word' id='word_1_308' title='bbox 1822 3656 1858 3693; x_wconf 88' lang='lat' dir='ltr'><strong>a</strong></span> 
     </span>
    </p>
   </div>
   <div class='ocr_carea' id='block_1_37' title="bbox 283 3732 1858 3815">
    <p class='ocr_par' dir='ltr' id='par_1_37' title="bbox 283 3732 1858 3815">
     <span class='ocr_line' id='line_1_37' title="bbox 283 3732 1858 3815; baseline -0.011 -14"><span class='ocrx_word' id='word_1_309' title='bbox 283 3745 474 3815; x_wconf 72' lang='lat' dir='ltr'><strong>perfido</strong></span> <span class='ocrx_word' id='word_1_310' title='bbox 501 3740 801 3811; x_wconf 81' lang='lat' dir='ltr'><strong>sumpserit,</strong></span> <span class='ocrx_word' id='word_1_311' title='bbox 832 3748 930 3799; x_wconf 82' lang='lat' dir='ltr'><strong>non</strong></span> <span class='ocrx_word' id='word_1_312' title='bbox 957 3737 1109 3806; x_wconf 79' lang='lat' dir='ltr'><strong>ﬁdem</strong></span> <span class='ocrx_word' id='word_1_313' title='bbox 1138 3733 1379 3804; x_wconf 87' lang='lat' dir='ltr'><strong>percipit,</strong></span> <span class='ocrx_word' id='word_1_314' title='bbox 1405 3732 1494 3786; x_wconf 88' lang='lat' dir='ltr'><strong>sed</strong></span> <span class='ocrx_word' id='word_1_315' title='bbox 1514 3741 1703 3784; x_wconf 84' lang='lat' dir='ltr'><strong>reatum</strong></span> <span class='ocrx_word' id='word_1_316' title='bbox 1724 3746 1743 3784; x_wconf 90' lang='lat'><strong><em>:</em></strong></span> <span class='ocrx_word' id='word_1_317' title='bbox 1774 3748 1858 3789; x_wconf 57' lang='lat' dir='ltr'><strong>re,</strong></span> 
     </span>
    </p>
   </div>
   <div class='ocr_carea' id='block_1_38' title="bbox 283 3820 1855 3907">
    <p class='ocr_par' dir='ltr' id='par_1_38' title="bbox 283 3820 1855 3907">
     <span class='ocr_line' id='line_1_38' title="bbox 283 3820 1855 3907; baseline -0.013 -14"><span class='ocrx_word' id='word_1_318' title='bbox 283 3836 594 3907; x_wconf 79' lang='lat' dir='ltr'><strong>spondebit,</strong></span> <span class='ocrx_word' id='word_1_319' title='bbox 632 3832 749 3888; x_wconf 85' lang='lat' dir='ltr'><strong>Non</strong></span> <span class='ocrx_word' id='word_1_320' title='bbox 793 3840 873 3886; x_wconf 90' lang='lat' dir='ltr'><strong>est</strong></span> <span class='ocrx_word' id='word_1_321' title='bbox 918 3826 1146 3898; x_wconf 76' lang='lat' dir='ltr'><strong>perﬁdus</strong></span> <span class='ocrx_word' id='word_1_322' title='bbox 1188 3824 1466 3889; x_wconf 82' lang='lat' dir='ltr'><strong>Christus,</strong></span> <span class='ocrx_word' id='word_1_323' title='bbox 1509 3837 1539 3875; x_wconf 89' lang='lat' dir='ltr'><strong>a</strong></span> <span class='ocrx_word' id='word_1_324' title='bbox 1564 3836 1669 3891; x_wconf 91' lang='lat' dir='ltr'><strong>quo</strong></span> <span class='ocrx_word' id='word_1_325' title='bbox 1698 3820 1855 3875; x_wconf 84' lang='lat' dir='ltr'><strong>iidem</strong></span> 
     </span>
    </p>
   </div>
   <div class='ocr_carea' id='block_1_39' title="bbox 285 3910 1856 3998">
    <p class='ocr_par' dir='ltr' id='par_1_39' title="bbox 285 3910 1856 3998">
     <span class='ocr_line' id='line_1_39' title="bbox 285 3910 1856 3998; baseline -0.014 -14"><span class='ocrx_word' id='word_1_326' title='bbox 285 3927 550 3998; x_wconf 86' lang='lat' dir='ltr'><strong>percipio.</strong></span> <span class='ocrx_word' id='word_1_327' title='bbox 592 3939 696 3979; x_wconf 89' lang='lat' dir='ltr'><strong>non</strong></span> <span class='ocrx_word' id='word_1_328' title='bbox 724 3930 947 3976; x_wconf 65' lang='lat' dir='ltr'><strong>reatum</strong></span> <span class='ocrx_word' id='word_1_329' title='bbox 973 3917 1105 3973; x_wconf 90' lang='lat' dir='ltr'><strong>Cum</strong></span> <span class='ocrx_word' id='word_1_330' title='bbox 1132 3913 1391 3981; x_wconf 89' lang='lat' dir='ltr'><strong>audierit,</strong></span> <span class='ocrx_word' id='word_1_331' title='bbox 1416 3910 1596 3973; x_wconf 87' lang='lat' dir='ltr'><strong>_0mnis</strong></span> <span class='ocrx_word' id='word_1_332' title='bbox 1624 3925 1702 3964; x_wconf 89' lang='lat' dir='ltr'><strong>res</strong></span> <span class='ocrx_word' id='word_1_333' title='bbox 1724 3910 1856 3963; x_wconf 87' lang='lat' dir='ltr'><strong>enim</strong></span> 
     </span>
    </p>
   </div>
   <div class='ocr_carea' id='block_1_40' title="bbox 284 4000 1853 4092">
    <p class='ocr_par' dir='ltr' id='par_1_40' title="bbox 284 4000 1853 4092">
     <span class='ocr_line' id='line_1_40' title="bbox 284 4000 1853 4092; baseline -0.015 -16"><span class='ocrx_word' id='word_1_334' title='bbox 284 4021 539 4092; x_wconf 75' lang='lat' dir='ltr'><strong>origine-et</strong></span> <span class='ocrx_word' id='word_1_335' title='bbox 568 4014 738 4070; x_wconf 87' lang='lat' dir='ltr'><strong>radice</strong></span> <span class='ocrx_word' id='word_1_336' title='bbox 760 4009 1018 4075; x_wconf 77' lang='lat' dir='ltr'><strong>consistit;</strong></span> <span class='ocrx_word' id='word_1_337' title='bbox 1044 4016 1091 4062; x_wconf 90' lang='lat' dir='ltr'><strong>et</strong></span> <span class='ocrx_word' id='word_1_338' title='bbox 1118 4007 1163 4061; x_wconf 84' lang='lat' dir='ltr'><strong>si</strong></span> <span class='ocrx_word' id='word_1_339' title='bbox 1189 4013 1338 4075; x_wconf 86' lang='lat' dir='ltr'><strong>caput</strong></span> <span class='ocrx_word' id='word_1_340' title='bbox 1358 4019 1459 4056; x_wconf 84' lang='lat' dir='ltr'><strong>non</strong></span> <span class='ocrx_word' id='word_1_341' title='bbox 1478 4001 1623 4056; x_wconf 81' lang='lat' dir='ltr'><strong>habet</strong></span> <span class='ocrx_word' id='word_1_342' title='bbox 1640 4000 1853 4070; x_wconf 82' lang='lat' dir='ltr'><strong>aliquid,</strong></span> 
     </span>
    </p>
   </div>
   <div class='ocr_carea' id='block_1_41' title="bbox 285 4089 1854 4175">
    <p class='ocr_par' dir='ltr' id='par_1_41' title="bbox 285 4089 1854 4175">
     <span class='ocr_line' id='line_1_41' title="bbox 285 4089 1854 4175; baseline -0.013 -10"><span class='ocrx_word' id='word_1_343' title='bbox 285 4089 408 4166; x_wconf 74' lang='lat' dir='ltr'><strong>nihil</strong></span> <span class='ocrx_word' id='word_1_344' title='bbox 429 4119 503 4165; x_wconf 81' lang='lat' dir='ltr'><strong>est</strong></span> <span class='ocrx_word' id='word_1_345' title='bbox 531 4124 553 4162; x_wconf 89' lang='lat'><strong><em>:</em></strong></span> <span class='ocrx_word' id='word_1_346' title='bbox 578 4100 952 4175; x_wconf 77' lang='lat' dir='ltr'><strong>rcSpondebit,</strong></span> <span class='ocrx_word' id='word_1_347' title='bbox 979 4098 1137 4169; x_wconf 75' lang='lat' dir='ltr'><strong>Origo</strong></span> <span class='ocrx_word' id='word_1_348' title='bbox 1166 4112 1281 4151; x_wconf 86' lang='lat' dir='ltr'><strong>mea</strong></span> <span class='ocrx_word' id='word_1_349' title='bbox 1307 4093 1552 4163; x_wconf 81' lang='lat' dir='ltr'><strong>Christus</strong></span> <span class='ocrx_word' id='word_1_350' title='bbox 1570 4101 1684 4156; x_wconf 91' lang='lat' dir='ltr'><strong>est,</strong></span> <span class='ocrx_word' id='word_1_351' title='bbox 1707 4089 1854 4145; x_wconf 88' lang='lat' dir='ltr'><strong>radix</strong></span> 
     </span>
    </p>
   </div>
   <div class='ocr_carea' id='block_1_42' title="bbox 287 4180 1854 4263">
    <p class='ocr_par' dir='ltr' id='par_1_42' title="bbox 287 4180 1854 4263">
     <span class='ocr_line' id='line_1_42' title="bbox 287 4180 1854 4263; baseline -0.013 -8"><span class='ocrx_word' id='word_1_352' title='bbox 287 4218 400 4257; x_wconf 81' lang='lat' dir='ltr'><strong>mea</strong></span> <span class='ocrx_word' id='word_1_353' title='bbox 445 4199 690 4254; x_wconf 85' lang='lat' dir='ltr'><strong>Christus</strong></span> <span class='ocrx_word' id='word_1_354' title='bbox 736 4202 852 4258; x_wconf 90' lang='lat' dir='ltr'><strong>est,</strong></span> <span class='ocrx_word' id='word_1_355' title='bbox 894 4198 1051 4263; x_wconf 86' lang='lat' dir='ltr'><strong>caput</strong></span> <span class='ocrx_word' id='word_1_356' title='bbox 1094 4201 1271 4242; x_wconf 88' lang='lat' dir='ltr'><strong>meum</strong></span> <span class='ocrx_word' id='word_1_357' title='bbox 1310 4183 1553 4247; x_wconf 87' lang='lat' dir='ltr'><strong>Christus</strong></span> <span class='ocrx_word' id='word_1_358' title='bbox 1593 4189 1694 4237; x_wconf 89' lang='lat' dir='ltr'><strong>est.</strong></span> <span class='ocrx_word' id='word_1_359' title='bbox 1724 4180 1854 4235; x_wconf 90' lang='lat' dir='ltr'><strong>Cum</strong></span> 
     </span>
    </p>
   </div>
   <div class='ocr_carea' id='block_1_43' title="bbox 286 4270 1857 4356">
    <p class='ocr_par' dir='ltr' id='par_1_43' title="bbox 286 4270 1857 4356">
     <span class='ocr_line' id='line_1_43' title="bbox 286 4270 1857 4356; baseline -0.013 -11"><span class='ocrx_word' id='word_1_360' title='bbox 286 4290 540 4352; x_wconf 85' lang='lat' dir='ltr'><strong>audierit,</strong></span> <span class='ocrx_word' id='word_1_361' title='bbox 586 4270 696 4342; x_wconf 80' lang='lat' dir='ltr'><strong>Nec</strong></span> <span class='ocrx_word' id='word_1_362' title='bbox 734 4284 1002 4356; x_wconf 83' lang='lat' dir='ltr'><strong>quidquam</strong></span> <span class='ocrx_word' id='word_1_363' title='bbox 1040 4278 1160 4333; x_wconf 81' lang='lat' dir='ltr'><strong>bene</strong></span> <span class='ocrx_word' id='word_1_364' title='bbox 1188 4285 1473 4349; x_wconf 77' lang='lat' dir='ltr'><strong>regenerat,</strong></span> <span class='ocrx_word' id='word_1_365' title='bbox 1505 4273 1603 4327; x_wconf 86' lang='lat' dir='ltr'><strong>nisi</strong></span> <span class='ocrx_word' id='word_1_366' title='bbox 1626 4273 1753 4325; x_wconf 87' lang='lat' dir='ltr'><strong>bono</strong></span> <span class='ocrx_word' id='word_1_367' title='bbox 1775 4287 1857 4325; x_wconf 86' lang='lat' dir='ltr'><strong>se-</strong></span> 
     </span>
    </p>
   </div>
   <div class='ocr_carea' id='block_1_44' title="bbox 289 4368 1855 4450">
    <p class='ocr_par' dir='ltr' id='par_1_44' title="bbox 289 4368 1855 4450">
     <span class='ocr_line' id='line_1_44' title="bbox 289 4368 1855 4450; baseline -0.013 -15"><span class='ocrx_word' id='word_1_368' title='bbox 289 4385 415 4436; x_wconf 83' lang='lat' dir='ltr'><strong>mine</strong></span> <span class='ocrx_word' id='word_1_369' title='bbox 450 4387 768 4450; x_wconf 77' lang='lat' dir='ltr'><strong>regeneretur</strong></span> <span class='ocrx_word' id='word_1_370' title='bbox 792 4391 812 4430; x_wconf 91' lang='lat'><strong><em>:</em></strong></span> <span class='ocrx_word' id='word_1_371' title='bbox 840 4368 1214 4442; x_wconf 87' lang='lat' dir='ltr'><strong>respondebit,</strong></span> <span class='ocrx_word' id='word_1_372' title='bbox 1243 4368 1436 4423; x_wconf 84' lang='lat' dir='ltr'><strong>Semen</strong></span> <span class='ocrx_word' id='word_1_373' title='bbox 1458 4406 1475 4431; x_wconf 97' lang='lat'><strong>,</strong></span> <span class='ocrx_word' id='word_1_374' title='bbox 1500 4377 1607 4435; x_wconf 89' lang='lat' dir='ltr'><strong>quo</strong></span> <span class='ocrx_word' id='word_1_375' title='bbox 1636 4377 1855 4433; x_wconf 79' lang='lat' dir='ltr'><strong>regene-</strong></span> 
     </span>
    </p>
   </div>
   <div class='ocr_carea' id='block_1_45' title="bbox 288 4453 1855 4539">
    <p class='ocr_par' dir='ltr' id='par_1_45' title="bbox 288 4453 1855 4539">
     <span class='ocr_line' id='line_1_45' title="bbox 288 4453 1855 4539; baseline -0.017 -10"><span class='ocrx_word' id='word_1_376' title='bbox 288 4492 409 4539; x_wconf 81' lang='lat' dir='ltr'><strong>ror,</strong></span> <span class='ocrx_word' id='word_1_377' title='bbox 455 4470 672 4526; x_wconf 80' lang='lat' dir='ltr'><strong>verbum</strong></span> <span class='ocrx_word' id='word_1_378' title='bbox 718 4466 810 4521; x_wconf 89' lang='lat' dir='ltr'><strong>Dei</strong></span> <span class='ocrx_word' id='word_1_379' title='bbox 859 4473 943 4520; x_wconf 89' lang='lat' dir='ltr'><strong>est</strong></span> <span class='ocrx_word' id='word_1_380' title='bbox 962 4505 979 4529; x_wconf 93' lang='lat'><strong>,</strong></span> <span class='ocrx_word' id='word_1_381' title='bbox 1010 4460 1149 4533; x_wconf 85' lang='lat' dir='ltr'><strong>quod</strong></span> <span class='ocrx_word' id='word_1_382' title='bbox 1171 4457 1515 4527; x_wconf 77' lang='lat' dir='ltr'><strong>obaudieiiter</strong></span> <span class='ocrx_word' id='word_1_383' title='bbox 1538 4453 1721 4509; x_wconf 87' lang='lat' dir='ltr'><strong>audire</strong></span> <span class='ocrx_word' id='word_1_384' title='bbox 1741 4467 1855 4519; x_wconf 82' lang='lat' dir='ltr'><strong>sum</strong></span> 
     </span>
    </p>
   </div>
   <div class='ocr_carea' id='block_1_46' title="bbox 290 4543 1859 4629">
    <p class='ocr_par' dir='ltr' id='par_1_46' title="bbox 290 4543 1859 4629">
     <span class='ocr_line' id='line_1_46' title="bbox 290 4543 1859 4629; baseline -0.014 -10"><span class='ocrx_word' id='word_1_385' title='bbox 290 4568 520 4619; x_wconf 79' lang='lat' dir='ltr'><strong>ntenitns</strong></span> <span class='ocrx_word' id='word_1_386' title='bbox 545 4602 560 4629; x_wconf 95' lang='lat'><strong>,</strong></span> <span class='ocrx_word' id='word_1_387' title='bbox 589 4559 795 4616; x_wconf 84' lang='lat' dir='ltr'><strong>etiamsi</strong></span> <span class='ocrx_word' id='word_1_388' title='bbox 823 4557 910 4611; x_wconf 91' lang='lat' dir='ltr'><strong>ille</strong></span> <span class='ocrx_word' id='word_1_389' title='bbox 930 4559 1025 4626; x_wconf 82' lang='lat' dir='ltr'><strong>per</strong></span> <span class='ocrx_word' id='word_1_390' title='bbox 1051 4567 1207 4623; x_wconf 89' lang='lat' dir='ltr'><strong>quem</strong></span> <span class='ocrx_word' id='word_1_391' title='bbox 1235 4550 1413 4619; x_wconf 87' lang='lat' dir='ltr'><strong>audio,</strong></span> <span class='ocrx_word' id='word_1_392' title='bbox 1439 4562 1558 4618; x_wconf 69' lang='lat' dir='ltr'><strong>qua:</strong></span> <span class='ocrx_word' id='word_1_393' title='bbox 1582 4545 1709 4600; x_wconf 89' lang='lat' dir='ltr'><strong>mihi</strong></span> <span class='ocrx_word' id='word_1_394' title='bbox 1731 4543 1859 4598; x_wconf 87' lang='lat' dir='ltr'><strong>dicit</strong></span> 
     </span>
    </p>
   </div>
   <div class='ocr_carea' id='block_1_47' title="bbox 288 4632 1857 4725">
    <p class='ocr_par' dir='ltr' id='par_1_47' title="bbox 288 4632 1857 4725">
     <span class='ocr_line' id='line_1_47' title="bbox 288 4632 1857 4725; baseline -0.015 -16"><span class='ocrx_word' id='word_1_395' title='bbox 288 4660 397 4725; x_wconf 83' lang='lat' dir='ltr'><strong>ipse</strong></span> <span class='ocrx_word' id='word_1_396' title='bbox 442 4669 546 4706; x_wconf 85' lang='lat' dir='ltr'><strong>nan</strong></span> <span class='ocrx_word' id='word_1_397' title='bbox 590 4650 743 4713; x_wconf 76' lang='lat' dir='ltr'><strong>facit,</strong></span> <span class='ocrx_word' id='word_1_398' title='bbox 785 4648 994 4701; x_wconf 87' lang='lat' dir='ltr'><strong>dicente</strong></span> <span class='ocrx_word' id='word_1_399' title='bbox 1032 4640 1290 4712; x_wconf 82' lang='lat' dir='ltr'><strong>Domino,</strong></span> <span class='ocrx_word' id='word_1_400' title='bbox 1317 4647 1371 4693; x_wconf 89' lang='lat' dir='ltr'><strong>et</strong></span> <span class='ocrx_word' id='word_1_401' title='bbox 1398 4653 1482 4692; x_wconf 91' lang='lat' dir='ltr'><strong>me</strong></span> <span class='ocrx_word' id='word_1_402' title='bbox 1510 4650 1753 4701; x_wconf 84' lang='lat' dir='ltr'><strong>securum</strong></span> <span class='ocrx_word' id='word_1_403' title='bbox 1779 4632 1857 4687; x_wconf 81' lang='lat' dir='ltr'><strong>la-</strong></span> 
     </span>
    </p>
   </div>
   <div class='ocr_carea' id='block_1_48' title="bbox 286 4729 1858 4813">
    <p class='ocr_par' dir='ltr' id='par_1_48' title="bbox 286 4729 1858 4813">
     <span class='ocr_line' id='line_1_48' title="bbox 286 4729 1858 4813; baseline -0.014 -12"><span class='ocrx_word' id='word_1_404' title='bbox 286 4750 457 4801; x_wconf 79' lang='lat' dir='ltr'><strong>ciente</strong></span> <span class='ocrx_word' id='word_1_405' title='bbox 499 4762 515 4797; x_wconf 92' lang='lat'><strong>:</strong></span> <span class='ocrx_word' id='word_1_406' title='bbox 564 4743 692 4813; x_wconf 69' lang='lat' dir='ltr'><strong>Qui:</strong></span> <span class='ocrx_word' id='word_1_407' title='bbox 730 4741 901 4808; x_wconf 81' lang='lat' dir='ltr'><strong>dicunt</strong></span> <span class='ocrx_word' id='word_1_408' title='bbox 921 4778 938 4801; x_wconf 93' lang='lat'><strong>,</strong></span> <span class='ocrx_word' id='word_1_409' title='bbox 969 4734 1153 4807; x_wconf 76' lang='lat' dir='ltr'><strong>facite;</strong></span> <span class='ocrx_word' id='word_1_410' title='bbox 1178 4747 1289 4801; x_wconf 68' lang='lat' dir='ltr'><strong>qui:</strong></span> <span class='ocrx_word' id='word_1_411' title='bbox 1315 4730 1506 4801; x_wconf 78' lang='lat' dir='ltr'><strong>faciunt</strong></span> <span class='ocrx_word' id='word_1_412' title='bbox 1527 4768 1541 4791; x_wconf 90' lang='lat'><strong>,</strong></span> <span class='ocrx_word' id='word_1_413' title='bbox 1572 4729 1737 4797; x_wconf 79' lang='lat' dir='ltr'><strong>facere</strong></span> <span class='ocrx_word' id='word_1_414' title='bbox 1762 4742 1858 4788; x_wconf 85' lang='lat' dir='ltr'><strong>no-</strong></span> 
     </span>
    </p>
   </div>
   <div class='ocr_carea' id='block_1_49' title="bbox 286 4815 1856 4897">
    <p class='ocr_par' dir='ltr' id='par_1_49' title="bbox 286 4815 1856 4897">
     <span class='ocr_line' id='line_1_49' title="bbox 286 4815 1856 4897; baseline -0.014 -6"><span class='ocrx_word' id='word_1_415' title='bbox 286 4842 371 4892; x_wconf 78' lang='lat' dir='ltr'><strong>lite</strong></span> <span class='ocrx_word' id='word_1_416' title='bbox 411 4854 432 4890; x_wconf 89' lang='lat'><strong><em>:</em></strong></span> <span class='ocrx_word' id='word_1_417' title='bbox 472 4837 645 4889; x_wconf 84' lang='lat' dir='ltr'><strong>dicunt</strong></span> <span class='ocrx_word' id='word_1_418' title='bbox 683 4832 813 4885; x_wconf 87' lang='lat' dir='ltr'><strong>enim</strong></span> <span class='ocrx_word' id='word_1_419' title='bbox 837 4870 852 4897; x_wconf 92' lang='lat'><strong>,</strong></span> <span class='ocrx_word' id='word_1_420' title='bbox 891 4836 936 4882; x_wconf 89' lang='lat' dir='ltr'><strong>et</strong></span> <span class='ocrx_word' id='word_1_421' title='bbox 974 4842 1075 4881; x_wconf 76' lang='lat' dir='ltr'><strong>non</strong></span> <span class='ocrx_word' id='word_1_422' title='bbox 1113 4823 1306 4896; x_wconf 82' lang='lat' dir='ltr'><strong>faciunt</strong></span> <span class='ocrx_word' id='word_1_423' title='bbox 1348 4818 1559 4891; x_wconf 73' lang='lat' dir='ltr'><strong>(Matth.</strong></span> <span class='ocrx_word' id='word_1_424' title='bbox 1590 4832 1753 4883; x_wconf 84' lang='lat' dir='ltr'><strong>xxut,</strong></span> <span class='ocrx_word' id='word_1_425' title='bbox 1779 4815 1856 4885; x_wconf 69' lang='grc' dir='ltr'><strong>ὃ).</strong></span> 
     </span>
    </p>
   </div>
   <div class='ocr_carea' id='block_1_50' title="bbox 290 4905 1859 4988">
    <p class='ocr_par' dir='ltr' id='par_1_50' title="bbox 290 4905 1859 4988">
     <span class='ocr_line' id='line_1_50' title="bbox 290 4905 1859 4988; baseline -0.014 -6"><span class='ocrx_word' id='word_1_426' title='bbox 290 4931 419 4983; x_wconf 67' lang='lat' dir='ltr'><strong>tium</strong></span> <span class='ocrx_word' id='word_1_427' title='bbox 455 4924 681 4979; x_wconf 81' lang='lat' dir='ltr'><strong>audierit</strong></span> <span class='ocrx_word' id='word_1_428' title='bbox 700 4962 717 4986; x_wconf 89' lang='lat'><strong>,</strong></span> <span class='ocrx_word' id='word_1_429' title='bbox 750 4920 876 4988; x_wconf 81' lang='lat' dir='ltr'><strong>Qua:</strong></span> <span class='ocrx_word' id='word_1_430' title='bbox 900 4924 1056 4987; x_wconf 87' lang='lat' dir='ltr'><strong>potest</strong></span> <span class='ocrx_word' id='word_1_431' title='bbox 1085 4928 1189 4967; x_wconf 84' lang='lat' dir='ltr'><strong>esse</strong></span> <span class='ocrx_word' id='word_1_432' title='bbox 1211 4909 1506 4980; x_wconf 74' lang='lat' dir='ltr'><strong>pmersitas</strong></span> <span class='ocrx_word' id='word_1_433' title='bbox 1524 4947 1539 4972; x_wconf 96' lang='lat'><strong>,</strong></span> <span class='ocrx_word' id='word_1_434' title='bbox 1569 4916 1625 4960; x_wconf 87' lang='lat' dir='ltr'><strong>ut</strong></span> <span class='ocrx_word' id='word_1_435' title='bbox 1648 4906 1734 4977; x_wconf 87' lang='lat' dir='ltr'><strong>qui</strong></span> <span class='ocrx_word' id='word_1_436' title='bbox 1755 4905 1859 4960; x_wconf 89' lang='lat' dir='ltr'><strong>suis</strong></span> 
     </span>
    </p>
   </div>
   <div class='ocr_carea' id='block_1_51' title="bbox 287 4997 1855 5082">
    <p class='ocr_par' dir='ltr' id='par_1_51' title="bbox 287 4997 1855 5082">
     <span class='ocr_line' id='line_1_51' title="bbox 287 4997 1855 5082; baseline -0.017 -8"><span class='ocrx_word' id='word_1_437' title='bbox 287 5016 577 5074; x_wconf 84' lang='lat' dir='ltr'><strong>rriminibus</strong></span> <span class='ocrx_word' id='word_1_438' title='bbox 610 5030 723 5080; x_wconf 79' lang='lat' dir='ltr'><strong>reus</strong></span> <span class='ocrx_word' id='word_1_439' title='bbox 760 4999 830 5066; x_wconf 82' lang='lat' dir='ltr'><strong>est</strong></span> <span class='ocrx_word' id='word_1_440' title='bbox 848 5050 865 5073; x_wconf 92' lang='lat'><strong>,</strong></span> <span class='ocrx_word' id='word_1_441' title='bbox 891 5007 1050 5075; x_wconf 82' lang='lat' dir='ltr'><strong>alium</strong></span> <span class='ocrx_word' id='word_1_442' title='bbox 1076 5004 1230 5082; x_wconf 70' lang='lat' dir='ltr'><strong>faciat</strong></span> <span class='ocrx_word' id='word_1_443' title='bbox 1255 5002 1562 5057; x_wconf 84' lang='lat' dir='ltr'><strong>innocentem</strong></span> <span class='ocrx_word' id='word_1_444' title='bbox 1582 4997 1609 5050; x_wconf 71' lang='grc'><em>2</em></span> <span class='ocrx_word' id='word_1_445' title='bbox 1636 5010 1855 5065; x_wconf 76' lang='lat' dir='ltr'><strong>respou~</strong></span> 
     </span>
    </p>
   </div>
   <div class='ocr_carea' id='block_1_52' title="bbox 287 5091 1863 5171">
    <p class='ocr_par' dir='ltr' id='par_1_52' title="bbox 287 5091 1863 5171">
     <span class='ocr_line' id='line_1_52' title="bbox 287 5091 1863 5171; baseline -0.013 -10"><span class='ocrx_word' id='word_1_446' title='bbox 287 5110 464 5171; x_wconf 71' lang='lat' dir='ltr'><strong>clebit,</strong></span> <span class='ocrx_word' id='word_1_447' title='bbox 492 5106 576 5162; x_wconf 77' lang='lat' dir='ltr'><strong>Me</strong></span> <span class='ocrx_word' id='word_1_448' title='bbox 605 5106 938 5159; x_wconf 84' lang='lat' dir='ltr'><strong>innocentem</strong></span> <span class='ocrx_word' id='word_1_449' title='bbox 970 5112 1074 5152; x_wconf 88' lang='lat' dir='ltr'><strong>non</strong></span> <span class='ocrx_word' id='word_1_450' title='bbox 1104 5093 1224 5151; x_wconf 79' lang='lat' dir='ltr'><strong>facit</strong></span> <span class='ocrx_word' id='word_1_451' title='bbox 1245 5133 1260 5157; x_wconf 90' lang='lat'><strong>,</strong></span> <span class='ocrx_word' id='word_1_452' title='bbox 1290 5092 1391 5147; x_wconf 90' lang='lat' dir='ltr'><strong>nisi</strong></span> <span class='ocrx_word' id='word_1_453' title='bbox 1415 5091 1502 5162; x_wconf 87' lang='lat' dir='ltr'><strong>qui</strong></span> <span class='ocrx_word' id='word_1_454' title='bbox 1524 5096 1762 5144; x_wconf 89' lang='lat' dir='ltr'><strong>mortuus</strong></span> <span class='ocrx_word' id='word_1_455' title='bbox 1781 5095 1863 5141; x_wconf 90' lang='lat' dir='ltr'><strong>est</strong></span> 
     </span>
    </p>
   </div>
   <div class='ocr_carea' id='block_1_53' title="bbox 290 5180 1864 5271">
    <p class='ocr_par' dir='ltr' id='par_1_53' title="bbox 290 5180 1864 5271">
     <span class='ocr_line' id='line_1_53' title="bbox 290 5180 1864 5271; baseline -0.015 -16"><span class='ocrx_word' id='word_1_456' title='bbox 290 5211 507 5271; x_wconf 82' lang='lat' dir='ltr'><strong>propter</strong></span> <span class='ocrx_word' id='word_1_457' title='bbox 548 5196 741 5257; x_wconf 86' lang='lat' dir='ltr'><strong>delicta</strong></span> <span class='ocrx_word' id='word_1_458' title='bbox 786 5202 967 5253; x_wconf 88' lang='lat' dir='ltr'><strong>nostra</strong></span> <span class='ocrx_word' id='word_1_459' title='bbox 988 5230 1004 5255; x_wconf 92' lang='lat'><strong>,</strong></span> <span class='ocrx_word' id='word_1_460' title='bbox 1035 5196 1089 5245; x_wconf 86' lang='lat' dir='ltr'><strong>et</strong></span> <span class='ocrx_word' id='word_1_461' title='bbox 1120 5184 1410 5245; x_wconf 84' lang='lat' dir='ltr'><strong>resurrexit</strong></span> <span class='ocrx_word' id='word_1_462' title='bbox 1436 5190 1650 5254; x_wconf 87' lang='lat' dir='ltr'><strong>propter</strong></span> <span class='ocrx_word' id='word_1_463' title='bbox 1674 5180 1864 5250; x_wconf 79' lang='lat' dir='ltr'><strong>justiﬁ—</strong></span> 
     </span>
    </p>
   </div>
   <div class='ocr_carea' id='block_1_54' title="bbox 287 5276 1862 5350">
    <p class='ocr_par' dir='ltr' id='par_1_54' title="bbox 287 5276 1862 5350">
     <span class='ocr_line' id='line_1_54' title="bbox 287 5276 1862 5350; baseline -0.014 -5"><span class='ocrx_word' id='word_1_464' title='bbox 287 5293 552 5346; x_wconf 77' lang='lat' dir='ltr'><strong>eationem</strong></span> <span class='ocrx_word' id='word_1_465' title='bbox 578 5295 835 5341; x_wconf 87' lang='lat' dir='ltr'><strong>nostram.</strong></span> <span class='ocrx_word' id='word_1_466' title='bbox 861 5282 973 5350; x_wconf 81' lang='lat' dir='ltr'><strong>Non</strong></span> <span class='ocrx_word' id='word_1_467' title='bbox 994 5281 1135 5336; x_wconf 91' lang='lat' dir='ltr'><strong>enim</strong></span> <span class='ocrx_word' id='word_1_468' title='bbox 1164 5278 1215 5333; x_wconf 91' lang='lat' dir='ltr'><strong>in</strong></span> <span class='ocrx_word' id='word_1_469' title='bbox 1240 5276 1535 5344; x_wconf 86' lang='lat' dir='ltr'><strong>ministrum</strong></span> <span class='ocrx_word' id='word_1_470' title='bbox 1557 5314 1571 5336; x_wconf 90' lang='lat'><strong>,</strong></span> <span class='ocrx_word' id='word_1_471' title='bbox 1596 5287 1689 5345; x_wconf 81' lang='lat' dir='ltr'><strong>per</strong></span> <span class='ocrx_word' id='word_1_472' title='bbox 1706 5286 1862 5340; x_wconf 88' lang='lat' dir='ltr'><strong>quem</strong></span> 
     </span>
    </p>
   </div>
   <div class='ocr_carea' id='block_1_55' title="bbox 291 5356 1869 5454">
    <p class='ocr_par' dir='ltr' id='par_1_55' title="bbox 291 5356 1869 5454">
     <span class='ocr_line' id='line_1_55' title="bbox 291 5356 1869 5454; baseline -0.015 -16"><span class='ocrx_word' id='word_1_473' title='bbox 291 5384 567 5454; x_wconf 78' lang='lat' dir='ltr'><strong>haptizor,</strong></span> <span class='ocrx_word' id='word_1_474' title='bbox 596 5356 792 5445; x_wconf 77' lang='lat' dir='ltr'><strong>credo;</strong></span> <span class='ocrx_word' id='word_1_475' title='bbox 821 5374 915 5430; x_wconf 85' lang='lat' dir='ltr'><strong>sed</strong></span> <span class='ocrx_word' id='word_1_476' title='bbox 942 5374 994 5427; x_wconf 89' lang='lat' dir='ltr'><strong>in</strong></span> <span class='ocrx_word' id='word_1_477' title='bbox 1023 5386 1143 5428; x_wconf 89' lang='lat' dir='ltr'><strong>eum</strong></span> <span class='ocrx_word' id='word_1_478' title='bbox 1167 5369 1255 5440; x_wconf 89' lang='lat' dir='ltr'><strong>qui</strong></span> <span class='ocrx_word' id='word_1_479' title='bbox 1276 5365 1528 5436; x_wconf 80' lang='lat' dir='ltr'><strong>justiﬁcat</strong></span> <span class='ocrx_word' id='word_1_480' title='bbox 1548 5362 1786 5431; x_wconf 87' lang='lat' dir='ltr'><strong>impium,</strong></span> <span class='ocrx_word' id='word_1_481' title='bbox 1809 5368 1869 5414; x_wconf 92' lang='lat' dir='ltr'><strong>ut</strong></span> 
     </span>
    </p>
   </div>
   <div class='ocr_carea' id='block_1_56' title="bbox 289 5455 1865 5546">
    <p class='ocr_par' dir='ltr' id='par_1_56' title="bbox 289 5455 1865 5546">
     <span class='ocr_line' id='line_1_56' title="bbox 289 5455 1865 5546; baseline -0.014 -16"><span class='ocrx_word' id='word_1_482' title='bbox 289 5478 576 5546; x_wconf 85' lang='lat' dir='ltr'><strong>deputetur</strong></span> <span class='ocrx_word' id='word_1_483' title='bbox 616 5470 742 5525; x_wconf 89' lang='lat' dir='ltr'><strong>mihi</strong></span> <span class='ocrx_word' id='word_1_484' title='bbox 792 5468 924 5523; x_wconf 80' lang='lat' dir='ltr'><strong>ﬁdes</strong></span> <span class='ocrx_word' id='word_1_485' title='bbox 962 5465 1026 5518; x_wconf 90' lang='lat' dir='ltr'><strong>ad</strong></span> <span class='ocrx_word' id='word_1_486' title='bbox 1051 5462 1307 5533; x_wconf 85' lang='lat' dir='ltr'><strong>justitiam</strong></span> <span class='ocrx_word' id='word_1_487' title='bbox 1334 5459 1506 5530; x_wconf 86' lang='lat' dir='ltr'><strong>(Rom.</strong></span> <span class='ocrx_word' id='word_1_488' title='bbox 1537 5473 1591 5513; x_wconf 81' lang='lat' dir='ltr'><strong>tv</strong></span> <span class='ocrx_word' id='word_1_489' title='bbox 1612 5498 1628 5523; x_wconf 90' lang='lat'><strong>,</strong></span> <span class='ocrx_word' id='word_1_490' title='bbox 1657 5456 1760 5520; x_wconf 70' lang='lat'><strong>25,</strong></span> <span class='ocrx_word' id='word_1_491' title='bbox 1788 5455 1865 5526; x_wconf 76' lang='lat'><strong>5).</strong></span> 
     </span>
    </p>
   </div>
   <div class='ocr_carea' id='block_1_57' title="bbox 362 5547 1869 5621">
    <p class='ocr_par' dir='ltr' id='par_1_57' title="bbox 362 5547 1869 5621">
     <span class='ocr_line' id='line_1_57' title="bbox 362 5547 1869 5621; baseline -0.013 0"><span class='ocrx_word' id='word_1_492' title='bbox 362 5563 591 5620; x_wconf 70' lang='lat' dir='ltr'><strong>CAPUT</strong></span> <span class='ocrx_word' id='word_1_493' title='bbox 617 5560 748 5615; x_wconf 83' lang='lat' dir='ltr'>VIII.</span> <span class='ocrx_word' id='word_1_494' title='bbox 776 5587 847 5599; x_wconf 90' lang='lat'>—</span> <span class='ocrx_word' id='word_1_495' title='bbox 873 5558 927 5614; x_wconf 85' lang='lat'><strong>9.</strong></span> <span class='ocrx_word' id='word_1_496' title='bbox 957 5555 1087 5611; x_wconf 83' lang='lat' dir='ltr'><strong>Cum</strong></span> <span class='ocrx_word' id='word_1_497' title='bbox 1110 5552 1371 5618; x_wconf 87' lang='lat' dir='ltr'><strong>audierit,</strong></span> <span class='ocrx_word' id='word_1_498' title='bbox 1394 5549 1553 5621; x_wconf 69' lang='lat' dir='ltr'><strong>Arbor</strong></span> <span class='ocrx_word' id='word_1_499' title='bbox 1572 5550 1697 5602; x_wconf 87' lang='lat' dir='ltr'><strong>bona</strong></span> <span class='ocrx_word' id='word_1_500' title='bbox 1718 5547 1869 5601; x_wconf 89' lang='lat' dir='ltr'><strong>bonos</strong></span> 
     </span>
    </p>
   </div>
   <div class='ocr_carea' id='block_1_58' title="bbox 359 5681 1873 5746">
    <p class='ocr_par' dir='ltr' id='par_1_58' title="bbox 359 5681 1873 5746">
     <span class='ocr_line' id='line_1_58' title="bbox 359 5681 1873 5746; baseline -0.013 -1"><span class='ocrx_word' id='word_1_501' title='bbox 359 5702 376 5729; x_wconf 77' lang='grc' dir='ltr'><strong>ι</strong></span> <span class='ocrx_word' id='word_1_502' title='bbox 416 5706 515 5746; x_wconf 74' lang='lat' dir='ltr'><strong>am.</strong></span> <span class='ocrx_word' id='word_1_503' title='bbox 532 5702 609 5745; x_wconf 78' lang='lat' dir='ltr'><strong>Er.</strong></span> <span class='ocrx_word' id='word_1_504' title='bbox 635 5703 688 5745; x_wconf 87' lang='lat' dir='ltr'><strong>et</strong></span> <span class='ocrx_word' id='word_1_505' title='bbox 709 5701 907 5743; x_wconf 77' lang='lat' dir='ltr'><strong>veteres</strong></span> <span class='ocrx_word' id='word_1_506' title='bbox 925 5698 1051 5745; x_wconf 75' lang='lat' dir='ltr'><strong>Mss.,</strong></span> <span class='ocrx_word' id='word_1_507' title='bbox 1072 5684 1382 5737; x_wconf 81' lang='lat' dir='ltr'><strong>laborandum</strong></span> <span class='ocrx_word' id='word_1_508' title='bbox 1403 5690 1487 5733; x_wconf 86' lang='lat' dir='ltr'><strong>est.</strong></span> <span class='ocrx_word' id='word_1_509' title='bbox 1512 5682 1601 5731; x_wconf 78' lang='lat' dir='ltr'><strong>Sed</strong></span> <span class='ocrx_word' id='word_1_510' title='bbox 1620 5689 1780 5731; x_wconf 83' lang='lat' dir='ltr'><strong>tamen</strong></span> <span class='ocrx_word' id='word_1_511' title='bbox 1803 5681 1873 5727; x_wconf 85' lang='lat' dir='ltr'><strong>in-</strong></span> 
     </span>
    </p>
   </div>
   <div class='ocr_carea' id='block_1_59' title="bbox 297 5747 1602 5835">
    <p class='ocr_par' dir='ltr' id='par_1_59' title="bbox 297 5747 1602 5835">
     <span class='ocr_line' id='line_1_59' title="bbox 297 5747 1602 5835; baseline -0.014 -26"><span class='ocrx_word' id='word_1_512' title='bbox 297 5758 387 5831; x_wconf 54' lang='lat' dir='ltr'><strong>ira.</strong></span> <span class='ocrx_word' id='word_1_513' title='bbox 409 5758 493 5831; x_wconf 79' lang='lat' dir='ltr'><strong>lib.</strong></span> <span class='ocrx_word' id='word_1_514' title='bbox 517 5758 566 5835; x_wconf 51' lang='grc' dir='ltr'><strong>ὅ,</strong></span> <span class='ocrx_word' id='word_1_515' title='bbox 591 5770 674 5807; x_wconf 87' lang='lat' dir='ltr'><strong>un.</strong></span> <span class='ocrx_word' id='word_1_516' title='bbox 696 5754 776 5825; x_wconf 69' lang='lat'><strong>52,</strong></span> <span class='ocrx_word' id='word_1_517' title='bbox 800 5752 877 5811; x_wconf 68' lang='grc'><strong>51,</strong></span> <span class='ocrx_word' id='word_1_518' title='bbox 902 5751 979 5810; x_wconf 77' lang='lat'><strong>56,</strong></span> <span class='ocrx_word' id='word_1_519' title='bbox 1008 5751 1202 5817; x_wconf 81' lang='lat' dir='ltr'><strong>habent,</strong></span> <span class='ocrx_word' id='word_1_520' title='bbox 1235 5747 1492 5809; x_wconf 81' lang='lat' dir='ltr'><strong>optandum</strong></span> <span class='ocrx_word' id='word_1_521' title='bbox 1518 5752 1602 5815; x_wconf 61' lang='lat' dir='ltr'><strong>est.</strong></span> 
     </span>
    </p>
   </div>
   <div class='ocr_carea' id='block_1_60' title="bbox 1626 375 2126 436">
    <p class='ocr_par' dir='ltr' id='par_1_60' title="bbox 1626 375 2126 436">
     <span class='ocr_line' id='line_1_60' title="bbox 1626 375 2126 436; baseline 0 -2"><span class='ocrx_word' id='word_1_522' title='bbox 1626 378 1821 434; x_wconf 72' lang='lat' dir='ltr'><strong>LIBER</strong></span> <span class='ocrx_word' id='word_1_523' title='bbox 1862 375 2126 436; x_wconf 73' lang='lat' dir='ltr'><strong>PRIMUS.</strong></span> 
     </span>
    </p>
   </div>
   <div class='ocr_carea' id='block_1_61' title="bbox 3424 395 3532 447">
    <p class='ocr_par' dir='ltr' id='par_1_61' title="bbox 3424 395 3532 447">
     <span class='ocr_line' id='line_1_61' title="bbox 3424 395 3532 447; baseline 0 -1"><span class='ocrx_word' id='word_1_524' title='bbox 3424 395 3532 447; x_wconf 71' lang='lat'><strong>250</strong></span> 
     </span>
    </p>
   </div>
   <div class='ocr_carea' id='block_1_62' title="bbox 1955 498 3525 576">
    <p class='ocr_par' dir='ltr' id='par_1_62' title="bbox 1955 498 3525 576">
     <span class='ocr_line' id='line_1_62' title="bbox 1955 498 3525 576; baseline 0.006 -26"><span class='ocrx_word' id='word_1_525' title='bbox 1955 502 2148 567; x_wconf 79' lang='lat' dir='ltr'><strong>fruetus</strong></span> <span class='ocrx_word' id='word_1_526' title='bbox 2177 498 2297 566; x_wconf 80' lang='lat' dir='ltr'><strong>facit</strong></span> <span class='ocrx_word' id='word_1_527' title='bbox 2322 517 2338 562; x_wconf 86' lang='lat'><strong><em>;</em></strong></span> <span class='ocrx_word' id='word_1_528' title='bbox 2365 500 2510 553; x_wconf 84' lang='lat' dir='ltr'><strong>arbor</strong></span> <span class='ocrx_word' id='word_1_529' title='bbox 2538 502 2672 556; x_wconf 84' lang='lat' dir='ltr'><strong>mala</strong></span> <span class='ocrx_word' id='word_1_530' title='bbox 2699 502 2857 555; x_wconf 85' lang='lat' dir='ltr'><strong>malos</strong></span> <span class='ocrx_word' id='word_1_531' title='bbox 2887 504 3083 573; x_wconf 79' lang='lat' dir='ltr'><strong>fructus</strong></span> <span class='ocrx_word' id='word_1_532' title='bbox 3105 506 3266 573; x_wconf 50' lang='lat' dir='ltr'><strong>prcit:</strong></span> <span class='ocrx_word' id='word_1_533' title='bbox 3282 511 3525 576; x_wconf 63' lang='lat' dir='ltr'><strong>nunquid</strong></span> 
     </span>
    </p>
   </div>
   <div class='ocr_carea' id='block_1_63' title="bbox 1952 587 3523 665">
    <p class='ocr_par' dir='ltr' id='par_1_63' title="bbox 1952 587 3523 665">
     <span class='ocr_line' id='line_1_63' title="bbox 1952 587 3523 665; baseline 0.006 -26"><span class='ocrx_word' id='word_1_534' title='bbox 1952 587 2190 656; x_wconf 85' lang='lat' dir='ltr'><strong>colligunt</strong></span> <span class='ocrx_word' id='word_1_535' title='bbox 2234 589 2295 641; x_wconf 83' lang='lat' dir='ltr'><strong>de</strong></span> <span class='ocrx_word' id='word_1_536' title='bbox 2341 588 2498 657; x_wconf 80' lang='lat' dir='ltr'><strong>spinis</strong></span> <span class='ocrx_word' id='word_1_537' title='bbox 2545 606 2665 642; x_wconf 79' lang='lat' dir='ltr'><strong>neas</strong></span> <span class='ocrx_word' id='word_1_538' title='bbox 2716 590 2925 660; x_wconf 79' lang='lat' dir='ltr'><strong>(.Ilattlt.</strong></span> <span class='ocrx_word' id='word_1_539' title='bbox 2974 607 3075 655; x_wconf 79' lang='lat' dir='ltr'><strong>vn,</strong></span> <span class='ocrx_word' id='word_1_540' title='bbox 3120 592 3221 657; x_wconf 84' lang='lat' dir='ltr'><strong>I7,</strong></span> <span class='ocrx_word' id='word_1_541' title='bbox 3270 594 3403 665; x_wconf 76' lang='lat' dir='ltr'><strong>l6)?</strong></span> <span class='ocrx_word' id='word_1_542' title='bbox 3432 604 3523 659; x_wconf 84' lang='lat' dir='ltr'><strong>et,</strong></span> 
     </span>
    </p>
   </div>
   <div class='ocr_carea' id='block_1_64' title="bbox 1957 676 3523 751">
    <p class='ocr_par' dir='ltr' id='par_1_64' title="bbox 1957 676 3523 751">
     <span class='ocr_line' id='line_1_64' title="bbox 1957 676 3523 751; baseline 0.003 -20"><span class='ocrx_word' id='word_1_543' title='bbox 1957 676 2134 731; x_wconf 85' lang='lat' dir='ltr'><strong>Omnis</strong></span> <span class='ocrx_word' id='word_1_544' title='bbox 2159 679 2312 733; x_wconf 81' lang='lat' dir='ltr'><strong>bonus</strong></span> <span class='ocrx_word' id='word_1_545' title='bbox 2339 679 2485 732; x_wconf 81' lang='lat' dir='ltr'><strong>homo</strong></span> <span class='ocrx_word' id='word_1_546' title='bbox 2509 680 2571 732; x_wconf 87' lang='lat' dir='ltr'><strong>de</strong></span> <span class='ocrx_word' id='word_1_547' title='bbox 2598 680 2830 733; x_wconf 77' lang='lat' dir='ltr'><strong>thesauro</strong></span> <span class='ocrx_word' id='word_1_548' title='bbox 2855 681 3019 734; x_wconf 85' lang='lat' dir='ltr'><strong>cordis</strong></span> <span class='ocrx_word' id='word_1_549' title='bbox 3044 681 3125 733; x_wconf 85' lang='lat' dir='ltr'><strong>sui</strong></span> <span class='ocrx_word' id='word_1_550' title='bbox 3144 682 3331 751; x_wconf 80' lang='lat' dir='ltr'><strong>profert</strong></span> <span class='ocrx_word' id='word_1_551' title='bbox 3355 683 3523 745; x_wconf 78' lang='lat' dir='ltr'><strong>bona;</strong></span> 
     </span>
    </p>
   </div>
   <div class='ocr_carea' id='block_1_65' title="bbox 1953 768 3522 841">
    <p class='ocr_par' dir='ltr' id='par_1_65' title="bbox 1953 768 3522 841">
     <span class='ocr_line' id='line_1_65' title="bbox 1953 768 3522 841; baseline 0.001 -18"><span class='ocrx_word' id='word_1_552' title='bbox 1953 779 2003 823; x_wconf 84' lang='lat' dir='ltr'><strong>et</strong></span> <span class='ocrx_word' id='word_1_553' title='bbox 2027 768 2192 822; x_wconf 79' lang='lat' dir='ltr'><strong>malus</strong></span> <span class='ocrx_word' id='word_1_554' title='bbox 2221 768 2369 822; x_wconf 80' lang='lat' dir='ltr'><strong>homo</strong></span> <span class='ocrx_word' id='word_1_555' title='bbox 2394 769 2456 822; x_wconf 89' lang='lat' dir='ltr'><strong>de</strong></span> <span class='ocrx_word' id='word_1_556' title='bbox 2483 769 2714 823; x_wconf 82' lang='lat' dir='ltr'><strong>thesauro</strong></span> <span class='ocrx_word' id='word_1_557' title='bbox 2737 770 2901 823; x_wconf 83' lang='lat' dir='ltr'><strong>cordis</strong></span> <span class='ocrx_word' id='word_1_558' title='bbox 2927 771 3006 823; x_wconf 85' lang='lat' dir='ltr'><strong>sui</strong></span> <span class='ocrx_word' id='word_1_559' title='bbox 3033 775 3220 841; x_wconf 76' lang='lat' dir='ltr'><strong>profert</strong></span> <span class='ocrx_word' id='word_1_560' title='bbox 3247 772 3382 824; x_wconf 75' lang='lat' dir='ltr'><strong>maia</strong></span> <span class='ocrx_word' id='word_1_561' title='bbox 3406 770 3522 841; x_wconf 83' lang='lat' dir='ltr'><strong>(Id.</strong></span> 
     </span>
    </p>
   </div>
   <div class='ocr_carea' id='block_1_66' title="bbox 1954 859 3525 930">
    <p class='ocr_par' dir='ltr' id='par_1_66' title="bbox 1954 859 3525 930">
     <span class='ocr_line' id='line_1_66' title="bbox 1954 859 3525 930; baseline -0.001 -15"><span class='ocrx_word' id='word_1_562' title='bbox 1954 875 2064 925; x_wconf 85' lang='lat' dir='ltr'><strong>xu,</strong></span> <span class='ocrx_word' id='word_1_563' title='bbox 2108 859 2199 930; x_wconf 82' lang='lat'><strong>55)</strong></span> <span class='ocrx_word' id='word_1_564' title='bbox 2241 876 2254 912; x_wconf 88' lang='lat'><strong>:</strong></span> <span class='ocrx_word' id='word_1_565' title='bbox 2295 860 2666 929; x_wconf 77' lang='lat' dir='ltr'><strong>reSpondebit,</strong></span> <span class='ocrx_word' id='word_1_566' title='bbox 2698 860 2808 914; x_wconf 87' lang='lat' dir='ltr'><strong>lloc</strong></span> <span class='ocrx_word' id='word_1_567' title='bbox 2835 875 2962 930; x_wconf 81' lang='lat' dir='ltr'><strong>ergo</strong></span> <span class='ocrx_word' id='word_1_568' title='bbox 2991 861 3158 915; x_wconf 72' lang='lat' dir='ltr'><strong>bonus</strong></span> <span class='ocrx_word' id='word_1_569' title='bbox 3185 861 3381 917; x_wconf 78' lang='lat' dir='ltr'><strong>fructus</strong></span> <span class='ocrx_word' id='word_1_570' title='bbox 3405 871 3525 928; x_wconf 90' lang='lat' dir='ltr'><strong>est,</strong></span> 
     </span>
    </p>
   </div>
   <div class='ocr_carea' id='block_1_67' title="bbox 1955 949 3524 1021">
    <p class='ocr_par' dir='ltr' id='par_1_67' title="bbox 1955 949 3524 1021">
     <span class='ocr_line' id='line_1_67' title="bbox 1955 949 3524 1021; baseline 0.001 -19"><span class='ocrx_word' id='word_1_571' title='bbox 1955 958 2013 1003; x_wconf 92' lang='lat' dir='ltr'><strong>ut</strong></span> <span class='ocrx_word' id='word_1_572' title='bbox 2053 951 2211 1003; x_wconf 81' lang='lat' dir='ltr'><strong>arbor</strong></span> <span class='ocrx_word' id='word_1_573' title='bbox 2246 949 2380 1003; x_wconf 87' lang='lat' dir='ltr'><strong>bona</strong></span> <span class='ocrx_word' id='word_1_574' title='bbox 2421 949 2520 1004; x_wconf 90' lang='lat' dir='ltr'><strong>sim</strong></span> <span class='ocrx_word' id='word_1_575' title='bbox 2545 990 2561 1013; x_wconf 94' lang='lat'><strong>,</strong></span> <span class='ocrx_word' id='word_1_576' title='bbox 2594 950 2695 1005; x_wconf 86' lang='lat' dir='ltr'><strong>hoc</strong></span> <span class='ocrx_word' id='word_1_577' title='bbox 2731 958 2814 1004; x_wconf 90' lang='lat' dir='ltr'><strong>est</strong></span> <span class='ocrx_word' id='word_1_578' title='bbox 2834 991 2849 1016; x_wconf 95' lang='lat'><strong>,</strong></span> <span class='ocrx_word' id='word_1_579' title='bbox 2883 949 3052 1003; x_wconf 88' lang='lat' dir='ltr'><strong>bonus</strong></span> <span class='ocrx_word' id='word_1_580' title='bbox 3078 949 3272 1016; x_wconf 91' lang='lat' dir='ltr'><strong>homo,</strong></span> <span class='ocrx_word' id='word_1_581' title='bbox 3305 960 3361 1004; x_wconf 90' lang='lat' dir='ltr'><strong>ut</strong></span> <span class='ocrx_word' id='word_1_582' title='bbox 3387 966 3524 1021; x_wconf 74' lang='lat' dir='ltr'><strong>pra:-</strong></span> 
     </span>
    </p>
   </div>
   <div class='ocr_carea' id='block_1_68' title="bbox 1955 1036 3517 1107">
    <p class='ocr_par' dir='ltr' id='par_1_68' title="bbox 1955 1036 3517 1107">
     <span class='ocr_line' id='line_1_68' title="bbox 1955 1036 3517 1107; baseline 0.002 -17"><span class='ocrx_word' id='word_1_583' title='bbox 1955 1036 2105 1090; x_wconf 84' lang='lat' dir='ltr'><strong>beam</strong></span> <span class='ocrx_word' id='word_1_584' title='bbox 2129 1038 2351 1092; x_wconf 79' lang='lat' dir='ltr'><strong>fructum</strong></span> <span class='ocrx_word' id='word_1_585' title='bbox 2379 1038 2568 1093; x_wconf 92' lang='lat' dir='ltr'><strong>bonum</strong></span> <span class='ocrx_word' id='word_1_586' title='bbox 2593 1080 2611 1103; x_wconf 88' lang='lat'><strong>,</strong></span> <span class='ocrx_word' id='word_1_587' title='bbox 2638 1038 2739 1095; x_wconf 85' lang='lat' dir='ltr'><strong>hoc</strong></span> <span class='ocrx_word' id='word_1_588' title='bbox 2762 1050 2842 1093; x_wconf 72' lang='grc' dir='ltr'><strong>εει</strong></span> <span class='ocrx_word' id='word_1_589' title='bbox 2863 1080 2878 1101; x_wconf 84' lang='grc'>,</span> <span class='ocrx_word' id='word_1_590' title='bbox 2906 1053 3065 1107; x_wconf 84' lang='lat' dir='ltr'><strong>Opera</strong></span> <span class='ocrx_word' id='word_1_591' title='bbox 3093 1040 3251 1095; x_wconf 89' lang='lat' dir='ltr'><strong>bona.</strong></span> <span class='ocrx_word' id='word_1_592' title='bbox 3288 1041 3397 1095; x_wconf 89' lang='lat' dir='ltr'><strong>Iloc</strong></span> <span class='ocrx_word' id='word_1_593' title='bbox 3423 1055 3517 1093; x_wconf 89' lang='lat' dir='ltr'><strong>au-</strong></span> 
     </span>
    </p>
   </div>
   <div class='ocr_carea' id='block_1_69' title="bbox 1954 1124 3522 1200">
    <p class='ocr_par' dir='ltr' id='par_1_69' title="bbox 1954 1124 3522 1200">
     <span class='ocr_line' id='line_1_69' title="bbox 1954 1124 3522 1200; baseline 0.001 -16"><span class='ocrx_word' id='word_1_594' title='bbox 1954 1136 2060 1185; x_wconf 83' lang='lat' dir='ltr'><strong>tem</strong></span> <span class='ocrx_word' id='word_1_595' title='bbox 2085 1171 2101 1195; x_wconf 95' lang='lat'><strong>,</strong></span> <span class='ocrx_word' id='word_1_596' title='bbox 2145 1145 2249 1184; x_wconf 89' lang='lat' dir='ltr'><strong>non</strong></span> <span class='ocrx_word' id='word_1_597' title='bbox 2290 1130 2379 1199; x_wconf 87' lang='lat' dir='ltr'><strong>qui</strong></span> <span class='ocrx_word' id='word_1_598' title='bbox 2429 1131 2627 1199; x_wconf 87' lang='lat' dir='ltr'><strong>plantat</strong></span> <span class='ocrx_word' id='word_1_599' title='bbox 2665 1140 2719 1185; x_wconf 88' lang='lat' dir='ltr'><strong>et</strong></span> <span class='ocrx_word' id='word_1_600' title='bbox 2752 1131 2840 1200; x_wconf 90' lang='lat' dir='ltr'><strong>qui</strong></span> <span class='ocrx_word' id='word_1_601' title='bbox 2869 1124 3037 1200; x_wconf 81' lang='lat' dir='ltr'><strong>rigat,</strong></span> <span class='ocrx_word' id='word_1_602' title='bbox 3068 1130 3192 1183; x_wconf 88' lang='lat' dir='ltr'><strong>mihi</strong></span> <span class='ocrx_word' id='word_1_603' title='bbox 3221 1130 3403 1196; x_wconf 90' lang='lat' dir='ltr'><strong>dabit;</strong></span> <span class='ocrx_word' id='word_1_604' title='bbox 3431 1132 3522 1185; x_wconf 88' lang='lat' dir='ltr'><strong>sed</strong></span> 
     </span>
    </p>
   </div>
   <div class='ocr_carea' id='block_1_70' title="bbox 1952 1219 3524 1289">
    <p class='ocr_par' dir='ltr' id='par_1_70' title="bbox 1952 1219 3524 1289">
     <span class='ocr_line' id='line_1_70' title="bbox 1952 1219 3524 1289; baseline 0.001 -16"><span class='ocrx_word' id='word_1_605' title='bbox 1952 1220 2041 1289; x_wconf 91' lang='lat' dir='ltr'><strong>qui</strong></span> <span class='ocrx_word' id='word_1_606' title='bbox 2071 1219 2450 1275; x_wconf 88' lang='lat' dir='ltr'><strong>incrementum</strong></span> <span class='ocrx_word' id='word_1_607' title='bbox 2477 1219 2568 1274; x_wconf 84' lang='lat' dir='ltr'><strong>dat</strong></span> <span class='ocrx_word' id='word_1_608' title='bbox 2595 1221 2749 1275; x_wconf 88' lang='lat' dir='ltr'><strong>Deus.</strong></span> <span class='ocrx_word' id='word_1_609' title='bbox 2779 1220 2908 1274; x_wconf 88' lang='lat' dir='ltr'><strong>Nam</strong></span> <span class='ocrx_word' id='word_1_610' title='bbox 2935 1220 2977 1274; x_wconf 91' lang='lat' dir='ltr'><strong>si</strong></span> <span class='ocrx_word' id='word_1_611' title='bbox 3007 1220 3165 1273; x_wconf 90' lang='lat' dir='ltr'><strong>arbor</strong></span> <span class='ocrx_word' id='word_1_612' title='bbox 3189 1219 3323 1274; x_wconf 89' lang='lat' dir='ltr'><strong>bona</strong></span> <span class='ocrx_word' id='word_1_613' title='bbox 3354 1221 3524 1275; x_wconf 85' lang='lat' dir='ltr'><strong>bonus</strong></span> 
     </span>
    </p>
   </div>
   <div class='ocr_carea' id='block_1_71' title="bbox 1954 1309 3523 1380">
    <p class='ocr_par' dir='ltr' id='par_1_71' title="bbox 1954 1309 3523 1380">
     <span class='ocr_line' id='line_1_71' title="bbox 1954 1309 3523 1380; baseline -0.001 -15"><span class='ocrx_word' id='word_1_614' title='bbox 1954 1309 2246 1378; x_wconf 80' lang='lat' dir='ltr'><strong>baptizatur</strong></span> <span class='ocrx_word' id='word_1_615' title='bbox 2267 1319 2385 1375; x_wconf 90' lang='lat' dir='ltr'><strong>est,</strong></span> <span class='ocrx_word' id='word_1_616' title='bbox 2414 1319 2468 1366; x_wconf 90' lang='lat' dir='ltr'><strong>ut</strong></span> <span class='ocrx_word' id='word_1_617' title='bbox 2488 1310 2690 1366; x_wconf 79' lang='lat' dir='ltr'><strong>fructus</strong></span> <span class='ocrx_word' id='word_1_618' title='bbox 2717 1311 2832 1380; x_wconf 80' lang='lat' dir='ltr'><strong>ejus</strong></span> <span class='ocrx_word' id='word_1_619' title='bbox 2855 1311 3024 1363; x_wconf 87' lang='lat' dir='ltr'><strong>bonus</strong></span> <span class='ocrx_word' id='word_1_620' title='bbox 3053 1310 3122 1364; x_wconf 90' lang='lat' dir='ltr'><strong>sit</strong></span> <span class='ocrx_word' id='word_1_621' title='bbox 3141 1311 3228 1365; x_wconf 90' lang='lat' dir='ltr'><strong>ille</strong></span> <span class='ocrx_word' id='word_1_622' title='bbox 3247 1326 3400 1379; x_wconf 87' lang='lat' dir='ltr'><strong>quem</strong></span> <span class='ocrx_word' id='word_1_623' title='bbox 3429 1311 3523 1364; x_wconf 87' lang='lat' dir='ltr'><strong>ba-</strong></span> 
     </span>
    </p>
   </div>
   <div class='ocr_carea' id='block_1_72' title="bbox 1955 1400 3523 1470">
    <p class='ocr_par' dir='ltr' id='par_1_72' title="bbox 1955 1400 3523 1470">
     <span class='ocr_line' id='line_1_72' title="bbox 1955 1400 3523 1470; baseline 0.001 -16"><span class='ocrx_word' id='word_1_624' title='bbox 1955 1400 2266 1468; x_wconf 86' lang='lat' dir='ltr'><strong>ptizaverit;</strong></span> <span class='ocrx_word' id='word_1_625' title='bbox 2294 1402 2530 1470; x_wconf 83' lang='lat' dir='ltr'><strong>quisquis</strong></span> <span class='ocrx_word' id='word_1_626' title='bbox 2554 1402 2621 1457; x_wconf 86' lang='lat' dir='ltr'><strong>ab</strong></span> <span class='ocrx_word' id='word_1_627' title='bbox 2646 1401 2859 1456; x_wconf 85' lang='lat' dir='ltr'><strong>homine</strong></span> <span class='ocrx_word' id='word_1_628' title='bbox 2887 1401 3027 1455; x_wconf 88' lang='lat' dir='ltr'><strong>malo</strong></span> <span class='ocrx_word' id='word_1_629' title='bbox 3046 1401 3202 1455; x_wconf 86' lang='lat' dir='ltr'><strong>etiam</strong></span> <span class='ocrx_word' id='word_1_630' title='bbox 3229 1418 3332 1455; x_wconf 88' lang='lat' dir='ltr'><strong>non</strong></span> <span class='ocrx_word' id='word_1_631' title='bbox 3355 1402 3523 1456; x_wconf 86' lang='lat' dir='ltr'><strong>mani-</strong></span> 
     </span>
    </p>
   </div>
   <div class='ocr_carea' id='block_1_73' title="bbox 1953 1489 3525 1560">
    <p class='ocr_par' dir='ltr' id='par_1_73' title="bbox 1953 1489 3525 1560">
     <span class='ocr_line' id='line_1_73' title="bbox 1953 1489 3525 1560; baseline 0.001 -15"><span class='ocrx_word' id='word_1_632' title='bbox 1953 1489 2093 1545; x_wconf 76' lang='lat' dir='ltr'><strong>festo</strong></span> <span class='ocrx_word' id='word_1_633' title='bbox 2136 1492 2287 1546; x_wconf 79' lang='lat' dir='ltr'><strong>fuerit</strong></span> <span class='ocrx_word' id='word_1_634' title='bbox 2332 1491 2652 1560; x_wconf 76' lang='lat' dir='ltr'><strong>baptizatus,</strong></span> <span class='ocrx_word' id='word_1_635' title='bbox 2695 1491 2863 1546; x_wconf 74' lang='lat' dir='ltr'><strong>b‘onus</strong></span> <span class='ocrx_word' id='word_1_636' title='bbox 2899 1506 3019 1546; x_wconf 82' lang='lat' dir='ltr'><strong>esse.</strong></span> <span class='ocrx_word' id='word_1_637' title='bbox 3059 1505 3163 1545; x_wconf 89' lang='lat' dir='ltr'><strong>non</strong></span> <span class='ocrx_word' id='word_1_638' title='bbox 3191 1491 3384 1560; x_wconf 83' lang='lat' dir='ltr'><strong>poterit</strong></span> <span class='ocrx_word' id='word_1_639' title='bbox 3413 1508 3426 1544; x_wconf 90' lang='lat'><strong>:</strong></span> <span class='ocrx_word' id='word_1_640' title='bbox 3456 1492 3525 1547; x_wconf 91' lang='lat' dir='ltr'><strong>de</strong></span> 
     </span>
    </p>
   </div>
   <div class='ocr_carea' id='block_1_74' title="bbox 1915 1578 3524 1649">
    <p class='ocr_par' dir='ltr' id='par_1_74' title="bbox 1915 1578 3524 1649">
     <span class='ocr_line' id='line_1_74' title="bbox 1915 1578 3524 1649; baseline 0 -17"><span class='ocrx_word' id='word_1_641' title='bbox 1915 1591 1922 1598; x_wconf 84' lang='lat'><strong><em>&#39;</em></strong></span> <span class='ocrx_word' id='word_1_642' title='bbox 1954 1580 2090 1633; x_wconf 87' lang='lat' dir='ltr'><strong>mala</strong></span> <span class='ocrx_word' id='word_1_643' title='bbox 2112 1580 2306 1649; x_wconf 87' lang='lat' dir='ltr'><strong>quippe</strong></span> <span class='ocrx_word' id='word_1_644' title='bbox 2328 1580 2518 1635; x_wconf 88' lang='lat' dir='ltr'><strong>arbore</strong></span> <span class='ocrx_word' id='word_1_645' title='bbox 2539 1588 2756 1635; x_wconf 71' lang='lat' dir='ltr'><strong>exortus</strong></span> <span class='ocrx_word' id='word_1_646' title='bbox 2777 1587 2878 1634; x_wconf 88' lang='lat' dir='ltr'><strong>est.</strong></span> <span class='ocrx_word' id='word_1_647' title='bbox 2909 1578 3064 1633; x_wconf 80' lang='lat' dir='ltr'><strong>Aliud</strong></span> <span class='ocrx_word' id='word_1_648' title='bbox 3092 1587 3174 1635; x_wconf 82' lang='lat' dir='ltr'><strong>est</strong></span> <span class='ocrx_word' id='word_1_649' title='bbox 3196 1578 3339 1634; x_wconf 84' lang='lat' dir='ltr'><strong>enim</strong></span> <span class='ocrx_word' id='word_1_650' title='bbox 3365 1579 3524 1633; x_wconf 89' lang='lat' dir='ltr'><strong>arbor</strong></span> 
     </span>
    </p>
   </div>
   <div class='ocr_carea' id='block_1_75' title="bbox 1953 1667 3521 1734">
    <p class='ocr_par' dir='ltr' id='par_1_75' title="bbox 1953 1667 3521 1734">
     <span class='ocr_line' id='line_1_75' title="bbox 1953 1667 3521 1734; baseline 0 -12"><span class='ocrx_word' id='word_1_651' title='bbox 1953 1667 2090 1722; x_wconf 85' lang='lat' dir='ltr'><strong>bona</strong></span> <span class='ocrx_word' id='word_1_652' title='bbox 2114 1707 2131 1734; x_wconf 93' lang='lat'><strong>,</strong></span> <span class='ocrx_word' id='word_1_653' title='bbox 2172 1669 2312 1723; x_wconf 83' lang='lat' dir='ltr'><strong>aliud</strong></span> <span class='ocrx_word' id='word_1_654' title='bbox 2350 1669 2508 1723; x_wconf 86' lang='lat' dir='ltr'><strong>arbor</strong></span> <span class='ocrx_word' id='word_1_655' title='bbox 2546 1670 2783 1733; x_wconf 85' lang='lat' dir='ltr'><strong>occulta,</strong></span> <span class='ocrx_word' id='word_1_656' title='bbox 2820 1667 2915 1723; x_wconf 88' lang='lat' dir='ltr'><strong>sed</strong></span> <span class='ocrx_word' id='word_1_657' title='bbox 2957 1678 3129 1722; x_wconf 89' lang='lat' dir='ltr'><strong>tamen</strong></span> <span class='ocrx_word' id='word_1_658' title='bbox 3160 1667 3316 1721; x_wconf 86' lang='lat' dir='ltr'><strong>mala.</strong></span> <span class='ocrx_word' id='word_1_659' title='bbox 3347 1668 3448 1721; x_wconf 84' lang='lat' dir='ltr'><strong>Aut</strong></span> <span class='ocrx_word' id='word_1_660' title='bbox 3476 1668 3521 1722; x_wconf 91' lang='lat' dir='ltr'><strong>si</strong></span> 
     </span>
    </p>
   </div>
   <div class='ocr_carea' id='block_1_76' title="bbox 1951 1757 3519 1828">
    <p class='ocr_par' dir='ltr' id='par_1_76' title="bbox 1951 1757 3519 1828">
     <span class='ocr_line' id='line_1_76' title="bbox 1951 1757 3519 1828; baseline -0.001 -15"><span class='ocrx_word' id='word_1_661' title='bbox 1951 1773 2072 1813; x_wconf 91' lang='lat' dir='ltr'><strong>cum</strong></span> <span class='ocrx_word' id='word_1_662' title='bbox 2103 1760 2307 1814; x_wconf 86' lang='lat' dir='ltr'><strong>occulta</strong></span> <span class='ocrx_word' id='word_1_663' title='bbox 2329 1769 2413 1813; x_wconf 89' lang='lat' dir='ltr'><strong>est</strong></span> <span class='ocrx_word' id='word_1_664' title='bbox 2436 1758 2595 1813; x_wconf 89' lang='lat' dir='ltr'><strong>arbor</strong></span> <span class='ocrx_word' id='word_1_665' title='bbox 2621 1759 2753 1812; x_wconf 86' lang='lat' dir='ltr'><strong>mala</strong></span> <span class='ocrx_word' id='word_1_666' title='bbox 2776 1798 2792 1822; x_wconf 90' lang='lat'><strong>,</strong></span> <span class='ocrx_word' id='word_1_667' title='bbox 2821 1758 3137 1828; x_wconf 83' lang='lat' dir='ltr'><strong>quicumque</strong></span> <span class='ocrx_word' id='word_1_668' title='bbox 3166 1757 3324 1814; x_wconf 79' lang='lat' dir='ltr'><strong>fuerit</strong></span> <span class='ocrx_word' id='word_1_669' title='bbox 3346 1757 3413 1812; x_wconf 87' lang='lat' dir='ltr'><strong>ab</strong></span> <span class='ocrx_word' id='word_1_670' title='bbox 3432 1758 3519 1812; x_wconf 89' lang='lat' dir='ltr'><strong>illa</strong></span> 
     </span>
    </p>
   </div>
   <div class='ocr_carea' id='block_1_77' title="bbox 1955 1848 3517 1919">
    <p class='ocr_par' dir='ltr' id='par_1_77' title="bbox 1955 1848 3517 1919">
     <span class='ocr_line' id='line_1_77' title="bbox 1955 1848 3517 1919; baseline 0.001 -16"><span class='ocrx_word' id='word_1_671' title='bbox 1955 1849 2283 1919; x_wconf 82' lang='lat' dir='ltr'><strong>baptizatus,</strong></span> <span class='ocrx_word' id='word_1_672' title='bbox 2332 1865 2436 1907; x_wconf 87' lang='lat' dir='ltr'><strong>non</strong></span> <span class='ocrx_word' id='word_1_673' title='bbox 2479 1850 2546 1905; x_wconf 86' lang='lat' dir='ltr'><strong>de</strong></span> <span class='ocrx_word' id='word_1_674' title='bbox 2588 1851 2673 1905; x_wconf 85' lang='lat' dir='ltr'><strong>illa</strong></span> <span class='ocrx_word' id='word_1_675' title='bbox 2699 1890 2714 1915; x_wconf 95' lang='lat'><strong>,</strong></span> <span class='ocrx_word' id='word_1_676' title='bbox 2756 1850 2851 1904; x_wconf 87' lang='lat' dir='ltr'><strong>sed</strong></span> <span class='ocrx_word' id='word_1_677' title='bbox 2893 1850 2960 1903; x_wconf 88' lang='lat' dir='ltr'><strong>de</strong></span> <span class='ocrx_word' id='word_1_678' title='bbox 2999 1848 3209 1904; x_wconf 88' lang='lat' dir='ltr'><strong>Christo</strong></span> <span class='ocrx_word' id='word_1_679' title='bbox 3252 1851 3517 1912; x_wconf 86' lang='lat' dir='ltr'><strong>nascitur;</strong></span> 
     </span>
    </p>
   </div>
   <div class='ocr_carea' id='block_1_78' title="bbox 1954 1938 3519 2010">
    <p class='ocr_par' dir='ltr' id='par_1_78' title="bbox 1954 1938 3519 2010">
     <span class='ocr_line' id='line_1_78' title="bbox 1954 1938 3519 2010; baseline 0.001 -16"><span class='ocrx_word' id='word_1_680' title='bbox 1954 1940 2185 1996; x_wconf 64' lang='lat' dir='ltr'><strong>sanctius</strong></span> <span class='ocrx_word' id='word_1_681' title='bbox 2218 1939 2569 2010; x_wconf 79' lang='lat' dir='ltr'><strong>justiﬁeantnr</strong></span> <span class='ocrx_word' id='word_1_682' title='bbox 2598 1940 2686 2009; x_wconf 89' lang='lat' dir='ltr'><strong>qui</strong></span> <span class='ocrx_word' id='word_1_683' title='bbox 2717 1940 3045 2008; x_wconf 80' lang='lat' dir='ltr'><strong>baptizantur</strong></span> <span class='ocrx_word' id='word_1_684' title='bbox 3067 1938 3133 1993; x_wconf 87' lang='lat' dir='ltr'><strong>ab</strong></span> <span class='ocrx_word' id='word_1_685' title='bbox 3160 1940 3378 1994; x_wconf 85' lang='lat' dir='ltr'><strong>occultis</strong></span> <span class='ocrx_word' id='word_1_686' title='bbox 3404 1954 3519 1995; x_wconf 78' lang='lat' dir='ltr'><strong>ma-</strong></span> 
     </span>
    </p>
   </div>
   <div class='ocr_carea' id='block_1_79' title="bbox 1954 2026 3396 2099">
    <p class='ocr_par' dir='ltr' id='par_1_79' title="bbox 1954 2026 3396 2099">
     <span class='ocr_line' id='line_1_79' title="bbox 1954 2026 3396 2099; baseline -0.002 -16"><span class='ocrx_word' id='word_1_687' title='bbox 1954 2028 2019 2084; x_wconf 88' lang='lat' dir='ltr'><strong>lis</strong></span> <span class='ocrx_word' id='word_1_688' title='bbox 2038 2069 2054 2095; x_wconf 93' lang='lat'><strong>,</strong></span> <span class='ocrx_word' id='word_1_689' title='bbox 2082 2043 2237 2098; x_wconf 87' lang='lat' dir='ltr'><strong>quam</strong></span> <span class='ocrx_word' id='word_1_690' title='bbox 2259 2031 2348 2097; x_wconf 87' lang='lat' dir='ltr'><strong>qui</strong></span> <span class='ocrx_word' id='word_1_691' title='bbox 2380 2029 2710 2097; x_wconf 87' lang='lat' dir='ltr'><strong>baptizantur</strong></span> <span class='ocrx_word' id='word_1_692' title='bbox 2736 2043 2766 2081; x_wconf 88' lang='lat' dir='ltr'><strong>a</strong></span> <span class='ocrx_word' id='word_1_693' title='bbox 2797 2026 3088 2084; x_wconf 81' lang='lat' dir='ltr'><strong>manifestis</strong></span> <span class='ocrx_word' id='word_1_694' title='bbox 3117 2027 3270 2082; x_wconf 82' lang='lat' dir='ltr'><strong>bonis</strong></span> <span class='ocrx_word' id='word_1_695' title='bbox 3297 2027 3396 2099; x_wconf 88' lang='lat' dir='ltr'><strong>(a).</strong></span> 
     </span>
    </p>
   </div>
   <div class='ocr_carea' id='block_1_80' title="bbox 2022 2108 3523 2188">
    <p class='ocr_par' dir='ltr' id='par_1_80' title="bbox 2022 2108 3523 2188">
     <span class='ocr_line' id='line_1_80' title="bbox 2022 2108 3523 2188; baseline 0 -15"><span class='ocrx_word' id='word_1_696' title='bbox 2022 2117 2245 2175; x_wconf 80' lang='lat' dir='ltr'><strong>CAPUT</strong></span> <span class='ocrx_word' id='word_1_697' title='bbox 2270 2118 2359 2174; x_wconf 77' lang='lat' dir='ltr'><strong>IX.</strong></span> <span class='ocrx_word' id='word_1_698' title='bbox 2381 2148 2453 2158; x_wconf 92' lang='lat'><strong>-—</strong></span> <span class='ocrx_word' id='word_1_699' title='bbox 2479 2118 2564 2173; x_wconf 82' lang='lat' dir='ltr'><strong>l0.</strong></span> <span class='ocrx_word' id='word_1_700' title='bbox 2594 2118 2721 2173; x_wconf 90' lang='lat' dir='ltr'><strong>Item</strong></span> <span class='ocrx_word' id='word_1_701' title='bbox 2746 2133 2868 2173; x_wconf 89' lang='lat' dir='ltr'><strong>cum</strong></span> <span class='ocrx_word' id='word_1_702' title='bbox 2892 2118 3119 2177; x_wconf 86' lang='lat' dir='ltr'><strong>audierit</strong></span> <span class='ocrx_word' id='word_1_703' title='bbox 3139 2159 3155 2184; x_wconf 95' lang='lat'><strong>,</strong></span> <span class='ocrx_word' id='word_1_704' title='bbox 3185 2118 3285 2185; x_wconf 81' lang='lat' dir='ltr'><strong>Qui</strong></span> <span class='ocrx_word' id='word_1_705' title='bbox 3299 2108 3523 2188; x_wconf 63' lang='lat' dir='ltr'><strong>baptiza-</strong></span> 
     </span>
    </p>
   </div>
   <div class='ocr_carea' id='block_1_81' title="bbox 1953 2210 3517 2281">
    <p class='ocr_par' dir='ltr' id='par_1_81' title="bbox 1953 2210 3517 2281">
     <span class='ocr_line' id='line_1_81' title="bbox 1953 2210 3517 2281; baseline 0.003 -19"><span class='ocrx_word' id='word_1_706' title='bbox 1953 2218 2036 2262; x_wconf 86' lang='lat' dir='ltr'><strong>tur</strong></span> <span class='ocrx_word' id='word_1_707' title='bbox 2059 2226 2090 2262; x_wconf 90' lang='lat' dir='ltr'><strong>a</strong></span> <span class='ocrx_word' id='word_1_708' title='bbox 2115 2218 2346 2276; x_wconf 85' lang='lat' dir='ltr'><strong>mortuo;</strong></span> <span class='ocrx_word' id='word_1_709' title='bbox 2374 2227 2475 2265; x_wconf 83' lang='lat' dir='ltr'><strong>non</strong></span> <span class='ocrx_word' id='word_1_710' title='bbox 2503 2211 2548 2264; x_wconf 90' lang='lat' dir='ltr'><strong>ei</strong></span> <span class='ocrx_word' id='word_1_711' title='bbox 2575 2212 2772 2279; x_wconf 82' lang='lat' dir='ltr'><strong>prodest</strong></span> <span class='ocrx_word' id='word_1_712' title='bbox 2796 2211 2979 2265; x_wconf 81' lang='lat' dir='ltr'><strong>lavatio</strong></span> <span class='ocrx_word' id='word_1_713' title='bbox 2998 2212 3107 2280; x_wconf 82' lang='lat' dir='ltr'><strong>ejus</strong></span> <span class='ocrx_word' id='word_1_714' title='bbox 3128 2210 3314 2281; x_wconf 85' lang='lat' dir='ltr'><strong>(Eccli.</strong></span> <span class='ocrx_word' id='word_1_715' title='bbox 3339 2227 3517 2277; x_wconf 71' lang='lat' dir='ltr'><strong>xxxrv,</strong></span> 
     </span>
    </p>
   </div>
   <div class='ocr_carea' id='block_1_82' title="bbox 1953 2301 3518 2376">
    <p class='ocr_par' dir='ltr' id='par_1_82' title="bbox 1953 2301 3518 2376">
     <span class='ocr_line' id='line_1_82' title="bbox 1953 2301 3518 2376; baseline -0.002 -16"><span class='ocrx_word' id='word_1_716' title='bbox 1953 2301 2045 2376; x_wconf 77' lang='lat'><strong>30)</strong></span> <span class='ocrx_word' id='word_1_717' title='bbox 2074 2321 2087 2357; x_wconf 88' lang='lat'><strong>:</strong></span> <span class='ocrx_word' id='word_1_718' title='bbox 2117 2302 2492 2374; x_wconf 86' lang='lat' dir='ltr'><strong>respondebit,</strong></span> <span class='ocrx_word' id='word_1_719' title='bbox 2523 2302 2662 2357; x_wconf 83' lang='lat' dir='ltr'><strong>Vivit</strong></span> <span class='ocrx_word' id='word_1_720' title='bbox 2699 2302 2970 2369; x_wconf 87' lang='lat' dir='ltr'><strong>Christus,</strong></span> <span class='ocrx_word' id='word_1_721' title='bbox 2997 2303 3104 2371; x_wconf 82' lang='lat' dir='ltr'><strong>jam</strong></span> <span class='ocrx_word' id='word_1_722' title='bbox 3135 2317 3238 2358; x_wconf 90' lang='lat' dir='ltr'><strong>non</strong></span> <span class='ocrx_word' id='word_1_723' title='bbox 3265 2303 3518 2366; x_wconf 89' lang='lat' dir='ltr'><strong>moritur,</strong></span> 
     </span>
    </p>
   </div>
   <div class='ocr_carea' id='block_1_83' title="bbox 1951 2392 3521 2464">
    <p class='ocr_par' dir='ltr' id='par_1_83' title="bbox 1951 2392 3521 2464">
     <span class='ocr_line' id='line_1_83' title="bbox 1951 2392 3521 2464; baseline -0.001 -14"><span class='ocrx_word' id='word_1_724' title='bbox 1951 2406 2007 2452; x_wconf 88' lang='lat' dir='ltr'><strong>ct</strong></span> <span class='ocrx_word' id='word_1_725' title='bbox 2045 2412 2188 2453; x_wconf 88' lang='lat' dir='ltr'><strong>mors</strong></span> <span class='ocrx_word' id='word_1_726' title='bbox 2227 2396 2278 2451; x_wconf 89' lang='lat' dir='ltr'><strong>ei</strong></span> <span class='ocrx_word' id='word_1_727' title='bbox 2316 2396 2453 2451; x_wconf 87' lang='lat' dir='ltr'><strong>ultra</strong></span> <span class='ocrx_word' id='word_1_728' title='bbox 2497 2410 2601 2449; x_wconf 89' lang='lat' dir='ltr'><strong>non</strong></span> <span class='ocrx_word' id='word_1_729' title='bbox 2633 2394 2988 2452; x_wconf 88' lang='lat' dir='ltr'><strong>dominabitur</strong></span> <span class='ocrx_word' id='word_1_730' title='bbox 3018 2394 3192 2464; x_wconf 84' lang='lat' dir='ltr'><strong>(Rom.</strong></span> <span class='ocrx_word' id='word_1_731' title='bbox 3218 2409 3270 2447; x_wconf 78' lang='lat' dir='ltr'><strong>Vl</strong></span> <span class='ocrx_word' id='word_1_732' title='bbox 3292 2433 3310 2457; x_wconf 95' lang='lat'><strong>,</strong></span> <span class='ocrx_word' id='word_1_733' title='bbox 3337 2393 3425 2462; x_wconf 87' lang='lat'><strong>9),</strong></span> <span class='ocrx_word' id='word_1_734' title='bbox 3452 2392 3521 2449; x_wconf 87' lang='lat' dir='ltr'><strong>de</strong></span> 
     </span>
    </p>
   </div>
   <div class='ocr_carea' id='block_1_84' title="bbox 1951 2484 3521 2559">
    <p class='ocr_par' dir='ltr' id='par_1_84' title="bbox 1951 2484 3521 2559">
     <span class='ocr_line' id='line_1_84' title="bbox 1951 2484 3521 2559; baseline -0.004 -16"><span class='ocrx_word' id='word_1_735' title='bbox 1951 2504 2059 2559; x_wconf 82' lang='lat' dir='ltr'><strong>quo</strong></span> <span class='ocrx_word' id='word_1_736' title='bbox 2078 2488 2276 2545; x_wconf 78' lang='lat' dir='ltr'><strong>dictum</strong></span> <span class='ocrx_word' id='word_1_737' title='bbox 2305 2495 2418 2553; x_wconf 83' lang='lat' dir='ltr'><strong>est,</strong></span> <span class='ocrx_word' id='word_1_738' title='bbox 2446 2486 2475 2541; x_wconf 92' lang='grc'><strong><em>1</em></strong></span> <span class='ocrx_word' id='word_1_739' title='bbox 2480 2504 2567 2558; x_wconf 85' lang='lat' dir='ltr'><strong>pse</strong></span> <span class='ocrx_word' id='word_1_740' title='bbox 2590 2488 2771 2556; x_wconf 82' lang='lat' dir='ltr'><strong>estqui</strong></span> <span class='ocrx_word' id='word_1_741' title='bbox 2799 2486 3017 2555; x_wconf 64' lang='lat' dir='ltr'><strong>baptism</strong></span> <span class='ocrx_word' id='word_1_742' title='bbox 3040 2486 3094 2540; x_wconf 78' lang='lat' dir='ltr'><strong>in</strong></span> <span class='ocrx_word' id='word_1_743' title='bbox 3125 2484 3325 2554; x_wconf 86' lang='lat' dir='ltr'><strong>Spiritu</strong></span> <span class='ocrx_word' id='word_1_744' title='bbox 3350 2494 3521 2538; x_wconf 87' lang='lat' dir='ltr'><strong>sancto</strong></span> 
     </span>
    </p>
   </div>
   <div class='ocr_carea' id='block_1_85' title="bbox 1953 2562 3526 2649">
    <p class='ocr_par' dir='ltr' id='par_1_85' title="bbox 1953 2562 3526 2649">
     <span class='ocr_line' id='line_1_85' title="bbox 1953 2562 3526 2649; baseline -0.004 -17"><span class='ocrx_word' id='word_1_745' title='bbox 1953 2577 2128 2649; x_wconf 76' lang='lat' dir='ltr'><strong>(Joan.</strong></span> <span class='ocrx_word' id='word_1_746' title='bbox 2167 2594 2218 2642; x_wconf 82' lang='grc' dir='ltr'><strong>ι.</strong></span> <span class='ocrx_word' id='word_1_747' title='bbox 2249 2578 2362 2647; x_wconf 77' lang='lat'><strong>35).</strong></span> <span class='ocrx_word' id='word_1_748' title='bbox 2394 2562 2732 2647; x_wconf 71' lang='lat' dir='ltr'><strong>Baptizantur</strong></span> <span class='ocrx_word' id='word_1_749' title='bbox 2757 2584 2931 2631; x_wconf 86' lang='lat' dir='ltr'><strong>autem</strong></span> <span class='ocrx_word' id='word_1_750' title='bbox 2960 2591 2989 2629; x_wconf 86' lang='lat' dir='ltr'><strong>a</strong></span> <span class='ocrx_word' id='word_1_751' title='bbox 3021 2575 3243 2629; x_wconf 85' lang='lat' dir='ltr'><strong>mortuis</strong></span> <span class='ocrx_word' id='word_1_752' title='bbox 3263 2614 3279 2640; x_wconf 90' lang='lat'><strong>,</strong></span> <span class='ocrx_word' id='word_1_753' title='bbox 3310 2574 3399 2644; x_wconf 91' lang='lat' dir='ltr'><strong>qui</strong></span> <span class='ocrx_word' id='word_1_754' title='bbox 3431 2575 3526 2627; x_wconf 85' lang='lat' dir='ltr'><strong>ba-</strong></span> 
     </span>
    </p>
   </div>
   <div class='ocr_carea' id='block_1_86' title="bbox 1952 2663 3520 2737">
    <p class='ocr_par' dir='ltr' id='par_1_86' title="bbox 1952 2663 3520 2737">
     <span class='ocr_line' id='line_1_86' title="bbox 1952 2663 3520 2737; baseline -0.003 -17"><span class='ocrx_word' id='word_1_755' title='bbox 1952 2668 2217 2737; x_wconf 84' lang='lat' dir='ltr'><strong>ptizantnr</strong></span> <span class='ocrx_word' id='word_1_756' title='bbox 2242 2668 2294 2723; x_wconf 88' lang='lat' dir='ltr'><strong>in</strong></span> <span class='ocrx_word' id='word_1_757' title='bbox 2323 2668 2579 2723; x_wconf 85' lang='lat' dir='ltr'><strong>idolorum</strong></span> <span class='ocrx_word' id='word_1_758' title='bbox 2604 2666 2830 2736; x_wconf 89' lang='lat' dir='ltr'><strong>templis.</strong></span> <span class='ocrx_word' id='word_1_759' title='bbox 2859 2664 2976 2721; x_wconf 84' lang='lat' dir='ltr'><strong>Non</strong></span> <span class='ocrx_word' id='word_1_760' title='bbox 3001 2665 3142 2720; x_wconf 84' lang='lat' dir='ltr'><strong>enim</strong></span> <span class='ocrx_word' id='word_1_761' title='bbox 3167 2672 3223 2718; x_wconf 85' lang='lat' dir='ltr'><strong>et</strong></span> <span class='ocrx_word' id='word_1_762' title='bbox 3250 2663 3348 2732; x_wconf 87' lang='lat' dir='ltr'><strong>ipsi</strong></span> <span class='ocrx_word' id='word_1_763' title='bbox 3378 2678 3406 2714; x_wconf 92' lang='lat' dir='ltr'><strong>a</strong></span> <span class='ocrx_word' id='word_1_764' title='bbox 3431 2677 3520 2717; x_wconf 87' lang='lat' dir='ltr'><strong>sa-</strong></span> 
     </span>
    </p>
   </div>
   <div class='ocr_carea' id='block_1_87' title="bbox 1951 2754 3521 2827">
    <p class='ocr_par' dir='ltr' id='par_1_87' title="bbox 1951 2754 3521 2827">
     <span class='ocr_line' id='line_1_87' title="bbox 1951 2754 3521 2827; baseline -0.003 -15"><span class='ocrx_word' id='word_1_765' title='bbox 1951 2757 2256 2821; x_wconf 80' lang='lat' dir='ltr'><strong>cerdotibus</strong></span> <span class='ocrx_word' id='word_1_766' title='bbox 2296 2758 2407 2815; x_wconf 86' lang='lat' dir='ltr'><strong>suis</strong></span> <span class='ocrx_word' id='word_1_767' title='bbox 2446 2774 2506 2813; x_wconf 86' lang='lat' dir='ltr'><strong>se</strong></span> <span class='ocrx_word' id='word_1_768' title='bbox 2541 2759 2780 2827; x_wconf 87' lang='lat' dir='ltr'><strong>accipere</strong></span> <span class='ocrx_word' id='word_1_769' title='bbox 2806 2756 3127 2813; x_wconf 82' lang='lat' dir='ltr'><strong>arbitrantur</strong></span> <span class='ocrx_word' id='word_1_770' title='bbox 3149 2754 3521 2809; x_wconf 56' lang='lat' dir='ltr'><strong>sanctiﬁcatio.</strong></span> 
     </span>
    </p>
   </div>
   <div class='ocr_carea' id='block_1_88' title="bbox 1953 2844 3523 2916">
    <p class='ocr_par' dir='ltr' id='par_1_88' title="bbox 1953 2844 3523 2916">
     <span class='ocr_line' id='line_1_88' title="bbox 1953 2844 3523 2916; baseline -0.002 -15"><span class='ocrx_word' id='word_1_771' title='bbox 1953 2862 2075 2901; x_wconf 79' lang='lat' dir='ltr'><strong>nom</strong></span> <span class='ocrx_word' id='word_1_772' title='bbox 2100 2862 2256 2915; x_wconf 83' lang='lat' dir='ltr'><strong>quam</strong></span> <span class='ocrx_word' id='word_1_773' title='bbox 2290 2855 2509 2915; x_wconf 87' lang='lat' dir='ltr'><strong>putant,</strong></span> <span class='ocrx_word' id='word_1_774' title='bbox 2544 2845 2637 2902; x_wconf 88' lang='lat' dir='ltr'><strong>sed</strong></span> <span class='ocrx_word' id='word_1_775' title='bbox 2665 2862 2695 2901; x_wconf 90' lang='lat' dir='ltr'><strong>a</strong></span> <span class='ocrx_word' id='word_1_776' title='bbox 2721 2846 2822 2901; x_wconf 86' lang='lat' dir='ltr'><strong>diis</strong></span> <span class='ocrx_word' id='word_1_777' title='bbox 2849 2863 2863 2900; x_wconf 88' lang='lat'><strong>:</strong></span> <span class='ocrx_word' id='word_1_778' title='bbox 2890 2846 2979 2916; x_wconf 87' lang='lat' dir='ltr'><strong>qui</strong></span> <span class='ocrx_word' id='word_1_779' title='bbox 3007 2845 3255 2915; x_wconf 87' lang='lat' dir='ltr'><strong>quoniam</strong></span> <span class='ocrx_word' id='word_1_780' title='bbox 3283 2844 3523 2899; x_wconf 78' lang='lat' dir='ltr'><strong>homines</strong></span> 
     </span>
    </p>
   </div>
   <div class='ocr_carea' id='block_1_89' title="bbox 1952 2936 3518 3013">
    <p class='ocr_par' dir='ltr' id='par_1_89' title="bbox 1952 2936 3518 3013">
     <span class='ocr_line' id='line_1_89' title="bbox 1952 2936 3518 3013; baseline -0.001 -22"><span class='ocrx_word' id='word_1_781' title='bbox 1952 2936 2162 2991; x_wconf 82' lang='lat' dir='ltr'><strong>fuerunt</strong></span> <span class='ocrx_word' id='word_1_782' title='bbox 2184 2977 2203 3013; x_wconf 53' lang='grc' dir='ltr'><strong>ρ</strong></span> <span class='ocrx_word' id='word_1_783' title='bbox 2228 2947 2283 2995; x_wconf 86' lang='lat' dir='ltr'><strong>et</strong></span> <span class='ocrx_word' id='word_1_784' title='bbox 2310 2938 2381 2992; x_wconf 88' lang='lat' dir='ltr'><strong>ita</strong></span> <span class='ocrx_word' id='word_1_785' title='bbox 2405 2937 2594 2993; x_wconf 86' lang='lat' dir='ltr'><strong>mortui</strong></span> <span class='ocrx_word' id='word_1_786' title='bbox 2622 2944 2747 2991; x_wconf 89' lang='lat' dir='ltr'><strong>sunt</strong></span> <span class='ocrx_word' id='word_1_787' title='bbox 2775 2938 2791 2969; x_wconf 75' lang='grc' dir='ltr'>ί</span> <span class='ocrx_word' id='word_1_788' title='bbox 2812 2976 2828 3001; x_wconf 86' lang='grc'><strong><em>,</em></strong></span> <span class='ocrx_word' id='word_1_789' title='bbox 2856 2945 2911 2990; x_wconf 89' lang='lat' dir='ltr'><strong>ut</strong></span> <span class='ocrx_word' id='word_1_790' title='bbox 2940 2950 3112 3006; x_wconf 85' lang='lat' dir='ltr'><strong>neque</strong></span> <span class='ocrx_word' id='word_1_791' title='bbox 3134 2949 3294 3004; x_wconf 88' lang='lat' dir='ltr'><strong>super</strong></span> <span class='ocrx_word' id='word_1_792' title='bbox 3318 2945 3483 2990; x_wconf 88' lang='lat' dir='ltr'><strong>terras</strong></span> <span class='ocrx_word' id='word_1_793' title='bbox 3501 2975 3518 2999; x_wconf 91' lang='lat'><strong>,</strong></span> 
     </span>
    </p>
   </div>
   <div class='ocr_carea' id='block_1_90' title="bbox 1950 3024 3522 3100">
    <p class='ocr_par' dir='ltr' id='par_1_90' title="bbox 1950 3024 3522 3100">
     <span class='ocr_line' id='line_1_90' title="bbox 1950 3024 3522 3100; baseline -0.003 -17"><span class='ocrx_word' id='word_1_794' title='bbox 1950 3042 2125 3097; x_wconf 78' lang='lat' dir='ltr'><strong>neque</strong></span> <span class='ocrx_word' id='word_1_795' title='bbox 2159 3027 2209 3085; x_wconf 83' lang='lat' dir='ltr'><strong>in</strong></span> <span class='ocrx_word' id='word_1_796' title='bbox 2246 3028 2425 3097; x_wconf 84' lang='lat' dir='ltr'><strong>requie</strong></span> <span class='ocrx_word' id='word_1_797' title='bbox 2461 3027 2580 3085; x_wconf 73' lang='grc' dir='ltr'><strong>(εωιὶ</strong></span> <span class='ocrx_word' id='word_1_798' title='bbox 2609 3026 2752 3092; x_wconf 88' lang='lat' dir='ltr'><strong>sint,</strong></span> <span class='ocrx_word' id='word_1_799' title='bbox 2779 3042 2903 3100; x_wconf 77' lang='lat' dir='ltr'><strong>vere</strong></span> <span class='ocrx_word' id='word_1_800' title='bbox 2933 3026 3031 3095; x_wconf 75' lang='lat' dir='ltr'><strong>ipsi</strong></span> <span class='ocrx_word' id='word_1_801' title='bbox 3052 3040 3083 3081; x_wconf 88' lang='lat' dir='ltr'><strong>a</strong></span> <span class='ocrx_word' id='word_1_802' title='bbox 3106 3026 3329 3082; x_wconf 79' lang='lat' dir='ltr'><strong>mortuis</strong></span> <span class='ocrx_word' id='word_1_803' title='bbox 3352 3024 3522 3095; x_wconf 62' lang='lat' dir='ltr'><strong>baptio</strong></span> 
     </span>
    </p>
   </div>
   <div class='ocr_carea' id='block_1_91' title="bbox 1953 3116 3522 3188">
    <p class='ocr_par' dir='ltr' id='par_1_91' title="bbox 1953 3116 3522 3188">
     <span class='ocr_line' id='line_1_91' title="bbox 1953 3116 3522 3188; baseline -0.004 -11"><span class='ocrx_word' id='word_1_804' title='bbox 1953 3129 2137 3177; x_wconf 71' lang='lat' dir='ltr'><strong>lantur</strong></span> <span class='ocrx_word' id='word_1_805' title='bbox 2180 3136 2195 3173; x_wconf 86' lang='lat'><strong>:</strong></span> <span class='ocrx_word' id='word_1_806' title='bbox 2233 3128 2293 3175; x_wconf 87' lang='lat' dir='ltr'><strong>et</strong></span> <span class='ocrx_word' id='word_1_807' title='bbox 2336 3119 2379 3175; x_wconf 80' lang='lat' dir='ltr'><strong>si</strong></span> <span class='ocrx_word' id='word_1_808' title='bbox 2419 3134 2525 3188; x_wconf 86' lang='lat' dir='ltr'><strong>quo</strong></span> <span class='ocrx_word' id='word_1_809' title='bbox 2565 3118 2670 3173; x_wconf 85' lang='lat' dir='ltr'><strong>alio</strong></span> <span class='ocrx_word' id='word_1_810' title='bbox 2702 3117 2859 3172; x_wconf 87' lang='lat' dir='ltr'><strong>modo</strong></span> <span class='ocrx_word' id='word_1_811' title='bbox 2885 3118 2981 3173; x_wconf 87' lang='lat' dir='ltr'><strong>ista</strong></span> <span class='ocrx_word' id='word_1_812' title='bbox 3011 3125 3209 3173; x_wconf 81' lang='lat' dir='ltr'><strong>sanctae</strong></span> <span class='ocrx_word' id='word_1_813' title='bbox 3235 3116 3522 3185; x_wconf 73' lang='lat' dir='ltr'><strong>Scriptura:</strong></span> 
     </span>
    </p>
   </div>
   <div class='ocr_carea' id='block_1_92' title="bbox 1955 3205 3522 3277">
    <p class='ocr_par' dir='ltr' id='par_1_92' title="bbox 1955 3205 3522 3277">
     <span class='ocr_line' id='line_1_92' title="bbox 1955 3205 3522 3277; baseline -0.001 -16"><span class='ocrx_word' id='word_1_814' title='bbox 1955 3210 2110 3265; x_wconf 82' lang='lat' dir='ltr'><strong>verba</strong></span> <span class='ocrx_word' id='word_1_815' title='bbox 2146 3208 2403 3264; x_wconf 73' lang='lat' dir='ltr'><strong>veraciter</strong></span> <span class='ocrx_word' id='word_1_816' title='bbox 2428 3207 2593 3277; x_wconf 74' lang='lat' dir='ltr'><strong>quteri</strong></span> <span class='ocrx_word' id='word_1_817' title='bbox 2618 3248 2635 3272; x_wconf 90' lang='lat'><strong>,</strong></span> <span class='ocrx_word' id='word_1_818' title='bbox 2665 3222 2728 3262; x_wconf 90' lang='lat' dir='ltr'><strong>ac</strong></span> <span class='ocrx_word' id='word_1_819' title='bbox 2753 3206 3041 3265; x_wconf 86' lang='lat' dir='ltr'><strong>salubriter</strong></span> <span class='ocrx_word' id='word_1_820' title='bbox 3066 3205 3254 3260; x_wconf 90' lang='lat' dir='ltr'><strong>discuti</strong></span> <span class='ocrx_word' id='word_1_821' title='bbox 3280 3215 3336 3262; x_wconf 91' lang='lat' dir='ltr'><strong>et</strong></span> <span class='ocrx_word' id='word_1_822' title='bbox 3362 3206 3522 3260; x_wconf 81' lang='lat' dir='ltr'><strong>intel-</strong></span> 
     </span>
    </p>
   </div>
   <div class='ocr_carea' id='block_1_93' title="bbox 1954 3293 3527 3369">
    <p class='ocr_par' dir='ltr' id='par_1_93' title="bbox 1954 3293 3527 3369">
     <span class='ocr_line' id='line_1_93' title="bbox 1954 3293 3527 3369; baseline -0.002 -18"><span class='ocrx_word' id='word_1_823' title='bbox 1954 3298 2041 3369; x_wconf 78' lang='lat' dir='ltr'><strong>ligi</strong></span> <span class='ocrx_word' id='word_1_824' title='bbox 2086 3305 2322 3367; x_wconf 71' lang='lat' dir='ltr'><strong>possunt.</strong></span> <span class='ocrx_word' id='word_1_825' title='bbox 2371 3296 2500 3351; x_wconf 88' lang='lat' dir='ltr'><strong>Nam</strong></span> <span class='ocrx_word' id='word_1_826' title='bbox 2546 3295 2591 3349; x_wconf 91' lang='lat' dir='ltr'><strong>si</strong></span> <span class='ocrx_word' id='word_1_827' title='bbox 2631 3294 2733 3350; x_wconf 88' lang='lat' dir='ltr'><strong>hoc</strong></span> <span class='ocrx_word' id='word_1_828' title='bbox 2777 3295 2893 3350; x_wconf 91' lang='lat' dir='ltr'><strong>loco</strong></span> <span class='ocrx_word' id='word_1_829' title='bbox 2920 3302 3183 3348; x_wconf 87' lang='lat' dir='ltr'><strong>mortuum</strong></span> <span class='ocrx_word' id='word_1_830' title='bbox 3215 3293 3527 3349; x_wconf 79' lang='lat' dir='ltr'><strong>intellexero</strong></span> 
     </span>
    </p>
   </div>
   <div class='ocr_carea' id='block_1_94' title="bbox 1955 3382 3527 3458">
    <p class='ocr_par' dir='ltr' id='par_1_94' title="bbox 1955 3382 3527 3458">
     <span class='ocr_line' id='line_1_94' title="bbox 1955 3382 3527 3458; baseline -0.004 -15"><span class='ocrx_word' id='word_1_831' title='bbox 1955 3397 2285 3458; x_wconf 72' lang='lat' dir='ltr'><strong>peccatorum</strong></span> <span class='ocrx_word' id='word_1_832' title='bbox 2334 3384 2708 3453; x_wconf 84' lang='lat' dir='ltr'><strong>baptizatorem</strong></span> <span class='ocrx_word' id='word_1_833' title='bbox 2741 3423 2758 3449; x_wconf 93' lang='lat'><strong>,</strong></span> <span class='ocrx_word' id='word_1_834' title='bbox 2807 3382 2992 3437; x_wconf 86' lang='lat' dir='ltr'><strong>eadem</strong></span> <span class='ocrx_word' id='word_1_835' title='bbox 3039 3382 3127 3436; x_wconf 86' lang='lat' dir='ltr'><strong>illa</strong></span> <span class='ocrx_word' id='word_1_836' title='bbox 3172 3392 3527 3451; x_wconf 83' lang='lat' dir='ltr'><strong>consequetur</strong></span> 
     </span>
    </p>
   </div>
   <div class='ocr_carea' id='block_1_95' title="bbox 1953 3470 3527 3545">
    <p class='ocr_par' dir='ltr' id='par_1_95' title="bbox 1953 3470 3527 3545">
     <span class='ocr_line' id='line_1_95' title="bbox 1953 3470 3527 3545; baseline -0.003 -15"><span class='ocrx_word' id='word_1_837' title='bbox 1953 3477 2286 3541; x_wconf 80' lang='lat' dir='ltr'><strong>absurditas,</strong></span> <span class='ocrx_word' id='word_1_838' title='bbox 2331 3485 2387 3529; x_wconf 91' lang='lat' dir='ltr'><strong>ut</strong></span> <span class='ocrx_word' id='word_1_839' title='bbox 2434 3473 2671 3545; x_wconf 86' lang='lat' dir='ltr'><strong>quisquis</strong></span> <span class='ocrx_word' id='word_1_840' title='bbox 2707 3472 2864 3527; x_wconf 88' lang='lat' dir='ltr'><strong>etiam</strong></span> <span class='ocrx_word' id='word_1_841' title='bbox 2905 3486 2936 3526; x_wconf 86' lang='lat' dir='ltr'><strong>a</strong></span> <span class='ocrx_word' id='word_1_842' title='bbox 2964 3471 3156 3527; x_wconf 77' lang='lat' dir='ltr'><strong>latente</strong></span> <span class='ocrx_word' id='word_1_843' title='bbox 3182 3471 3342 3541; x_wconf 89' lang='lat' dir='ltr'><strong>impio</strong></span> <span class='ocrx_word' id='word_1_844' title='bbox 3371 3470 3527 3526; x_wconf 81' lang='lat' dir='ltr'><strong>fuerit</strong></span> 
     </span>
    </p>
   </div>
   <div class='ocr_carea' id='block_1_96' title="bbox 1952 3547 3527 3638">
    <p class='ocr_par' dir='ltr' id='par_1_96' title="bbox 1952 3547 3527 3638">
     <span class='ocr_line' id='line_1_96' title="bbox 1952 3547 3527 3638; baseline -0.007 -13"><span class='ocrx_word' id='word_1_845' title='bbox 1952 3567 2280 3638; x_wconf 83' lang='lat' dir='ltr'><strong>baptizatus,</strong></span> <span class='ocrx_word' id='word_1_846' title='bbox 2329 3572 2577 3634; x_wconf 81' lang='lat' dir='ltr'><strong>tanquam</strong></span> <span class='ocrx_word' id='word_1_847' title='bbox 2619 3578 2649 3615; x_wconf 89' lang='lat' dir='ltr'><strong>a</strong></span> <span class='ocrx_word' id='word_1_848' title='bbox 2692 3571 2904 3616; x_wconf 88' lang='lat' dir='ltr'><strong>mortuo</strong></span> <span class='ocrx_word' id='word_1_849' title='bbox 2941 3547 3268 3629; x_wconf 78' lang='lat' dir='ltr'><strong>baptizatus,</strong></span> <span class='ocrx_word' id='word_1_850' title='bbox 3301 3560 3527 3615; x_wconf 82' lang='lat' dir='ltr'><strong>inaniter</strong></span> 
     </span>
    </p>
   </div>
   <div class='ocr_carea' id='block_1_97' title="bbox 1954 3652 3526 3721">
    <p class='ocr_par' dir='ltr' id='par_1_97' title="bbox 1954 3652 3526 3721">
     <span class='ocr_line' id='line_1_97' title="bbox 1954 3652 3526 3721; baseline -0.006 -8"><span class='ocrx_word' id='word_1_851' title='bbox 1954 3659 2094 3713; x_wconf 87' lang='lat' dir='ltr'><strong>lotus</strong></span> <span class='ocrx_word' id='word_1_852' title='bbox 2119 3658 2208 3712; x_wconf 89' lang='lat' dir='ltr'><strong>sit.</strong></span> <span class='ocrx_word' id='word_1_853' title='bbox 2234 3656 2348 3710; x_wconf 83' lang='lat' dir='ltr'><strong>Non</strong></span> <span class='ocrx_word' id='word_1_854' title='bbox 2373 3655 2515 3711; x_wconf 89' lang='lat' dir='ltr'><strong>enim</strong></span> <span class='ocrx_word' id='word_1_855' title='bbox 2543 3653 2616 3708; x_wconf 88' lang='lat' dir='ltr'><strong>ait</strong></span> <span class='ocrx_word' id='word_1_856' title='bbox 2639 3694 2655 3719; x_wconf 89' lang='lat'><strong>,</strong></span> <span class='ocrx_word' id='word_1_857' title='bbox 2682 3653 2781 3721; x_wconf 87' lang='lat' dir='ltr'><strong>Qui</strong></span> <span class='ocrx_word' id='word_1_858' title='bbox 2802 3652 3097 3721; x_wconf 86' lang='lat' dir='ltr'><strong>baptizatur</strong></span> <span class='ocrx_word' id='word_1_859' title='bbox 3121 3665 3151 3704; x_wconf 87' lang='lat' dir='ltr'><strong>a</strong></span> <span class='ocrx_word' id='word_1_860' title='bbox 3177 3658 3386 3704; x_wconf 90' lang='lat' dir='ltr'><strong>mortuo</strong></span> <span class='ocrx_word' id='word_1_861' title='bbox 3410 3665 3526 3704; x_wconf 86' lang='lat' dir='ltr'><strong>ma-</strong></span> 
     </span>
    </p>
   </div>
   <div class='ocr_carea' id='block_1_98' title="bbox 1954 3742 3526 3813">
    <p class='ocr_par' dir='ltr' id='par_1_98' title="bbox 1954 3742 3526 3813">
     <span class='ocr_line' id='line_1_98' title="bbox 1954 3742 3526 3813; baseline -0.004 -10"><span class='ocrx_word' id='word_1_862' title='bbox 1954 3749 2177 3813; x_wconf 65' lang='lat' dir='ltr'><strong>nifesto;</strong></span> <span class='ocrx_word' id='word_1_863' title='bbox 2209 3746 2302 3800; x_wconf 85' lang='lat' dir='ltr'><strong>sed</strong></span> <span class='ocrx_word' id='word_1_864' title='bbox 2329 3747 2567 3803; x_wconf 87' lang='lat' dir='ltr'><strong>absolute</strong></span> <span class='ocrx_word' id='word_1_865' title='bbox 2590 3744 2716 3798; x_wconf 85' lang='lat' dir='ltr'><strong>dicit</strong></span> <span class='ocrx_word' id='word_1_866' title='bbox 2742 3783 2756 3807; x_wconf 91' lang='lat'><strong>,</strong></span> <span class='ocrx_word' id='word_1_867' title='bbox 2787 3759 2818 3795; x_wconf 89' lang='lat' dir='ltr'><strong>a</strong></span> <span class='ocrx_word' id='word_1_868' title='bbox 2845 3753 3063 3796; x_wconf 79' lang='lat' dir='ltr'><strong>mortuo.</strong></span> <span class='ocrx_word' id='word_1_869' title='bbox 3092 3743 3169 3797; x_wconf 84' lang='lat' dir='ltr'><strong>Ac</strong></span> <span class='ocrx_word' id='word_1_870' title='bbox 3196 3742 3240 3797; x_wconf 88' lang='lat' dir='ltr'><strong>si</strong></span> <span class='ocrx_word' id='word_1_871' title='bbox 3262 3750 3526 3796; x_wconf 90' lang='lat' dir='ltr'><strong>mortuum</strong></span> 
     </span>
    </p>
   </div>
   <div class='ocr_carea' id='block_1_99' title="bbox 1950 3830 3523 3907">
    <p class='ocr_par' dir='ltr' id='par_1_99' title="bbox 1950 3830 3523 3907">
     <span class='ocr_line' id='line_1_99' title="bbox 1950 3830 3523 3907; baseline -0.004 -16"><span class='ocrx_word' id='word_1_872' title='bbox 1950 3852 2023 3907; x_wconf 86' lang='lat' dir='ltr'><strong>qu</strong></span> <span class='ocrx_word' id='word_1_873' title='bbox 2058 3850 2218 3906; x_wconf 89' lang='lat' dir='ltr'><strong>mque</strong></span> <span class='ocrx_word' id='word_1_874' title='bbox 2255 3844 2381 3890; x_wconf 89' lang='lat' dir='ltr'><strong>tunc</strong></span> <span class='ocrx_word' id='word_1_875' title='bbox 2417 3843 2628 3904; x_wconf 88' lang='lat' dir='ltr'><strong>putant,</strong></span> <span class='ocrx_word' id='word_1_876' title='bbox 2653 3847 2776 3886; x_wconf 90' lang='lat' dir='ltr'><strong>cum</strong></span> <span class='ocrx_word' id='word_1_877' title='bbox 2804 3846 2924 3885; x_wconf 88' lang='lat' dir='ltr'><strong>eum</strong></span> <span class='ocrx_word' id='word_1_878' title='bbox 2957 3839 3284 3898; x_wconf 87' lang='lat' dir='ltr'><strong>peccatorem</strong></span> <span class='ocrx_word' id='word_1_879' title='bbox 3315 3830 3523 3896; x_wconf 90' lang='lat' dir='ltr'><strong>sciunt;</strong></span> 
     </span>
    </p>
   </div>
   <div class='ocr_carea' id='block_1_100' title="bbox 1953 3920 3526 3990">
    <p class='ocr_par' dir='ltr' id='par_1_100' title="bbox 1953 3920 3526 3990">
     <span class='ocr_line' id='line_1_100' title="bbox 1953 3920 3526 3990; baseline -0.004 -10"><span class='ocrx_word' id='word_1_880' title='bbox 1953 3927 2134 3980; x_wconf 76' lang='lat' dir='ltr'><strong>vivere</strong></span> <span class='ocrx_word' id='word_1_881' title='bbox 2166 3933 2343 3980; x_wconf 84' lang='lat' dir='ltr'><strong>autem</strong></span> <span class='ocrx_word' id='word_1_882' title='bbox 2364 3963 2380 3990; x_wconf 91' lang='lat'><strong>,</strong></span> <span class='ocrx_word' id='word_1_883' title='bbox 2418 3922 2621 3977; x_wconf 86' lang='lat' dir='ltr'><strong>etiamsi</strong></span> <span class='ocrx_word' id='word_1_884' title='bbox 2664 3921 2953 3977; x_wconf 84' lang='lat' dir='ltr'><strong>sceleratus</strong></span> <span class='ocrx_word' id='word_1_885' title='bbox 2994 3920 3045 3972; x_wconf 92' lang='lat' dir='ltr'><strong>in</strong></span> <span class='ocrx_word' id='word_1_886' title='bbox 3077 3934 3260 3974; x_wconf 90' lang='lat' dir='ltr'><strong>eorum</strong></span> <span class='ocrx_word' id='word_1_887' title='bbox 3285 3934 3526 3973; x_wconf 89' lang='lat' dir='ltr'><strong>commu-</strong></span> 
     </span>
    </p>
   </div>
   <div class='ocr_carea' id='block_1_101' title="bbox 1955 4010 3540 4082">
    <p class='ocr_par' dir='ltr' id='par_1_101' title="bbox 1955 4010 3540 4082">
     <span class='ocr_line' id='line_1_101' title="bbox 1955 4010 3540 4082; baseline -0.008 -8"><span class='ocrx_word' id='word_1_888' title='bbox 1955 4018 2115 4074; x_wconf 85' lang='lat' dir='ltr'><strong>nione</strong></span> <span class='ocrx_word' id='word_1_889' title='bbox 2151 4016 2472 4071; x_wconf 85' lang='lat' dir='ltr'><strong>astutissime</strong></span> <span class='ocrx_word' id='word_1_890' title='bbox 2510 4014 2669 4070; x_wconf 84' lang='lat' dir='ltr'><strong>lateat</strong></span> <span class='ocrx_word' id='word_1_891' title='bbox 2699 4031 2712 4068; x_wconf 92' lang='lat'>:</span> <span class='ocrx_word' id='word_1_892' title='bbox 2747 4013 2915 4082; x_wconf 87' lang='lat' dir='ltr'><strong>primo</strong></span> <span class='ocrx_word' id='word_1_893' title='bbox 2943 4010 3251 4066; x_wconf 82' lang='lat' dir='ltr'><strong>exsecrabili</strong></span> <span class='ocrx_word' id='word_1_894' title='bbox 3282 4010 3540 4078; x_wconf 28' lang='lat' dir='ltr'><strong>superbia.</strong></span> 
     </span>
    </p>
   </div>
   <div class='ocr_carea' id='block_1_102' title="bbox 1953 4100 3526 4178">
    <p class='ocr_par' dir='ltr' id='par_1_102' title="bbox 1953 4100 3526 4178">
     <span class='ocr_line' id='line_1_102' title="bbox 1953 4100 3526 4178; baseline -0.008 -13"><span class='ocrx_word' id='word_1_895' title='bbox 1953 4110 2055 4167; x_wconf 88' lang='lat' dir='ltr'><strong>sibi</strong></span> <span class='ocrx_word' id='word_1_896' title='bbox 2100 4108 2219 4178; x_wconf 89' lang='lat' dir='ltr'><strong>plus</strong></span> <span class='ocrx_word' id='word_1_897' title='bbox 2255 4117 2538 4176; x_wconf 78' lang='lat' dir='ltr'><strong>arrogant,</strong></span> <span class='ocrx_word' id='word_1_898' title='bbox 2581 4119 2736 4174; x_wconf 87' lang='lat' dir='ltr'><strong>quam</strong></span> <span class='ocrx_word' id='word_1_899' title='bbox 2781 4103 2892 4157; x_wconf 86' lang='lat' dir='ltr'><strong>Deo</strong></span> <span class='ocrx_word' id='word_1_900' title='bbox 2919 4102 3190 4166; x_wconf 91' lang='lat' dir='ltr'><strong>tribuunt,</strong></span> <span class='ocrx_word' id='word_1_901' title='bbox 3222 4108 3279 4156; x_wconf 91' lang='lat' dir='ltr'><strong>ut</strong></span> <span class='ocrx_word' id='word_1_902' title='bbox 3301 4114 3420 4154; x_wconf 91' lang='lat' dir='ltr'><strong>cum</strong></span> <span class='ocrx_word' id='word_1_903' title='bbox 3448 4100 3526 4154; x_wconf 84' lang='lat' dir='ltr'><strong>eis</strong></span> 
     </span>
    </p>
   </div>
   <div class='ocr_carea' id='block_1_103' title="bbox 1957 4193 3524 4272">
    <p class='ocr_par' dir='ltr' id='par_1_103' title="bbox 1957 4193 3524 4272">
     <span class='ocr_line' id='line_1_103' title="bbox 1957 4193 3524 4272; baseline -0.009 -15"><span class='ocrx_word' id='word_1_904' title='bbox 1957 4210 2201 4272; x_wconf 82' lang='lat' dir='ltr'><strong>peccator</strong></span> <span class='ocrx_word' id='word_1_905' title='bbox 2234 4208 2390 4253; x_wconf 85' lang='lat' dir='ltr'><strong>notus</strong></span> <span class='ocrx_word' id='word_1_906' title='bbox 2430 4205 2544 4260; x_wconf 89' lang='lat' dir='ltr'><strong>est,</strong></span> <span class='ocrx_word' id='word_1_907' title='bbox 2590 4204 2825 4250; x_wconf 88' lang='lat' dir='ltr'><strong>mortuus</strong></span> <span class='ocrx_word' id='word_1_908' title='bbox 2851 4193 3177 4263; x_wconf 86' lang='lat' dir='ltr'><strong>appelletur;</strong></span> <span class='ocrx_word' id='word_1_909' title='bbox 3205 4206 3325 4246; x_wconf 89' lang='lat' dir='ltr'><strong>cum</strong></span> <span class='ocrx_word' id='word_1_910' title='bbox 3350 4198 3524 4245; x_wconf 90' lang='lat' dir='ltr'><strong>autem</strong></span> 
     </span>
    </p>
   </div>
   <div class='ocr_carea' id='block_1_104' title="bbox 1958 4281 3517 4351">
    <p class='ocr_par' dir='ltr' id='par_1_104' title="bbox 1958 4281 3517 4351">
     <span class='ocr_line' id='line_1_104' title="bbox 1958 4281 3517 4351; baseline -0.01 -4"><span class='ocrx_word' id='word_1_911' title='bbox 1958 4293 2071 4347; x_wconf 89' lang='lat' dir='ltr'><strong>Deo</strong></span> <span class='ocrx_word' id='word_1_912' title='bbox 2091 4299 2249 4345; x_wconf 85' lang='lat' dir='ltr'><strong>notus</strong></span> <span class='ocrx_word' id='word_1_913' title='bbox 2274 4297 2357 4343; x_wconf 90' lang='lat' dir='ltr'><strong>est</strong></span> <span class='ocrx_word' id='word_1_914' title='bbox 2376 4326 2392 4350; x_wconf 94' lang='lat'><strong>,</strong></span> <span class='ocrx_word' id='word_1_915' title='bbox 2422 4286 2577 4341; x_wconf 79' lang='lat' dir='ltr'><strong>vivus</strong></span> <span class='ocrx_word' id='word_1_916' title='bbox 2602 4285 2956 4339; x_wconf 87' lang='lat' dir='ltr'><strong>existimetur.</strong></span> <span class='ocrx_word' id='word_1_917' title='bbox 2987 4281 3185 4337; x_wconf 86' lang='lat' dir='ltr'><strong>Deinde</strong></span> <span class='ocrx_word' id='word_1_918' title='bbox 3208 4283 3252 4336; x_wconf 90' lang='lat' dir='ltr'><strong>si</strong></span> <span class='ocrx_word' id='word_1_919' title='bbox 3280 4290 3517 4351; x_wconf 74' lang='lat' dir='ltr'><strong>peccator</strong></span> 
     </span>
    </p>
   </div>
   <div class='ocr_carea' id='block_1_105' title="bbox 1957 4372 3528 4443">
    <p class='ocr_par' dir='ltr' id='par_1_105' title="bbox 1957 4372 3528 4443">
     <span class='ocr_line' id='line_1_105' title="bbox 1957 4372 3528 4443; baseline -0.006 -8"><span class='ocrx_word' id='word_1_920' title='bbox 1957 4381 2047 4437; x_wconf 88' lang='lat' dir='ltr'><strong>illo</strong></span> <span class='ocrx_word' id='word_1_921' title='bbox 2083 4377 2337 4434; x_wconf 86' lang='lat' dir='ltr'><strong>dicendus</strong></span> <span class='ocrx_word' id='word_1_922' title='bbox 2371 4385 2453 4431; x_wconf 88' lang='lat' dir='ltr'><strong>est</strong></span> <span class='ocrx_word' id='word_1_923' title='bbox 2492 4385 2730 4429; x_wconf 85' lang='lat' dir='ltr'><strong>mortuus</strong></span> <span class='ocrx_word' id='word_1_924' title='bbox 2752 4412 2767 4435; x_wconf 84' lang='lat'><strong>.</strong></span> <span class='ocrx_word' id='word_1_925' title='bbox 2801 4373 2888 4443; x_wconf 90' lang='lat' dir='ltr'><strong>qui</strong></span> <span class='ocrx_word' id='word_1_926' title='bbox 2919 4384 2999 4429; x_wconf 71' lang='grc' dir='ltr'><strong>εει</strong></span> <span class='ocrx_word' id='word_1_927' title='bbox 3023 4372 3327 4427; x_wconf 88' lang='lat' dir='ltr'><strong>hominibus</strong></span> <span class='ocrx_word' id='word_1_928' title='bbox 3350 4372 3528 4442; x_wconf 77' lang='lat' dir='ltr'><strong>cogni-</strong></span> 
     </span>
    </p>
   </div>
   <div class='ocr_carea' id='block_1_106' title="bbox 1958 4464 3529 4539">
    <p class='ocr_par' dir='ltr' id='par_1_106' title="bbox 1958 4464 3529 4539">
     <span class='ocr_line' id='line_1_106' title="bbox 1958 4464 3529 4539; baseline -0.007 -11"><span class='ocrx_word' id='word_1_929' title='bbox 1958 4482 2080 4538; x_wconf 89' lang='lat' dir='ltr'><strong>tus;</strong></span> <span class='ocrx_word' id='word_1_930' title='bbox 2121 4472 2189 4539; x_wconf 88' lang='lat' dir='ltr'><strong>de</strong></span> <span class='ocrx_word' id='word_1_931' title='bbox 2224 4470 2415 4539; x_wconf 85' lang='lat' dir='ltr'><strong>Optato</strong></span> <span class='ocrx_word' id='word_1_932' title='bbox 2451 4465 2576 4537; x_wconf 91' lang='lat' dir='ltr'><strong>quid</strong></span> <span class='ocrx_word' id='word_1_933' title='bbox 2614 4465 2915 4535; x_wconf 88' lang='lat' dir='ltr'><strong>responsuri</strong></span> <span class='ocrx_word' id='word_1_934' title='bbox 2941 4472 3090 4528; x_wconf 90' lang='lat' dir='ltr'><strong>sunt,</strong></span> <span class='ocrx_word' id='word_1_935' title='bbox 3119 4479 3275 4534; x_wconf 87' lang='lat' dir='ltr'><strong>quem</strong></span> <span class='ocrx_word' id='word_1_936' title='bbox 3302 4464 3529 4520; x_wconf 83' lang='lat' dir='ltr'><strong>scelera-</strong></span> 
     </span>
    </p>
   </div>
   <div class='ocr_carea' id='block_1_107' title="bbox 1921 4553 3528 4633">
    <p class='ocr_par' dir='ltr' id='par_1_107' title="bbox 1921 4553 3528 4633">
     <span class='ocr_line' id='line_1_107' title="bbox 1921 4553 3528 4633; baseline -0.009 -11"><span class='ocrx_word' id='word_1_937' title='bbox 1921 4582 1928 4591; x_wconf 87' lang='lat'>&#39;</span> <span class='ocrx_word' id='word_1_938' title='bbox 1958 4576 2067 4621; x_wconf 86' lang='lat' dir='ltr'><strong>tum</strong></span> <span class='ocrx_word' id='word_1_939' title='bbox 2110 4565 2266 4633; x_wconf 78' lang='lat' dir='ltr'><strong>longe</strong></span> <span class='ocrx_word' id='word_1_940' title='bbox 2306 4571 2542 4629; x_wconf 88' lang='lat' dir='ltr'><strong>tempore</strong></span> <span class='ocrx_word' id='word_1_941' title='bbox 2576 4558 2675 4612; x_wconf 86' lang='lat' dir='ltr'><strong>sibi</strong></span> <span class='ocrx_word' id='word_1_942' title='bbox 2716 4565 2897 4623; x_wconf 83' lang='lat' dir='ltr'><strong>notum</strong></span> <span class='ocrx_word' id='word_1_943' title='bbox 2924 4553 3178 4609; x_wconf 83' lang='lat' dir='ltr'><strong>damnare</strong></span> <span class='ocrx_word' id='word_1_944' title='bbox 3204 4555 3528 4608; x_wconf 82' lang='lat' dir='ltr'><strong>timuerunt?</strong></span> 
     </span>
    </p>
   </div>
   <div class='ocr_carea' id='block_1_108' title="bbox 1956 4644 3529 4723">
    <p class='ocr_par' dir='ltr' id='par_1_108' title="bbox 1956 4644 3529 4723">
     <span class='ocr_line' id='line_1_108' title="bbox 1956 4644 3529 4723; baseline -0.01 -11"><span class='ocrx_word' id='word_1_945' title='bbox 1956 4655 2063 4712; x_wconf 86' lang='lat' dir='ltr'><strong>Cur</strong></span> <span class='ocrx_word' id='word_1_946' title='bbox 2087 4653 2175 4723; x_wconf 90' lang='lat' dir='ltr'><strong>qui</strong></span> <span class='ocrx_word' id='word_1_947' title='bbox 2195 4653 2263 4706; x_wconf 87' lang='lat' dir='ltr'><strong>ab</strong></span> <span class='ocrx_word' id='word_1_948' title='bbox 2287 4652 2376 4706; x_wconf 92' lang='lat' dir='ltr'><strong>illo</strong></span> <span class='ocrx_word' id='word_1_949' title='bbox 2401 4646 2646 4719; x_wconf 82' lang='lat' dir='ltr'><strong>baptizati</strong></span> <span class='ocrx_word' id='word_1_950' title='bbox 2673 4654 2794 4701; x_wconf 89' lang='lat' dir='ltr'><strong>sunt</strong></span> <span class='ocrx_word' id='word_1_951' title='bbox 2816 4684 2832 4711; x_wconf 89' lang='lat'><strong>,</strong></span> <span class='ocrx_word' id='word_1_952' title='bbox 2865 4660 2969 4698; x_wconf 89' lang='lat' dir='ltr'><strong>non</strong></span> <span class='ocrx_word' id='word_1_953' title='bbox 2993 4644 3240 4699; x_wconf 88' lang='lat' dir='ltr'><strong>dicuntur</strong></span> <span class='ocrx_word' id='word_1_954' title='bbox 3263 4659 3293 4697; x_wconf 91' lang='lat' dir='ltr'><strong>a</strong></span> <span class='ocrx_word' id='word_1_955' title='bbox 3322 4655 3529 4697; x_wconf 86' lang='lat' dir='ltr'><strong>mortuo</strong></span> 
     </span>
    </p>
   </div>
   <div class='ocr_carea' id='block_1_109' title="bbox 1956 4734 3527 4815">
    <p class='ocr_par' dir='ltr' id='par_1_109' title="bbox 1956 4734 3527 4815">
     <span class='ocr_line' id='line_1_109' title="bbox 1956 4734 3527 4815; baseline -0.01 -13"><span class='ocrx_word' id='word_1_956' title='bbox 1956 4743 2248 4815; x_wconf 69' lang='lat' dir='ltr'><strong>baptismi?</strong></span> <span class='ocrx_word' id='word_1_957' title='bbox 2287 4748 2367 4796; x_wconf 73' lang='lat' dir='ltr'><strong>An</strong></span> <span class='ocrx_word' id='word_1_958' title='bbox 2410 4739 2530 4794; x_wconf 90' lang='lat' dir='ltr'><strong>ideo</strong></span> <span class='ocrx_word' id='word_1_959' title='bbox 2572 4736 2819 4802; x_wconf 86' lang='lat' dir='ltr'><strong>vivebat,</strong></span> <span class='ocrx_word' id='word_1_960' title='bbox 2863 4734 3004 4804; x_wconf 90' lang='lat' dir='ltr'><strong>quod</strong></span> <span class='ocrx_word' id='word_1_961' title='bbox 3046 4734 3176 4790; x_wconf 77' lang='lat' dir='ltr'><strong>ﬁdes</strong></span> <span class='ocrx_word' id='word_1_962' title='bbox 3224 4734 3298 4788; x_wconf 91' lang='lat' dir='ltr'><strong>illi</strong></span> <span class='ocrx_word' id='word_1_963' title='bbox 3343 4748 3527 4787; x_wconf 84' lang='lat' dir='ltr'><strong>comes</strong></span> 
     </span>
    </p>
   </div>
   <div class='ocr_carea' id='block_1_110' title="bbox 1957 4824 3528 4901">
    <p class='ocr_par' dir='ltr' id='par_1_110' title="bbox 1957 4824 3528 4901">
     <span class='ocr_line' id='line_1_110' title="bbox 1957 4824 3528 4901; baseline -0.01 -10"><span class='ocrx_word' id='word_1_964' title='bbox 1957 4845 2074 4893; x_wconf 88' lang='lat' dir='ltr'><strong>erat</strong></span> <span class='ocrx_word' id='word_1_965' title='bbox 2108 4834 2177 4888; x_wconf 68' lang='grc' dir='ltr'><strong>’ν</strong></span> <span class='ocrx_word' id='word_1_966' title='bbox 2218 4831 2369 4901; x_wconf 87' lang='lat' dir='ltr'><strong>Quod</strong></span> <span class='ocrx_word' id='word_1_967' title='bbox 2416 4830 2583 4891; x_wconf 70' lang='lat' dir='ltr'><strong>tacete</strong></span> <span class='ocrx_word' id='word_1_968' title='bbox 2622 4836 2679 4882; x_wconf 87' lang='lat' dir='ltr'><strong>et</strong></span> <span class='ocrx_word' id='word_1_969' title='bbox 2711 4827 2983 4896; x_wconf 74' lang='lat' dir='ltr'><strong>eleganter</strong></span> <span class='ocrx_word' id='word_1_970' title='bbox 3015 4839 3043 4879; x_wconf 85' lang='lat' dir='ltr'><strong>a</strong></span> <span class='ocrx_word' id='word_1_971' title='bbox 3081 4824 3261 4878; x_wconf 88' lang='lat' dir='ltr'><strong>nescio</strong></span> <span class='ocrx_word' id='word_1_972' title='bbox 3285 4839 3392 4894; x_wconf 90' lang='lat' dir='ltr'><strong>quo</strong></span> <span class='ocrx_word' id='word_1_973' title='bbox 3422 4824 3528 4892; x_wconf 85' lang='lat' dir='ltr'><strong>pri-</strong></span> 
     </span>
    </p>
   </div>
   <div class='ocr_carea' id='block_1_111' title="bbox 1959 4912 3529 4992">
    <p class='ocr_par' dir='ltr' id='par_1_111' title="bbox 1959 4912 3529 4992">
     <span class='ocr_line' id='line_1_111' title="bbox 1959 4912 3529 4992; baseline -0.011 -10"><span class='ocrx_word' id='word_1_974' title='bbox 1959 4925 2129 4982; x_wconf 87' lang='lat' dir='ltr'><strong>mario</strong></span> <span class='ocrx_word' id='word_1_975' title='bbox 2165 4925 2365 4992; x_wconf 75' lang='lat' dir='ltr'><strong>collega</strong></span> <span class='ocrx_word' id='word_1_976' title='bbox 2404 4934 2501 4975; x_wconf 87' lang='lat' dir='ltr'><strong>suo</strong></span> <span class='ocrx_word' id='word_1_977' title='bbox 2541 4918 2739 4972; x_wconf 85' lang='lat' dir='ltr'><strong>dictum</strong></span> <span class='ocrx_word' id='word_1_978' title='bbox 2784 4916 2958 4970; x_wconf 87' lang='lat' dir='ltr'><strong>solent</strong></span> <span class='ocrx_word' id='word_1_979' title='bbox 2994 4913 3155 4969; x_wconf 87' lang='lat' dir='ltr'><strong>etiam</strong></span> <span class='ocrx_word' id='word_1_980' title='bbox 3200 4913 3296 4980; x_wconf 88' lang='lat' dir='ltr'><strong>ipsi</strong></span> <span class='ocrx_word' id='word_1_981' title='bbox 3331 4912 3529 4981; x_wconf 72' lang='lat' dir='ltr'><strong>jactare</strong></span> 
     </span>
    </p>
   </div>
   <div class='ocr_carea' id='block_1_112' title="bbox 1959 5001 3530 5088">
    <p class='ocr_par' dir='ltr' id='par_1_112' title="bbox 1959 5001 3530 5088">
     <span class='ocr_line' id='line_1_112' title="bbox 1959 5001 3530 5088; baseline -0.011 -17"><span class='ocrx_word' id='word_1_982' title='bbox 1959 5028 2118 5088; x_wconf 86' lang='lat' dir='ltr'><strong>atque</strong></span> <span class='ocrx_word' id='word_1_983' title='bbox 2159 5012 2413 5084; x_wconf 81' lang='lat' dir='ltr'><strong>laudare,</strong></span> <span class='ocrx_word' id='word_1_984' title='bbox 2457 5024 2571 5087; x_wconf 78' lang='lat' dir='ltr'><strong>non</strong></span> <span class='ocrx_word' id='word_1_985' title='bbox 2609 5005 2959 5075; x_wconf 81' lang='lat' dir='ltr'><strong>intelligentes</strong></span> <span class='ocrx_word' id='word_1_986' title='bbox 3002 5003 3144 5057; x_wconf 85' lang='lat' dir='ltr'><strong>exitu</strong></span> <span class='ocrx_word' id='word_1_987' title='bbox 3174 5002 3194 5033; x_wconf 86' lang='grc'>³</span> <span class='ocrx_word' id='word_1_988' title='bbox 3231 5001 3396 5058; x_wconf 67' lang='lat' dir='ltr'><strong>Goliae</strong></span> <span class='ocrx_word' id='word_1_989' title='bbox 3441 5015 3530 5054; x_wconf 86' lang='lat' dir='ltr'><strong>su-</strong></span> 
     </span>
    </p>
   </div>
   <div class='ocr_carea' id='block_1_113' title="bbox 1954 5087 3529 5179">
    <p class='ocr_par' dir='ltr' id='par_1_113' title="bbox 1954 5087 3529 5179">
     <span class='ocr_line' id='line_1_113' title="bbox 1954 5087 3529 5179; baseline -0.013 -18"><span class='ocrx_word' id='word_1_990' title='bbox 1954 5087 2300 5179; x_wconf 85' lang='lat' dir='ltr'><strong>perbissimi,</strong></span> <span class='ocrx_word' id='word_1_991' title='bbox 2349 5114 2449 5156; x_wconf 85' lang='lat' dir='ltr'><strong>suo</strong></span> <span class='ocrx_word' id='word_1_992' title='bbox 2496 5097 2599 5155; x_wconf 86' lang='lat' dir='ltr'><strong>sibi</strong></span> <span class='ocrx_word' id='word_1_993' title='bbox 2647 5094 2823 5169; x_wconf 69' lang='lat' dir='ltr'><strong>gladio</strong></span> <span class='ocrx_word' id='word_1_994' title='bbox 2870 5102 3029 5165; x_wconf 88' lang='lat' dir='ltr'><strong>caput</strong></span> <span class='ocrx_word' id='word_1_995' title='bbox 3072 5090 3268 5146; x_wconf 73' lang='lat' dir='ltr'><strong>auferri</strong></span> <span class='ocrx_word' id='word_1_996' title='bbox 3314 5089 3354 5160; x_wconf 88' lang='grc' dir='ltr'><strong>(Ι</strong></span> <span class='ocrx_word' id='word_1_997' title='bbox 3401 5087 3529 5159; x_wconf 75' lang='lat' dir='ltr'><strong>Reg.</strong></span> 
     </span>
    </p>
   </div>
   <div class='ocr_carea' id='block_1_114' title="bbox 1963 5192 2252 5264">
    <p class='ocr_par' dir='ltr' id='par_1_114' title="bbox 1963 5192 2252 5264">
     <span class='ocr_line' id='line_1_114' title="bbox 1963 5192 2252 5264; baseline -0.024 -13"><span class='ocrx_word' id='word_1_998' title='bbox 1963 5212 2069 5264; x_wconf 68' lang='lat' dir='ltr'><strong>xvn</strong></span> <span class='ocrx_word' id='word_1_999' title='bbox 2089 5235 2105 5261; x_wconf 91' lang='lat'><strong>,</strong></span> <span class='ocrx_word' id='word_1_1000' title='bbox 2137 5192 2252 5263; x_wconf 77' lang='lat'><strong>5|).</strong></span> 
     </span>
    </p>
   </div>
   <div class='ocr_carea' id='block_1_115' title="bbox 2030 5266 3569 5364">
    <p class='ocr_par' dir='ltr' id='par_1_115' title="bbox 2030 5266 3569 5364">
     <span class='ocr_line' id='line_1_115' title="bbox 2030 5266 3569 5364; baseline 0.006 -7"><span class='ocrx_word' id='word_1_1001' title='bbox 2030 5311 2046 5343; x_wconf 81' lang='grc' dir='ltr'>ι</span> <span class='ocrx_word' id='word_1_1002' title='bbox 2083 5317 2183 5358; x_wconf 78' lang='lat' dir='ltr'><strong>Am.</strong></span> <span class='ocrx_word' id='word_1_1003' title='bbox 2201 5313 2277 5356; x_wconf 76' lang='lat' dir='ltr'><strong>Er.</strong></span> <span class='ocrx_word' id='word_1_1004' title='bbox 2302 5297 2944 5364; x_wconf 64' lang='lat' dir='ltr'><strong>etlss.,_(titanI0dQW-</strong></span> <span class='ocrx_word' id='word_1_1005' title='bbox 2969 5304 3017 5364; x_wconf 70' lang='lat' dir='ltr'><strong>ll!</strong></span> <span class='ocrx_word' id='word_1_1006' title='bbox 3038 5293 3401 5364; x_wconf 58' lang='grc' dir='ltr'><strong>ιίιποεφςιιη</strong></span> <span class='ocrx_word' id='word_1_1007' title='bbox 3421 5297 3531 5364; x_wconf 61' lang='lat' dir='ltr'><strong>“E92</strong></span> <span class='ocrx_word' id='word_1_1008' title='bbox 3560 5266 3569 5281; x_wconf 24' lang='grc' dir='ltr'><strong><em>Γ</em></strong></span> 
     </span>
    </p>
   </div>
   <div class='ocr_carea' id='block_1_116' title="bbox 1966 5357 3535 5429">
    <p class='ocr_par' dir='ltr' id='par_1_116' title="bbox 1966 5357 3535 5429">
     <span class='ocr_line' id='line_1_116' title="bbox 1966 5357 3535 5429; baseline -0.015 -7"><span class='ocrx_word' id='word_1_1009' title='bbox 1966 5357 2198 5429; x_wconf 75' lang='lat' dir='ltr'><strong>saucium,</strong></span> <span class='ocrx_word' id='word_1_1010' title='bbox 2224 5382 2271 5417; x_wconf 91' lang='lat' dir='ltr'><strong>n.</strong></span> <span class='ocrx_word' id='word_1_1011' title='bbox 2296 5367 2376 5425; x_wconf 77' lang='lat'><strong>&#39;50,</strong></span> <span class='ocrx_word' id='word_1_1012' title='bbox 2401 5366 2471 5414; x_wconf 87' lang='lat' dir='ltr'><strong>sic</strong></span> <span class='ocrx_word' id='word_1_1013' title='bbox 2485 5357 2572 5413; x_wconf 84' lang='lat' dir='ltr'><strong>illa</strong></span> <span class='ocrx_word' id='word_1_1014' title='bbox 2587 5362 2830 5412; x_wconf 83' lang='lat' dir='ltr'><strong>sententia</strong></span> <span class='ocrx_word' id='word_1_1015' title='bbox 2852 5359 3127 5429; x_wconf 77' lang='lat' dir='ltr'><strong>repetitur:</strong></span> <span class='ocrx_word' id='word_1_1016' title='bbox 3163 5373 3185 5399; x_wconf 81' lang='grc' dir='ltr'>ι</span> <span class='ocrx_word' id='word_1_1017' title='bbox 3201 5361 3251 5429; x_wconf 78' lang='lat' dir='ltr'><strong>et</strong></span> <span class='ocrx_word' id='word_1_1018' title='bbox 3273 5357 3350 5429; x_wconf 61' lang='lat' dir='ltr'><strong>ita</strong></span> <span class='ocrx_word' id='word_1_1019' title='bbox 3360 5357 3535 5429; x_wconf 47' lang='lat' dir='ltr'><strong>{ruerint</strong></span> 
     </span>
    </p>
   </div>
   <div class='ocr_carea' id='block_1_117' title="bbox 1973 5418 3539 5491">
    <p class='ocr_par' dir='ltr' id='par_1_117' title="bbox 1973 5418 3539 5491">
     <span class='ocr_line' id='line_1_117' title="bbox 1973 5418 3539 5491; baseline -0.013 -12"><span class='ocrx_word' id='word_1_1020' title='bbox 1973 5418 2151 5488; x_wconf 53' lang='lat' dir='ltr'><strong>fiam,</strong></span> <span class='ocrx_word' id='word_1_1021' title='bbox 2174 5418 2229 5481; x_wconf 79' lang='lat' dir='ltr'><strong>ut</strong></span> <span class='ocrx_word' id='word_1_1022' title='bbox 2249 5418 2414 5491; x_wconf 82' lang='lat' dir='ltr'><strong>neque</strong></span> <span class='ocrx_word' id='word_1_1023' title='bbox 2436 5437 2584 5488; x_wconf 87' lang='lat' dir='ltr'><strong>super</strong></span> <span class='ocrx_word' id='word_1_1024' title='bbox 2601 5431 2773 5481; x_wconf 86' lang='lat' dir='ltr'><strong>terras,</strong></span> <span class='ocrx_word' id='word_1_1025' title='bbox 2809 5418 2971 5484; x_wconf 80' lang='lat' dir='ltr'><strong>neque</strong></span> <span class='ocrx_word' id='word_1_1026' title='bbox 3000 5422 3047 5469; x_wconf 84' lang='lat' dir='ltr'><strong>lu</strong></span> <span class='ocrx_word' id='word_1_1027' title='bbox 3079 5418 3252 5479; x_wconf 81' lang='lat' dir='ltr'><strong>requie</strong></span> <span class='ocrx_word' id='word_1_1028' title='bbox 3269 5418 3539 5461; x_wconf 80' lang='lat' dir='ltr'><strong>sanctorum</strong></span> 
     </span>
    </p>
   </div>
   <div class='ocr_carea' id='block_1_118' title="bbox 2084 5506 2243 5539">
    <p class='ocr_par' dir='ltr' id='par_1_118' title="bbox 2084 5506 2243 5539">
     <span class='ocr_line' id='line_1_118' title="bbox 2084 5506 2243 5539; baseline 0 0"><span class='ocrx_word' id='word_1_1029' title='bbox 2084 5506 2194 5539; x_wconf 76' lang='lat' dir='ltr'><strong>rant.</strong></span> <span class='ocrx_word' id='word_1_1030' title='bbox 2219 5506 2243 5534; x_wconf 63' lang='grc'><strong>1</strong></span> 
     </span>
    </p>
   </div>
   <div class='ocr_carea' id='block_1_119' title="bbox 1977 5499 3538 5610">
    <p class='ocr_par' dir='ltr' id='par_1_119' title="bbox 1977 5499 3538 5610">
     <span class='ocr_line' id='line_1_119' title="bbox 1977 5499 3538 5610; baseline -0.009 -10"><span class='ocrx_word' id='word_1_1031' title='bbox 1977 5511 1999 5540; x_wconf 51' lang='grc' dir='ltr'>ι</span> <span class='ocrx_word' id='word_1_1032' title='bbox 2019 5499 2243 5601; x_wconf 34' lang='lat' dir='ltr'><strong>vlg-ti;</strong></span> <span class='ocrx_word' id='word_1_1033' title='bbox 2266 5546 2544 5610; x_wconf 73' lang='lat' dir='ltr'><strong>legendum.</strong></span> <span class='ocrx_word' id='word_1_1034' title='bbox 2563 5543 2760 5610; x_wconf 72' lang='lat' dir='ltr'><strong>_guod_</strong></span> <span class='ocrx_word' id='word_1_1035' title='bbox 2773 5550 2900 5593; x_wconf 79' lang='lat' dir='ltr'><strong>Deus</strong></span> <span class='ocrx_word' id='word_1_1036' title='bbox 2929 5539 3001 5591; x_wconf 84' lang='lat' dir='ltr'><strong>illi</strong></span> <span class='ocrx_word' id='word_1_1037' title='bbox 3040 5550 3195 5589; x_wconf 86' lang='lat' dir='ltr'><strong>comes</strong></span> <span class='ocrx_word' id='word_1_1038' title='bbox 3228 5539 3332 5605; x_wconf 79' lang='lat' dir='ltr'><strong>erat</strong></span> <span class='ocrx_word' id='word_1_1039' title='bbox 3361 5546 3377 5584; x_wconf 93' lang='lat'><strong><em>:</em></strong></span> <span class='ocrx_word' id='word_1_1040' title='bbox 3400 5532 3538 5586; x_wconf 80' lang='lat' dir='ltr'><strong>siculi</strong></span> 
     </span>
    </p>
   </div>
   <div class='ocr_carea' id='block_1_120' title="bbox 1972 5605 2880 5677">
    <p class='ocr_par' dir='ltr' id='par_1_120' title="bbox 1972 5605 2880 5677">
     <span class='ocr_line' id='line_1_120' title="bbox 1972 5605 2880 5677; baseline -0.01 -16"><span class='ocrx_word' id='word_1_1041' title='bbox 1972 5622 2137 5677; x_wconf 67' lang='lat' dir='ltr'><strong>luistea</strong></span> <span class='ocrx_word' id='word_1_1042' title='bbox 2161 5611 2242 5660; x_wconf 86' lang='lat' dir='ltr'><strong>Ilh.</strong></span> <span class='ocrx_word' id='word_1_1043' title='bbox 2266 5605 2432 5677; x_wconf 59' lang='grc' dir='ltr'><strong>2,“ιιῐιἱ</strong></span> <span class='ocrx_word' id='word_1_1044' title='bbox 2451 5608 2529 5666; x_wconf 74' lang='lat'><strong>53,</strong></span> <span class='ocrx_word' id='word_1_1045' title='bbox 2870 5663 2880 5673; x_wconf 35' lang='grc' dir='ltr'>ι</span> 
     </span>
    </p>
   </div>
   <div class='ocr_carea' id='block_1_121' title="bbox 2035 5665 3001 5729">
    <p class='ocr_par' dir='ltr' id='par_1_121' title="bbox 2035 5665 3001 5729">
     <span class='ocr_line' id='line_1_121' title="bbox 2035 5665 3001 5729; baseline -0.011 -7"><span class='ocrx_word' id='word_1_1046' title='bbox 2035 5676 2056 5706; x_wconf 78' lang='grc'><strong>³</strong></span> <span class='ocrx_word' id='word_1_1047' title='bbox 2091 5680 2153 5722; x_wconf 88' lang='lat' dir='ltr'><strong>tta</strong></span> <span class='ocrx_word' id='word_1_1048' title='bbox 2177 5665 2321 5721; x_wconf 82' lang='lat' dir='ltr'><strong>vetus</strong></span> <span class='ocrx_word' id='word_1_1049' title='bbox 2346 5665 2521 5718; x_wconf 73' lang='lat' dir='ltr'><strong>codex.</strong></span> <span class='ocrx_word' id='word_1_1050' title='bbox 2559 5675 2611 5729; x_wconf 63' lang='lat' dir='ltr'><strong>at</strong></span> <span class='ocrx_word' id='word_1_1051' title='bbox 2641 5665 2777 5729; x_wconf 35' lang='lat' dir='ltr'><strong>editi]</strong></span> <span class='ocrx_word' id='word_1_1052' title='bbox 2801 5665 3001 5715; x_wconf 73' lang='lat' dir='ltr'><strong>exitum.</strong></span> 
     </span>
    </p>
   </div>
   <div class='ocr_carea' id='block_1_122' title="bbox 2036 5727 2764 5798">
    <p class='ocr_par' dir='ltr' id='par_1_122' title="bbox 2036 5727 2764 5798">
     <span class='ocr_line' id='line_1_122' title="bbox 2036 5727 2764 5798; baseline -0.007 -17"><span class='ocrx_word' id='word_1_1053' title='bbox 2036 5736 2108 5796; x_wconf 83' lang='grc' dir='ltr'><strong>(η)</strong></span> <span class='ocrx_word' id='word_1_1054' title='bbox 2136 5734 2249 5784; x_wconf 77' lang='lat' dir='ltr'><strong>vide</strong></span> <span class='ocrx_word' id='word_1_1055' title='bbox 2273 5730 2413 5792; x_wconf 76' lang='lat' dir='ltr'><strong>infra,</strong></span> <span class='ocrx_word' id='word_1_1056' title='bbox 2440 5730 2521 5779; x_wconf 86' lang='lat' dir='ltr'><strong>lib.</strong></span> <span class='ocrx_word' id='word_1_1057' title='bbox 2546 5728 2595 5789; x_wconf 75' lang='lat'><strong>‘2,</strong></span> <span class='ocrx_word' id='word_1_1058' title='bbox 2614 5740 2662 5778; x_wconf 91' lang='lat' dir='ltr'><strong>n.</strong></span> <span class='ocrx_word' id='word_1_1059' title='bbox 2694 5727 2764 5798; x_wconf 68' lang='lat' dir='ltr'><strong>l2;</strong></span> 
     </span>
    </p>
   </div>
  </div>
