4028 6202
468 354 559 402 2:1

474 354 559 404 ρει
1313 346 1576 404 CONTRA
1622 346 1953 400 LITTERAS
1994 345 2346 408 PETILHNI,
2390 345 2444 398 Β.
2490 347 2856 403 AUGUS'l‘lNl

539 464 762 519 CAPUT
811 462 874 516 Χ.
924 491 992 501 -—-
1037 463 1116 513 ll.
1161 461 1432 514 Postremo
1460 503 1471 517 .
1499 461 1540 512 si
1577 473 1750 528 neque
1777 459 2039 511 occultum

399 550 402 552 ’
470 557 812 612 sceleratum.
865 569 1032 622 neque
1084 553 1452 616 manifestum,
1498 552 1585 620 qui
1635 562 1808 604 tamen
1858 551 1924 602 ab
1969 550 2044 602 eis

470 647 699 700 nondum
739 645 1018 702 damnatus
1057 645 1124 696 sit
1155 687 1166 705 ,
1212 645 1390 696 volunt
1428 643 1693 711 appellare
1730 651 1992 692 mortuum
2027 681 2042 703 ,

386 721 390 730 ’
467 737 558 790 sed
589 745 643 790 et
667 735 997 789 manifestum
1027 744 1076 788 et
1098 735 1422 798 danmalum,
1449 745 1503 787 ut
1523 733 1757 802 quisquis
1777 732 1844 784 ab
1863 746 1927 785 eo
1948 731 2043 784 ba-

469 827 692 892 ptizatur
715 867 727 886 ,
776 827 886 893 ipse.
915 840 942 877 a
975 835 1180 878 mortuo
1210 825 1534 892 haplizetur,
1563 832 1619 876 et
1649 821 1774 874 nihil
1802 821 1849 874 ei
1880 822 2047 889 prosit

469 917 736 968 lavacrum
775 916 887 983 ejus
918 933 930 966 :
959 915 1082 983 quid
1126 914 1312 968 dicturi
1342 922 1462 966 sunt
1490 913 1555 966 de
1585 913 1648 965 iis
1677 925 1809 980 quos
1835 909 2046 978 plenarii

463 1007 663 1057 cauri/ii
701 1007 778 1057 sui
813 1003 884 1076 (α)
917 1021 1001 1057 ore
1027 1006 1242 1057 veridico
1273 1019 1389 1057 eum
1421 1003 1736 1056 Maximiano
1763 1011 1814 1054 et
1839 1001 2044 1054 caeteris

464 1097 580 1164 ejus
628 1097 1018 1149 ordinatoribus
1066 1097 1454 1148 damnaverunt
1483 1134 1495 1153 .
1552 1092 1872 1146 Felicianum
1925 1090 2044 1143 dico

467 1187 800 1240 Mustitanmn
825 1230 837 1248 .
869 1200 922 1242 et
955 1189 1320 1240 l‘rzetextatum
1357 1185 1740 1246 Assuritauum,
1770 1182 1836 1236 de
1855 1183 2045 1258 quibus

466 1277 674 1329 interim
717 1278 932 1346 loquor.
975 1279 1058 1345 qui
1095 1285 1434 1328 numerantur
1463 1274 1600 1327 inter
1628 1271 1902 1325 duodecim
1933 1271 2043 1324 Ma-

466 1367 680 1418 ximiani
704 1366 1035 1419 ordiuatores
1055 1406 1067 1425 ,
1096 1375 1147 1418 et
1171 1375 1437 1418 crcetnrcs
1457 1363 1637 1415 altaris
1658 1371 1838 1415 contra
1859 1375 2041 1414 eorum

465 1459 632 1508 altare
651 1496 665 1519 ,
718 1455 801 1508 cui
848 1456 1144 1508 l’rimianus
1170 1453 1402 1508 assistit?
1429 1452 1517 1506 Isti
1546 1463 1689 1506 certe
1712 1451 1777 1504 ab
1805 1451 1880 1504 eis
1909 1451 2044 1503 inter

469 1557 704 1598 mortuos
746 1546 1083 1614 deputantur.
1129 1545 1300 1599 Testis
1329 1553 1408 1597 est
1441 1543 1575 1596 illius
1612 1542 1822 1594 concilii
1858 1555 2041 1593 eorum

468 1634 711 1687 videlicet
753 1636 996 1702 pra-clara
1048 1635 1306 1688 sententia
1332 1674 1347 1698 ,
1388 1648 1506 1701 quin
1541 1631 1804 1701 quondam
1833 1629 2044 1699 quando

465 1727 600 1795 apud
633 1742 724 1781 eos
753 1726 1086 1780 decernenda
1121 1727 1334 1779 recitata
1363 1733 1473 1789 est,
1503 1739 1594 1777 ore
1624 1723 1879 1776 latissimo
1911 1722 1924 1750 ¹
1956 1734 2044 1773 ac-

464 1819 823 1871 clamaverunt
849 1835 862 1881 ;
894 1833 1031 1870 nunc
1061 1827 1234 1870 autem
1263 1818 1305 1869 si
1333 1816 1467 1869 forte
1491 1817 1568 1869 eis
1596 1830 1626 1868 a
1655 1814 1804 1868 nobis
1825 1813 2040 1866 recitata

467 1908 620 1959 fuerit
646 1950 658 1968 ,
705 1907 1110 1970 0buutteSeunt;
1155 1922 1273 1959 cum
1310 1907 1486 1975 potius
1513 1921 1614 1957 non
1643 1920 1756 1956 eam
1788 1902 2045 1956 deberent

465 1998 633 2064 primo
673 1996 903 2064 gaudere
934 1996 1182 2050 disertam
1209 2037 1221 2060 ,
1253 2011 1318 2048 ne
1350 2005 1529 2062 postea
1561 1994 1868 2063 plangerent
1895 1991 2044 2045 ditia-

467 2095 678 2138 malam.
725 2085 795 2139 Ibi
841 2087 1033 2154 quippe
1069 2085 1135 2139 de
1162 2084 1556 2138 Maximianistis
1583 2099 1610 2135 a
1638 2083 1905 2136 consortio
1930 2096 2042 2135 sua:

463 2179 852 2232 communionis
878 2179 1107 2232 exclusis
1139 2179 1207 2230 ita
1235 2177 1417 2231 dicunt
1449 2194 1461 2230 :
1499 2176 1646 2242 Quod
1666 2175 1882 2228 veridica
1907 2173 2043 2226 unda

465 2271 514 2320 in
545 2285 747 2338 asperos
773 2269 1006 2336 scopulos
1037 2268 1391 2321 nonnullorum
1412 2270 1660 2335 naufraga
1683 2267 1903 2336 projecta
1928 2274 2042 2316 sunt

464 2359 702 2420 membra,
726 2368 770 2410 et
793 2357 1155 2427 ﬁgyptiorum
1177 2357 1449 2409 admodum
1469 2355 1715 2424 exemplo,
1734 2354 2042 2422 pereuntium

465 2451 721 2518 funeribus
749 2451 897 2517 plena
918 2462 1030 2503 sunt
1053 2451 1221 2502 littora
1243 2465 1263 2512 ;
1287 2450 1464 2518 quibus
1488 2449 1548 2520 in_
1567 2450 1678 2517 ipsa
1698 2459 1857 2501 morte
1881 2450 2043 2517 major

464 2549 533 2591 est
561 2556 736 2606 paena,
767 2539 902 2610 quod
932 2547 1041 2607 post
1070 2550 1312 2592 extortam
1337 2540 1478 2607 aquis
1507 2538 1762 2592 ultricibus
1785 2539 2003 2590 animum
2024 2579 2038 2601 ,

464 2648 551 2683 nec
589 2632 746 2697 ipsam
785 2632 1038 2684 inveniunt
1067 2633 1390 2700 sepulturam.
1423 2633 1493 2685 lta
1523 2631 1736 2699 quidem
1767 2630 1850 2684 isti
1878 2630 2043 2683 insul-

468 2734 574 2774 tam.
605 2722 952 2777 sehismaticis
977 2723 1087 2777 suis
1107 2765 1120 2788 ,
1153 2735 1208 2776 ut
1236 2737 1328 2776 eos
1348 2733 1401 2776 et
1421 2731 1658 2775 mortuos
1677 2730 1730 2775 et
1752 2721 2041 2788 insepultos

465 2823 654 2865 vocent
698 2831 709 2865 :
750 2813 839 2866 sed
867 2822 1010 2866 certe
1041 2825 1224 2881 optare
1253 2811 1546 2865 debuerunt
1575 2819 1632 2864 ut
1655 2811 2048 2894 sepelirentur,~

464 2918 532 2956 ne
569 2902 633 2956 de
673 2902 1004 2957 multitudine
1024 2903 1309 2972 jacentium
1339 2903 1392 2956 in
1419 2903 1596 2957 littore
1620 2902 1934 2956 cadaverum
1963 2901 2042 2954 in-

471 2993 794 3059 sepultorum
819 2991 1160 3046 Gildoniauus
1181 2993 1400 3060 Optatus
1423 2992 1672 3046 incedens
1691 3007 1809 3046 cum
1832 2993 2040 3060 agmine

469 3081 680 3132 militari
710 3121 724 3144 ,
766 3091 1011 3148 tanquam
1057 3081 1269 3149 rapidus
1295 3081 1485 3135 ﬂuctus
1507 3083 1526 3112 ²
1559 3082 1693 3135 ultra
1725 3081 2034 3150 prosiliens,

468 3169 788 3222 Felieianuin
859 3179 911 3224 et
972 3170 1343 3224 Prmtcxtatum
1410 3172 1667 3225 introrsus
1725 3181 1902 3240 postea
1957 3186 2040 3225 re-

465 3261 721 3312 sorberet.
1225 3268 1231 3274 ’

536 3349 759 3405 CAPUT
806 3349 894 3404 XI.
940 3381 1010 3390 --
1054 3351 1135 3404 19..
1190 3353 1226 3405 Α
1273 3352 1462 3421 quibus
1503 3368 1712 3421 quaero,
1757 3360 1926 3406 utrum
1972 3351 2036 3404 ad

465 3455 646 3492 eorum
691 3440 904 3512 pelagus
931 3443 1278 3495 commeando
1307 3444 1641 3506 revixerunt,
1674 3459 1738 3496 an
1770 3444 1940 3496 adhuc
1969 3443 2035 3496 ibi

468 3531 658 3582 mortui
700 3531 954 3584 manent?
986 3531 1041 3584 Si
1069 3532 1207 3585 enim
1237 3532 1572 3585 nihilominus
1599 3533 1850 3586 cadavera
1882 3542 2032 3598 sunt,

469 3634 564 3671 nec
608 3620 782 3687 aliquo
831 3620 986 3672 modo
1032 3621 1243 3688 prodest
1288 3622 1547 3674 lavacrum
1594 3623 1670 3675 eis
1710 3623 1794 3690 qui
1831 3622 1897 3674 ab
1926 3622 2038 3675 istis

472 3711 692 3763 mortuis
730 3711 1078 3780 baptizantur.
1120 3710 1172 3766 Si
1203 3722 1375 3765 autem
1407 3715 1744 3778 revixerunt,
1773 3713 2038 3783 quomodo

470 3802 683 3870 prodi-st
733 3803 995 3857 lavacrum
1045 3804 1183 3866 illis,
1230 3819 1394 3874 quos,
1441 3820 1557 3858 cum
1599 3805 1866 3858 exanimes
1897 3807 2038 3872 jace-

473 3902 587 3944 n-nt
611 3934 624 3955 ,
660 3892 788 3945 loris
815 3903 966 3949 antea
997 3894 1356 3962 baptizaruut,
1390 3896 1431 3948 si
1458 3909 1522 3949 eo
1546 3896 1702 3949 modo
1727 3912 1830 3964 quo
1859 3904 2041 3965 putant

472 3982 862 4050 intelligendum
901 3994 1017 4048 est,
1065 3979 1162 4049 Qui
1203 3984 1485 4051 baptizatur
1517 4001 1548 4036 a
1590 3996 1784 4037 mortuo
1808 4027 1821 4049 ,
1849 3985 1970 4054 quid
1993 3986 2041 4036 ei

471 4073 668 4140 prodest
696 4074 952 4126 lavacrum
979 4076 1086 4142 ejus
1109 4075 1133 4125 ?
1161 4075 1265 4126 Eos
1293 4073 1430 4126 enim
1457 4088 1589 4141 quos
1619 4074 1962 4129 [’rzetextatus
1989 4083 2042 4128 et

472 4165 799 4230 Pelii-ianus,
839 4179 958 4218 cum
1003 4164 1173 4218 adhuc
1214 4163 1524 4216 Maximiano
1548 4167 2037 4231 cnmmunicarcnt,

473 4257 897 4324 baptizaverunt,
940 4271 1078 4308 nunc
1106 4270 1282 4308 secum
1311 4271 1412 4308 non
1441 4257 1789 4323 rebaptizatos
1803 4273 1919 4310 cum
1939 4259 2041 4311 eis-

475 4346 594 4397 di-in
643 4347 1050 4413 baptizalorilms
1087 4346 1198 4398 suis
1222 4386 1234 4404 ,
1265 4345 1363 4400 hoc
1389 4355 1468 4399 est
1491 4387 1504 4405 ,
1536 4345 1799 4400 Feliciano
1823 4354 1875 4400 et
1896 4347 2039 4400 Pric-

477 4447 674 4491 textaln
702 4439 840 4490 iuius
869 4438 1058 4490 habent
1085 4437 1372 4506 permixtos
1397 4439 1750 4492 communioni
1777 4453 1884 4491 sua:
1911 4457 1924 4493 :
1949 4455 2042 4493 cu-

471 4527 554 4594 jus
579 4526 699 4579 liicti
730 4527 1026 4590 occasione,
1054 4527 1096 4580 si
1122 4542 1223 4580 non
1246 4542 1353 4580 sure
1376 4529 1675 4595 pertinacia:
1698 4529 2054 4598 principatum'

475 4624 708 4674 foverent
728 4661 740 4684 ,
781 4619 872 4673 sed
908 4620 1192 4688 spiritualis
1231 4635 1339 4673 suae
1368 4619 1550 4672 salutis
1579 4629 1682 4672 tam
1709 4630 1909 4673 certum
1936 4621 2047 4674 exi-

477 4711 602 4763 tium
643 4710 964 4779 cogitarent,
1008 4710 1257 4778 evigilare
1288 4709 1464 4778 utique
1491 4709 1778 4772 deberent,
1809 4719 1862 4763 ct
1886 4711 2046 4764 animi

474 4801 697 4854 sanitate
740 4809 947 4869 recepta
991 4800 1040 4852 in
1088 4814 1214 4868 pace
1243 4799 1499 4852 catholica
1544 4800 1836 4867 respirare;
1885 4799 1927 4854 si
1972 4809 2049 4853 m-

478 4910 624 4947 inore
654 4893 914 4961 superbiai
944 4893 1140 4961 posito,
1169 4900 1222 4946 et
1249 4891 1554 4960 pervicacius
1577 4892 1752 4948 furore
1778 4905 2045 4962 superato,

446 4985 664 5037 -vellent
704 4983 978 5036 attendere
1019 4998 1174 5052 quam
1207 4982 1417 5035 immani
1449 4981 1722 5052 sacrilegio
1749 4985 2052 5037 transmari-

476 5092 659 5128 narum
712 5074 1064 5127 licclesiarum
1091 5115 1104 5138 ,
1148 5089 1276 5145 quas
1306 5075 1582 5144 primtevas
1608 5079 1736 5128 sitas
1766 5091 1828 5128 ex
1856 5077 2050 5132 sanctis

478 5167 644 5219 Libris
665 5165 966 5233 accepimus
989 5203 1003 5227 ,
1030 5163 1326 5232 Baptismus
1352 5173 1654 5218 exsecretur
1672 5203 1686 5227 ,
1713 5173 1766 5216 et
1787 5165 2051 5219 Maximia-

477 5259 728 5309 lllslal‘lllll
755 5296 770 5317 ,
803 5271 934 5325 quos
955 5270 1047 5309 ore
1077 5256 1288 5324 prOprio
1311 5256 1725 5319 damnaverunt,
1750 5255 2051 5325 Baptisinus

477 5349 775 5417 recipiatur.

542 5486 553 5513 ι
593 5483 692 5530 sola
734 5482 880 5530 editio
916 5487 1044 5540 Lov.,
1075 5479 1360 5531 artissimo:
1399 5490 1451 5530 ut
1497 5495 1687 5531 rursum
1728 5481 1792 5529 lib
1823 5481 1851 5529 4
1890 5490 2053 5532 contra

478 5547 796 5599 i‘resconium,
818 5558 862 5590 n.
892 5543 966 5591 48.

544 5607 561 5633 ³
598 5612 641 5651 ιιι
669 5612 792 5660 Mss,
833 5610 1057 5666 tanquam
1080 5602 1276 5654 rabidas
1305 5602 1628 5665 [luctas-«sie.
1649 5606 1793 5653 etiam
1815 5611 1883 5653 tir.
1907 5605 2049 5666 Lugd.

483 5670 594 5709 Vt'lt.
622 5671 724 5710 |.uv.
793 5672 845 5712 Μ.

545 5725 614 5780 (ιι)
643 5726 924 5781 lsagaieus'ts.

3075 423 3094 445 ι
3621 356 3740 407 ἳὲἰί

2223 456 2442 510 CAPUT
2483 457 2571 510 Xll
2615 487 2684 497 -—
2712 459 2791 513 l5.
2827 459 2924 528 lpai
2967 475 3090 514 vero
3115 460 3300 516 fratres
3323 466 3486 518 nostri
3519 482 3735 520 memo-

2152 555 2380 599 ratarum
2439 547 2791 602 Ecelesiarum
2843 551 2971 614 lilii,
3021 551 3144 619 quid
3185 563 3308 607 ante
3337 563 3412 608 tot
3457 570 3623 610 annos
3676 559 3736 611 In

2153 635 2328 690 Africa
2371 647 2572 704 gestum
2603 639 2704 703 sit,
2737 650 2791 693 et
2820 651 2943 693 tunc
2985 643 3307 708 nescierunt,
3359 656 3412 698 et
3443 647 3601 700 modo
3626 664 3728 700 ne-

2151 727 2323 778 sciunt
2348 745 2360 778 :
2386 726 2524 780 unde
2555 728 2671 782 illos
2692 729 2930 789 crinina,
2958 746 3074 798 quae
3102 732 3169 786 ab
3189 748 3370 787 eorum
3405 746 3549 803 parte
3579 738 3730 791 Afris

2150 815 2353 883 objecta
2378 828 2501 869 sunt
2525 859 2538 882 ,
2568 818 2774 871 etiamsi
2801 835 2925 873 vera
2966 831 3142 874 essent
3173 822 3480 891 ignorantes
3499 867 3512 888 ,
3540 841 3735 880 conta-

2151 907 2350 960 minare
2375 922 2476 960 non
2524 919 2756 977 possent.
2792 910 2878 964 lsti
2904 921 3077 965 autem
3116 914 3284 980 palam
3314 919 3538 984 separati
3565 931 3732 987 atque

2148 997 2340 1060 divisi,
2384 1014 2502 1051 cum
2549 999 2800 1054 Primiani
2845 1001 3162 1056 ordinat-ioni
3217 1005 3375 1058 etiam
3425 1007 3734 1064 interfuisse

2149 1075 2408 1154 dicantur,
2441 1092 2760 1147 Primianum
2790 1093 3206 1160 damnaverunt,
3235 1097 3395 1149 alium
3419 1099 3732 1170 episcopum

2147 1190 2330 1236 contra
2379 1181 2702 1236 Primianum
2749 1183 3167 1250 ordinaverunt,
3211 1197 3359 1240 extra
3402 1188 3728 1245 Primianuin

2149 1271 2589 1338 baptizaverunt,
2667 1284 2785 1342 post
2851 1274 3174 1329 Primianum
3239 1277 3701 1348 rebaptizaverunt

2147 1375 2372 1428 cumque
2399 1363 2508 1415 suis
2534 1363 2659 1418 loris
2685 1379 2712 1415 a
2746 1379 2806 1417 se
2836 1364 3132 1433 baptizatis,
3157 1376 3210 1420 et
3239 1367 3381 1422 intus
3404 1384 3431 1420 a
3473 1370 3614 1422 nullo
3643 1389 3734 1426 rc-

2147 1451 2446 1519 baptizatis,
2479 1452 2543 1506 ad
2588 1453 2910 1507 Primianum
2960 1455 3250 1510 redierunt.
3299 1457 3356 1511 Si
3383 1468 3526 1513 tanta
3551 1460 3729 1514 Maxi-

2147 1541 2511 1596 miauistarum
2537 1545 2837 1612 coniunctio
2870 1545 3171 1600 Donatistas
3191 1563 3294 1601 non
3325 1551 3567 1613 maculat,
3591 1567 3724 1621 quo-

2149 1632 2305 1686 modo
2344 1635 2592 1688 Afrorum
2638 1636 2771 1687 fama
2830 1637 3000 1704 potuit
3051 1637 3316 1692 maculare
3374 1643 3730 1710 peregrinos?

2146 1722 2200 1777 Si
2224 1724 2276 1775 in
2305 1724 2447 1791 pacis
2495 1724 2677 1778 osculo
2707 1725 2822 1779 sin‘e
2864 1726 3086 1780 crimine
3117 1737 3312 1781 coeunt
3340 1729 3473 1781 labia
3517 1745 3635 1798 qua:
3663 1747 3732 1784 se

2148 1812 2372 1866 invicem
2401 1811 2818 1880 damnaverunt,
2849 1829 2947 1869 cur
2971 1815 3022 1868 in
3075 1816 3325 1870 Ecclesiis
3347 1817 3497 1872 valde
3538 1833 3729 1872 eorum

2142 1903 2340 1972 judicio
2369 1907 2738 1960 remotissimis
2765 1917 2908 1960 trans
2935 1923 3078 1962 mare
3123 1909 3189 1963 ab
3225 1910 3305 1964 eis
3329 1911 3548 1979 quisque
3573 1912 3731 1965 dam-

2147 2005 2319 2060 natus,
2353 2011 2456 2048 non
2486 2005 2541 2048 ut
2585 1997 2754 2051 ﬁdelis
2779 1998 3072 2052 catholicus
3098 2001 3388 2062 osculatur,
3420 2002 3513 2055 sed
3545 2013 3601 2055 ut
3629 2019 3727 2071 pa-

2146 2100 2311 2153 ganus
2359 2087 2550 2155 impius
2600 2088 3129 2156 exsulllaturiQuod
3179 2091 3222 2144 si
3267 2106 3449 2160 pacem
3496 2096 3731 2162 receptis

2146 2175 2544 2230 Maximiauistis
2585 2193 2681 2248 pro
2734 2193 2827 2233 sua
2868 2181 3068 2234 unitate
3120 2178 3399 2234 fecerunt:
3443 2195 3568 2236 ecce
3615 2198 3728 2236 nou

2147 2267 2581 2335 reprehendimus
2602 2313 2616 2334 ,
2669 2272 2767 2324 nisi
2801 2271 2941 2340 quod
2973 2286 3072 2326 suo
3102 2287 3160 2326 se
3195 2271 3396 2340 judicio
3433 2272 3679 2342 jugulant
3711 2314 3728 2332 .

2147 2367 2200 2409 ut
2220 2370 2338 2411 eum
2370 2374 2464 2426 pro
2491 2360 2694 2414 unitate
2719 2360 3039 2415 concisionis
3079 2377 3188 2416 sua:
3229 2377 3259 2415 a
3297 2377 3354 2416 se
3383 2375 3562 2416 rursus
3595 2378 3735 2416 con-

2146 2447 2252 2500 cisa
2287 2448 2636 2516 recolligant,
2667 2449 2833 2519 ipsam
2874 2451 3232 2506 concisioncm
3259 2466 3405 2506 suam
3437 2467 3574 2506 vera:
3601 2454 3728 2506 uni-.-

2148 2537 2239 2588 tati
2269 2538 2526 2590 resarcire
2547 2548 2910 2592 contemnant.

2215 2625 2438 2680 CAPUT
2479 2626 2611 2680 Xlll.
2641 2629 2817 2683 —M.
2855 2629 2909 2684 Si
2955 2644 3050 2696 pro
3091 2631 3290 2686 unitate
3341 2631 3502 2701 partis
3533 2631 3728 2686 Donati

2145 2715 2196 2768 in
2231 2715 2433 2769 nefario
2463 2718 2751 2775 schismate
2797 2721 3090 2790 baptizatos
3122 2739 3282 2777 nemo
3313 2723 3637 2794 rebaptizat,
3665 2738 3728 2780 et

2145 2805 2219 2858 rei
2249 2807 2376 2859 tanti
2411 2808 2627 2862 sceleris
2650 2851 2663 2872 ,
2697 2819 2751 2863 ut
2775 2825 2867 2864 eos
2907 2812 2957 2864 in
2986 2813 3209 2867 concilio
3236 2829 3334 2868 suo
3371 2815 3597 2885 antiquis
3617 2817 3728 2870 illis

2143 2899 2448 2952 auctoribus
2469 2899 2768 2955 schismatis
2794 2917 2926 2972 quos
2958 2905 3104 2960 vivos
3133 2915 3272 2960 terra
3305 2908 3507 2962 sorbuit
3528 2908 3722 2976 (Nam.

2143 3000 2228 3038 XVI
2254 3028 2267 3050 ,
2302 2987 2486 3058 31-55)
2516 3002 2907 3060 compararent,
2933 3006 3024 3048 aut
3071 2998 3298 3065 separati
3341 3015 3444 3054 non
3489 3001 3726 3069 puniun-

2143 3083 2247 3142 tur,
2298 3086 2386 3130 aut
2440 3078 2678 3133 damnati
2705 3081 2754 3134 in
2794 3083 3055 3152 integrum
3102 3087 3468 3152 restituuntur;
3490 3104 3584 3143 cur
3610 3104 3721 3144 non

2143 3181 2237 3234 pro
2283 3170 2484 3222 unitate
2531 3169 2766 3239 Christi,
2807 3188 2924 3242 qua:
2955 3183 3063 3228 toto
3088 3183 3346 3231 terrarum
3384 3179 3510 3231 orbe
3532 3177 3724 3232 diliusa

2142 3266 2243 3321 est,
2271 3258 2335 3310 dc
2366 3274 2471 3326 quo
2500 3260 2805 3327 pra-dictum
2848 3273 2929 3317 est
2980 3265 3118 3334 quod
3145 3265 3502 3321 dominabitur
3526 3283 3556 3322 a
3586 3270 3724 3322 mari

2143 3361 2307 3416 usque
2337 3348 2399 3400 ad
2427 3363 2592 3413 mare,
2623 3361 2676 3404 et
2701 3366 2729 3404 a
2758 3352 2972 3408 [lumine
2997 3370 3160 3423 usque
3190 3356 3256 3409 ad
3288 3359 3541 3411 terminos
3571 3358 3724 3412 orbis

2144 3444 2299 3490 terrae.
2340 3437 2508 3507 (Psal.
2539 3456 2690 3506 vai,
2721 3443 2808 3510 8).;
2842 3455 2894 3497 et
2918 3445 3058 3512 quod
3103 3445 3408 3512 priedictum
3448 3457 3549 3510 est,
3576 3448 3729 3502 vide-

2143 3525 2322 3580 tur'ac
2365 3529 2614 3595 probatur
2639 3531 2844 3599 impleri
2875 3549 2887 3584 :
2917 3549 3013 3586 cur
3054 3549 3180 3602 ergo
3211 3551 3313 3588 non
3344 3552 3440 3604 pro
3479 3539 3575 3591 ista
3607 3541 3730 3591 uni-

2143 3625 2246 3669 tate
2273 3633 2392 3669 vera
2441 3627 2493 3671 et
2515 3618 2747 3688 plenaria
2776 3621 2856 3673 lex
2900 3621 3040 3674 illius
3078 3622 3399 3677 luercditatis
3432 3627 3446 3655 ¹
3473 3628 3731 3694 agnosci-

2143 3714 2248 3770 tur,
2273 3722 2390 3775 quie
2428 3707 2494 3761 de
2538 3710 2904 3763 communibus
2949 3711 3216 3765 codicibus
3251 3723 3528 3780 personat,
3577 3713 3731 3770 Dabo

2142 3795 2229 3848 tibi
2256 3805 2424 3865 gentes
2450 3797 2785 3850 hereditatem
2805 3808 2960 3865 tuam,
2990 3810 3034 3853 et
3063 3803 3422 3868 possessionem
3453 3813 3594 3857 tuam
3620 3815 3728 3858 ler—

2142 3886 2302 3937 miuos
2327 3894 2471 3939 terra:
2499 3885 2666 3954 (Psal.
2699 3903 2733 3941 ιι
2759 3930 2773 3954 ,
2797 3890 2882 3958 8).
2916 3890 3016 3944 Pro
3049 3891 3234 3944 Donati
3272 3893 3469 3946 unitate
3499 3911 3599 3947 non
3623 3909 3726 3948 eo-

2141 3987 2337 4044 guntur
2384 3992 2633 4031 revocare
2677 3978 2815 4046 quod
2855 3979 3255 4048 disperserunt,
3284 3981 3378 4036 sed
3428 3983 3728 4038 admonen-

2145 4074 2228 4118 tur
2254 4068 2505 4121 exaudire
2533 4068 2673 4136 quod
2694 4070 2923 4124 clamant
2949 4072 3234 4140 Scriptum
3261 4091 3273 4126 :
3303 4088 3397 4127 cur
3427 4090 3531 4128 non
3557 4076 3722 4129 intel-

2145 4155 2310 4225 ligunt
2338 4159 2386 4210 id
2410 4173 2587 4212 secum
2611 4168 2784 4214 actum
2832 4162 3192 4216 misericordia
3235 4163 3323 4218 Dei
3346 4205 3361 4228 ,
3395 4174 3451 4218 ut
3475 4166 3726 4234 quoniam

2144 4247 2456 4302 catholicam
2500 4249 2786 4303 Ecclesium
2835 4249 2985 4305 falsis
3020 4253 3328 4306 criminibus
3371 4256 3681 4308 accusabam
3707 4299 3723 4319 ,

2145 4353 2368 4405 quorum
2418 4340 2564 4407 quasi
2591 4340 2908 4406 contagione
2937 4342 3153 4396 nimiam
3195 4344 3524 4397 sanctitatem
3572 4359 3726 4397 suam

2148 4429 2510 4482 contaminare
2531 4429 2800 4494 nolebant,
2821 4447 2942 4485 vera
2969 4443 3022 4486 et
3051 4433 3276 4486 maxima
3303 4435 3520 4487 crimina
3549 4437 3729 4504 plena-

2147 4518 2213 4568 rii
2257 4519 2453 4570 concilii
2500 4519 2578 4572 sui
2625 4521 2838 4574 veridico
2858 4563 2872 4586 ,
2904 4523 3039 4577 sicut
3084 4523 3296 4588 dicunt,
3327 4541 3411 4577 ore
3437 4524 3682 4579 damnata
3709 4569 3724 4590 ,

2151 4623 2330 4659 rursus
2363 4609 2594 4676 recipere
2621 4626 2716 4679 per
2749 4610 2923 4679 Optati
2951 4611 3246 4667 Gildoniani
3273 4629 3514 4684 regnum,
3545 4625 3597 4669 et
3621 4618 3725 4668 sihi

2150 4698 2352 4752 sin-iare
2378 4709 2711 4768 cogerentur.
2739 4700 2854 4754 Jam
2887 4702 3095 4756 tandem
3123 4705 3354 4758 sentiant
3379 4704 3729 4772 quemadmo-

2151 4787 2274 4839 dum
2305 4789 2441 4842 veris
2481 4804 2695 4843 suorum
2740 4790 3029 4845 sceleribus
3052 4793 3385 4861 impleantur,
3417 4795 3504 4864 qui
3535 4795 3583 4853 in
3617 4793 3729 4846 fra-

2156 4888 2262 4931 tres
2287 4893 2410 4932 suos
2438 4877 2564 4932 l'alsa
2579 4882 2902 4948 conﬁngunt,
2922 4896 3039 4950 qua:
3060 4884 3102 4937 si
3129 4883 3286 4936 etiam
3311 4899 3430 4936 vera
3445 4885 3730 4950 dixissent,

2149 4969 2256 5036 jam
2287 4972 2493 5024 tandem
2516 4973 2714 5026 sentire
2741 4973 2997 5027 deberent
3022 4984 3214 5044 quanta
3246 4975 3349 5029 sint
3369 4991 3464 5044 pro
3493 4991 3618 5044 pace
3649 4986 3734 5030 to-

2155 5059 2389 5125 leranda,
2422 5071 2475 5116 et
2501 5077 2593 5130 pro
2624 5078 2748 5130 pace
2772 5063 2966 5118 Christi
2995 5065 3167 5120 redire
3195 5065 3260 5118 ad
3289 5065 3576 5120 Ecclesiam
3607 5083 3734 5136 quzL-

2156 5167 2258 5204 non
2287 5152 2552 5205 damnavit
2597 5155 2888 5223 inciignita,
2921 5154 2963 5208 si
3014 5169 3108 5224 pro
3137 5170 3265 5224 pace
3311 5156 3499 5210 Donati
3532 5157 3734 5226 placuit

2155 5257 2403 5295 revocare
2431 5243 2696 5296 damnata.

2225 5332 2450 5387 CAPUT
2478 5332 2611 5386 XIV.
2643 5365 2713 5373 —
2763 5334 2846 5389 15.
2905 5333 3082 5404 Itaque
3131 5335 3320 5402 nobis,
3360 5335 3576 5400 fratres,
3630 5337 3736 5391 huc

2158 5440 2317 5477 unum
2344 5425 2482 5493 quod
2511 5425 2576 5476 de.
2605 5425 3002 5481 Maximianistis
3027 5428 3163 5496 apud
3191 5443 3283 5482 eos
3309 5427 3501 5482 factum
3533 5438 3636 5492 est,
3664 5429 3735 5480 ad

2223 5605 2233 5633 '
2277 5611 2368 5648 Αιιι.
2399 5607 2468 5647 Fr.
2499 5610 2546 5649 et
2575 5602 2717 5648 nostri
2745 5607 2972 5662 hlss.,pa.r
2995 5600 3124 5653 illius
3144 5601 3454 5654 Iurredilatis.
3474 5604 3738 5662 levamen-

2157 5677 2239 5710 ses
2263 5677 2321 5710 ex
2351 5663 2726 5724 Endmieiisitls.
2758 5671 2804 5709 et
2825 5661 2882 5711 ex
2905 5664 3041 5724 lily—5
3063 5673 3224 5713 contra
3241 5665 3560 5724 Cresconium,
3579 5676 3623 5711 tt.
3654 5661 3739 5718 ῃ,

2163 5725 2490 5774 cuiendarimt,
2511 5723 2587 5770 lar
2604 5721 2731 5772 illius
2750 5723 3055 5774 iat'rcditatis.
