4028 6202
307 402 370 418 ,ς-

302 424 373 449 δι

256 531 359 570 eos
384 512 749 568 admonendos
769 513 1215 582 corrigendosqne
1235 508 1458 564 sufliciat
1484 528 1497 564 :
1530 527 1641 565 non
1665 524 1842 568 vetera

253 606 474 659 archiva
509 608 522 637 ι
561 604 877 659 discutimus
905 644 920 667 ,
951 617 1057 659 non
1103 602 1317 671 antiqua
1340 603 1585 660 armaria
1618 605 1842 658 ventila-

255 713 399 754 mus.
427 711 533 750 non
555 694 623 748 ad
652 694 965 764 longinquas
990 701 1159 747 terras
1194 700 1429 746 nostram
1478 692 1839 760 probationem

254 786 706 850 transmittimus;
736 783 832 838 sed
877 791 1272 853 sequestrantus
1315 784 1488 837 omnia
1538 794 1840 838 nostrorum

255 876 579 929 documenta
627 873 889 945 majorum
914 914 929 934 .
983 871 1280 927 dilferiinus
1307 874 1328 903 ¹
1374 872 1672 928 testimonia
1731 881 1840 929 toto

254 978 520 1020 terrarum
547 965 676 1019 orbe
699 963 1000 1018 clamantia.
1334 1018 1351 1025 η
1414 951 1419 957 ’

326 1056 553 1112 CAPUT
585 1055 701 1110 XV.
731 1085 797 1094 —
827 1055 913 1108 16.
947 1054 1082 1108 Ecce
1114 1052 1391 1107 Mustitana
1429 1061 1484 1108 et
1520 1052 1834 1109 Assuritana

252 1148 518 1211 civitates;
540 1157 833 1216 supersunt
859 1145 1032 1199 adhuc
1060 1144 1080 1174 ³
1110 1144 1161 1198 in
1194 1143 1290 1198 hac
1312 1143 1413 1198 vita
1441 1152 1495 1196 et
1524 1143 1574 1197 in
1596 1144 1692 1198 hac
1711 1159 1838 1213 pro-

255 1240 426 1293 vincia
473 1238 564 1307 qui
590 1252 647 1291 se
675 1236 1046 1305 disjunxerunt
1071 1242 1123 1289 et
1150 1251 1179 1287 a
1200 1234 1390 1303 quibus
1417 1233 1663 1303 disjuncti
1689 1243 1832 1298 sunt,

253 1331 340 1398 qui
379 1329 551 1383 altare
589 1333 874 1383 erexerunt
897 1333 954 1379 et
990 1334 1174 1378 contra
1225 1339 1358 1393 quos
1394 1332 1715 1389 erexerunt,
1745 1324 1832 1392 qui

251 1420 573 1472 damnarunt
594 1426 648 1472 et
672 1418 760 1485 qui
785 1415 1018 1470 damnati
1040 1424 1182 1481 sunt,
1213 1415 1302 1484 qui
1331 1423 1645 1483 receperunt
1664 1425 1719 1470 et
1743 1415 1833 1484 qui

253 1508 453 1575 recepti
480 1515 609 1561 sunt
634 1548 648 1570 ,
677 1507 764 1575 qui
796 1505 925 1559 foris
945 1504 1192 1573 baptizati
1217 1514 1341 1558 sunt
1364 1515 1417 1567 et
1438 1504 1576 1560 intus
1607 1504 1836 1573 rebapti-

253 1597 354 1650 zati
386 1612 493 1650 non
521 1605 644 1650 sunt
676 1594 756 1651 :si
785 1594 899 1649 haec
927 1609 1023 1664 pro
1044 1594 1244 1647 unitate
1272 1594 1555 1658 maculant,
1588 1593 1831 1647 maculati

252 1690 607 1757 ωηψτίιιιςῃιῑ
631 1702 845 1751 vocem;
874 1687 917 1741 si
943 1685 1054 1742 haec
1079 1700 1175 1755 pro
1201 1684 1400 1739 unitate
1419 1699 1525 1737 non
1545 1684 1829 1749 maculant,

250 1779 480 1833 correcti
510 1777 753 1832 auferant
789 1762 954 1830 litem.
1380 1787 1390 1795 ‘

321 1867 550 1924 CAPUT
601 1868 737 1923 XVI.
772 1897 843 1907 --—
873 1869 951 1921 I7.
976 1868 1091 1921 Jam
1116 1866 1276 1921 verba
1320 1865 1557 1936 epistola:
1587 1880 1695 1920 sua:
1741 1864 1831 1918 ille

254 1961 365 2028 ipse
416 1959 506 2028 qui
535 1957 778 2026 scripsit,
811 1957 1026 2011 irrideat
1050 1998 1063 2019 ,
1108 1957 1199 2027 qui
1241 1966 1495 2025 usurpato
1535 1955 1743 2010 indocte
1769 1972 1831 2010 ac

254 2048 583 2104 mendaciter
609 2048 913 2102 testimonio
934 2088 947 2111 ,
976 2040 1086 2116 quo
1126 2048 1380 2115 scriptum
1407 2056 1788 2101 commemorat
1811 2089 1826 2113 ,

254 2138 351 2205 Qui
378 2139 665 2206 baptizatur
687 2155 718 2191 α
761 2148 956 2190 mortuo
977 2180 990 2199 ,
1019 2137 1140 2208 quid
1173 2137 1217 2190 ei
1241 2138 1441 2205 prodest
1466 2138 1648 2191 lavatio
1673 2138 1783 2208 ejus
1804 2138 1830 2189 Ρ

251 2244 473 2285 conatur
499 2231 649 2284 nobis
692 2229 976 2285 ostendere
997 2271 1012 2292 ,
1045 2239 1288 2298 quatenus
1310 2229 1522 2291 traditor
1563 2229 1664 2282 vita
1694 2245 1828 2281 mor-

253 2333 364 2374 tuus
402 2322 665 2374 habeatur.
701 2320 770 2374 Et
807 2319 1078 2389 adjungit,
1112 2318 1296 2372 dicens
1331 2338 1343 2372 :
1372 2317 1608 2372 Mortuus
1634 2328 1706 2373 est
1742 2319 1852 2373 ille!

250 2412 333 2478 qui
378 2409 639 2480 Bcptismo
678 2425 791 2463 vero
821 2410 959 2465 nasci
997 2426 1097 2465 non
1123 2410 1344 2472 meruit;
1374 2420 1599 2462 mortou
1641 2419 1713 2462 est
1741 2408 1828 2462 ille

251 2502 499 2567 similiter,
525 2501 611 2569 qui
641 2507 788 2569 justo
827 2499 1091 2568 Baptismo
1131 2501 1361 2570 genitas,
1393 2501 1580 2554 mixtus
1610 2511 1680 2554 est
1721 2509 1823 2553 tra-

251 2592 415 2645 ditari.
468 2590 525 2645 Si
553 2606 681 2661 ergo
728 2590 1124 2645 Maximianistm
1151 2592 1345 2644 mortui
1390 2608 1494 2645 non
1539 2602 1696 2656 sunt,
1729 2607 1825 2647 cur

250 2682 565 2750 inplenario
595 2682 823 2735 concilio
852 2696 948 2735 suo
978 2681 1195 2745 dicunt,
1234 2681 1374 2750 quod
1406 2698 1578 2734 eorum
1605 2700 1822 2751 pereun-

251 2775 370 2826 tium
410 2773 671 2841 funeribus
715 2772 874 2841 plena.
904 2781 1019 2825 sunt
1066 2770 1354 2827 littora?Si
1403 2782 1579 2826 autem
1630 2773 1819 2826 mortui

251 2871 389 2928 sunt,
422 2863 563 2917 unde
593 2863 720 2916 vivit
748 2860 770 2892 "
796 2862 1061 2931 Baptisms
1093 2861 1231 2931 quod
1258 2861 1553 2915 dederunt?
1585 2862 1781 2915 Deinde
1803 2903 1818 2926 ,

248 2953 661 3007 siMaximianus
709 2959 950 3005 mortuus
992 2968 1098 3005 non
1127 2962 1245 3015 est,
1293 2966 1458 3021 quare
1510 2960 1632 3019 post
1677 2951 1819 3005 illum

249 3044 625 3114 rebaptizatur?
647 3042 700 3098 Si
714 3052 886 3098 autem
905 3053 1143 3097 mortuus
1163 3054 1264 3108 eSI,
1283 3058 1445 3111 quare
1462 3058 1582 3096 cum
1608 3043 1695 3095 illo
1712 3059 1818 3098 non

248 3146 326 3189 est
350 3145 593 3189 mortuus
620 3134 918 3193 Feliciauus
944 3132 1259 3189 Mnstitanus
1287 3131 1558 3185 ordinator
1583 3132 1697 3200 ejus
1719 3175 1732 3196 ,
1766 3143 1822 3187 et

248 3242 364 3280 cum
411 3225 595 3280 nescio
646 3240 753 3295 quo
781 3223 1034 3292 Lraditore
1060 3220 1189 3275 Afro
1228 3221 1429 3290 collega
1480 3222 1612 3275 mori
1655 3222 1822 3291 potuit

249 3316 672 3372 transmarinus?
697 3318 818 3371 Ant.
831 3315 876 3370 si
913 3322 966 3370 et
996 3315 1107 3383 ipse
1137 3322 1377 3368 mortuus
1400 3322 1510 3376 est,
1535 3314 1671 3367 unde
1698 3330 1817 3369 eum

249 3408 336 3461 illo
362 3408 504 3477 apud
549 3417 601 3463 te
630 3408 810 3465 vivunt
837 3407 975 3460 intus
1003 3421 1110 3460 non
1138 3404 1445 3475 rebaptizati
1465 3448 1478 3470 ,
1508 3405 1596 3474 qui
1638 3405 1706 3460 ab
1730 3405 1820 3461 illo

249 3508 457 3552 mortuo
480 3496 613 3552 foris
635 3506 761 3550 sunt
787 3495 1034 3565 baptizati
1056 3495 1081 3547 ‘l
1192 3527 1213 3538 ς

313 3589 540 3645 CAPUT
569 3588 731 3643 XVII.
762 3618 831 3628 —
858 3588 944 3643 18.
974 3586 1175 3642 Deinde
1209 3586 1480 3656 subiunxit
1506 3605 1519 3643 :
1555 3586 1708 3641 Ambo
1741 3589 1816 3642 vi-

250 3692 348 3731 tam
388 3678 639 3748 Baptismi
663 3696 769 3732 non.
789 3677 999 3742 habent,
1030 3687 1077 3730 et
1099 3678 1184 3747 qui
1212 3693 1467 3747 nunquam
1494 3680 1695 3746 penitus
1727 3679 1817 3731 ha-

246 3770 374 3834 buit,
401 3778 448 3821 et
473 3770 559 3837 qui
603 3766 772 3821 habuit
814 3777 861 3821 et
908 3767 1096 3821 amisit.
1122 3767 1399 3836 Nunquam
1447 3782 1574 3835 ergo
1605 3767 1817 3832 habuit,

249 3876 402 3928 quem
431 3858 813 3915 Maximianista
859 3856 1160 3912 Felicianus
1185 3866 1276 3911 aut
1317 3857 1666 3912 Praetextatus
1692 3858 1821 3911 foris

250 3950 681 4018 baptizaverunt,
711 3948 811 4017 ipsi
854 3956 1029 4002 autem
1072 3947 1212 4016 quod
1262 3946 1591 4012 habuerunt,
1623 3947 1818 4002 amise-

250 4050 387 4093 ruut.
420 4039 643 4106 Quando
669 4052 796 4108 ergo
829 4037 915 4093 isti
960 4051 1080 4091 cum
1124 4036 1233 4091 suis
1274 4036 1470 4109 recepti
1514 4046 1635 4090 sum
1660 4078 1675 4103 ,
1702 4039 1822 4105 quis

247 4131 392 4185 dedit
435 4132 514 4184 eis
543 4146 677 4199 quos
725 4130 1074 4199 baptizaruut;
1106 4128 1244 4197 quod
1295 4144 1398 4183 non
1446 4128 1742 4191 habebant;
1769 4137 1824 4182 et

249 4221 364 4291 quis
393 4221 522 4290 ipsis
545 4218 774 4273 reddidit
798 4218 937 4289 quod
964 4218 1282 4273 amiserant?
1304 4217 1358 4273 Si
1394 4227 1570 4272 autem
1599 4216 1825 4271 formam

253 4309 501 4380 Baptismi
547 4323 727 4363 secum
770 4308 1123 4372 abstulerunt,
1151 4308 1399 4361 virtutem
1426 4316 1602 4360 autem
1651 4306 1818 4375 ipsam

253 4398 519 4468 Iiaptismi
530 4413 625 4467 per
649 4397 842 4451 malum
872 4396 1099 4450 scltisma
1124 4396 1458 4450 amiserunt"
1488 4437 1504 4460 ,
1535 4412 1629 4449 cur
1655 4396 1821 4464 ipsam

252 4491 474 4544 formam
496 4530 512 4554 ,
542 4504 679 4557 quur
699 4502 911 4557 semper
938 4498 989 4541 et
1017 4486 1208 4554 ubique
1237 4496 1418 4541 saxeta
1444 4494 1543 4551 est,
1575 4484 1823 4538 exsuﬂlas

254 4583 305 4634 in
339 4580 634 4635 Catholiris
684 4594 819 4649 quos
850 4594 954 4633 non
997 4576 1227 4640 audisti,
1260 4586 1312 4630 et
1344 4576 1394 4635 in
1427 4574 1824 4630 Maximianistis

251 4672 588 4742 amplecteris
610 4685 743 4740 quos
763 4668 958 4738 punisti
982 4668 1004 4720 ?

323 4763 411 4819 I9.
437 4760 704 4839 Quidquid
752 4769 928 4814 autem
971 4758 1038 4813 de
1074 4756 1205 4814 Juda
1253 4756 1502 4813 traditore
1545 4756 1826 4810 criminose

251 4853 350 4906 sibi
381 4854 562 4907 dicere
593 4852 733 4905 visus
760 4858 870 4915 est,
898 4848 962 4902 ad
995 4862 1090 4902 nos
1115 4846 1238 4917 quid
1263 4846 1510 4915 pertinet,
1540 4845 1627 4914 qui
1656 4860 1826 4913 neque

255 4944 319 4997 ab
345 4945 425 4996 eis
451 4941 741 5012 probamur
766 4939 1048 4993 traditores
1067 4978 1081 5001 ,
1116 4952 1284 5006 neque
1309 4936 1352 4988 si
1383 4936 1678 5004 aliquorum
1705 4943 1827 4987 ante

251 5046 351 5086 nos
376 5032 433 5085 in
460 5029 637 5085 nostra
664 5029 1037 5085 communione
1061 5025 1428 5093 defuncturum
1463 5024 1671 5078 traditio
1703 5038 1826 5091 pro-

252 5121 505 5188 Laretur',
563 5122 724 5185 etiam
792 5120 905 5191 ipsa
953 5116 1414 5188 nos‘improbata
1442 5126 1495 5170 et
1542 5115 1829 5189 displicens

318 5360 335 5388 ³
367 5356 565 5405 Slc‘ttss.
592 5359 647 5402 At
668 5351 780 5402 editi
805 5350 1055 5405 mendose,
1088 5358 1284 5401 arcana.

318 5419 339 5447 ι
372 5422 445 5464 Er.
470 5423 523 5478 et
544 5422 673 5473 l.ov,,
699 5412 956 5478 deferimus
985 5423 1003 5459 :
1025 5417 1268 5471 wrrupte.
1330 5468 1359 5478 γ’
1507 5468 1536 5478 __
1686 5477 1713 5478 η
1784 5468 1814 5478 Α,

319 5476 501 5544 {Apud
521 5481 595 5524 Er.
619 5468 771 5544 tling
786 5480 911 5544 ten.
932 5480 1056 5521 ιονά
1081 5468 1195 5519 Ecce
1219 5468 1479 5544 plasticam:
1503 5468 1654 5544 (nov...
1673 5468 1833 5527 uasti-

252 5540 375 5598 ωια)
398 5529 443 5588 ἐι
463 5529 729 5588 Αδειινὶιαῆι
751 5533 959 5584 civitates
980 5538 1230 5596 supersunt
1246 5529 1354 5580 aliis
1377 5529 1554 5579 adhuc.
1621 5538 1673 5578 Μ.

322 5600 341 5629 ⁵
374 5605 500 5648 ιω..
529 5604 656 5647 unde
696 5596 834 5646 venit.
874 5595 1156 5643 concinnius
1197 5593 1310 5641 editi
1347 5590 1425 5640 alii
1463 5599 1515 5642 et
1535 5597 1661 5648 διελς,
1708 5590 1831 5639 unde

326 5625 338 5629 '
374 5625 500 5658 W\.,
529 5625 655 5647 ιυιαῦ
697 5625 834 5646 utubi.
874 5625 1156 5643 wununuw
1197 5625 1310 5641 νυιιι
1347 5625 1425 5640 uu-
1463 5625 1515 5642 υι
1535 5625 1640 5640 "Iw.

255 5669 508 5783 "traditi.
533 5732 626 5767 nou
650 5716 924 5767 amiserunt.
954 5716 1114 5771 Abest,
1141 5727 1251 5769 non,
1276 5714 1673 5783 amauuscriptis.

322 5785 341 5810 ³
368 5780 444 5844 5.9
468 5793 562 5828 Ain.
586 5788 634 5829 et
662 5788 761 5827 uss.
791 5786 844 5826 .tt
867 5785 936 5826 ω.
964 5784 1160 5836 ett.ov.,
1180 5789 1264 5825 ηδτ
1298 5780 1400 5839 ipsa
1423 5788 1520 5823 nos.

1654 399 1851 454 LIBI'.R
1890 401 2156 459 PRIMUS.

3426 417 3530 473 255

1957 514 2107 567 nobis
2136 517 2304 585 aliqua
2359 535 2421 573 ex
2477 531 2621 589 parte
2667 525 3079 581 tnacularet?Si
3104 527 3245 582 enim
3294 528 3391 597 ipsi
3431 530 3527 581 da-

1955 604 2149 657 mnatis
2196 622 2224 659 a
2254 622 2313 661 se
2340 610 2646 665 criminibus
2675 623 2728 667 et
2755 615 2979 683 receptis
3009 630 3112 668 non
3157 619 3484 671 maculantur
3504 659 3518 679 ,

1953 704 2149 761 quanto
2175 697 2348 750 minus
2386 714 2482 754 nos
2511 701 2702 756 auditis
2733 714 2784 757 et
2811 704 3121 773 improbatis
3150 708 3401 760 maculari
3432 724 3525 776 po-

1955 784 2213 839 terimus?
2241 787 2636 854 Quautumlibet
2678 807 2805 863 ergo
2834 796 2885 847 in
2911 795 3193 850 traditores
3223 797 3520 858 invehatur.

1952 875 2166 928 totidem
2195 878 2368 932 verbis
2392 894 2485 933 eos
2501 892 2555 935 et
2577 897 2606 935 a
2634 898 2717 937 me
2738 883 2952 952 deputet
2978 887 3231 940 accusari.
3263 887 3366 942 Sed
3394 903 3522 942 sane

1946 964 2208 1034 distinguo
2229 985 2241 1017 :
2260 969 2380 1037 quia
2402 969 2489 1024 ille
2511 972 2645 1039 apud
2664 988 2751 1026 me
2766 974 2936 1042 arguit
2956 989 3074 1028 eum
3095 990 3246 1043 quem
3265 976 3372 1044 jam
3389 977 3513 1030 olim

1946 1053 2250 1110 defunctum
2276 1073 2389 1112 mea
2415 1062 2645 1130 cognitio
2667 1079 2769 1115 non
2793 1062 3066 1131 judicavit;
3094 1080 3195 1134 ego
3224 1066 3337 1135 ejus
3363 1066 3515 1121 lateri

1944 1143 2296 1199 enharrentem
2324 1140 2565 1216 ostendo,
2584 1168 2739 1219 quem
2765 1167 2794 1205 a
2819 1167 2878 1206 se
2906 1152 3233 1220 damnatum,
3264 1158 3344 1210 vel
3371 1166 3515 1211 certe

1943 1234 2199 1302 sacrilego
2227 1236 2510 1292 schismate
2535 1251 2857 1309 separatum,
2883 1242 2998 1297 sine
3023 1243 3126 1296 ulla
3158 1242 3376 1299 honoris
3399 1246 3516 1314 ejus

1941 1321 2291 1398 diminutione
2317 1330 2565 1397 suscepit.

2011 1413 2233 1472 CAPUT
2260 1417 2442 1472 XVIII.
2474 1448 2546 1460 —-
2569 1421 2657 1476 9.0.
2686 1422 3052 1492 Nequissimus,
3087 1425 3274 1495 inqui',
3306 1428 3514 1480 tratlitor

1940 1507 2079 1561 nobis
2106 1510 2260 1580 legem
2285 1514 2592 1569 servantibus
2623 1526 2905 1582 persecutor
2926 1527 2974 1569 et
3004 1519 3231 1586 carnifex
3254 1520 3505 1572 exstitisti.

1940 1595 1995 1651 Si
2030 1599 2195 1667 legem
2243 1597 2586 1657 servaverunt
2611 1604 3026 1670 Maxitniauistze,
3055 1621 3173 1660 cum
3201 1622 3228 1660 a
3277 1618 3326 1662 te
3352 1624 3507 1678 sepa-

1938 1690 2035 1743 rati
2058 1699 2179 1744 sunt
2206 1708 2220 1755 ;
2248 1693 2322 1746 sis
2349 1702 2403 1748 et
2448 1704 2499 1747 tu
2528 1706 2765 1750 servator
2792 1697 2919 1766 legis
2937 1738 2950 1761 ,
2975 1713 3094 1751 cum
3138 1700 3204 1752 ab
3230 1682 3503 1759 Ecclesia:

1937 1795 2053 1848 qua:
2091 1780 2140 1834 in
2191 1790 2301 1835 toto
2327 1783 2455 1838 orbe
2496 1784 2681 1839 diffusa
2712 1797 2824 1849 est,
2858 1797 3130 1855 separatus
3175 1801 3249 1841 es.
3286 1787 3434 1855 Quod
3460 1789 3508 1842 si

1935 1866 2002 1921 de
2030 1871 2483 1936 perseeutiouibus
2509 1875 2622 1942 agis
2654 1876 2669 1906 ¹
2694 1916 2709 1937 ,
2738 1875 2844 1930 cito
2870 1875 3169 1943 reSpondeo
3195 1917 3208 1939 ,
3239 1878 3283 1930 si
3311 1877 3504 1947 aliquid

1937 1957 2110 2028 inique
2152 1960 2288 2028 passi
2313 1963 2441 2015 estis
2465 2002 2479 2025 ,
2510 1978 2615 2017 non
2659 1965 2923 2031 pertinere
2948 1964 3013 2018 ad
3043 1980 3135 2019 eos
3158 1965 3247 2034 qui
3279 1967 3398 2020 talia
3427 1966 3503 2019 fa-

1934 2046 2134 2103 cientes
2159 2051 2398 2118 quamvis
2420 2052 2777 2120 improbent’,
2810 2070 2903 2122 pro
2932 2069 3059 2124 pace
3091 2066 3262 2110 tamen
3288 2057 3501 2110 unitatis

1934 2136 2265 2194 laudabiliter
2292 2141 2533 2196 tolerant.
2574 2143 2907 2212 Quapropter
2928 2161 3030 2198 non
3061 2144 3225 2201 habes
3245 2147 3382 2215 quod
3410 2147 3504 2201 oh-

1927 2226 2081 2295 jieias
2133 2228 2411 2285 frumentis
2461 2232 2738 2289 dominicis
2783 2234 2983 2303 paleam
3018 2252 3179 2301 suam
3225 2253 3390 2307 usque
3436 2240 3501 2292 .nl

1932 2317 2325 2373 vcntilationcm
2377 2321 2617 2375 ultimam
2671 2323 3084 2390 sustinentibus,
3127 2340 3157 2378 a
3207 2326 3398 2394 quibus
3449 2337 3500 2380 tu

1916 2420 2197 2492 .nunquam
2228 2402 2538 2465 recessisses
2562 2452 2576 2477 ,
2613 2402 2713 2465 nisi
2761 2412 2925 2466 levior
2954 2413 3100 2482 palea
3133 2425 3288 2469 vento
3328 2426 3497 2469 tenta-

1932 2497 2088 2552 tiouis
2116 2508 2171 2553 et
2208 2509 2332 2554 ante
2392 2502 2674 2556 adventum
2719 2504 3050 2560 ventilatoris
3079 2506 3364 2560 avolasses.
3394 2507 3498 2561 Sed

1930 2597 1985 2643 ut
2010 2591 2076 2644 ab
2105 2592 2207 2646 hoc
2253 2609 2357 2648 uno
2383 2596 2653 2664 exemplo,
2682 2596 2821 2665 quod
2848 2595 2915 2651 ad
2946 2596 3169 2651 istorum
3211 2614 3303 2652 ora
3347 2598 3500 2653 clau-

1926 2678 2119 2747 denda,
2152 2691 2204 2736 et
2227 2698 2320 2738 eos
2345 2685 2387 2738 si
2412 2686 2615 2753 sapiant
2640 2687 3001 2757 corrigendos,
3029 2689 3071 2741 si
3094 2697 3267 2743 autem
3300 2689 3349 2741 in
3375 2706 3497 2758 per~

1926 2772 2177 2826 versitate
2225 2786 2503 2841 maneant,
2536 2778 2972 2843 confundendos,
3016 2780 3083 2833 in.
3115 2795 3296 2834 eorum
3336 2780 3497 2837 facies

1922 2860 2117 2945 refudit
2138 2861 2393 2941 Dominus
2416 2905 2431 2929 ,
2466 2881 2569 2919 non
2597 2867 2838 2921 recedam
2872 2885 2884 2921 :
2914 2868 2958 2921 si
2984 2869 3235 2936 justiorcs
3254 2879 3378 2923 sunt
3405 2873 3495 2939 qui

1928 2953 2197 3020 patiuntur
2221 2956 2679 3023 persecutionem,
2725 2973 2882 3027 quam
2914 2958 2987 3012 illi
3032 2960 3120 3028 qui
3166 2958 3391 3025 faciunt;
3430 2961 3495 3014 ii-

1925 3041 2043 3111 dem
2074 3043 2470 3100 Maximianisue
2493 3048 2747 3114 justiores
2772 3058 2887 3101 sunt
2910 3088 2926 3113 ,
2950 3064 3171 3117 quorum
3201 3059 3255 3103 et
3283 3050 3494 3106 basilica

1926 3133 2161 3189 funditus
2202 3150 2390 3190 eversa
2419 3146 2502 3191 est
2525 3177 2538 3202 ,
2571 3146 2625 3191 et
2652 3139 2866 3193 militari
2892 3139 3066 3208 Optati
3094 3142 3347 3194 Comitatu
3373 3159 3495 3211 gra-

1890 3262 1893 3273 ς
1925 3230 2060 3282 viter
2087 3228 2266 3296 agitati
2296 3238 2455 3293 sunt,
2485 3238 2538 3284 et
2561 3230 2827 3299 jussiones
2867 3232 3197 3299 proconsulis
3224 3231 3288 3284 ad
3313 3249 3497 3287 omnes

1922 3332 2016 3372 eos
2044 3318 2111 3373 de
2139 3318 2369 3373 basilicis
2394 3320 2759 3375 excludendos
2778 3336 2806 3373 a
2830 3321 3178 3375 Primiauistis
3205 3322 3495 3390 impetrata:

1924 3407 2217 3463 manifestae
2245 3416 2388 3463 sunt.
2419 3410 2773 3479 Quapropter,
2804 3410 2849 3465 si
2876 3411 3284 3480 imperatoribus
3309 3427 3491 3466 eorum

1922 3501 2349 3556 communionem
2372 3502 2756 3557 detestantibus
2775 3543 2788 3565 ,
2822 3503 2887 3556 ad
2916 3503 3305 3573 persequendos
3334 3502 3495 3557 Maxi-

1890 3622 1893 3627 -
1924 3591 2196 3647 mianistas
2241 3601 2381 3646 tanta
2428 3601 2552 3647 sunt
2592 3593 2746 3657 ausi,
2777 3592 2898 3662 quid
2948 3592 3180 3647 facerent
3205 3592 3267 3646 .si
3297 3592 3375 3647 eis
3407 3608 3499 3661 pt-r

1922 3693 2105 3748 regum
2128 3680 2552 3735 communionem
2585 3679 2781 3749 aliquid
2809 3679 3022 3735 efﬁcere
3072 3680 3295 3735 liceret?
3321 3680 3375 3735 Si
3403 3697 3498 3732 au-

1926 3779 2030 3825 tem
2070 3777 2129 3823 ut
2180 3784 2373 3838 pravos
2418 3770 2777 3838 corrigerent,
2806 3770 2903 3824 ista
2944 3770 3360 3837 fecerunt;quid
3395 3771 3495 3823 mi-

1924 3866 2109 3912 rantur
2132 3858 2174 3910 si
2200 3858 2441 3910 catholici
2482 3858 2829 3925 imperatores
2858 3858 3056 3925 majore
3102 3866 3357 3926 potestate
3384 3870 3494 3911 ‘ur-

1927 3946 2128 4017 geudos
2158 3945 2601 4014 corrigendosque
2643 3945 2934 4000 decernunt
2957 3960 3069 4009 eos,
3098 3947 3183 4014 qui
3212 3956 3375 4014 totum
3403 3962 3493 3999 or-

1924 4036 2044 4090 bem
2075 4034 2419 4089 christianum
2453 4034 2780 4103 rebaptizare
2804 4044 3084 4096 conantur,
3116 4048 3235 4089 cum
3279 4050 3491 4090 causam

1925 4122 2270 4179 dissentiendi
2313 4137 2417 4176 non
2472 4122 2739 4186 habeant;
2789 4123 3216 4193 quandoquidem
3274 4124 3443 4179 malos
3472 4167 3486 4189 ,

1924 4216 2130 4271 etiamsi
2160 4230 2280 4269 vera
2308 4214 2527 4269 crimina
2574 4215 2865 4283 objicerent
2889 4255 2905 4280 ,
2936 4230 3028 4283 pro
3054 4229 3182 4284 pace
3208 4224 3382 4270 tamen
3410 4223 3492 4268 to-

1926 4304 2174 4360 lerandos
2202 4304 2361 4359 etiam
2385 4304 2482 4373 ipsi
2511 4311 2790 4369 testantur,
2820 4304 3029 4373 quando
3055 4318 3149 4360 eos
3174 4319 3309 4373 quos
3348 4304 3498 4360 dant-

1928 4403 2185 4450 navcrunt
2208 4409 2328 4449 cum
2376 4393 2486 4447 suis
2523 4393 2838 4459 honoribus,
2868 4404 3063 4448 etcum
3094 4394 3220 4450 foris
3243 4394 3368 4448 dato
3399 4394 3495 4447 Ba-

1926 4488 2122 4556 ptismo
2147 4485 2497 4554 receperunt?
2524 4481 2874 4538 Considerent
2901 4484 3183 4553 aliquando
3206 4484 3329 4553 quid
3352 4485 3495 4553 digni

1928 4579 2036 4633 sint
2082 4575 2234 4647 pati'
2264 4574 2566 4629 Christianis
2608 4575 2956 4643 potestatibus
3010 4575 3155 4628 orbis
3198 4585 3493 4638 terrarum,

1930 4667 2111 4722 hostes
2158 4666 2462 4720 christiana:
2509 4665 2725 4718 unitatis
2770 4663 2975 4718 dill'usm
3026 4673 3136 4719 toto
3173 4665 3302 4720 orbe
3329 4674 3494 4719 terra-

1928 4774 2067 4813 rum.
2097 4757 2215 4812 Jam
2245 4757 2401 4825 igitur
2437 4755 2481 4809 si
2525 4756 2784 4810 correctio
2810 4755 2952 4825 pigra
2991 4764 3106 4819 est,
3134 4756 3319 4810 saltem
3360 4757 3498 4812 adsit

1930 4848 2118 4918 pudor;
2151 4863 2216 4901 ne
2263 4846 2421 4901 iidem
2474 4846 2572 4916 ipsi
2598 4862 2718 4900 cum
2746 4861 2807 4901 ea
2858 4860 2976 4916 quae
3020 4845 3294 4912 scribunt,
3327 4848 3499 4916 legere

1930 4938 2220 5009 coeperint,
2250 4939 2387 4992 risus
2413 4951 2506 4992 eos
2535 4939 2739 5002 vincat,
2767 4937 2891 4991 dum
2922 4937 2973 4990 in
3003 4952 3061 4992 se
3081 4954 3185 4993 nou
3212 4951 3500 5009 agnoscunt

1935 5032 2076 5103 quod
2104 5030 2266 5084 videri
2286 5030 2532 5084 voluntin
2556 5027 2695 5094 aliis,
2726 5043 2824 5083 nec
2845 5028 2898 5083 in
2917 5043 2974 5084 se
2998 5029 3334 5100 agnoscunt‘
3359 5031 3497 5099 qudd

1931 5120 2049 5175 aliis
2063 5118 2334 5187 objiciunt.
2612 5154 2621 5159 .

2003 5207 2227 5267 CAPUT
2257 5206 2398 5264 XIX.
2428 5235 2501 5247 -—
2541 5204 2629 5260 2|.
2660 5204 2796 5272 Quid
2838 5205 2996 5275 igitur
3041 5206 3140 5261 sibi
3184 5205 3331 5270 Vult,
3359 5206 3499 5275 quod

1999 5409 2015 5442 ί
2053 5415 2153 5456 Am.
2190 5411 2264 5453 Er.
2291 5411 2343 5453 et
2362 5410 2492 5461 uss,
2530 5402 2591 5452 de
2628 5400 2803 5463 nostris
2823 5397 2941 5463 agis.
2981 5400 3300 5463 tmauieoses
3338 5412 3400 5448 ex
3448 5398 3502 5445 lio

1934 5470 2022 5517 bro
2043 5469 2075 5515 5
2095 5474 2258 5516 contra
2288 5458 2610 5522 Cresconium,
2636 5475 2684 5510 ιι.
2710 5460 2788 5522 45,
2811 5458 3149 5518 αἱιτειεῑιωι,
3187 5458 3247 5508 de
3285 5472 3497 5520 perscru-

1935 5529 2133 5578 tiom'bus
2154 5526 2273 5578 auis.

1952 5540 2133 5580 iambus
2154 5540 2273 5589 agis.
3247 5581 3256 5590 _

1999 5593 2018 5629 ³
2052 5589 2327 5651 tegendum
2350 5586 2501 5651 forte,
2516 5581 2729 5646 quamvis
2751 5580 2980 5646 improbe.
3019 5579 3189 5630 confer
3228 5579 3310 5628 lib.
3345 5579 3377 5627 5
3396 5593 3488 5628 con

1939 5658 2009 5700 tra
2030 5646 2351 5702 tre-Scottiam,
2374 5660 2423 5694 ιι.
2445 5646 2517 5695 45.

2002 5713 2022 5742 ³
2057 5710 2280 5773 Verbum,
2305 5708 2422 5766 pati,
2457 5707 2595 5754 abest
2612 5704 2673 5753 ab
2697 5713 2793 5773 Am.
2822 5712 2873 5753 et
2891 5709 2996 5773 hlss.

2004 5772 2024 5802 δ
2058 5772 2127 5820 sic
2148 5772 2250 5819 Am.
2277 5776 2326 5817 ul
2354 5776 2455 5818 Mss.
2490 5774 2543 5814 Αι
2567 5772 2635 5813 Er.
2659 5773 2710 5814 et
2732 5772 2858 5823 ων..
2877 5771 2922 5815 et
2959 5770 3008 5813 in
3044 5775 3093 5813 se
3115 5770 3388 5825 agnoscunt.
