4024 6196
540 404 645 459 255

543 519 644 570 iste.
665 519 715 570 iu
742 516 957 583 epistola
986 528 1078 567 sua
1105 516 1276 582 posuit
1305 514 1567 569 dicentem
1594 516 1871 568 Dominum
1889 512 2110 576 inda-is,

546 606 765 672 ideoque
783 605 924 656 mitto
943 605 1009 655 ad
1035 620 1120 658 vos
1144 606 1432 673 prapltelas,
1456 615 1500 657 et
1527 607 1775 674 sapientes
1794 645 1807 667 ,
1831 614 1877 657 et
1902 602 2111 663 scribas;

542 705 587 748 et
611 711 675 749 ea:
692 695 793 747 illis
811 695 1064 756 occidetis,
1092 706 1138 747 et
1156 696 1475 763 cruci/igetis,
1497 706 1543 748 et
1563 695 1882 767 ﬂagellabitis
1901 693 2112 765 (Matth.

541 802 706 850 χχιιι,
739 786 854 856 54)?
878 786 1007 840 Nam
1034 787 1078 841 si
1109 801 1167 840 se
1194 788 1336 855 ipsos
1362 787 1580 857 intelligi
1608 787 1792 840 volunt
1818 785 2107 854 sapientes,

541 886 595 930 et
616 877 819 931 scribas
841 917 856 942 ,
883 885 937 930 et
962 877 1278 945 praphetas,
1314 891 1412 931 nos
1441 888 1616 930 autem
1649 884 1897 945 tanquam
1931 888 2110 943 perse—

540 976 753 1022 cutores
780 968 1094 1036 sapientium
1123 977 1173 1021 et
1211 968 1621 1037 praphetarum;
1649 983 1810 1037 quare
1840 967 2115 1021 nobiscum

542 1058 685 1127 loqui
735 1058 956 1123 nolunt,
987 1073 1109 1113 cum
1155 1058 1221 1113 ad
1274 1074 1369 1112 nos
1394 1058 1541 1112 missi
1584 1058 1725 1111 sint?
1756 1058 1990 1126 Denique
2019 1055 2117 1109 iste

539 1149 629 1218 qui
656 1149 798 1203 illam
825 1151 1037 1220 scripsit
1057 1150 1358 1219 epistolam,
1393 1149 1476 1202 cui
1504 1148 1661 1201 modo
1688 1147 2073 1215 respondemus
2097 1185 2113 1211 ,

541 1239 584 1292 si
622 1247 872 1310 urgeatur
901 1256 928 1292 a
956 1240 1108 1294 nobis
1131 1282 1145 1305 ,
1174 1248 1233 1293 ut
1266 1240 1314 1293 ei
1343 1254 1505 1292 manu
1535 1238 1743 1306 propria
1784 1236 2119 1291 subscribens

542 1346 691 1385 suam
722 1347 842 1386 esse
889 1331 1134 1398 fateatur,
1166 1331 1300 1386 forte
1328 1347 1431 1384 non
1480 1330 1637 1384 faciat
1666 1348 1679 1382 :
1708 1344 1876 1398 usque
1898 1327 2029 1382 adeo
2055 1327 2120 1380 ti-

542 1433 715 1484 ment,
777 1438 843 1476 ne
887 1423 997 1484 ,ulla
1045 1438 1231 1477 eorum
1274 1423 1431 1477 verba
1477 1430 1772 1475 teneamus.
1806 1420 1936 1474 Nam
1994 1434 2116 1474 cum

539 1512 776 1579 ejusdem
806 1512 1045 1581 cpistola:
1093 1513 1439 1581 posteriorem
1490 1521 1692 1582 partem
1736 1511 1915 1579 aliquo
1957 1509 2116 1564 modo

543 1602 797 1655 vellemus
839 1602 1113 1671 accipere,
1143 1605 1264 1671 quia
1315 1612 1475 1656 totam
1519 1601 1824 1656 describere
1871 1616 1899 1654 a
1930 1601 2120 1670 quibus

543 1688 695 1742 nobis
718 1690 840 1745 data
881 1700 993 1754 est,
1021 1693 1401 1759 nequiverunt;
1426 1691 1601 1744 nullus
1638 1705 1667 1742 a
1698 1704 1803 1757 quo
1825 1689 1985 1759 petita
2016 1698 2117 1754 est,

539 1794 654 1831 eam
706 1780 834 1834 dare
880 1782 1081 1846 voluit,
1127 1791 1470 1850 posteaquam
1521 1789 1887 1851 cognoverunt
1934 1794 2030 1832 nos
2069 1778 2120 1833 ei

544 1871 674 1937 parti
700 1912 714 1935 ,
744 1872 808 1925 ad
840 1888 997 1940 quam
1021 1875 1388 1940 pervenimus,
1420 1873 1761 1942 respondere.
1788 1872 1969 1940 itaque
1996 1886 2115 1923 cum

544 1961 716 2029 legant
741 1961 1185 2029 quemadmodum
1217 1963 1471 2016 Dominus
1508 1961 1982 2030 prophette'dicat,
2016 1960 2124 2013 Ex-

542 2051 704 2102 clama
746 2052 1069 2117 vehementer,
1105 2070 1205 2106 non
1242 2063 1317 2108 est
1345 2053 1480 2124 quod
1508 2070 1719 2122 parcas,
1751 2062 1799 2106 et
1824 2052 1982 2105 scribe
2007 2052 2123 2104 stilo

546 2157 652 2193 meo
677 2152 878 2210 peccata
902 2159 1070 2196 eorum
1099 2143 1249 2212 (Isai.
1279 2160 1400 2198 Lvtu
1422 2185 1435 2206 ,
1470 2146 1524 2212 1)
1556 2161 1567 2196 :
1601 2144 1684 2197 isti
1712 2143 1987 2213 propheta:
2018 2144 2120 2198 viri

544 2231 633 2296 qui
656 2230 801 2285 missi
823 2241 947 2286 sunt
977 2233 1040 2286 ad
1073 2247 1199 2299 nos,
1226 2234 1355 2286 nihil
1385 2235 1460 2287 sic
1481 2235 1686 2298 timent,
1716 2233 1808 2286 sed
1839 2239 2031 2287 cavent
2054 2247 2120 2286 ue

544 2336 570 2370 ,ι
602 2321 753 2374 nobis
772 2337 955 2375 eorum
985 2323 1187 2377 clamor
1223 2322 1487 2387 audiatur;
1517 2323 1655 2392 quod
1690 2324 1893 2392 utique,
1920 2323 1963 2375 si
1994 2337 2115 2377 vera

544 2410 611 2464 de
634 2412 785 2465 uobis
815 2412 1087 2478 dicerent,
1120 2428 1224 2468 non
1255 2415 1522 2469 timerent.
1553 2414 1666 2468 Non
1701 2414 1988 2480 immerito,
2020 2416 2120 2469 sic-

550 2510 605 2553 ut
652 2502 704 2554 in
744 2501 956 2555 Psalmo
984 2505 1236 2573 scriptum
1262 2512 1375 2570 est,
1408 2503 1705 2573 Oppilatum
1733 2513 1805 2557 est
1826 2521 1882 2557 os
1910 2505 2119 2573 loquen-

542 2592 664 2643 tium
691 2592 862 2661 iniqua
889 2590 1058 2663 (Psal.
1089 2608 1216 2658 uti,
1248 2594 1356 2662 i2).
1387 2594 1443 2648 Si
1471 2594 1610 2647 enim
1634 2603 1913 2662 pr0pterea
1940 2592 2120 2662 Bapti-

541 2695 713 2733 sinum
746 2691 981 2736 nostrum
1012 2699 1118 2737 non
1146 2684 1479 2752 suscipiunt,
1511 2684 1633 2753 quia
1665 2698 1762 2737 nos
1791 2697 1972 2736 sumus
1998 2697 2120 2751 pro-

538 2772 720 2839 genies
747 2770 1074 2841 viperarum,
1123 2774 1259 2827 sicut
1289 2774 1389 2828 iste
1417 2774 1468 2827 in
1501 2774 1727 2842 epistola
1772 2788 1865 2826 sua
1895 2772 2070 2842 posuit
2100 2789 2116 2826 :

545 2877 635 2915 sur
676 2860 1162 2918 Maximianeusium
1193 2870 1571 2932 susceperunt,
1612 2862 1677 2916 de
1721 2862 1911 2932 quibus
1936 2861 2118 2937 conci-

539 2955 715 3009 cilium
742 2969 925 3009 eorum
955 2956 1031 3009 sic
1052 2956 1302 3025 laquitur,
1340 2956 1486 3022 Quod
1507 2956 1691 3025 viperei
1714 2956 1915 3009 seminis
1939 2956 2118 3008 noxios

540 3055 714 3114 partus
739 3048 966 3099 venenati
985 3049 1114 3099 uteri
1138 3047 1277 3100 alvus
1301 3047 1388 3100 diu
1408 3048 1615 3111 texerit,
1644 3056 1690 3099 et
1714 3047 1940 3112 concepti
1961 3047 2119 3099 scele-

539 3136 609 3187 ris
634 3136 735 3186 uda
762 3136 977 3203 coagula
1005 3136 1058 3188 in
1085 3137 1318 3204 aspidum
1346 3137 1566 3189 membra
1593 3135 1737 3188 tardo
1760 3151 1815 3188 se
1842 3135 2009 3188 calore
2029 3150 2118 3188 va-

541 3236 800 3293 porarunt.
853 3226 1036 3281 Nonne
1087 3226 1153 3281 de
1181 3226 1308 3296 ipsis
1349 3227 1508 3283 etiam
1554 3228 1606 3281 in
1659 3227 1846 3281 eodem
1894 3228 2118 3281 concilio

540 3326 926 3386 consequenter
950 3317 1149 3371 dictum
1177 3328 1260 3372 est
1278 3359 1291 3381 ,
1321 3317 1460 3387 quod
1498 3318 1747 3372 Venenum
1772 3317 2004 3388 aspidum
2024 3317 2117 3371 sub

541 3406 686 3460 labiis
715 3423 913 3472 eorum,
954 3423 1166 3469 quarunt
1210 3424 1264 3461 os
1311 3408 1658 3461 maledictione
1693 3418 1738 3461 et
1784 3407 2119 3461 amaritudine

544 3500 746 3563 plenum
768 3507 838 3551 est
857 3537 871 3560 ,
902 3498 1090 3551 veloces
1115 3498 1263 3568 pedes
1297 3514 1470 3551 eorum
1503 3499 1583 3564 ad
1611 3497 1970 3564 effundendum
1995 3514 2119 3552 san-

542 3587 761 3655 guinem,
793 3588 1022 3640 contritio
1065 3596 1112 3642 et
1150 3588 1419 3657 infelicitas
1461 3589 1515 3642 in
1568 3589 1661 3643 viis
1690 3605 1886 3653 eorum,
1915 3598 1963 3642 et
1992 3589 2121 3641 viam

543 3677 679 3742 pacis
695 3687 1143 3748 noncagnaoerunt
1163 3677 1328 3749 (Psal.
1349 3694 1466 3746 xm,
1496 3678 1579 3750 5)?
1608 3679 1674 3733 Et
1701 3688 1870 3734 tamen
1898 3687 1952 3733 et
1977 3678 2120 3747 ipsos

541 3767 592 3825 in
622 3768 826 3833 honore
842 3768 1066 3838 integro,
1092 3775 1148 3824 et
1165 3768 1232 3823 ab
1248 3768 1327 3824 eis
1355 3769 1485 3824 foris
1511 3769 1800 3839 baptizatos
1826 3770 1964 3823 intus
1980 3782 2123 3823 nunc

540 3859 756 3916 sabent.

606 3947 831 4004 CAPUT
870 3947 987 4003 XX.
1034 3978 1105 3990 —
1138 3949 1229 4003 22.
1269 3948 1602 4019 Quapropter
1664 3951 1778 4005 hmo
1816 3950 1992 4005 omnia
2052 3950 2121 4006 de

541 4038 793 4107 progenie
820 4038 1141 4107 viperarum,
1169 4050 1222 4093 et
1246 4039 1315 4092 de
1347 4054 1559 4092 veneno
1583 4040 1823 4109 aspidum
1842 4040 1941 4093 sub
1968 4040 2119 4094 labiis

539 4144 751 4190 eorum,
775 4137 828 4182 et
851 4129 955 4181 alia
982 4143 1100 4198 quae
1127 4128 1267 4181 dicta
1299 4135 1422 4180 sunt
1457 4127 1509 4179 itt
1536 4143 1648 4193 eos,
1680 4130 1767 4197 qui
1797 4130 1935 4183 viam
1973 4131 2118 4199 pacis

542 4235 644 4272 non
665 4230 1045 4285 cognoverunt,
1070 4218 1114 4272 si
1136 4232 1261 4271 vere
1287 4217 1372 4271 isti
1396 4218 1796 4283 vellentdicere,
1822 4220 1919 4290 ipsi
1942 4221 2119 4290 potius

540 4318 659 4361 sunt
686 4324 700 4371 ;
732 4308 947 4369 quando
977 4323 1161 4362 eorum
1195 4307 1543 4378 Baptismum,
1570 4308 1620 4361 in
1649 4323 1755 4377 quo
1784 4324 1877 4378 per
1908 4310 2117 4365 concilii

540 4397 854 4450 sententiam
885 4397 981 4449 ista
1009 4396 1274 4463 dixerunt,
1303 4406 1520 4466 propter
1547 4412 1727 4466 pacein
1762 4399 1945 4451 Donati
1970 4413 2117 4453 rece-

543 4496 753 4557 perunt,
787 4496 838 4542 et
868 4488 1192 4557 Baptismum
1222 4489 1474 4543 Ecclesia:
1491 4488 1684 4544 Christi
1720 4499 1829 4545 toto
1852 4491 1985 4544 orbe
2008 4489 2114 4545 dif-

542 4581 691 4643 tusm,
723 4578 863 4632 unde
892 4579 941 4632 iu
966 4578 1194 4634 Africam
1224 4580 1334 4650 ipsa
1363 4595 1461 4649 pax
1492 4582 1653 4645 venit,
1700 4582 1764 4635 ad
1800 4582 2112 4650 sacrilegam

542 4670 784 4739 injuriam
807 4671 950 4740 pacis
972 4670 1168 4726 Christi
1191 4673 1489 4741 repudiarit.
1514 4673 1610 4740 Qui
1639 4690 1766 4744 ergo
1796 4683 1918 4728 sunt
1942 4674 2116 4744 potius

543 4761 1015 4831 pseudopmpbetze
1036 4803 1051 4826 ,
1078 4762 1168 4831 qui
1195 4763 1413 4817 veniunt
1447 4763 1499 4817 in
1526 4765 1718 4818 vestitu
1746 4765 1945 4829 ovium,
1976 4763 2115 4818 intus

538 4861 714 4905 autem
744 4861 865 4906 sunt
897 4853 1004 4921 lupi
1054 4867 1272 4921 rapaces
1305 4870 1318 4905 :
1345 4862 1523 4908 utrum
1568 4855 1622 4920 ii,
1650 4856 1737 4925 qui
1768 4855 1849 4909 vel
1877 4855 2117 4908 nesciunt

540 4945 591 4997 in
617 4944 885 4999 Catholica
921 4945 1107 5011 malos,
1133 4955 1188 5001 et
1225 4948 1303 5001 eis
1344 4948 1657 5003 innocenter
1698 4951 2111 5017 communicant,

538 5024 620 5089 i'el
653 5052 747 5089 cos
772 5026 906 5106 quos
932 5037 999 5091 de
1042 5052 1165 5091 area
1193 5038 1455 5092 dominica
1488 5040 1794 5109 priusquam
1833 5043 2117 5096 ventilator

536 5128 803 5191 adveniat,
845 5143 1125 5198 segregare
1154 5144 1259 5183 non
1291 5140 1534 5199 possunt,
1573 5146 1665 5199 pro
1714 5147 1842 5201 pace
1890 5134 2116 5186 tolerant

537 5221 771 5282 unitatis,
796 5236 860 5272 an
890 5219 922 5272 ii
950 5220 1037 5288 qui
1072 5235 1133 5274 ea
1170 5235 1289 5290 qua:
1318 5220 1370 5274 in
1395 5221 1664 5275 Catholica
1695 5222 2108 5290 reprehendunt,

536 5313 588 5365 iu
619 5311 903 5365 schismate
930 5311 1146 5378 faciunt,
1177 5322 1232 5367 et
1259 5329 1376 5382 quae
1408 5314 1457 5367 in
1490 5317 1693 5368 unitate
1724 5315 1997 5369 toleranda
2026 5332 2115 5369 ea-

535 5402 676 5470 que'
713 5402 915 5455 incerta
946 5400 1126 5471 fugere
1166 5418 1223 5457 se
1258 5404 1462 5475 ﬁngunt
1491 5445 1506 5468 ,
1556 5404 1607 5458 in
1664 5420 1757 5459 sua
1804 5407 2115 5474 praecisione

536 5492 809 5547 manifesta
834 5503 888 5547 et
914 5508 941 5545 a
973 5509 1031 5546 se
1058 5493 1187 5562 ipsis
1214 5494 1460 5547 damnata
1493 5494 1795 5563 rccipiunt?

603 5584 829 5639 CAPUT
870 5583 1009 5638 XXI.
1050 5614 1120 5624 --
1155 5583 1244 5639 25.
1290 5585 1526 5655 Denique
1568 5586 1635 5639 ita
1677 5585 1881 5641 dictum
1933 5595 2031 5648 est,
2063 5597 2115 5640 ct

598 5742 612 5769 ι
629 5742 783 5847 ‘miti,
801 5750 843 5793 et
868 5744 947 5805 qui
970 5744 1018 5795 in
1037 5743 1208 5794 imitate
1232 5743 1479 5795 toleranda
1502 5758 1558 5794 ea
1577 5752 1799 5807 qucrth
1819 5747 2114 5807 (mh-usam“,

539 5814 600 5850 ΒΧ
629 5814 734 5850 MSS.

1385 404 1648 458 CONTRA
1696 402 2027 457 LITTERAS
2067 398 2428 462 PETILIANI.
2469 404 2525 460 S.
2569 407 2931 464 AUGUSTlNI

3683 418 3792 472 Ξῖ,ἕί

2221 512 2319 568 hoc
2362 516 2520 568 etiam
2558 519 2667 586 ipse
2700 525 3136 577 commemoravit
3168 541 3180 576 :
3216 525 3293 579 Ea:
3321 530 3564 596 fructibus
3608 548 3786 585 eorum

2218 609 2527 676 cognoscetis
2575 626 2657 663 eos
2697 611 2913 679 (Matth.
2945 629 3037 675 vn,
3091 616 3176 680 15,
3230 616 3355 678 16):
3390 620 3527 687 Ergo
3580 622 3789 677 fructus

2219 695 2637 752 consideremus.
2691 700 2931 769 Objicitis
2985 704 3321 766 traditionem
3370 724 3385 760 :
3433 710 3568 764 hanc
3617 712 3788 780 ipsam

2221 787 2387 840 multo
2406 789 2727 856 probabilius
2755 794 2832 847 eis
2869 794 2995 862 ipsis
3029 796 3325 864 objieimus.
3356 798 3422 853 Et
3452 816 3519 854 ne
3540 816 3632 869 per
3653 806 3791 857 mul-

2220 887 2270 932 ta
2302 895 2594 946 curramus,
2628 884 2682 938 in
2707 885 2892 940 eadem
2912 886 3357 944 Constantiniensi
3384 891 3596 946 civitate
3618 893 3789 949 Silva-

2220 984 2344 1023 num
2384 972 2688 1042 episc0pum
2722 976 2948 1043 majores
2980 977 3141 1031 vestri
3186 978 3237 1031 in
3288 981 3402 1048 ipso
3439 983 3662 1036 exordio
3707 985 3789 1037 sui

2218 1060 2517 1116 scltismatis
2542 1062 2940 1119 ordinaverunt.
2974 1066 3079 1121 ista
3098 1082 3218 1121 cum
3263 1068 3436 1123 adhuc
3475 1082 3619 1125 esset
3658 1074 3789 1126 sub-

2218 1149 2516 1216 diaconus,
2570 1154 3031 1212 manifestissimus
3094 1157 3319 1213 traditor
3380 1161 3789 1231 municipalibus

2219 1240 2394 1297 Gestis
2415 1259 2697 1313 expressus
2723 1256 2824 1301 est.
2859 1247 2914 1302 Si
2939 1257 2993 1303 et
3026 1264 3122 1302 vos
3148 1248 3404 1304 adversus
3429 1252 3656 1319 majores
3693 1270 3789 1306 no-

2219 1340 2359 1387 stros
2385 1333 2553 1403 aliqua
2593 1335 2908 1390 documenta
2948 1337 3391 1408 profertis::equa
3421 1341 3651 1396 conditio
3690 1358 3790 1411 po-

2217 1423 2462 1488 stulatur,
2495 1434 2665 1478 utaut
2705 1435 2922 1496 utraque
2948 1422 3098 1493 ~vera,
3138 1438 3228 1482 aut
3256 1439 3475 1499 utraque
3509 1430 3636 1485 falsa
3667 1446 3791 1486 esse

2219 1514 2516 1569 credamus.
2548 1514 2601 1571 Si
2635 1525 2852 1588 utraque
2879 1534 2999 1572 vera
3028 1528 3177 1583 sunt,
3202 1536 3301 1575 vos
3325 1522 3454 1576 estis
3478 1523 3593 1578 sine
3626 1525 3791 1579 dubio

2220 1603 2521 1659 sebismatis
2550 1607 2645 1671 rei,
2669 1608 2755 1675 qui
2782 1609 3001 1662 crimina
3044 1625 3141 1664 vos
3168 1610 3345 1679 fugere
3372 1612 3422 1665 in
3451 1614 3607 1667 totius
3640 1615 3789 1669 orbis

2220 1697 2592 1751 communione
2620 1698 2862 1765 Ιίιιιίμιὶς,
2894 1715 3011 1768 quae
3053 1700 3104 1754 in
3146 1701 3258 1771 ipsa
3308 1704 3556 1771 particula
3600 1716 3793 1759 vestra:

2220 1784 2538 1839 concisiouis
2565 1782 2854 1840 habebatis.
2899 1788 2992 1843 Sin
3021 1799 3194 1844 autem
3226 1799 3447 1859 utraque
3490 1791 3616 1846 falsa
3643 1804 3789 1857 sunt,

2222 1888 2315 1925 vos
2345 1875 2472 1927 estis
2489 1876 2602 1929 sine
2624 1876 2784 1931 dubio
2821 1879 3119 1934 schismatis
3145 1880 3240 1944 rei,
3272 1881 3361 1949 qui
3407 1891 3617 1950 propter
3659 1881 3791 1936 falsa

2222 1963 2440 2016 crimina
2469 1965 2778 2019 traditon
2803 1968 3018 2022 immani
3039 1970 3387 2037 separationis
3421 1973 3643 2026 crimine
3681 1988 3793 2025 tua-

2222 2050 2490 2105 culamiui.
2515 2052 2665 2118 Quod
2693 2056 2735 2108 si
2762 2071 2789 2107 a
2813 2058 2963 2111 nobis
2987 2059 3182 2126 aliqua,
3205 2069 3257 2113 et
3282 2075 3310 2113 a
3336 2060 3487 2113 vobis
3514 2062 3678 2123 nulla,
3708 2063 3791 2115 vcl

2222 2156 2250 2193 ιι
2284 2142 2435 2197 nobis
2481 2160 2622 2209 vera,
2673 2157 2728 2201 et
2770 2163 2798 2200 a
2841 2150 2987 2204 vobis
3025 2151 3149 2204 falsa
3186 2150 3537 2218 profcrtmtur,
3581 2164 3793 2205 nonest

2222 2234 2604 2291 discutiendum
2652 2238 2665 2269 ⁸
2706 2254 2863 2307 quam
2917 2240 3125 2312 penitus
3180 2251 3354 2299 vestra
3406 2257 3498 2296 ora
3539 2244 3793 2299 claudan-

2222 2330 2324 2377 tur.

2291 2414 2513 2473 CAPUT
2554 2418 2713 2473 XX".
2754 2450 2824 2461 --
2859 2421 2949 2476 24.
2987 2422 3146 2490 Quid,
3179 2424 3222 2478 si
3252 2440 3346 2479 vos
3370 2436 3547 2481 sancta
3588 2437 3641 2483 et
3671 2446 3791 2484 vera

2214 2507 2411 2562 Christi
2435 2510 2669 2565 Ecclesia
2701 2513 3038 2568 convinceret
3062 2524 3217 2585 atque
3244 2529 3520 2586 superaret
3543 2562 3557 2586 ,
3585 2522 3792 2577 etiamsi

2221 2612 2318 2652 nos
2337 2600 2474 2652 nulla
2496 2602 2574 2653 vel
2600 2600 2748 2665 falsa,
2773 2617 2868 2657 vos
2893 2613 3067 2659 autem
3084 2605 3253 2675 aliqua
3275 2617 3328 2661 et
3352 2623 3473 2661 vera
3502 2610 3795 2663 traditionis

2220 2689 2533 2744 documenta
2579 2696 2849 2760 teneretis,
2880 2695 3004 2765 quid
3035 2696 3145 2764 jam
3170 2698 3319 2753 vobis
3355 2706 3539 2765 restet,
3585 2702 3683 2755 nisi
3712 2715 3790 2767 ut,

2219 2780 2263 2832 si
2294 2781 2470 2843 vultis,
2502 2798 2684 2850 pacem
2708 2784 2968 2854 diligatis;
2997 2786 3041 2840 si
3067 2796 3240 2840 autem
3268 2803 3372 2841 non
3395 2789 3569 2853 vultis,
3601 2792 3791 2845 saltem

2219 2872 2879 2930 obtumescatis‘?Etenim
2902 2892 3246 2947 qumcnmque
3272 2880 3432 2934 modo
3461 2880 3790 2951 proferretis,

2221 2961 2466 3017 facillime
2485 2972 2541 3017 et
2565 2965 2838 3020 verissime
2866 2965 3122 3034 dicerem,
3165 2978 3289 3025 tunc
3328 2970 3576 3026 Ecclesia:
3610 2973 3796 3039 plena.

2219 3050 2313 3105 rize
2340 3060 2392 3106 et
2420 3054 2693 3107 catholicae
2719 3055 2921 3122 unitati,
2962 3055 3072 3126 jam
3125 3074 3221 3128 per
3254 3068 3335 3114 tot
3374 3071 3558 3130 gentes
3589 3061 3794 3117 diffusas

2219 3150 2377 3210 atque
2406 3142 2646 3207 ﬁrmatae,
2677 3159 2771 3198 vos
2796 3160 2855 3199 ea
2896 3146 3122 3214 probare
3148 3148 3394 3205 debuisse
3422 3151 3464 3216 ⁸,
3496 3161 3551 3205 ιιι
3584 3168 3679 3206 vos
3707 3154 3792 3205 in-

2222 3239 2310 3285 tus
2334 3232 2542 3296 essetis,
2569 3232 2641 3288 illi
2670 3244 2843 3288 autem
2874 3250 3009 3305 quos
3034 3239 3439 3304 convinceretis,
3471 3242 3796 3309 pellerentur

2220 3319 2385 3375 foras.
2411 3321 2562 3387 Quod
2592 3321 2636 3376 si
2664 3325 2840 3378 conati
2869 3326 2999 3379 estis
3024 3325 3216 3392 facere,
3247 3330 3429 3398 procul
3468 3330 3626 3384 dubio
3664 3346 3793 3399 pro-

2221 3410 2348 3466 bare
2376 3427 2480 3467 non
2511 3414 2774 3481 potuistis,
2803 3422 2857 3468 et
2886 3416 3006 3469 victi
3035 3416 3117 3471 vel
3139 3416 3258 3471 irati
3286 3432 3378 3473 vos
3398 3419 3465 3474 ab
3491 3420 3793 3474 innocenti-

2220 3501 2319 3556 bus
2343 3501 2435 3570 qui
2457 3501 2709 3557 damnare
2734 3504 2929 3558 incerta
2964 3520 3066 3560 non
3093 3516 3344 3575 possent,
3374 3509 3587 3563 immani
3623 3512 3794 3563 sacri-

2220 3590 2359 3660 legio
2407 3592 2709 3659 separastis.
2732 3592 2787 3647 Si
2814 3602 2988 3647 autem
3018 3609 3117 3651 nec
3142 3597 3315 3650 conati
3358 3600 3489 3653 estis
3530 3600 3580 3653 id
3609 3615 3791 3669 agere.

2219 3682 2379 3738 nimis
2406 3683 2715 3738 exsecrabili
2741 3691 2795 3739 et
2822 3683 2979 3754 impia
3016 3686 3255 3741 caecitate
3305 3702 3400 3742 vos
3437 3703 3465 3741 a
3512 3690 3795 3747 frumentis

2219 3770 2434 3839 Christi,
2455 3788 2573 3844 quae
2598 3790 2691 3844 per
2718 3783 2884 3829 totum
2910 3790 3115 3846 agrum,
3137 3776 3190 3831 id
3210 3785 3312 3845 est,
3340 3786 3506 3832 totum
3535 3782 3795 3837 mundum

2220 3882 2387 3937 usque
2414 3866 2480 3922 ad
2527 3866 2684 3921 tinem
2723 3875 2991 3933 crescunt,
3034 3869 3215 3938 paucis
3253 3869 3307 3924 in
3350 3868 3529 3926 Africa
3576 3872 3795 3929 zizauiis

2220 3956 2409 4012 otl‘ensi
2438 3957 2749 4026 princidistis
2776 3956 2849 4029 (a)
2861 3998 2875 4012 .

2303 4050 2530 4106 CAPUT
2578 4049 2767 4104 XXIII.
2806 4079 2879 4090 —
2915 4050 3003 4105 25.
3054 4050 3369 4116 Postremo,
3418 4060 3793 4105 testamentum

2217 4157 2246 4195 a
2276 4142 2588 4213 quibusdam
2615 4143 2995 4211 persecutionis
3019 4151 3256 4213 tempore
3288 4143 3514 4198 flammis
3542 4145 3791 4200 traditum

2218 4234 2525 4304 perhibetur
2554 4249 2574 4293 s
2598 4249 2738 4289 nunc
2761 4234 3126 4304 undecumque
3145 4237 3403 4305 prolatum
3420 4246 3501 4291 est
3519 4238 3790 4291 recitatur.

2217 4325 2376 4379 Certe
2404 4324 2454 4378 in
2482 4323 2700 4378 exordio
2726 4323 3132 4394 promissionum
3156 4325 3421 4381 testatoris
3448 4326 3497 4379 id
3526 4326 3795 4380 invenitur

2218 4412 2445 4468 Abrahae
2482 4413 2701 4479 dictum,
2759 4411 2827 4466 In
2869 4414 3055 4468 semine
3101 4424 3185 4468 tuo
3229 4415 3573 4468 benedicentur
3618 4432 3794 4470 omnes

2216 4513 2383 4576 gentes
2405 4502 2554 4576 (Gen.
2585 4519 2719 4567 χχιι,
2745 4503 2832 4573 18)
2863 4521 2877 4557 :
2906 4512 2959 4559 et
2984 4505 3085 4558 hoc
3106 4504 3229 4574 quid
3247 4506 3334 4570 sit,
3354 4521 3509 4558 verax
3528 4505 3795 4571 interpre-

2217 4604 2358 4650 tatur
2387 4594 2687 4663 Apostolus,
2717 4593 2782 4647 In
2806 4594 3010 4659 semine,
3036 4595 3222 4664 inquit,
3256 4605 3363 4662 tuo,
3390 4595 3524 4665 quod
3544 4605 3613 4649 est
3639 4595 3798 4648 Chri-

2215 4695 2321 4738 stus
2351 4682 2541 4752 (Galat.
2565 4697 2644 4747 ut,
2674 4681 2785 4751 l6).
2816 4681 3020 4736 Nullius
3042 4683 3251 4736 traditio
3268 4682 3423 4736 fidem
3444 4684 3533 4736 Dei
3556 4697 3793 4737 evacua-

2217 4778 2308 4830 vit.
2355 4775 2750 4830 Commnnicate
2804 4774 3049 4829 omnibus
3099 4774 3380 4842 gentibus:
3409 4783 3464 4830 et
3517 4783 3640 4830 tunc
3690 4790 3797 4829 vos

2218 4877 2587 4923 testamentum
2608 4881 2637 4919 a
2663 4866 2896 4936 pernicie
2916 4866 3243 4920 ﬂammarum
3278 4881 3623 4921 conservasse
3667 4867 3796 4936 glo—

2216 4959 2446 5013 riamini.
2474 4958 2528 5013 Si
2554 4967 2730 5011 autem
2757 4972 2861 5010 non
2883 4956 3060 5021 vultis,
3083 4971 3199 5024 quae
3225 4971 3346 5025 pars
3362 4958 3535 5025 potius
3557 4956 3793 5011 creden—

2215 5051 2281 5105 da
2307 5058 2406 5111 est,
2434 5048 2573 5117 quod
2601 5055 2918 5102 testamento
2946 5046 3195 5100 institerit
3222 5046 3513 5111 exurendo,
3537 5046 3637 5101 nisi
3668 5062 3796 5115 qua:

2217 5159 2320 5197 non
2349 5143 2461 5197 vult
2483 5141 2782 5196 consentire
2803 5139 3046 5209 prolato?
3078 5139 3285 5208 Quanto
3304 5139 3445 5193 enim
3457 5138 3653 5193 certius
3674 5137 3802 5193 sine

2216 5234 2386 5302 aliqua
2413 5231 2709 5286 temeritate
2750 5229 3026 5299 sacrilega,
3059 5229 3148 5284 ille
3194 5229 3533 5282 traditoribus
3572 5243 3797 5282 succes-

2216 5323 2665 5392 sissejudicatur,
2695 5322 2784 5391 qui
2826 5338 2963 5376 nunc
3010 5321 3182 5391 lingua
3236 5322 3571 5391 persequitur
3623 5330 3796 5375 testa-

2281 5438 2294 5468 ι
2332 5442 2442 5491 Lov,
2474 5446 2566 5483 non
2587 5439 2656 5483 est
2686 5432 3037 5495 discutiendum
3058 5433 3171 5495 quin
3193 5432 3393 5495 penitus.
3412 5439 3473 5495 _At
3496 5431 3611 5481 editi
3636 5430 3802 5495 aliiet

2218 5498 2525 5606 posti-i325“
2551 5507 2648 5604 ηιςιό
2666 5502 2735 5546 est
2756 5493 3107 5544 discutiendum
3146 5493 3290 5557 quam
3312 5493 3514 5556 penitus.
3553 5499 3606 5541 Et
3626 5493 3695 5540 sic
3720 5493 3802 5539 in-

2237 5572 2304 5606 ra.
2351 5572 2363 5605 ι
2403 5591 2414 5603 .
2474 5591 2487 5606 .
2513 5570 2560 5604 ιι.
2654 5592 2665 5603 .

2237 5572 2304 5615 ra,
2332 5570 2414 5605 nn.
2439 5570 2487 5611 ο,
2513 5570 2560 5604 ιι.
2597 5570 2665 5604 ιυ.

2280 5613 2301 5651 ί
2333 5620 2403 5666 sic
2427 5617 2557 5665 editi.
2594 5623 2748 5672 Forte,
2768 5613 3114 5665 obmutescalis.
3141 5622 3197 5662 tt.

2282 5681 2301 5710 ³
2336 5689 2433 5726 Am.
2459 5684 2531 5725 Er.
2560 5685 2611 5725 et
2636 5685 2759 5732 Mss,
2784 5676 2980 5732 ﬁrmare
3004 5676 3237 5727 debuisse.

2281 5742 2357 5799 (a)
2385 5739 2495 5788 vide
2515 5737 2650 5799 infra,
2675 5736 2755 5785 lib.
2771 5736 2818 5787 Ξ.
2843 5752 2946 5798 cap.
2972 5738 3043 5799 iii,
3065 5737 3147 5785 lth.
3170 5738 3218 5794 5,
3244 5751 3322 5787 un.
3346 5737 3421 5797 69,
3446 5736 3524 5795 70,
3548 5742 3598 5785 et
3628 5740 3805 5784 contra

2221 5798 2521 5851 tn'eswnium
2547 5798 2626 5846 lib.
2654 5799 2701 5860 3,
2721 5813 2764 5845 ιι.
2788 5800 2865 5859 53,
2894 5808 2941 5847 et
2968 5798 3047 5847 lib.
3080 5798 3123 5860 ι,
3145 5812 3192 5847 ιι.
3215 5799 3290 5846 66.
