4028 6202
219 336 324 394 Ξῦτ

222 461 496 514 mentum,
541 449 683 520 quod
737 449 808 503 illi
855 449 1064 503 ﬂamma
1118 446 1376 516 persecuti
1431 445 1810 515 perhibentur?

222 541 470 610 Objicitis
498 539 922 610 persecutionem
958 558 969 591 :
1008 536 1331 607 respondent
1362 537 1510 590 vobis
1548 537 1808 590 frumenta

220 632 514 698 dominica,
547 634 654 685 Aut
671 630 811 700 juste
833 629 1028 683 factum
1053 639 1155 696 est,
1179 639 1272 683 aut
1297 628 1444 698 palea
1469 639 1646 682 nostra
1666 627 1806 681 fecit.

219 721 358 788 Quid
387 719 456 774 ad
486 721 602 774 haec
627 718 841 774 dicitis?
879 718 1122 789 Objicitis
1165 718 1304 788 quod
1346 719 1671 787 Baptismum
1703 732 1808 772 non

221 811 518 866 habeamus
555 825 572 861 :
600 810 925 880 respondent
950 811 1101 864 vobis
1129 809 1314 865 eadem
1333 809 1594 864 frumenta
1633 809 1807 863 domi-

221 902 360 967 nica,
389 900 617 954 formam
639 899 965 956 Sacrameuti
986 901 1145 956 etiam
1164 900 1305 955 intus
1331 901 1647 971 quibusdam
1675 899 1806 954 nihil

223 992 504 1061 prodesse,
537 992 676 1046 sicut
703 993 904 1047 Simoni
934 992 1084 1062 Mago
1109 991 1373 1062 baptizata
1393 1006 1496 1046 non
1521 990 1803 1060 proderat;

225 1080 391 1135 multo
419 1081 592 1150 magis
626 1080 754 1134 nihil
782 1081 1035 1150 prodesse
1074 1081 1140 1136 iis
1169 1082 1257 1150 qui
1289 1081 1416 1135 foris
1444 1089 1569 1138 sunt
1597 1098 1609 1133 :
1634 1080 1809 1133 inesse

223 1173 326 1226 illis
355 1184 534 1227 tamen
562 1173 955 1229 discedentibus
986 1173 1404 1244 hincaprobatur,
1424 1172 1563 1243 quod
1589 1171 1810 1226 redeun-

225 1266 362 1318 tibus
385 1279 496 1319 non
520 1265 834 1320 restituitur.
863 1265 1142 1336 Nunquam
1177 1267 1192 1296 ί
1223 1266 1380 1335 igitur
1406 1265 1509 1320 nisi
1539 1263 1810 1333 impuden-

225 1355 430 1411 tissime
483 1359 685 1427 poteris
725 1359 979 1412 adversus
1015 1358 1113 1412 ista
1167 1357 1430 1412 frut‘uenta
1473 1358 1724 1422 clamare,
1753 1363 1810 1411 et

226 1446 406 1501 direre
439 1447 931 1516 pseudopmphetas
959 1449 1176 1502 vestitos
1203 1449 1428 1516 pellibus
1448 1447 1647 1513 ovium,
1669 1447 1808 1501 intus

227 1549 399 1592 autem
431 1540 586 1608 lupos
616 1555 832 1608 rapaces
863 1556 878 1592 :
907 1539 1332 1608 quandoquidem
1355 1539 1520 1592 malos
1539 1538 1590 1590 in
1607 1537 1808 1592 unitate

228 1629 490 1684 mtholica
519 1630 598 1683 vel
627 1645 730 1684 non
779 1639 1064 1694 noverunt,
1096 1629 1178 1683 vel
1208 1643 1302 1698 pro
1341 1627 1542 1682 unitate
1582 1627 1809 1680 tolerant

227 1733 359 1788 quos
381 1729 664 1773 noverunt.

293 1809 528 1865 CAPUT
565 1809 753 1865 XXIV.
793 1839 862 1849 —-
899 1809 991 1863 ‘26.
1036 1809 1254 1865 Vestras
1295 1818 1471 1864 autem
1517 1808 1714 1863 fructus
1763 1807 1809 1862 si

231 1899 667 1964 consideremus;
719 1901 908 1954 omitto
961 1899 1261 1970 tyrannicas
1311 1900 1361 1952 in
1415 1899 1712 1952 civitatibus
1755 1909 1810 1954 et

230 1988 460 2043 maxime
501 1988 554 2042 in
580 1987 758 2043 fundis
787 1989 975 2044 alienis
1016 1989 1425 2052 dominationes,
1448 1989 1636 2043 omitto
1662 1988 1808 2042 furo-

232 2094 337 2133 rem
368 2080 868 2135 Circumcelliouum
888 2083 931 2147 ’,
954 2091 1006 2136 et
1029 2081 1472 2150 prmcipitatorum
1497 2081 1635 2134 ultro
1651 2079 1809 2133 cada—

232 2185 416 2224 verum
460 2171 636 2225 cultus
670 2172 957 2242 sacrilegos
1006 2183 1060 2228 et
1112 2173 1384 2243 profanos,
1435 2170 1808 2227 bacchationes

231 2263 566 2329 ebrietatum,
595 2274 649 2318 et
674 2265 773 2320 sub
799 2281 904 2319 uno
918 2265 1110 2334 Optato
1127 2264 1444 2321 Gildoniano
1463 2263 1808 2319 decennalem

234 2353 389 2408 totius
410 2351 607 2408 Africa:
627 2355 879 2424 gemitum
912 2373 925 2408 :
957 2357 1145 2410 omitto
1172 2356 1292 2420 ista,
1324 2356 1444 2425 quia
1476 2355 1680 2408 suntin
1711 2369 1806 2408 vo-

238 2445 310 2498 bis
334 2443 550 2514 quidam
575 2447 664 2516 qui
694 2447 806 2502 hzec
829 2447 926 2501 sibi
959 2447 1260 2516 displicere,
1289 2461 1352 2500 ac
1376 2461 1588 2517 semper
1617 2445 1805 2515 displi-

233 2535 400 2588 ruisse
421 2534 777 2603 proclamcnt;
803 2535 896 2591 sed
927 2552 988 2591 ea
1015 2551 1074 2592 se
1095 2537 1296 2602 dicunt,
1313 2537 1432 2608 quia
1456 2537 1808 2607 comprimere

234 2637 330 2676 non
359 2632 604 2692 possunt,
636 2639 734 2694 pro
770 2641 900 2694 pace
941 2625 1205 2680 tolerare:
1237 2627 1322 2680 ubi
1377 2641 1435 2681 se
1468 2626 1669 2696 judicio
1713 2641 1809 2681 suo

235 2713 624 2781 condemnant;
653 2715 772 2784 quia
801 2717 844 2770 si
875 2725 1119 2771 amarent
1146 2731 1352 2785 pacem,
1387 2732 1494 2772 non
1536 2716 1806 2772 discinde-

236 2812 345 2856 rent
369 2804 649 2858 unitatem.
671 2804 804 2859 Nam
834 2821 950 2874 quas
973 2815 1113 2860 tanta
1134 2806 1400 2861 dementia
1419 2816 1520 2872 est,
1552 2821 1730 2876 pacem
1755 2807 1806 2860 in

236 2891 339 2957 ipsa
362 2905 495 2960 pace
522 2893 656 2946 velle
682 2893 1002 2962 relinquere,
1029 2902 1084 2949 et
1110 2909 1226 2949 eam
1253 2894 1306 2948 in
1325 2893 1655 2949 dissensione
1671 2895 1809 2949 velle

234 2982 459 3036 retinere
475 2982 501 3036 ?
535 2982 717 3053 itaque
738 2995 954 3052 pr0pter
991 3000 1085 3040 eos
1110 2986 1199 3056 qui
1225 2985 1359 3040 mala
1380 2986 1616 3055 ejusdem
1645 2987 1808 3056 partis

235 3071 435 3134 Dunati,
474 3088 594 3141 qua:
613 3088 800 3128 omnes
819 3074 999 3128 vident
1015 3083 1069 3129 et
1090 3075 1504 3144 reprehendunt,
1529 3076 1731 3146 lingunt
1750 3088 1809 3130 se

235 3174 331 3213 non
361 3160 566 3224 videre,
597 3177 764 3231 usque
779 3163 914 3217 adeo
927 3164 1150 3218 utetiam
1170 3163 1236 3218 de
1262 3164 1376 3232 ipso
1397 3164 1588 3234 Optato
1607 3165 1805 3228 dicant,

232 3248 360 3314 Quid
388 3248 556 3303 fecit?
581 3249 712 3317 Quis
740 3267 860 3306 eum
900 3251 1208 3306 accusavit?
1241 3253 1360 3321 quis
1397 3253 1659 3307 convicit?
1699 3254 1810 3323 Ego

235 3340 426 3404 nescio,
453 3354 562 3393 non
591 3341 718 3406 vidi,
751 3355 858 3395 non
884 3341 1076 3396 audivi.
1107 3341 1329 3411 Propter
1349 3341 1446 3396 hos
1483 3357 1609 3411 ergo
1626 3344 1714 3413 qui
1748 3359 1810 3400 se

233 3427 502 3482 manifesta
525 3429 767 3496 ignorare
795 3432 1122 3500 contingunt,
1149 3431 1318 3484 exorti
1364 3440 1488 3485 sunt
1527 3431 1805 3486 Maximia-

233 3517 395 3581 oistae,
420 3517 474 3570 in
503 3517 696 3586 quibus
723 3519 804 3573 eis
824 3520 961 3573 oculi
989 3528 1223 3589 pateant,
1262 3528 1316 3574 et
1338 3534 1430 3573 ora
1450 3519 1764 3575 claudantur
1791 3539 1804 3574 :

232 3617 412 3676 aperte
431 3622 491 3663 se
507 3619 775 3678 separant,
801 3619 983 3679 aperte
1000 3611 1168 3665 altare
1191 3618 1374 3664 contra
1393 3611 1561 3666 altare
1579 3613 1806 3682 erigunt,

232 3707 406 3766 aperte
435 3701 489 3751 in
520 3699 746 3753 concilio
777 3698 852 3771 (a)
883 3699 1124 3768 sacrilegi
1170 3708 1223 3754 et
1251 3701 1445 3768 vipera:
1468 3741 1488 3768 ,
1516 3712 1571 3756 et
1598 3703 1809 3757 veloces

233 3788 294 3842 ad
327 3789 708 3844 effundendum
753 3792 1084 3860 sanguinem,
1118 3800 1173 3845 et
1205 3789 1410 3844 Dathao-
1441 3800 1493 3845 et
1520 3791 1718 3844 Abiron
1755 3801 1812 3846 et

235 3879 400 3935 Cbore
448 3882 795 3952 comparandi
843 3883 1211 3952 appellantur,
1273 3892 1326 3937 et
1377 3883 1579 3952 asperis
1635 3885 1812 3938 verbis

234 3971 478 4026 detestati
525 3973 863 4041 damnantur,
919 3984 1102 4044 aperte
1153 3973 1480 4047 reoipiuntur
1523 3989 1706 4028 rursus
1757 3976 1810 4030 in

238 4061 526 4118 honoribus
550 4065 662 4119 suis
687 4079 806 4119 cum
848 4065 1129 4134 baptizatis
1167 4066 1297 4119 suis.
1333 4063 1393 4119 lli
1441 4075 1564 4120 sunt
1610 4066 1812 4122 fructus

233 4169 431 4223 eorum,
463 4171 562 4227 pro
593 4153 780 4210 Donati
810 4171 940 4226 pace
957 4157 1056 4211 ista
1080 4155 1386 4210 facientium
1417 4165 1476 4210 ut
1505 4158 1640 4225 pelle
1657 4156 1813 4210 ovina

232 4257 287 4298 se
311 4257 621 4319 conlegam,
652 4257 706 4303 et
731 4247 928 4304 Christi
957 4263 1140 4317 pacem
1165 4247 1216 4301 in
1259 4255 1369 4301 toto
1400 4245 1530 4301 orbe
1551 4257 1809 4301 terrarum

233 4340 589 4392 recusantium
620 4347 678 4392 ut
703 4338 843 4392 intus
860 4338 966 4392 sint
993 4336 1099 4407 lupi
1131 4351 1372 4405 rapaces.

303 4427 532 4486 CAPUT
570 4427 738 4483 XXV.
776 4456 848 4468 —-
882 4427 974 4482 27.
1014 4426 1154 4480 Nihil
1181 4441 1268 4481 me
1296 4424 1702 4496 prattermisisse
1727 4438 1815 4480 ar-

235 4520 399 4576 bitror
423 4533 634 4583 eorum,
665 4533 783 4588 qua:
813 4517 912 4573 iste
939 4517 990 4571 in
1012 4516 1235 4586 epistola
1261 4531 1356 4570 sua
1387 4517 1584 4586 posuit,
1611 4515 1812 4569 dunta-

233 4621 459 4681 xatqua:
489 4611 541 4664 in
590 4625 653 4664 ea
700 4617 872 4678 parte,
918 4609 984 4662 ad
1036 4622 1194 4678 quam
1253 4607 1617 4676 pervenimus,
1666 4607 1811 4676 potui

231 4701 466 4770 reperire
497 4717 510 4753 :
538 4699 769 4770 prodant
804 4699 970 4751 etiam
993 4697 1253 4766 reliquam
1294 4704 1496 4764 partem
1522 4735 1538 4761 ,
1573 4710 1638 4750 ne
1676 4693 1814 4751 forte

230 4793 297 4847 ibi
326 4795 396 4848 sit
417 4791 618 4861 aliquid
630 4789 770 4860 quod
795 4790 960 4845 refelli
981 4804 1087 4842 non
1109 4788 1295 4859 possit.
1323 4787 1448 4841 ιιωο
1467 4795 1666 4851 autem,
1693 4802 1812 4857 qua:

232 4884 458 4937 Domino
482 4881 767 4950 adjuvante
783 4879 1173 4948 respondimus,
1201 4877 1465 4932 admoneo
1489 4876 1810 4932 Charitatem

229 4984 486 5037 vestram,
518 4983 578 5026 ut
619 4987 725 5025 non
767 4971 940 5025 solum
972 4970 1274 5040 petentibus
1308 4968 1468 5033 dctis,
1515 4969 1608 5023 sed
1652 4970 1811 5024 etiam

229 5080 331 5117 non
359 5063 666 5133 petentibus
687 5062 959 5130 ingeratis.
985 5061 1358 5129 Respondeant
1382 5060 1425 5113 si
1444 5061 1568 5130 quid
1595 5063 1808 5116 volunt:

228 5154 347 5207 etsi
379 5152 537 5206 nobis
574 5151 780 5213 nolunt,
827 5151 1016 5206 saltem
1055 5149 1124 5205 ad
1153 5166 1280 5205 suos
1334 5151 1534 5205 litteras
1578 5151 1809 5218 mittant,

226 5260 344 5311 qum
388 5255 568 5298 tamen
595 5242 672 5312 (b)
703 5241 856 5297 nobis
880 5242 1130 5296 occultari
1170 5257 1276 5297 non
1310 5242 1562 5310 jubeant;
1600 5243 1738 5310 quod
1766 5243 1811 5296 si

229 5336 449 5399 faciunt,
471 5335 813 5404 apertissime
829 5334 1031 5390 fructus
1054 5348 1179 5388 suos
1209 5333 1458 5404 produnt,
1491 5333 1684 5402 quibus
1705 5334 1814 5404 lupi

287 5432 304 5458 ³
345 5433 395 5474 tn
417 5434 542 5483 Μελ,
566 5424 821 5487 numquid.

285 5489 390 5556 futo
415 5493 523 5536 Mss.
545 5488 626 5556 hic
643 5483 842 5556 et'infra
861 5485 954 5556 hoc
971 5486 1018 5535 in
1043 5485 1166 5535 libro
1191 5483 1562 5547 Caecilianam;
1583 5484 1678 5545 vel,
1703 5495 1816 5537 t‘er-

225 5547 476 5597 celliomtm
496 5561 513 5605 ;
537 5547 638 5604 vel,
659 5545 1066 5597 Cercicelﬁonwn.

286 5610 361 5670 (a)
387 5610 654 5670 Bagaieusi.

385 5666 552 5762 uelitis
566 5669 843 5762 ξέοιξέιτ,
873 5681 992 5762 sua:
1025 5667 1358 5730 tamen,juxta
1381 5669 1549 5728 Morel,
1575 5666 1808 5718 Element.

221 5733 406 5788 om,
432 5743 540 5793 pag.
568 5729 805 5790 252,353.
872 5729 926 5777 Si.

1588 326 1786 387 LIBER
1828 321 2091 389 PRIMUS.

2586 412 2597 421 ,
3386 354 3490 409 258

1924 461 2139 514 rapaces
2193 448 2358 502 induti
2402 451 2624 519 pellibus
2665 456 2842 510 ovium
2893 459 3348 532 demonstrentur,
3398 472 3490 538 qui

1918 537 2122 591 occulte
2147 539 2462 595 insidiantur
2485 545 2671 599 ovibus
2692 549 2904 615 nostris,
2925 560 2977 604 ct
2995 564 3176 620 aperte
3193 537 3491 622 pastoribus

1921 625 2242 694 respondere
2268 627 2575 685 formidant.
2608 634 2715 688 Nos
2739 637 2818 690 eis
2843 643 3210 697 tantummodo
3229 645 3489 700 schisma-

1919 712 1984 766 tis
2033 715 2232 770 crimen
2279 719 2578 789 obiicimus,
2634 741 2739 795 quo
2787 731 2996 797 penitus
3030 748 3214 789 omnes
3267 737 3488 795 involuti

1915 813 2037 899 sum
2063 821 2076 858 :
2101 821 2203 860 non
2233 811 2581 876 quorumdam
2607 830 2790 870 eorum
2812 819 3056 888 crimina,
3089 840 3207 892 quae.
3235 828 3338 881 sibi
3366 833 3484 899 qui-

1915 891 2035 945 dam
2057 910 2238 950 eorum
2267 898 2550 968 displicere
2579 907 2952 974 respondeant.
2985 910 3084 980 lpsi
3107 891 3235 970 vero
3260 918 3304 971 si
3333 891 3486 974 nobis

1915 982 2085 1077 aliena
2113 987 2333 1042 crimina
2357 1008 2458 1044 non
2491 993 2762 1062 ubjieiant,
2800 1011 2908 1053 non
2935 999 3130 1057 habent
3164 1008 3304 1074 quod
3347 1009 3469 1077 ohji

1915 1071 2058 1126 ciant
2087 1091 2099 1127 :
2127 1085 2179 1129 et
2235 1076 2354 1131 ideo
2397 1093 2456 1134 se
2495 1083 2567 1135 ab
2605 1086 2806 1142 scelere
2855 1090 3157 1147 sehismatis
3183 1071 3488 1153 defendere

1915 1165 2132 1218 omnino
2162 1182 2269 1223 non
2301 1182 2559 1239 possunt;
2589 1177 2708 1245 quia
2743 1179 2858 1234 sive
2883 1194 3106 1252 propter
3127 1187 3252 1241 falsa
3275 1199 3328 1243 et
3368 1207 3396 1243 a
3428 1208 3485 1245 se

1912 1253 2158 1320 conficta,
2182 1257 2295 1312 sive
2315 1262 2473 1316 etiam
2513 1275 2730 1334 propter
2766 1284 2916 1335 vera,
2960 1273 3054 1326 sed
3105 1285 3279 1330 tamen
3323 1280 3485 1345 palea:

1913 1345 2156 1415 crimina,
2187 1365 2246 1404 se
2277 1352 2344 1405 ab
2371 1369 2494 1408 area
2530 1356 2816 1425 dominica,
2844 1370 2897 1415 et
2941 1364 3008 1417 ab
3043 1365 3339 1422 innocentia
3382 1372 3488 1424 fru-

1915 1449 2211 1493 mentorum
2241 1451 2354 1496 toto
2373 1444 2500 1499 orbe
2526 1450 2897 1518 arescentium,
2923 1455 3118 1508 nefaria
3135 1457 3490 1530 diremptione

1913 1539 2244 1595 separarum.

1983 1619 2206 1676 CAPUT
2245 1622 2431 1678 XXVI.
2470 1655 2543 1666 —-
2575 1626 2666 1683 28.
2707 1628 2813 1683 Nisi
2833 1630 2969 1687 forte
2994 1639 3310 1704 exspectatis
3333 1656 3486 1705 ante,
3547 1701 3552 1712 I

1915 1721 1971 1765 ut
1995 1715 2153 1768 etiam
2184 1715 2251 1770 de
2278 1718 2572 1774 lllauiclueo
2612 1736 2730 1789 qute
2776 1722 3110 1793 interposuit,
3154 1730 3484 1787 refellantur.

1913 1800 2024 1866 Qua
2057 1803 2108 1857 in
2138 1821 2197 1858 re
2223 1807 2375 1862 nobis
2406 1822 2509 1862 non
2558 1809 2821 1879 displicet,
2852 1815 2951 1867 nisi
2999 1818 3120 1885 quia
3161 1822 3489 1887 pestilentio-

1914 1891 2184 1946 sissimum
2214 1905 2266 1948 et
2296 1898 2798 1964 perniciosissimum
2828 1917 3090 1971 errorem,
3121 1907 3169 1959 id
3218 1918 3336 1976 est,
3376 1911 3489 1964 Ma-

1914 1983 2239 2038 nichznorutu
2262 1987 2506 2044 lneresim
2533 1994 2751 2046 omnino
2775 1996 3038 2051 levissima
3069 2011 3123 2053 et
3151 2017 3315 2072 prope
3343 2006 3485 2059 nulla

1915 2076 2327 2142 reprehensione
2358 2079 2615 2148 culpavit;
2639 2100 2794 2152 quem
2821 2088 3056 2141 veritatis
3074 2090 3378 2147 fortissimis
3393 2096 3486 2150 do-

1912 2165 2170 2218 cumculis
2185 2165 2451 2222 Catholica
2467 2181 2733 2240 expugnat
2760 2175 2798 2227 ⁸.
2821 2175 3110 2233 "(creditas
3125 2181 3266 2234 ettim
3293 2182 3490 2238 Christi

1914 2253 1968 2305 iu
1980 2255 2224 2308 omnibus
2238 2257 2481 2324 gentibus
2501 2261 2804 2328 constituta,
2824 2264 3076 2320 adversus
3101 2283 3286 2324 oumes
3310 2271 3488 2327 eth-

1914 2343 2124 2398 redatas
2147 2345 2374 2400 hau-eses
2404 2358 2511 2401 tuta
2545 2357 2628 2404 est
2655 2368 2668 2403 :
2695 2352 2791 2406 sed
2805 2353 2942 2407 sicut
2961 2357 3034 2408 ait
3053 2356 3324 2426 Dominus,
3348 2361 3490 2428 Quo-

1914 2437 2062 2488 modo
2082 2446 2238 2501 potest
2249 2435 2468 2492 Satanas
2481 2441 2722 2498 Satanam
2742 2443 2920 2512 ejicere
2943 2443 3132 2515 (Marc.
3165 2465 3241 2515 ιιι,
3269 2450 3358 2520 25)
3375 2451 3400 2503 ?
3420 2454 3491 2506 ita

1912 2526 2320 2597 Manichmorum
2344 2545 2580 2585 errorem
2601 2534 2872 2602 quomodo
2902 2547 3076 2606 potest
3096 2540 3491 2598 Donatistarum

1913 2633 2065 2673 error
2091 2629 2330 2674 evertere
2357 2618 2436 2692 (a)
2461 2622 2486 2674 ?

1983 2713 2208 2768 CAPUT
2231 2714 2606 2771 XXVll.—29.
2623 2717 2972 2790 QuaprOpter,
2993 2724 3308 2791 charissimi,
3332 2745 3491 2798 quan-

1913 2818 2069 2871 quam
2101 2805 2280 2860 multis
2320 2808 2490 2863 modis
2528 2811 2804 2865 convictus
2845 2828 2997 2868 error
3034 2815 3133 2870 iste
3173 2830 3486 2886 superetur.

1912 2908 2013 2948 nec
2052 2895 2155 2948 ulla
2184 2897 2551 2967 qualicumque
2581 2901 2784 2955 ratione
2805 2903 2826 2934 ¹
2849 2943 2865 2968 ,
2901 2903 2997 2958 sed
3026 2905 3135 2958 sola
3166 2907 3490 2976 impudentia

1914 2988 2168 3056 pertinaci
2197 2989 2446 3044 resistere
2473 2991 2664 3047 audeat
2687 2995 2895 3048 veritati
2926 3012 2940 3048 :
2973 3005 3146 3051 tamen
3177 3015 3244 3054 ne
3282 3016 3486 3056 memo-

1912 3078 2044 3133 riam
2074 3089 2305 3136 vestram
2331 3081 2770 3139 documeutorum
2809 3095 2995 3142 oneret
3033 3091 3340 3157 multitudo,
3389 3094 3490 3149 hoc

1914 3186 2080 3225 unum
2127 3171 2632 3228 Maximiauistarum
2652 3175 2846 3231 factum
2880 3190 3078 3244 tenete,
3100 3183 3198 3236 hoc
3225 3183 3275 3235 iu
3299 3199 3488 3239 eorum

1913 3261 2088 3316 fronte
2106 3262 2369 3333 conﬁgite,
2394 3264 2495 3320 hoc
2510 3266 2589 3321 eis
2612 3267 2679 3321 ad
2703 3271 3130 3339 comprimendas
3150 3273 3364 3328 dolosas
3385 3276 3489 3328 lin-

1914 3367 2043 3421 guas
2061 3353 2112 3406 in
2138 3368 2230 3407 ora
2253 3365 2540 3422 coaretate,
2561 3357 2661 3412 hoc
2689 3367 2936 3430 tauquam
2969 3363 3181 3418 tridenti
3213 3367 3316 3419 telo
3346 3367 3493 3422 velut

1914 3441 2196 3510 tricipitem
2219 3443 2439 3498 bestiam
2457 3461 2639 3500 eorum
2656 3449 2973 3504 calumniam
2990 3454 3268 3510 trucidate.
3300 3457 3488 3510 Tradi-

1917 3531 2110 3586 tiouem
2127 3533 2400 3601 objiciunt,
2423 3539 2846 3605 persecutionem
2873 3541 3150 3610 objiciunt,
3174 3542 3367 3599 falsum
3396 3546 3490 3600 ba-

1917 3621 2104 3690 ptisma
2130 3624 2385 3692 objiciunt
2406 3645 2419 3680 :
2438 3625 2506 3680 de
2530 3628 2657 3682 solis
2681 3629 3085 3686 Maximianistis
3107 3634 3173 3687 ad
3200 3636 3374 3689 omnia
3405 3653 3490 3691 re—
3587 3659 3590 3666 ·

1911 3712 2492 3782 spondete.Quodenim
2507 3717 2733 3786 majores
2743 3736 2923 3774 eorum
2944 3723 3266 3779 tradiderunt
3280 3740 3496 3782 sanctos

1886 3805 2125 3884 codices
2145 3805 2392 3870 ﬂammis,
2423 3811 2684 3861 occultum
2715 3825 2834 3863 esse
2860 3814 3218 3868 arbitrantur:
3248 3818 3338 3870 sed
3369 3835 3492 3872 cum

1914 3896 2192 3965 sacrilegio
2207 3897 2506 3949 schismatis
2523 3897 2822 3965 inquinatos
2839 3899 2890 3952 in
2913 3903 3019 3952 suis
3034 3902 3324 3958 honoribus
3340 3923 3490 3961 rece-

1918 3998 2125 4056 perunt,
2146 3987 2246 4041 hoc
2273 3997 2416 4042 certe
2433 3988 2696 4042 occultare
2723 4005 2826 4042 non
2845 4001 3081 4059 pessum.
3099 3993 3226 4047 item
3242 3998 3489 4063 persccu.’

1917 4081 2088 4134 tiones
2104 4079 2528 4146 violentissimas,
2543 4095 2674 4149 quas
2685 4080 3006 4150 quibuslibet
3026 4083 3110 4137 ubi
3135 4088 3400 4153 potuerint
3417 4088 3496 4143 fa-

1916 4173 2089 4236 ciunt,
2117 4172 2354 4226 occultas
2376 4186 2496 4226 esse
2524 4172 2846 4228 arbitrantur
2870 4191 2883 4227 :
2911 4174 3003 4228 sed
3033 4189 3151 4230 cum
3198 4178 3493 4247 spiritualis

1917 4263 2213 4330 persecutio
2242 4264 2661 4331 persecutionem
2691 4275 2907 4334 superet
2933 4269 3260 4337 corporalem
3281 4311 3295 4335 ,
3325 4270 3494 4326 Muri-

1917 4354 2190 4430 rnianistas
2215 4367 2348 4422 quos
2377 4353 2474 4423 ipsi
2501 4355 3120 4426 corporaliterpersecuti
3147 4369 3271 4414 sunt
3289 4401 3305 4426 ,
3343 4371 3397 4415 et
3423 4362 3494 4418 de

1917 4445 2106 4515 quibus
2137 4445 2234 4514 ipsi
2257 4445 2522 4508 dixerunt,
2554 4445 2757 4501 Vetoces
2783 4449 2932 4516 pedes
2949 4466 3120 4503 eorum
3145 4451 3214 4503 ad
3232 4451 3494 4519 effunden-

1917 4537 2039 4589 dum
2079 4536 2374 4605 sanguinem
2420 4534 2600 4606 (Prol.
2651 4553 2774 4601 xm,
2801 4538 2907 4608 '5),
2945 4540 2997 4592 in
3042 4541 3152 4595 suis
3199 4540 3495 4599 honoribus

1918 4634 2265 4694 receperunt;
2299 4625 2400 4679 hoe
2427 4636 2570 4679 certe
2596 4627 2862 4681 occultare
2891 4643 2994 4682 non
3023 4641 3263 4698 possunt.

1987 4715 2211 4771 CAPUT
2235 4714 2544 4769 XXVlll.--
2570 4716 2840 4770 Postremo
2858 4717 3108 4787 Baptismi
3124 4725 3496 4789 quaestionem,

1917 4822 2018 4876 qua
2049 4807 2273 4862 miseros
2303 4806 2516 4872 fallunt,
2552 4808 2811 4861 occultam
2849 4822 2969 4862 esse
3005 4810 3332 4865 arbitrantur
3361 4813 3495 4868 :sed

1917 4913 2035 4953 cum
2063 4899 2236 4952 dicant
2263 4897 2589 4966 Baptismum
2629 4913 2731 4950 non
2777 4897 2973 4952 habere
3015 4911 3268 4968 Qlltthlml
3303 4915 3500 4968 praeter
3576 4952 3577 4955 η

1917 4990 2343 5044 communionem
2367 4989 2520 5043 unius
2549 4989 2802 5043 Ecclesiae
2833 4991 3193 5059 baptizautur,
3224 4993 3500 5046 Maximia-

1919 5080 2084 5133 nistas
2109 5094 2226 5132 cum
2257 5081 2335 5132 eis
2378 5093 2512 5147 quos
2540 5087 2686 5132 extra
2718 5078 2937 5132 istorum
2980 5086 3404 5136 eonnnuuioneut
3440 5083 3498 5135 in

1919 5169 2203 5222 schismate
2231 5168 2581 5238 haptizaruut,
2614 5169 2662 5221 in
2693 5169 2802 5222 suis
2830 5170 3115 5226 honoribus
3145 5184 3498 5242 receperunt;

1920 5259 2020 5314 hoc
2047 5269 2193 5314 certe
2217 5260 2481 5314 occultare
2508 5275 2612 5312 non
2641 5270 2879 5328 possunt.

1983 5419 1998 5448 ι
2035 5415 2169 5470 mliti,
2193 5425 2333 5477 quem
2355 5410 2821 5482 verit-asfort‘isvimis
2844 5411 3136 5482 documentis
3153 5411 3384 5482 catholica
3405 5423 3500 5482 ςπ-

1919 5483 2190 5540 ῃηφιιιιηιιι
2208 5471 2587 5540 'Mss.,_v_eritatis
2623 5472 2891 5536 fortuaimis
2928 5472 3221 5524 domunculi;
3252 5471 3501 5522 Catholica

1921 5531 2162 5607 (subaudi,
2188 5531 2417 5607 Ecclesia)
2435 5531 2692 5597 expugnat.
2739 5603 2749 5607 _
2822 5595 2852 5607 __
2962 5603 2986 5607 μ
3291 5596 3302 5607 θ
3456 5595 3466 5606 _

1981 5603 2001 5633 ⁸
2035 5607 2134 5648 Duo
2153 5594 2260 5647 uss.
2289 5594 2507 5664 βᾳιεςίυυς
2525 5594 2671 5664 unus,
2706 5603 2771 5664 et_
2794 5595 2917 5646 alter
2955 5594 3156 5664 Gallicus
3180 5594 3504 5664 .r‘loriacengig

1919 5664 2115 5716 habent,
2144 5674 2227 5711 nec
2253 5659 2361 5708 ullis
2372 5655 2618 5719 Erroribus
2639 5655 2994 5719 quatis-cumth
3019 5655 3230 5705 rationis.

1983 5725 2059 5786 (tt)
2077 5724 2186 5779 Vide
2210 5723 2344 5778 infra,
2372 5721 2453 5768 lib.
2476 5717 2523 5776 ἓ,
2549 5732 2627 5766 un.
2654 5717 2818 5778 10,51.

2990 5866 3018 5889 Ρ
