4028 6202
516 340 619 394 ἳῗὶῡ

590 451 676 505 30.
720 449 780 501 At
829 449 967 505 liatc,
1013 444 1277 510 inquiunt,
1311 452 1403 504 pro
1432 451 1553 503 pace
1581 449 1679 486 non
1711 431 1998 488 maculant.
2047 441 2093 482 et

519 544 702 593 bonum
723 549 794 590 est
824 537 1036 604 rigorem
1062 528 1332 585 severitatis
1358 527 1424 578 ad
1451 523 1844 578 misericordiam
1869 521 2089 590 ﬂectere,

520 642 571 683 ut
616 630 776 681 denuo
807 623 936 677 rami
975 622 1122 691 fracti
1149 621 1448 673 inserantur.
1503 615 1572 668 Ita
1618 627 1745 682 ergo
1783 620 1889 664 tota
1935 624 2090 663 causa

519 715 851 771 concluditur
873 753 888 778 ,
917 713 1051 765 victa
1080 710 1130 762 in
1160 709 1264 762 illis
1283 749 1296 771 ,
1329 706 1520 760 invicta
1550 718 1646 774 pro
1672 702 1823 756 nobis
1849 715 1861 753 :
1885 699 2006 769 quia
2049 698 2091 751 si

521 823 712 860 nomen
742 803 884 874 pacis
908 801 974 856 ad
999 798 1298 854 tolerandos
1317 798 1366 850 in
1393 795 1678 849 schismate
1706 791 1871 846 malos
1894 791 1946 844 in
1967 804 2095 858 qua-

522 899 851 966 iemcumque
894 894 1132 947 umbram
1177 887 1499 944 defensionis
1545 882 1866 946 assumitur,
1909 878 2095 948 procul

520 989 680 1043 dubio
710 1003 829 1040 cum
869 983 1134 1038 horrendo
1171 981 1373 1035 scelere
1409 985 1464 1032 et
1489 977 1604 1029 sine
1649 973 1752 1026 ulla
1786 970 2096 1025 defensione

523 1096 614 1149 per
641 1078 890 1131 unitatem
921 1074 1064 1127 orbis
1110 1082 1368 1126 terrarum
1397 1083 1516 1121 vera
1551 1080 1646 1134 pax
1697 1063 1808 1130 ipsa
1847 1061 2091 1113 violatur.

589 1167 813 1224 CAPUT
843 1165 1033 1220 XXIX.
1059 1194 1129 1203 —
1157 1164 1244 1218 5L
1287 1157 1665 1221 ll:ec,fratres,
1707 1167 1826 1206 cum
1876 1149 2094 1219 impigra

522 1259 930 1314 mansuetudine
971 1255 1171 1326 agenda
1204 1262 1256 1307 et
1296 1247 1630 1320 praedicanda
1671 1246 1897 1298 retinete
1930 1260 1941 1294 :
1972 1241 2095 1294 dili-

519 1355 627 1423 gite
652 1353 927 1412 homines,
978 1346 1258 1401 interficite
1300 1356 1510 1396 errores
1543 1356 1556 1391 :
1588 1340 1702 1392 sine
1743 1334 1985 1403 superbia
2030 1331 2098 1384 de

523 1444 743 1497 veritate
769 1440 1070 1509 pricsumite
1091 1477 1105 1500 ,
1135 1437 1249 1490 sine
1275 1433 1472 1494 sevitia
1500 1444 1595 1500 pro
1623 1429 1843 1484 veritate
1872 1433 2093 1480 certate.

1363 324 1629 380 CONTRA
1674 319 2007 376 I.lTTER.\S
2045 318 2402 383 Pii'flldANI,
2435 321 2490 373 S.
2527 316 2883 373 AUGUSTI?"

3663 316 3766 371 230

3423 387 3432 408 ἰ

2197 429 2353 484 Orate
2387 443 2480 498 pro
2510 431 2586 482 eis
2613 445 2744 497 quos
2777 429 3088 498 redarguitis
3115 440 3272 499 atque
3299 429 3636 485 convincitis.
3665 429 3766 486 Pro

2199 519 2388 572 talibus
2437 520 2576 572 enim
2629 519 2880 588 propheta
2930 520 3090 573 Demn
3148 520 3497 587 deprecatur,
3546 520 3768 584 dicens:

2201 610 2365 679 Imple
2394 611 2546 678 facies
2571 628 2739 664 eorum
2761 613 3057 680 ignominia,
3087 622 3132 664 et
3154 624 3378 682 quaerent
3401 630 3580 667 nomen
3607 624 3766 675 tuum,

2201 701 2412 756 Domine
2457 702 2636 770 (I’snl.
2671 718 2877 763 Lxxxu,
2931 703 3048 771 17).
3089 702 3240 770 Quod
3277 702 3490 771 quidem
3515 703 3622 772 jam
3653 703 3772 758 fecit

2201 791 2484 853 Dominus,
2515 803 2570 844 ut
2597 807 2779 844 eorum
2823 791 2981 844 facies
3029 792 3314 862 ignominia
3359 792 3769 847 Maximianista-

2200 897 2316 934 rum
2347 882 2678 952 apertissime
2719 882 2964 950 impleret
2992 900 3003 934 :
3035 892 3279 952 superest
3316 894 3372 936 ut
3427 886 3604 936 norint
3632 887 3768 937 salu-

2202 970 2366 1023 briter
2404 973 2741 1025 erubescere.
2789 972 2858 1025 lta
2887 973 3027 1024 enim
3071 987 3260 1025 nomen
3303 972 3509 1026 Domini
3537 989 3772 1042 quarrere

2204 1071 2484 1128 poterunt,
2535 1077 2563 1115 a
2607 1079 2714 1130 quo
2759 1064 3201 1131 perniciosissime
3238 1065 3409 1117 aversi
3449 1074 3600 1128 sunt,
3650 1064 3770 1118 dum

2205 1165 2297 1217 pro
2328 1165 2393 1204 eo
2419 1167 2570 1204 suum
2603 1166 2792 1206 nomen
2820 1153 3099 1206 extollunt.
3134 1153 3334 1206 Vivatis
3377 1163 3431 1206 et
3470 1169 3772 1222 persevere~

2205 1242 2270 1293 tis
2299 1241 2350 1294 in
2381 1242 2590 1296 Christo
2613 1284 2627 1304 ,
2662 1252 2714 1296 et
2741 1243 3160 1312 multipliccmini
3179 1283 3194 1308 ,
3227 1253 3386 1312 atque
3412 1243 3693 1299 abundetis
3721 1245 3768 1298 in

2203 1332 2458 1387 charilate
2494 1334 2581 1388 Dei
2609 1377 2622 1400 ,
2653 1344 2702 1389 et
2735 1335 2784 1388 in
2817 1335 3039 1388 invicem
3065 1375 3078 1398 ,
3111 1345 3163 1389 et
3191 1335 3241 1388 in
3285 1351 3506 1405 omnes,
3546 1336 3772 1390 dilectis-

2204 1424 2324 1477 s‘mi
2359 1423 2567 1479 fratres.

525 1557 3769 1586 ___________________________._____.._________________,

1400 1654 1870 1765 LIBER
1921 1649 2758 1760 SECUNDUS
2789 1655 2893 1762 (α).

639 1859 688 1900 ιιι
713 1849 884 1913 quoad
907 1847 1062 1897 omnia
1083 1852 1133 1893 et
1156 1841 1342 1905 singula
1367 1840 1517 1888 verba
1543 1835 1763 1898 Epistolze
1786 1829 2384 1952 Petilianiciilqguspqudet
2406 1835 2712 1894 Augustinus,
2739 1844 2960 1899 tanquam
2984 1850 3092 1886 cum
3115 1838 3392 1888 adversario
3414 1841 3652 1901 prasente

1987 2011 2356 2072 campie:

599 2156 820 2213 CAPle
868 2152 1146 2210 PRIMUM.
1179 2181 1246 2190 —
1271 2151 1319 2203 ι.
1353 2147 1544 2203 Primis
1574 2135 1810 2214 partibus
1856 2135 2102 2208 Epistola:

533 2249 806 2314 Petiliani,
841 2263 971 2317 quas
1011 2241 1372 2298 tantuuunodo
1401 2241 1804 2300 inveneramus,
1837 2232 1964 2286 satis
2009 2243 2120 2292 nos,

533 2339 868 2410 reSpondissc
900 2336 1283 2397 meminerunt,
1316 2332 1403 2401 qui
1451 2346 1513 2383 ea
1563 2328 1741 2396 legere
1788 2324 1872 2377 vel
1920 2319 2104 2374 audire

535 2439 833 2500 potuerunt.
886 2428 990 2482 Sed
1035 2427 1155 2496 quia
1202 2432 1381 2493 postea
1422 2430 1528 2474 tota
1572 2427 1707 2472 esta
1739 2413 1988 2469 fratribus
2026 2410 2108 2463 in-

533 2531 685 2576 venta
715 2530 870 2587 atque
907 2517 1167 2583 descripta
1193 2555 1208 2580 ,
1248 2513 1512 2579 missaque
1552 2507 1705 2562 nobis
1748 2514 1805 2558 ut
1848 2503 2107 2556 universa:

535 2611 947 2681 respondeamus
970 2651 985 2673 ,
1035 2622 1139 2660 non
1167 2613 1280 2658 erat
1309 2598 1680 2670 defugiendum
1727 2597 1826 2649 hoc
1870 2592 2103 2646 officium

535 2705 638 2758 stili
684 2702 894 2756 nostri:
928 2714 1030 2754 non
1061 2698 1181 2766 quia
1223 2695 1311 2749 ille
1342 2707 1534 2747 novum
1574 2687 1768 2758 aliquid
1810 2686 1976 2750 dicit,
2023 2683 2106 2736 cui

537 2812 639 2849 non
663 2794 771 2864 jam
800 2793 978 2847 multis
1025 2789 1194 2843 modis
1229 2796 1282 2840 et
1321 2801 1460 2854 saepe
1501 2795 1812 2850 responsum
1857 2788 1976 2839 est;
2016 2773 2109 2827 sed

537 2895 751 2955 prepter
775 2883 1032 2938 tardiores
1059 2879 1276 2941 fratres,
1307 2877 1394 2945 qui
1424 2890 1482 2929 ea
1513 2889 1627 2941 qum
1655 2869 1844 2924 alicubi
1866 2864 2107 2936 legerint,

535 2977 600 3032 ad
627 2976 800 3030 omnia
833 2975 975 3043 paria
1005 2971 1202 3025 referre
1247 2983 1349 3020 non
1381 2970 1632 3034 possunt,
1676 2962 1747 3013 ita
1778 2973 1976 3011 morem
2022 2969 2113 3022 ge-

537 3084 647 3122 ram
677 3067 755 3119 eis
798 3064 884 3134 qui
917 3079 1001 3116 me
1031 3061 1247 3118 omnino
1275 3057 1338 3110 ad
1365 3055 1565 3124 singula
1609 3050 1933 3120 respondere
1959 3063 2111 3102 eom-

540 3159 778 3226 νιιιιιιιιι,
809 3164 864 3207 ιιι
907 3153 1053 3221 quasi
1091 3150 1307 3204 alternis
1354 3144 1687 3200 sermonibus
1733 3142 1784 3195 in
1833 3137 2111 3209 prmsentia

538 3248 879 3299 disseramus.
925 3240 1096 3295 Verba
1125 3255 1187 3292 ex
1221 3236 1450 3306 Epistula
1481 3233 1597 3302 ejus
1635 3247 1824 3300 ponam
1873 3230 1972 3281 sub
2000 3227 2115 3295 ejus

539 3336 754 3390 nomine
780 3376 795 3398 ,
823 3345 873 3387 ct
899 3329 1295 3399 responsionem
1327 3325 1455 3380 redd
1477 3341 1542 3376 un
1573 3323 1670 3376 sub
1714 3335 1832 3374 meo
1864 3319 2075 3372 nomine
2097 3357 2110 3382 ,

541 3439 628 3480 tan
653 3442 789 3494 piam
811 3466 824 3488 ,
856 3439 974 3477 cum
997 3433 1272 3491 ageremus
1293 3460 1306 3482 ,
1335 3435 1362 3467 ιι
1396 3413 1613 3470 notariis
1636 3423 1853 3478 excepta
1881 3410 2002 3461 sint.
2040 3407 2114 3458 lta

541 3533 698 3572 nemo
726 3517 824 3570 erit
853 3515 939 3583 qui
984 3527 1068 3565 me
1095 3507 1288 3578 aliquid
1315 3504 1715 3575 praetermisisse
1734 3543 1747 3564 ,
1790 3510 1879 3552 aut
1903 3508 2119 3567 pioptcr

544 3609 857 3663 iudiscretas
889 3617 1142 3673 personas
1168 3615 1225 3652 se
1253 3614 1355 3652 non
1392 3597 1627 3666 potuisse
1666 3593 1959 3660 intelligere
1990 3605 2117 3641 con-

499 3689 504 3694 .
547 3708 798 3770 queratur
823 3714 835 3747 :
859 3695 1012 3748 simul
1055 3693 1213 3744 etiam
1246 3698 1302 3742 ut
1349 3688 1507 3742 iidem
1541 3685 1639 3753 ipsi
1673 3683 1959 3736 Donatista:
1981 3721 1994 3745 ,
2028 3679 2118 3748 qui

545 3805 724 3844 eoram
772 3785 1043 3839 nobiscum
1071 3784 1332 3836 disserere
1371 3778 1585 3839 nolunt,
1619 3791 1713 3845 per
1745 3773 1946 3827 litteras
1988 3782 2120 3838 quas

483 3926 485 3930 .
545 3885 654 3936 suis
698 3879 1008 3940 ediderunt,
1060 3875 1130 3927 ita
1158 3888 1260 3926 non
1301 3869 1551 3938 effugiant.
1579 3864 1989 3934 respondentem
2018 3858 2120 3911 sibi

545 3975 610 4028 ad
638 3972 837 4042 singula
868 3970 1139 4023 veritatem
1165 4006 1179 4030 ,
1211 3975 1455 4030 tanquam
1483 3959 1757 4011 nobiscum
1787 3954 1919 4008 facie
1948 3951 2012 4005 ad
2045 3948 2122 4002 fa-

545 4067 679 4120 ciem
707 4064 1094 4130 colloquantur.

619 4155 673 4208 2.
716 4154 797 4208 Ab
820 4155 932 4220 ipso
953 4146 1173 4204 exordio
1201 4140 1452 4210 EpiSlOliB
1473 4153 1580 4190 sua:
1608 4137 1927 4189 Parnassus
1953 4131 2118 4185 dixit:

560 4249 837 4302 Petilianns
863 4245 1128 4312 episcopus
1149 4231 1482 4288 dilectissimis
1513 4228 1749 4301 fratribus
1768 4269 1783 4291 ,
1812 4223 2126 4294 compresby-

554 4343 672 4394 teris
697 4348 741 4391 et
770 4334 1061 4388 diaconibus
1087 4327 1326 4380 ministris
1371 4341 1458 4392 per
1497 4321 1745 4375 dicacesim
1787 4317 2042 4370 nobiscum
2073 4315 2127 4365 in

553 4440 723 4484 sancto
765 4425 1031 4494 Evangelia
1061 4420 1338 4472 constitutis
1363 4433 1378 4469 :
1405 4417 1566 4486 gratia
1594 4413 1726 4466 vobis
1755 4421 1800 4464 et
1840 4425 1942 4479 pax
1961 4426 1990 4460 tt
2022 4406 2128 4459 Deo

561 4522 710 4575 Patre
735 4525 901 4570 nostro
921 4525 964 4567 et
995 4512 1212 4565 Domino
1239 4508 1362 4561 Jesu
1395 4507 1610 4559 Christo.
1979 4576 1982 4578 η

625 4613 679 4665 5.
734 4611 1063 4662 Aucusrmns
1105 4600 1378 4672 respondit
1427 4617 1438 4651 :
1493 4599 1736 4666 Agttosco
1775 4579 2125 4660 ’apostoiicam

556 4699 923 4757 salutationem
956 4713 968 4750 :
1001 4693 1194 4748 videris
1217 4693 1333 4760 quis
1358 4689 1533 4743 dicas‘
1568 4729 1580 4752 ,
1615 4686 1753 4738 unde
1784 4694 1956 4736 tamen
1997 4679 2131 4734 didi-

558 4791 695 4846 ceris
719 4787 854 4858 quod
882 4786 1011 4840 dicis
1039 4784 1274 4838 adverte.
1302 4781 1390 4835 Sic
1410 4778 1602 4832 salutat
1628 4775 1818 4830 Paulus
1839 4773 2127 4834 Romanos,

558 4885 633 4936 sic
659 4879 960 4935 Corinthios
978 4919 992 4942 ,
1024 4877 1102 4931 sic
1130 4874 1342 4931 Galatas
1363 4915 1376 4935 ,
1407 4871 1483 4925 sic
1513 4869 1765 4937 Ephesios
1786 4906 1801 4932 ,
1849 4864 2132 4918 Colossen-

559 4992 644 5030 ses
665 5014 681 5038 ,
711 4973 1075 5041 Philippenses
1094 5011 1108 5032 ,
1139 4965 1660 5022 'fhessalnnicenses.
1691 4962 1817 5028 Qua:
1858 4960 2016 5028 igitur
2043 4957 2136 5011 de-

561 5065 754 5118 mentia
773 5073 852 5114 est
871 5103 884 5125 ,
917 5076 1034 5115 cum
1066 5059 1149 5112 his
1174 5056 1424 5110 Ecclesiis
1453 5054 1590 5106 nolle
1618 5052 2009 5106 cm'nmunieare
2041 5061 2135 5115 pa-

563 5156 634 5207 cis
661 5152 882 5206 salutem
905 5191 920 5214 ,
953 5149 1005 5200 in
1044 5161 1263 5216 quarum
1306 5143 1558 5212 Epistolis
1596 5140 1821 5194 didicisti
1866 5135 2136 5206 paciﬁcam

560 5241 927 5314 salutationem
948 5237 971 5290 ?

631 5329 856 5386 CAPUT
887 5329 952 5386 :l.
973 5356 1044 5367 ··“
1081 5328 1132 5380 4.
1176 5325 1358 5378 Ρετιι.
1386 5322 1517 5376 dixit
1545 5339 1557 5375 :
1588 5320 1673 5373 Bis
1702 5317 1962 5386 Baptisma
1999 5315 2140 5369 nobis

563 5423 804 5492 objiciunt
833 5420 868 5472 ii
889 5418 972 5483 qui
993 5415 1083 5469 sub
1111 5415 1310 5468 nomine
1331 5411 1575 5481 Baptismi
1596 5411 1790 5463 animus
1815 5423 1932 5462 suas
1956 5424 2040 5461 reo
2062 5409 2140 5461 la-

563 5529 710 5566 vacro
737 5514 1039 5582 palluerunt,
1057 5508 1236 5578 quibus
1257 5507 1484 5576 equidem
1509 5503 1729 5557 obscenis
1754 5503 1924 5555 sordes
1949 5510 2142 5553 cunetic

629 5647 644 5676 '
679 5653 751 5695 ste
774 5655 874 5694 uss.
902 5645 1013 5695 Fditi
1040 5657 1172 5702 vero,
1196 5642 1312 5704 quid
1337 5641 1480 5691 dicat.

630 5705 705 5762 (α)
729 5709 840 5766 Scrij
860 5717 936 5755 tus
957 5709 1143 5756 u'rciter
1163 5702 1347 5754 initium
1370 5706 1479 5754 anni
1500 5702 1602 5752 £02.

2215 2138 2499 2193 mundiores
2524 2154 2673 2208 sunt,
2703 2163 2826 2214 quos
2854 2165 3080 2218 perversa
3107 2151 3354 2203 munditia
3379 2169 3508 2222 aqua
3536 2171 3627 2207 suo
3665 2169 3756 2207 con

2213 2228 2319 2298 tigit
2347 2231 2616 2300 inquinari.

2368 2323 2500 2378 Anc.
2550 2328 2823 2394 respondit
2854 2348 2865 2382 :
2899 2331 3005 2385 Nec
3034 2348 3165 2401 aqua
3201 2343 3378 2388 nostra
3411 2335 3775 2404 inquinamur.

2214 2427 2311 2465 nec
2342 2423 2511 2468 vestra
2543 2419 2890 2473 numdamur:
2924 2423 3013 2476 sed
3046 2438 3180 2492 aqua
3205 2425 3454 2493 Baptismi
3485 2426 3534 2478 in
3569 2429 3780 2481 nomine

2213 2499 2386 2555 Patris
2413 2513 2465 2556 et
2491 2504 2604 2558 Filii
2629 2518 2676 2560 ct
2703 2509 2926 2577 Spiritus
2945 2513 3259 2567 sancticum
3289 2513 3443 2568 datur
3462 2515 3616 2569 alicui
3643 2558 3658 2576 ,
3689 2533 3783 2570 nec

2214 2604 2427 2658 nostra,
2459 2613 2554 2651 nec
2589 2609 2759 2654 vestra
2788 2611 2903 2668 est,
2935 2605 3024 2657 sed
3059 2604 3196 2658 illius
3223 2605 3290 2660 de
3330 2621 3436 2675 quo
3477 2607 3665 2662 Joanni
3705 2609 3784 2660 di-

2214 2695 2357 2737 ctum
2384 2696 2461 2739 est
2483 2727 2497 2750 ,
2533 2688 2700 2759 Super
2718 2708 2860 2756 quem
2881 2696 3061 2747 videris
3087 2695 3335 2764 Spiritum
3355 2698 3480 2748 sicut
3505 2699 3784 2750 columbum

2215 2775 2589 2830 descendentem
2617 2791 2662 2832 et
2693 2793 2970 2835 manentem
2999 2801 3150 2852 super
3171 2803 3281 2838 eum
3302 2828 3316 2851 ,
3351 2788 3430 2839 Itic
3469 2798 3538 2840 est
3567 2790 3650 2852 qui
3695 2790 3780 2840 bu-

2217 2868 2371 2934 ptizat
2394 2870 2442 2920 in
2471 2870 2666 2938 Spiritu
2693 2873 2882 2927 Sancto
2909 2875 3093 2944 (Joan.
3121 2893 3168 2940 ι,
3203 2877 3327 2948 55

2288 2960 2509 3015 CAPUT
2532 2962 2614 3015 ΠΙ.
2644 2967 2780 3018 ~6.
2825 2966 3006 3020 Ρετιι..
3035 2968 3166 3020 dixit
3195 2985 3206 3020 :
3239 2967 3552 3037 Conscientia
3577 2987 3790 3043 namque

2217 3049 2384 3103 dantis
2409 3055 2681 3107 attenditur
2699 3096 2712 3117 ,
2741 3058 2824 3122 qui
2847 3057 2863 3087 ί
2884 3056 3054 3110 abluat
3079 3059 3385 3127 accipientis.

2291 3143 2342 3195 7.
2385 3145 2520 3198 Anc.
2552 3147 2853 3214 respondit:
2882 3150 2952 3202 De
2977 3150 3296 3204 conscientia
3327 3152 3519 3206 Christi
3551 3168 3679 3222 ergo
3708 3169 3791 3208 ses

2217 3235 2328 3287 euri
2358 3251 2558 3288 smnus.
2590 3237 2716 3289 Nam
2750 3239 2793 3291 si
2831 3240 3120 3305 quemlibet
3153 3241 3418 3296 hominem
3466 3256 3657 3311 ponas,
3710 3244 3791 3296 ius

2219 3335 2365 3379 certa
2417 3328 2517 3380 erit
2558 3329 2865 3396 accipientis
2908 3331 3213 3396 mundatio,
3258 3333 3380 3401 quia
3410 3332 3607 3387 incerta
3661 3349 3792 3386 con-

2221 3417 2436 3470 scientia
2469 3428 2549 3471 est
2579 3419 2860 3474 abluentis.

2293 3508 2517 3563 CAPUT
2570 3510 2732 3561 |V.—
2759 3512 2810 3564 8.
2860 3512 3040 3566 PETIL.
3087 3513 3218 3567 dixit
3249 3533 3261 3567 :
3290 3515 3426 3568 Nam
3454 3517 3539 3584 qui
3574 3517 3730 3581 ﬁdem
3768 3535 3797 3568 η

2224 3599 2416 3666 perﬁdo
2437 3600 2734 3667 sumpserit,
2765 3617 2863 3654 non
2893 3602 3044 3668 [idem
3069 3605 3296 3672 percipit,
3319 3606 3408 3658 sed
3434 3619 3654 3661 reatum.

2292 3687 2345 3741 9.
2391 3691 2522 3743 Anc.
2553 3691 2824 3758 respondit
2863 3708 2875 3742 :
2923 3690 3034 3744 Non
3073 3702 3152 3744 est
3196 3695 3428 3762 perﬁdus
3455 3695 3744 3761 Christus;
3775 3714 3802 3750 a

2223 3793 2328 3846 quo
2357 3778 2525 3832 fidelis
2557 3781 2716 3833 homo
2758 3780 2910 3834 fidem
2942 3783 3195 3849 percipit,
3227 3799 3328 3835 non
3361 3794 3589 3837 reatum.
3619 3787 3802 3841 Credit

2225 3870 2420 3937 quippe
2461 3869 2512 3922 in
2551 3884 2672 3923 eum
2717 3870 2804 3938 qui
2844 3870 3093 3938 justiticat
3135 3872 3384 3940 impium,
3420 3882 3477 3926 ut
3518 3874 3804 3944 deputetur

2229 3959 2357 4010 fides
2381 3959 2495 4025 ejus
2524 3959 2586 4011 ad
2614 3959 2869 4028 justitiam
2897 3960 3071 4027 (Rom.
3102 3978 3151 4014 IV
3170 4001 3184 4026 ,
3217 3961 3305 4032 5).

2284 4048 2510 4104 CAPUT
2536 4049 2672 4102 V.—
2700 4051 2781 4106 10.
2815 4051 2998 4105 Ρετιι..
3022 4052 3158 4105 dixit
3182 4071 3194 4106 :
3222 4052 3398 4108 Omnis
3426 4071 3504 4109 res
3531 4057 3661 4109 enim
3705 4061 3804 4110 ori-

2226 4140 2342 4208 gine
2369 4149 2414 4192 et
2443 4142 2612 4194 radice
2638 4143 2898 4204 consistit;
2927 4153 2972 4196 et
2999 4144 3044 4195 si
3067 4153 3215 4213 caput
3254 4161 3350 4198 non
3387 4147 3528 4199 liabet
3566 4147 3764 4214 aliquid
3786 4190 3800 4211 ,

2229 4231 2358 4284 nihil
2385 4242 2456 4284 est
2481 4248 2499 4286 :
2526 4249 2614 4296 nec
2635 4235 2906 4305 quidquam
2945 4236 3064 4288 bene
3098 4247 3386 4304 regenerat,
3425 4237 3523 4289 nisi
3559 4236 3688 4289 bono
3725 4255 3805 4290 se-

2231 4325 2362 4378 mine
2383 4336 2711 4395 regeneretur.

2303 4418 2325 4469 1
2343 4418 2528 4470 LAno.
2550 4416 2848 4483 respondit:
2866 4414 2999 4480 Quid
3016 4425 3068 4470 te
3089 4432 3182 4484 pro
3194 4416 3402 4471 Clu-isto
3416 4417 3493 4470 vis
3512 4400 3803 4488 opponere,

2233 4507 2331 4559 sub
2365 4522 2469 4574 quo
2498 4515 2547 4558 te
2572 4520 2674 4557 non
2704 4506 2783 4558 vis
2817 4506 3035 4572 louere?
3062 4507 3153 4559 llle
3181 4515 3263 4560 est
3286 4508 3432 4576 origo
3461 4517 3513 4560 et
3539 4506 3685 4560 radix
3714 4523 3806 4559 ea-

2234 4608 2429 4666 putque
2447 4596 2802 4660 nascentis,de
2831 4611 2936 4664 quo
2966 4612 3067 4650 non
3087 4596 3332 4652 timemus
3351 4598 3484 4650 sicut
3501 4598 3566 4650 de
3593 4596 3808 4651 homine

2235 4688 2488 4756 quolibet,
2523 4703 2588 4740 ne
2617 4687 2750 4741 forte
2774 4687 2842 4741 sit
2868 4687 3019 4741 fictus
3048 4697 3100 4740 et
3127 4689 3386 4753 pessimus
3409 4699 3484 4750 ,et
3509 4686 3576 4741 de
3603 4688 3809 4753 origine

2239 4781 2463 4848 pessima
2482 4779 2808 4840 oriamurale
2829 4778 3052 4846 pessima
3074 4778 3250 4832 radice
3265 4792 3556 4844 surgamus,
3578 4779 3810 4845 peSsimo

2237 4871 2392 4939 Capiti
2413 4870 2821 4924 conformemur.
2843 4869 2970 4933 Quis
2989 4869 3130 4922 enim
3154 4868 3310 4921 homo
3335 4867 3403 4920 de
3429 4867 3641 4921 homine
3655 4883 3810 4921 secu-

2239 4979 2328 5016 rus
2353 4964 2440 5024 sit,
2469 4978 2587 5015 cum
2612 4961 2866 5028 scriptum
2892 4961 2960 5014 sit
2988 4977 3002 5012 :
3037 4959 3334 5012 Maledictus
3372 4959 3532 5012 omnis
3560 4959 3644 5024 qui
3673 4976 3811 5026 spem

2238 5071 2380 5106 suam
2397 5053 2533 5122 ponit
2553 5052 2605 5104 in
2630 5051 2829 5103 homine
2851 5049 2868 5120 (
2885 5049 3074 5102 Jercm.
3106 5064 3208 5102 χιιι
3233 5089 3246 5112 ,
3275 5049 3308 5102 5
3333 5048 3386 5117 )?
3413 5049 3604 5101 Semen
3634 5058 3811 5100 autem

2241 5162 2345 5213 quo
2373 5158 2780 5218 regeneramur,
2812 5142 3029 5195 verbum
3063 5141 3152 5194 Dei
3193 5148 3308 5202 est,
3351 5140 3401 5192 id
3439 5150 3545 5203 est,
3568 5139 3812 5209 Evange-

2245 5236 2390 5288 linm.
2421 5235 2572 5290 Unde
2600 5233 2882 5302 Apostolus
2907 5233 3034 5287 dicit
3067 5251 3080 5285 :
3109 5230 3175 5285 In
3205 5231 3403 5286 Christo
3429 5232 3557 5283 enim
3577 5231 3700 5284 Jesu
3729 5247 3814 5296 per

2245 5324 2578 5395 Evangelia":
2607 5341 2695 5394 ego
2721 5340 2804 5377 vos
2825 5324 2972 5393 genui
3000 5322 3050 5391 (Ι
3079 5322 3198 5376 Cor.
3224 5337 3297 5387 tv,
3331 5323 3396 5376 15
3506 5321 3609 5385 Qui
3638 5331 3814 5374 tamen

2245 5419 2400 5471 etiam
2435 5433 2535 5469 non
2581 5425 2726 5468 caste
2754 5415 3129 5468 annnntiantes
3177 5411 3517 5479 Evangelium
3542 5451 3559 5475 ,
3607 5427 3816 5462 annun-

2247 5508 2377 5560 tiare
2408 5505 2685 5575 permittit,
2718 5513 2769 5557 et
2796 5505 2845 5558 in
2869 5505 2969 5557 hoc
2985 5505 3174 5573 gaudet
3203 5500 3456 5574 (Philipp.
3488 5518 3536 5563 ι,
3570 5502 3633 5554 i7
3653 5542 3666 5564 ,
3698 5501 3815 5568 l8);

2313 5698 2326 5729 ι
2366 5702 2471 5743 tm.
2502 5695 2588 5740 Inc
2619 5693 2738 5748 loco,
2765 5703 2889 5752 qna‘.
2922 5698 2970 5739 At
2991 5697 3090 5738 3-1-34.
3121 5696 3414 5746 t‘t‘tttstantet‘,
3440 5685 3537 5748 qui.
