4028 6202
196 320 371 381 961‘

197 441 324 508 quia
367 439 465 492 etsi
509 452 614 492 non
660 448 824 494 caste.
850 439 1288 501 annnun’tiabant,
1315 455 1409 495 sua
1438 450 1736 509 maerentes
1768 448 1781 502 ‘,

200 546 307 585 non
334 524 453 600 quire
473 529 598 585 Jesu
628 522 824 585 Christi
850 529 1104 602 (Philipp.
1126 548 1168 585 ‘n
1195 573 1208 593 ,
1229 530 1290 586 ‘Zl
1308 536 1345 599 ),
1376 540 1577 586 castum
1611 544 1783 586 tamen

200 629 317 673 erat
342 620 483 690 quod
515 620 922 676 annuntiabaut.
955 623 1018 675 Et
1060 621 1267 676 dixerat
1294 624 1552 676 Dominus
1578 623 1646 676 de
1672 623 1786 692 qui.

202 710 425 764 busdam
456 710 683 764 talibus:
706 711 834 775 Quae
852 710 1044 773 dicunt,
1070 712 1241 781 facite;
1261 728 1372 780 qua:
1390 721 1553 765 autem
1576 712 1787 781 faciunt,

201 801 375 868 facere
421 801 578 853 nolite
603 802 811 855 :dicunt
858 802 1026 865 enim,
1080 813 1125 855 et
1169 818 1268 854 non
1311 803 1504 871 faciunt
1556 800 1786 872 (Matth.

203 904 334 943 mn
359 926 375 950 ,
404 892 483 959 ³5).
509 890 562 944 Si
595 906 720 962 ergo
749 901 895 947 caste
921 876 1262 945 annuntiatur
1284 892 1425 962 quod
1457 900 1658 945 castum
1685 900 1786 956 est,

203 979 361 1033 etiam
391 980 505 1048 ipse
532 981 901 1045 annuntiator,
934 984 1054 1050 quia
1082 984 1244 1036 verbo
1268 982 1604 1035 consociatur
1629 1021 1642 1044 ,
1669 996 1788 1036 cre-

205 1068 418 1121 dentem
454 1082 777 1138 congenerat
807 1088 819 1123 :
852 1071 896 1125 si
923 1081 1098 1125 autem
1139 1072 1251 1141 ipse
1280 1088 1383 1125 non
1410 1079 1799 1140 regeneretor,

207 1167 415 1211 castum
448 1169 625 1213 tamen
656 1161 723 1214 sit
751 1160 891 1230 quod
933 1162 1245 1226 annuntiat,
1293 1162 1527 1215 nascitur
1564 1161 1791 1215 credens

208 1265 310 1303 non
362 1264 426 1304 ex
472 1250 700 1305 ministri
746 1252 1052 1320 sterilitate,
1081 1252 1174 1308 sed
1221 1266 1287 1307 ex
1334 1253 1567 1307 veritatis
1606 1251 1788 1308 fecuno

208 1337 397 1393 ditate.

276 1426 504 1484 CAPUT
534 1428 622 1484 Vl.
640 1459 709 1469 —
730 1430 815 1484 12.
850 1431 1028 1484 Ρετιι..
1053 1430 1183 1485 dixit
1211 1449 1224 1483 :
1257 1430 1385 1496 Qua:
1408 1448 1520 1485 cum
1543 1432 1614 1484 ita
1648 1432 1749 1486 sint
1771 1473 1786 1498 ,

208 1520 393 1585 fratres
409 1558 423 1581 ,
456 1533 570 1587 qua:
588 1528 746 1584 potest
772 1536 878 1573 esse
897 1521 1191 1588 perversitas
1213 1563 1227 1585 ,
1254 1529 1306 1574 ut
1330 1522 1417 1591 qui
1442 1522 1548 1576 suis
1571 1519 1791 1574 crimini-

208 1608 298 1660 bus
320 1625 437 1662 reus
472 1618 574 1671 est,
605 1610 762 1662 alium
784 1611 937 1679 faciat
964 1612 1277 1665 innocentem
1297 1651 1313 1677 ,
1352 1613 1544 1666 dicente
1570 1612 1789 1666 Domino

206 1694 331 1749 Iesu
368 1693 564 1751 Christo
583 1739 597 1760 ,
649 1715 668 1749 ι
697 1698 859 1752 Arbor
886 1700 1015 1754 bona
1041 1703 1235 1771 fructus
1261 1702 1419 1755 bonos
1447 1702 1608 1772 facit,
1640 1703 1809 1756 arbor

209 1783 343 1837 iunia
384 1786 544 1839 malos
580 1790 773 1856 fructus
820 1791 939 1858 facit
962 1789 1240 1860 :numquid
1290 1791 1533 1861 colligunt
1584 1793 1648 1845 de
1684 1794 1790 1861 spi-

210 1874 286 1926 nis
305 1891 426 1928 uvas
454 1894 473 1926 ι
503 1874 610 1945 (Id.
640 1891 733 1939 vn,
763 1878 851 1941 l7,
883 1878 1018 1949 16)?
1049 1878 1113 1932 Et
1143 1880 1343 1941 iterum,
1377 1899 1396 1932 ι
1437 1880 1612 1934 Omnis
1640 1882 1788 1937 homo

210 1964 366 2018 bonus
397 1964 461 2020 de
493 1968 728 2021 thesauro
764 1968 931 2022 cordis
975 1972 1058 2024 sui
1110 1974 1302 2041 profert
1349 1972 1518 2036 bona;
1540 1982 1587 2025 et
1627 1974 1790 2027 omnis

210 2054 358 2105 homo
385 2055 545 2109 malus
587 2054 649 2110 de
679 2057 910 2111 thesauro
937 2059 1103 2112 cordis
1130 2061 1209 2113 sui
1226 2060 1415 2130 profert
1436 2062 1572 2115 mala
1606 2080 1626 2113 ι
1656 2060 1784 2135 (Id.

214 2143 493 2203 xu,%)?
580 2146 597 2158 '
898 2172 899 2175 η
1411 2138 1415 2141 λ

278 2235 368 2288 13.
409 2236 542 2291 Aea.
588 2236 863 2306 respondit
910 2255 923 2291 :
975 2237 1162 2293 Omnis
1214 2239 1374 2294 homo
1422 2240 1629 2295 etiamsi
1680 2255 1784 2295 non

213 2327 279 2379 sit
302 2327 413 2380 suis
441 2328 754 2401 criminibus
777 2344 900 2384 reus
919 2371 934 2395 ,
962 2330 1188 2383 alterum
1228 2345 1332 2385 non
1379 2328 1500 2385 facit
1533 2332 1785 2386 innoceo-

216 2426 314 2471 tcm
336 2459 351 2481 ,
381 2418 502 2486 quia
552 2434 660 2471 non
701 2416 789 2473 est
824 2420 1001 2474 Deus:
1029 2421 1258 2489 alioquin
1305 2422 1350 2474 si
1381 2437 1444 2475 ex
1485 2422 1783 2477 innocentia

216 2506 524 2574 baptizantis
565 2516 902 2575 exspectatur
931 2518 987 2562 ut
1026 2507 1116 2562 ﬁat
1154 2510 1451 2564 innocentia
1494 2511 1737 2578 baptizati
1766 2553 1781 2577 ,

215 2605 356 2647 tanto
379 2597 478 2650 erit
509 2599 737 2667 quisque
769 2599 1122 2663 innocentior,
1142 2610 1341 2669 quanto
1370 2601 1782 2657 innocentiorem

212 2701 239 2735 a
263 2702 368 2754 quo
407 2687 707 2759 baptizetur
745 2689 1033 2755 invenerit;
1058 2698 1112 2744 et
1142 2701 1287 2744 tanto
1331 2692 1444 2762 ipse
1473 2693 1645 2747 minus
1683 2695 1785 2748 erit

221 2779 500 2840 innocens,
528 2789 728 2847 quanto
754 2786 809 2833 et
837 2779 923 2833 ille
950 2796 979 2832 a
1007 2796 1111 2849 quo
1142 2780 1452 2849 baptizatur.
1482 2783 1546 2836 Et
1575 2784 1618 2837 si
1651 2784 1784 2839 forte

210 2875 386 2919 contra
415 2866 646 2934 aliquem
687 2876 830 2922 tenet
856 2868 1033 2922 odium
1077 2870 1164 2938 qui
1207 2870 1432 2938 baptizat
1455 2913 1469 2936 ,
1500 2872 1600 2927 hoc
1624 2874 1782 2927 etilli

212 2954 295 3021 qui
324 2955 644 3024 baptizatur,
674 2955 1036 3024 imputabitur.
1070 2958 1266 3028 thnid
1295 2974 1424 3029 ergo
1474 2961 1635 3015 miser
1661 2978 1782 3017 cur-

212 3044 277 3096 rit
299 3044 363 3095 ad
391 3044 758 3114 Baptismum?
790 3046 856 3101 Ut
880 3047 929 3102 ei
958 3047 1290 3102 dimittantur
1314 3060 1523 3118 peccata
1553 3067 1644 3105 sua
1669 3093 1682 3116 ,
1713 3068 1780 3107 an

212 3146 266 3189 ut
290 3136 631 3206 imponantur
655 3137 858 3192 aliena?
889 3139 967 3191 An
994 3139 1129 3193 sicut
1158 3140 1308 3193 navis
1333 3144 1644 3196 mereatoris
1681 3145 1782 3199 alia

216 3236 398 3292 imitat,
428 3227 530 3280 alia
552 3227 845 3297 suscip’at?
867 3229 1123 3284 Arborem
1165 3239 1342 3284 autem
1379 3233 1571 3287 bonam
1597 3245 1650 3288 et
1675 3236 1783 3288 lru-

212 3324 350 3367 ctum
392 3315 508 3384 ejus
552 3306 784 3382 bonum,
823 3326 883 3371 et
921 3318 1166 3373 arborem
1208 3320 1401 3373 malam
1448 3330 1502 3375 et
1555 3322 1780 3377 fructum

211 3404 321 3471 ejus
349 3406 544 3458 malum
566 3446 580 3468 ,
613 3404 854 3461 homines
892 3406 1128 3461 solemus
1168 3407 1498 3479 intelligere,
1528 3420 1582 3465 et
1622 3426 1780 3480 opera

208 3510 431 3560 eorum,
470 3496 608 3550 sicut
665 3507 1049 3567 consequenter
1109 3500 1409 3554 ostenditur
1458 3502 1511 3556 in
1565 3504 1779 3571 verbis,

212 3604 324 3653 «pta:
368 3598 421 3641 tu
449 3603 662 3658 quoque
686 3590 1114 3645 commemorasti
1143 3607 1158 3645 :
1186 3589 1359 3646 Bonus
1395 3594 1543 3646 homo
1569 3593 1632 3647 de
1656 3594 1783 3649 bona

210 3680 447 3730 thesauro
465 3680 635 3733 cordis
653 3679 731 3732 sui
757 3684 949 3751 profert
966 3681 1118 3746 bona;
1145 3691 1190 3734 et
1212 3683 1372 3736 malus
1396 3683 1544 3738 homo
1564 3685 1627 3739 de
1649 3688 1783 3741 malo

216 3766 443 3820 thesauro
469 3769 636 3822 cordis
665 3770 745 3822 sui
768 3773 957 3840 profert
984 3770 1139 3825 mala.
1173 3771 1302 3826 Cum
1334 3783 1509 3827 autem
1539 3774 1627 3827 Dei
1655 3770 1777 3828 ver-

214 3858 331 3910 bunt
377 3856 669 3926 prasdieat,
702 3858 794 3912 Dei
840 3868 1227 3914 sacramentum
1254 3861 1539 3928 ministrat,
1574 3879 1675 3916 non
1715 3864 1784 3919 de

210 3960 304 3999 suo
326 3984 343 4010 ,
368 3946 413 4000 si
450 3946 620 4000 malus
660 3956 775 4007 est.
805 3947 1059 4017 praedicat
1103 3957 1195 4003 aut
1222 3949 1482 4004 ministrat
1514 3968 1526 4003 :
1556 3950 1648 4006 sed
1692 3951 1785 4006 de-

214 4037 475 4103 potabitur
500 4038 550 4091 in
581 4038 692 4105 eis,
726 4038 793 4093 de
816 4039 1005 4108 quibus
1042 4039 1238 4094 dictum
1265 4050 1382 4105 est,
1415 4041 1542 4108 Qum
1569 4042 1742 4096 dicunt
1764 4084 1778 4107 ,

215 4128 391 4193 facite;
415 4141 534 4198 quis
554 4138 722 4181 autem
748 4127 972 4196 faciunt,
999 4129 1166 4197 facere
1189 4129 1343 4183 nolite
1366 4144 1387 4184 :
1414 4129 1595 4185 dicunt
1638 4131 1781 4186 enim

213 4232 325 4283 quae
352 4217 444 4271 Dei
464 4225 587 4271 sunt
612 4256 626 4280 ,
650 4217 849 4272 faciunt
888 4229 1062 4273 autem
1109 4234 1226 4288 quae
1262 4233 1358 4273 sua
1402 4232 1542 4274 sunt.
1579 4221 1707 4276 Nam
1735 4224 1781 4278 si

216 4307 280 4359 ita
300 4316 381 4360 est
405 4346 423 4371 ,
454 4316 515 4360 ut
552 4306 685 4360 dicis
706 4346 722 4370 ,
767 4306 818 4361 id
862 4315 943 4362 est
972 4347 988 4371 ,
1020 4306 1220 4362 fruetus
1269 4307 1641 4377 baptizantium
1682 4311 1789 4379 ipsi

215 4398 454 4466 baptismi
469 4396 857 4461 existimantur;
880 4413 1126 4467 magnum
1147 4390 1340 4451 malum
1360 4397 1548 4452 Africae
1573 4399 1782 4454 denun-

215 4488 370 4548 tiatis.
400 4489 446 4542 si
474 4497 549 4543 tot
574 4487 747 4559 Optati
769 4489 1184 4558 pullulaverunt,
1212 4498 1470 4560 quotquot
1494 4491 1782 4560 baptizavit

211 4577 453 4647 Optatos.
1492 4646 1497 4653 _

274 4668 502 4724 CAPUT
545 4668 721 4722 VII.»
749 4669 835 4723 14.
869 4668 1052 4723 Part.
1091 4668 1223 4724 dixit
1254 4687 1267 4721 :
1304 4669 1562 4723 Etiterum
1585 4710 1598 4732 ,
1629 4691 1647 4723 ι
1682 4672 1781 4739 Qui

210 4762 534 4830 baptizatum
554 4772 769 4825 mortuo,
792 4777 892 4815 tum
917 4760 960 4813 ei
982 4761 1181 4830 prodest
1203 4758 1386 4813 lavatio
1411 4762 1519 4830 ejus
1539 4779 1560 4812 ι
1593 4762 1776 4830 (Eccli.

211 4865 397 4915 xsnv,
424 4850 535 4920 30).
564 4848 685 4903 Non
712 4860 961 4904 mortuum
980 4889 999 4914 ,
1024 4864 1205 4919 corpus
1224 4851 1470 4914 exanime,
1498 4868 1588 4905 nec
1616 4854 1780 4915 homi-

209 4941 282 4994 nis
320 4939 474 5008 funus
522 4949 803 5007 porrectaut
840 4940 1054 4993 asseruit
1097 4955 1202 4993 esse
1244 4940 1547 5009 baptislam;
1571 4941 1660 4995 sed
1690 4940 1780 4996 Dei

208 5047 307 5085 non
334 5030 602 5084 habentem
640 5030 874 5100 spiritum
891 5069 907 5092 ,
934 5031 1020 5101 qui
1053 5041 1248 5084 mortuo
1276 5042 1626 5101 comparatur,
1652 5033 1780 5087 sicut

205 5124 308 5176 alio
350 5124 462 5177 loco
499 5123 748 5192 discipulo
785 5124 1108 5194 manifestat,
1140 5122 1410 5193 Evangelia
1458 5133 1778 5186 protestante.

204 5215 288 5266 Ait
326 5214 609 5283 discipulus
651 5216 761 5283 ejts
787 5231 806 5267 :
841 5232 860 5264 ι
899 5214 1127 5277 Domine,
1148 5218 1388 5285 permitte
1421 5215 1544 5268 mihi
1573 5216 1782 5284 sepelire

202 5314 399 5372 patrem
443 5320 664 5358 meum.)
689 5305 768 5357 Ait
809 5304 884 5357 illi
912 5303 1062 5358 Jesus
1093 5319 1111 5357 :
1148 5322 1164 5355 t
1198 5303 1416 5373 Sequere
1460 5322 1556 5381 me,
1603 5314 1647 5357 et
1675 5306 1784 5358 sine

205 5407 460 5459 mortuos,
490 5404 713 5450 mortuos
755 5412 873 5450 suos
909 5396 1152 5465 sepeliant
1186 5415 1204 5445 ι
1234 5396 1250 5459 (
1276 5394 1464 5448 Matth.
1521 5412 1607 5448 vin
1628 5437 1643 5460 ,
1674 5397 1733 5449 ill
1762 5438 1777 5459 ,

200 5485 335 5552 ΞΩ).
383 5483 545 5539 Pater
580 5486 816 5554 discipuli
868 5502 966 5539 non
1011 5496 1117 5538 erat
1175 5487 1486 5553 baptizatus,
1530 5503 1780 5555 paganum

203 5575 416 5643 paganis
438 5574 639 5627 addixit
663 5592 676 5626 :
700 5574 797 5628 nisi
823 5576 914 5629 hoc
935 5575 996 5628 de
1014 5575 1151 5640 iit/id.
1172 5576 1298 5628 libus
1321 5576 1520 5640 dixerit,
1549 5575 1780 5629 Mortuus

205 5675 453 5715 mortuum
497 5682 597 5717 non
652 5675 809 5732 potest
856 5667 1079 5735 sepelire.
1117 5664 1351 5718 Mortuus
1386 5665 1536 5733 igitur
1581 5667 1777 5734 quidem

1545 328 1745 387 LIBER
1785 330 2155 392 SECUNDUS.

3357 352 3463 407 262

1898 458 1997 494 non
2022 445 2189 510 aliqua
2217 457 2372 500 morte
2395 452 2431 513 ‘,
2454 451 2541 503 sed
2567 453 2664 505 cita
2691 470 2784 507 sua
2810 472 3087 523 percussus.
3122 460 3261 516 Nam
3286 466 3373 531 qui
3397 467 3466 519 sic

1894 530 2007 581 vivit
2031 544 2082 583 ut
2108 549 2221 586 reus
2246 536 2328 599 sit,
2353 538 2450 589 vita
2474 552 2668 594 mortua
2706 546 2972 599 cruciatur.
3003 548 3046 601 Α
3084 562 3281 605 mortuo
3302 530 3467 624 igitur

1896 618 2160 687 baptizari,
2190 624 2283 676 hoc
2312 636 2383 678 est
2412 639 2619 682 mortem
2649 634 2919 701 sumpsisse
2936 676 2951 702 ,
2970 652 3073 690 non
3093 641 3268 692 vitam.
3295 618 3462 712 A'gen-

1896 708 2014 762 dum
2038 711 2178 765 nobis
2204 722 2251 765 et
2273 715 2543 770 dicendum
2567 732 2643 774 est
2665 763 2678 786 ,
2702 735 2944 791 quatenus
2979 730 3189 783 traditor
3210 734 3307 785 vita
3333 708 3467 788 inor-

1896 808 2010 853 tuus
2038 802 2298 857 habeatur.
2332 806 2562 862 Mortuus
2596 822 2667 865 est
2696 814 2782 867 ille
2804 816 2889 883 qui
2910 816 3170 885 Baptismo
3190 836 3303 875 uero
3328 826 3466 877 nasci

1896 906 1994 943 non
2018 894 2214 957 meruit;
2246 906 2469 952 mortuus
2491 909 2563 953 est
2591 902 2676 956 ille
2696 903 2925 958 similiter
2944 908 3029 974 qui
3041 912 3182 979 justo
3209 909 3467 981 Baptismo

1894 991 2089 1050 genitus
2114 984 2301 1038 mixtus
2329 997 2398 1040 est
2424 990 2653 1044 traditori
2674 1008 2693 1045 :
2712 995 2856 1048 antbo
2891 997 3043 1049 vitam
3079 998 3324 1067 Baptismi
3368 1020 3467 1056 non

1896 1070 2108 1138 habent,
2130 1083 2175 1126 et
2202 1076 2288 1143 qui
2328 1093 2582 1147 nunquam
2630 1084 2828 1150 penitus
2871 1086 3043 1140 habuit
3070 1130 3085 1152 ,
3109 1098 3153 1143 et
3180 1078 3267 1159 qui
3294 1091 3467 1146 habuit

1895 1171 1942 1214 et
1968 1164 2153 1216 amisit.
2190 1166 2320 1220 Dicit
2348 1170 2478 1222 enim
2517 1170 2763 1227 Dominus
2777 1176 2928 1230 Jesus
2953 1177 3178 1233 Christus
3209 1196 3228 1234 :
3260 1200 3279 1232 ι
3309 1183 3465 1236 Adve-

1894 1251 2030 1303 nient
2059 1255 2109 1305 in
2143 1271 2255 1307 eum
2279 1268 2467 1325 septem
2492 1262 2697 1328 spiritus
2725 1266 3004 1334 nequiores,
3024 1278 3070 1320 et
3099 1269 3190 1321 erit
3215 1271 3364 1323 homo
3383 1273 3470 1325 ille

1894 1342 2108 1397 deterior
2132 1347 2297 1414 priore
2318 1366 2336 1399 ι
2366 1348 2471 1419 (Id.
2501 1366 2595 1416 xu,
2618 1354 2732 1418 45).

1966 1434 2051 1488 l5.
2094 1437 2224 1491 Anc.
2266 1440 2539 1507 resiiondit
2571 1460 2584 1495 :
2616 1444 2922 1512 Diligentius
2969 1465 3149 1517 quare
3200 1453 3471 1520 quomodo

1893 1521 2089 1575 dictum
2129 1533 2184 1577 et
2226 1530 2494 1593 quomodo
2546 1531 2940 1599 intelligendum
2987 1539 3056 1592 sit
3108 1542 3465 1599 tcSIimoninm

1892 1612 2031 1680 quod
2081 1614 2148 1669 de
2184 1615 2449 1685 Scriptura
2479 1624 2714 1689 posuisti.
2743 1624 2870 1678 Nam
2912 1629 3031 1695 quia
3062 1633 3250 1685 mortui
3294 1636 3467 1688 solent

1894 1704 2116 1773 mystice
2143 1707 2394 1774 appellari
2422 1724 2607 1765 omnes
2630 1712 2813 1782 iniqui,
2845 1696 3181 1774 manifestum
3211 1731 3294 1776 est
3325 1741 3339 1776 :
3367 1724 3460 1779 sed

1893 1792 2166 1860 Christus,
2201 1798 2350 1867 cujus
2394 1813 2476 1855 est
2514 1802 2780 1872 Daptisma
2825 1822 3039 1874 verum,
3068 1813 3207 1880 quod
3252 1825 3467 1883 propter

1894 1879 2124 1937 hominis
2149 1885 2273 1939 vitia
2303 1886 2477 1943 dicitis
2504 1891 2714 1955 falsum,
2744 1894 2869 1948 vivit
2892 1897 3083 1952 sedens
3104 1900 3169 1953 ad
3194 1879 3463 1957 dexteram

1894 1970 2065 2026 Patris
2086 2014 2099 2037 ,
2132 1985 2186 2029 et
2224 1991 2320 2030 nec
2356 1978 2465 2046 ipsa
2494 1982 2669 2035 carnis
2700 1983 3003 2040 inﬁrmitate
3033 1988 3141 2055 jam
3173 1992 3427 2046 morietur
3449 2035 3463 2053 ,

1889 2073 1943 2117 et
1969 2080 2112 2119 mors
2135 2067 2182 2121 ei
2210 2069 2342 2123 ultra
2371 2087 2473 2123 non
2504 2071 2858 2129 dominabitur
2892 2077 3064 2147 (Rom.
3099 2096 3166 2143 vt,
3188 2081 3244 2150 9)
3278 2083 3467 2153 :cnjns

1891 2151 2160 2221 Baptismo
2189 2157 2278 2223 qui
2310 2158 2632 2228 baptizatur,
2659 2178 2762 2216 non
2805 2180 2834 2216 a
2872 2179 3082 2221 mortuo
3128 2151 3420 2238 baptizatur
3448 2190 3461 2236 ;

1890 2249 1943 2295 et
1981 2243 2024 2295 si
2070 2241 2205 2299 forte
2244 2247 2466 2301 ministri
2496 2252 2721 2318 operarii
2749 2252 2963 2307 dolosi’
2993 2270 3091 2310 sua
3117 2267 3419 2326 quaerentes
3447 2303 3461 2321 .

1891 2351 1995 2389 non
2024 2353 2140 2406 qiu-
2165 2338 2289 2393 Jesu
2319 2339 2552 2406 Christi,
2581 2355 2635 2398 et
2668 2344 3011 2415 Evangelium
3044 2365 3147 2402 non
3184 2360 3329 2405 caste
3366 2369 3461 2405 an-

1890 2428 2212 2494 nuntiantes,
2233 2440 2288 2485 et
2310 2431 2576 2487 Christum
2600 2450 2696 2504 per
2719 2439 3111 2493 contentionem
3138 2451 3192 2494 et
3216 2442 3461 2497 invidiam

1891 2519 2258 2586 prmdicantes,
2293 2534 2506 2593 propter
2532 2526 2833 2596 iniquitates
2862 2544 2984 2583 snas
3011 2531 3201 2585 mortui
3231 2540 3353 2586 sunt
3373 2549 3464 2604 ap~

1894 2610 2141 2675 pellandi,
2162 2611 2559 2669 Sacramentum
2591 2629 2763 2672 tamen
2794 2620 2886 2674 Dei
2917 2621 3020 2675 vivi
3053 2639 3149 2677 nec
3177 2624 3225 2676 in
3254 2636 3464 2678 mortuo

1892 2700 2131 2755 moritur.
2158 2703 2390 2758 Mortuus
2418 2709 2557 2760 enim
2589 2717 2701 2761 erat
2728 2710 2907 2764 Simon
2940 2712 3028 2765 ille
3067 2728 3097 2766 a
3139 2714 3380 2784 Philippo
3410 2715 3481 2773 in,

1892 2790 2125 2846 Samaria
2176 2795 2502 2864 baptizatus,
2531 2800 2615 2867 qui
2651 2799 2845 2853 donum
2866 2802 2967 2856 ~Dci
3000 2804 3205 2857 volebat
3240 2806 3463 2873 pecunia

1890 2901 2196 2955 cuinparare
2230 2888 2361 2959 (Act.
2396 2905 2505 2956 vnt,
2534 2892 2617 2955 15,
2650 2891 2730 2955 l8,
2765 2893 2856 2962 l9)
2883 2895 3007 2948 :sed
3034 2895 3237 2950 vivebat
3262 2895 3327 2950 ad
3347 2896 3461 2966 ejus

1892 2992 2099 3046 pinnam
2133 2978 2396 3047 Baptisma
2425 2979 2563 3049 quod
2596 2980 2840 3038 habebat.

1962 3066 2046 3120 16.
2071 3067 2236 3132 Quam
2262 3068 2330 3121 sit
2354 3079 2526 3124 autem
2561 3070 2743 3123 falsum
2776 3072 2914 3141 quod
2944 3073 3098 3141 dicis,
3130 3076 3285 3131 Ambo
3312 3080 3464 3134 vitam

1887 3153 2129 3223 Baptismi
2159 3174 2259 3211 non
2285 3157 2487 3226 habent,
2509 3168 2555 3211 et
2576 3160 2661 3229 qui
2688 3177 2944 3232 nunquam
2971 3165 3165 3231 penitus
3194 3167 3387 3232 habuit,
3413 3179 3467 3224 et

1888 3247 1974 3314 qui
1999 3246 2171 3300 habuit
2196 3249 2450 3308 ctamisil;
2481 3248 2605 3304 hinc
2630 3250 2752 3304 licet
2774 3251 3048 3317 advertas,
3079 3254 3218 3323 quod
3247 3258 3335 3325 qui
3367 3257 3460 3311 bn-

1889 3335 2065 3404 plizati
2096 3346 2394 3406 apostatant
2418 3379 2432 3403 ,
2465 3350 2517 3392 et
2546 3355 2640 3407 per
2685 3339 3042 3409 paenitentiam
3069 3343 3289 3398 redeunt
3311 3387 3325 3410 ,
3357 3363 3462 3401 non

1881 3425 1963 3479 eis
1995 3425 2232 3481 redditur
2260 3426 2588 3496 Baptismus,
2616 3444 2772 3498 quem
2799 3430 2843 3483 si
2876 3432 3196 3500 amitterent,
3225 3435 3464 3491 reddere-

1888 3524 1991 3569 tur.
2020 3515 2208 3570 Μοτιυί
2243 3532 2372 3572 sane
2403 3518 2562 3573 vestri
2594 3518 2857 3588 quomodo
2886 3519 3152 3589 baptizant
3171 3525 3462 3579 secundum

1885 3625 2099 3662 sensum
2131 3610 2407 3664 vestrum?
2432 3610 2514 3669 An
2546 3611 2738 3665 mortui
2770 3625 2873 3665 non
2907 3623 3029 3666 sunt
3059 3613 3137 3685 (ut
3162 3625 3351 3670 etetera
3382 3626 3462 3671 ta-

1885 3713 2054 3763 ceam,
2078 3709 2132 3754 ct
2158 3700 2327 3755 dicam
2354 3702 2494 3771 quod
2522 3703 2768 3756 omnibus
2800 3715 2980 3758 notum
3010 3714 3168 3774 atque
3201 3708 3464 3774 quotidia-

1886 3801 2010 3839 num
2038 3786 2140 3859 est)
2164 3789 2376 3853 ebriosi;
2406 3784 2533 3843 cum
2557 3792 2622 3843 de
2649 3791 2800 3845 vidua
2831 3792 2974 3847 dicat
3000 3796 3306 3861 Apostolus,
3336 3797 3462 3863 Qtua

1890 3888 2056 3928 autem
2076 3878 2127 3928 in
2153 3876 2343 3930 deliciis
2362 3878 2497 3947 agit,
2528 3879 2691 3932 vivens
2717 3890 2912 3932 mortua
2938 3892 3010 3934 est
3036 3881 3080 3950 (l
3112 3882 3239 3935 Tim.
3270 3898 3303 3936 v
3323 3926 3336 3947 ,
3366 3885 3462 3956 ti)?

1888 3966 2086 4021 Deinde
2126 3968 2177 4020 in
2206 3968 2296 4021 illo
2323 3969 2548 4023 concilio
2576 3977 2752 4024 vestro
2770 4011 2783 4032 ,
2816 3984 2922 4039 quo
2944 3970 3314 4027 Maximianum
3340 3990 3460 4028 cum

1885 4057 1995 4109 suis
2023 4057 2325 4112 auctoribus
2370 4059 2451 4113 vel
2498 4060 2608 4113 suis
2645 4059 2899 4114 ministris
2919 4060 3231 4128 damnastis,
3264 4065 3461 4119 excidit

1888 4146 1979 4199 tibi
2008 4162 2163 4216 quam
2201 4148 2511 4218 eloquenter
2556 4149 2796 4203 dixeritis
2821 4191 2835 4213 ,
2876 4149 3237 4221 Egyptiorum
3285 4153 3461 4208 admo-

1886 4234 2003 4287 dum
2025 4235 2252 4305 exemplo
2272 4278 2286 4302 ,
2313 4238 2619 4303 pereuntium
2644 4238 2901 4307 funeribus
2927 4240 3074 4308 plena
3102 4250 3217 4293 sunt
3246 4242 3414 4295 littora
3438 4258 3461 4307 ,'

1884 4326 2130 4395 quibusin
2153 4326 2260 4396 ipsa
2288 4334 2442 4380 n‘torte
2462 4328 2626 4397 major
2650 4338 2721 4380 est
2743 4344 2909 4397 paena,
2932 4331 3065 4398 quod
3086 4341 3195 4398 post
3213 4341 3461 4385 extortam

1884 4416 2025 4484 aquis
2048 4416 2304 4470 ultricibus
2329 4417 2582 4484 animam,
2612 4434 2701 4470 nec
2721 4420 2886 4486 ipsam
2916 4421 3203 4475 int-eneruat
3235 4423 3462 4491 sepultu-

1884 4523 1991 4558 ram
2014 4506 2043 4558 ἵ
2061 4505 2125 4560 Et
2153 4516 2328 4561 tamen
2357 4522 2487 4561 unus
2512 4523 2695 4562 eorum
2722 4509 3017 4564 Felicianus
3046 4524 3220 4566 utrum
3250 4514 3458 4568 revixe-

1884 4595 1969 4658 rit,
1996 4610 2090 4649 vos
2121 4594 2359 4649 videritis
2388 4612 2400 4648 :
2428 4610 2605 4649 secum
2636 4607 2807 4650 tamen
2831 4599 2969 4666 apud
2993 4614 3086 4653 vos
3113 4601 3253 4655 intus
3276 4603 3454 4663 habet.

1882 4699 2015 4754 quos
2058 4683 2185 4738 foris
2228 4694 2469 4738 mortuus
2502 4684 2799 4754 baptizavit.
2833 4687 2977 4741 Sicut
3013 4703 3139 4758 ergo
3163 4706 3192 4740 a
3222 4690 3340 4745 vivo
3368 4692 3459 4744 ba-

1887 4774 2146 4842 ptizatur,
2178 4772 2268 4843 qui
2314 4773 2417 4827 vivi
2462 4772 2659 4829 Christi
2704 4775 2973 4843 Baptismo
3013 4779 3276 4845 induitur;
3308 4782 3384 4835 sic
3426 4796 3458 4834 a

1886 4876 2094 4918 mortuo
2127 4863 2437 4933 baptizatur,
2469 4865 2556 4932 qui
2585 4866 2776 4918 mortui
2803 4866 3036 4930 Saturni,
3067 4868 3148 4921 vel
3178 4870 3458 4938 enjUinbct

1885 4956 2099 5008 alterius
2116 4949 2690 5023 Baptismo'involvitnr
2716 4973 2729 5010 :
2754 4966 2809 5009 ut
2834 4956 3045 5011 interim
3073 4960 3181 5014 cito
3199 4962 3457 5025 dicamus,

1884 5043 2147 5112 quomodo
2170 5044 2329 5119 verba
2351 5059 2468 5114 qua:
2490 5044 2726 5112 posuisti,
2751 5046 2865 5099 sine
2885 5046 3191 5114 cujusquam
3216 5060 3457 5104 nostrum

1886 5133 2127 5202 angustia
2156 5133 2356 5201 possint
2383 5134 2622 5204 intelligi.
2652 5132 2783 5188 Nam
2810 5135 2946 5188 sicut
2967 5137 3339 5205 accipiutttura
3359 5153 3452 5192 vo-

1884 5221 1965 5275 bis
1988 5263 2001 5281 ,
2030 5238 2132 5274 non
2166 5237 2256 5277 vos
2282 5224 2548 5291 explicare
2570 5264 2584 5287 ,
2611 5223 2705 5279 sed
2746 5238 2848 5279 nos
2876 5225 3148 5281 vobiscum
3186 5226 3458 5297 implicare

1884 5313 2218 5365 contenditis.

1953 5402 2176 5457 CAPUT
2215 5400 2345 5457 νιιι.
2383 5432 2454 5442 —
2493 5403 2578 5457 l7.
2618 5402 2800 5457 PETIL.
2832 5402 2965 5459 dixit
2997 5422 3009 5458 :
3041 5404 3336 5474 Agendum,
3366 5406 3448 5457 iu~

1948 5514 1966 5586 ξ
1999 5520 2122 5586 Vss.»
2148 5511 2265 5586 φεὶά
2285 5512 2395 5563 est?
2416 5512 2890 5586 Νοραξιιμαέηοτις-
3043 5583 3051 5586 Α
3092 5583 3128 5586 __
3421 5576 3454 5586 ..

1946 5575 1966 5640 ξ
2001 5581 2294 5640 A_m.__et_i_:r.,
2318 5574 2523 5640 operarii
2546 5573 2740 5640 diaboli.
2760 5583 2821 5640 _At
2859 5581 2965 5624 Lor.
3009 5583 3058 5626 et
3091 5583 3217 5627 Mss"
3240 5576 3457 5640 operarii

2077 5634 2246 5704 alludit
2274 5632 2555 5704 angustinus
2574 5636 2631 5682 ad
2658 5635 2825 5704 illud"
2844 5644 2945 5704 For.
2966 5650 3038 5704 δι,
3081 5640 3161 5685 l5:
3192 5632 3310 5690 Nunt
3331 5641 3460 5697 tius-

1885 5698 2010 5742 nutrit
2040 5696 2215 5755 pauidi;
2249 5696 2411 5755 pulli
2431 5704 2541 5743 suit
2571 5696 2783 5758 operarii
2805 5696 3009 5745 sttbtloli.
