4028 6202
503 313 609 370 265

507 445 657 501 quam
678 472 693 495 ,
724 428 863 480 nobis
894 424 1254 485 dicendumque
1280 433 1369 484 est,
1401 432 1642 483 quatenus
1665 420 1885 481 perﬁdus
1914 420 2043 472 tradi
2054 450 2071 458 -

501 517 643 569 ‘ditor
663 520 759 568 vita
783 526 1005 567 mortuus
1028 514 1286 565 habeatur.
1319 510 1484 563 ludas
1508 510 1776 579 Apostolus
1807 512 1901 580 fuit
1919 552 1932 574 ,
1963 527 2077 563 cum

509 608 723 659 traderet
768 605 1017 657 Christum
1058 620 1077 655 :
1118 602 1345 671 idemque
1392 601 1578 653 honore
1627 600 1842 667 apostoli
1887 600 2081 669 perdito

511 696 838 762 spiritualiter
873 704 1096 747 mortuus
1122 702 1191 746 est
1213 734 1226 753 ,
1252 708 1341 745 suo
1368 701 1542 759 postea
1569 692 1742 758 laqueo
1773 691 2039 742 moriturus
2063 729 2079 754 ,

508 787 635 836 sicut
656 785 894 851 scriptum
914 792 983 836 est
1014 798 1032 835 :
1061 800 1077 833 ι
1110 780 1324 834 Prenitet
1352 797 1447 844 me,
1478 797 1499 830 ι
1518 780 1696 848 inquit,
1722 798 1741 829 ι
1764 779 1881 849 quia
1899 779 2083 831 tradidi

507 874 797 943 sanguinem
835 874 1067 943 justum;
1110 881 1156 924 et
1201 871 1321 923 abiit
1351 911 1364 933 ,
1397 880 1443 923 et
1478 870 1654 931 laqueo
1683 884 1737 920 se
1764 868 2021 936 suspendit
2058 885 2076 919 ι

502 963 525 1029 η(
537 962 719 1013 Matth.
747 977 897 1015 xxvn
919 1004 933 1027 ,
966 963 1032 1027 4,
1061 962 1138 1028 5).
1172 960 1370 1028 Laqueo
1398 960 1611 1012 traditor
1636 960 1817 1028 periit,
1849 960 2082 1028 laqueum

508 1055 687 1107 talibus
731 1052 1039 1122 dereliquit:
1066 1052 1127 1105 de
1155 1068 1249 1121 quo
1289 1049 1534 1104 Dominus
1576 1048 1804 1103 Christus
1852 1049 2083 1102 clamavit

508 1145 573 1196 ad
596 1141 827 1207 Patrem,
851 1162 869 1195 ‹
899 1144 1072 1207 Pater,
1098 1160 1221 1212 quos
1242 1142 1420 1195 dedisti
1449 1140 1599 1204 mihi,
1623 1155 1792 1193 omnes
1811 1137 2022 1199 servavi;
2036 1145 2082 1189 et

507 1252 569 1288 ea:
593 1236 693 1287 illis
721 1235 889 1288 nullus
920 1230 1082 1303 periit,
1117 1234 1211 1286 nisi
1242 1234 1377 1300 ﬁlius
1407 1230 1697 1299 perditionis
1716 1270 1731 1293 ,
1759 1239 1811 1281 ut
1846 1228 2080 1296 implere-

502 1335 589 1376 tur
618 1324 1101 1392 Set-ipturaiann.
1122 1332 1251 1384 xvu,
1282 1320 1391 1381 i2).
1421 1319 1555 1372 Olim
1579 1333 1791 1385 namque
1822 1316 1987 1369 David
2012 1317 2083 1368 sic

507 1413 561 1464 in
584 1428 697 1464 eum
738 1413 1030 1464 sententiam
1071 1412 1297 1473 dixerat,
1328 1410 1413 1477 qui
1442 1418 1563 1462 esset
1594 1406 1845 1460 Christum
1878 1406 2082 1475 perﬁdis

504 1501 784 1553 traditurus
809 1516 826 1553 :
855 1519 872 1550 ι
923 1499 1283 1567 Episcopatqu
1301 1500 1406 1567 ejus
1431 1498 1644 1564 accipiat
1673 1497 1829 1558 alter;
1852 1497 1917 1547 sit
1955 1510 2084 1546 uxor

509 1592 615 1659 ejus
635 1591 804 1653 vidua,
828 1599 873 1643 et
887 1590 979 1656 ﬁlii
1001 1591 1105 1659 ejus
1132 1590 1371 1655 orphani)
1399 1586 1565 1656 (Psal.
1591 1601 1737 1649 CVIII,
1760 1584 1814 1648 8,
1845 1583 1920 1655 9).
1952 1582 2083 1636 Ecce

508 1690 723 1745 quantus
745 1689 813 1732 est
833 1680 1039 1746 spiritus
1072 1678 1463 1745 Prophetarum,
1495 1687 1549 1728 ut
1577 1686 1756 1728 cuncta
1782 1679 1953 1743 futura
1990 1688 2081 1741 pro

510 1768 828 1834 pra’sentibus
872 1768 1049 1820 viderit
1072 1808 1085 1827 ,
1111 1777 1161 1818 ut
1202 1778 1317 1819 ante
1341 1765 1561 1834 plurima
1587 1765 1773 1818 saecula
1798 1765 2081 1816 nasciturus

503 1859 720 1908 traditor
742 1857 1083 1911 damnaretur.
1113 1855 1336 1923 Denique
1364 1864 1416 1906 ut
1444 1855 1578 1905 dicta
1598 1854 1837 1906 sententia
1861 1852 2082 1918 comple-

510 1954 663 2005 retur,
683 1945 1018 2011 episcOpalum
1043 1944 1148 2011 ejus
1174 1940 1386 2009 apostoli
1414 1941 1598 2009 perditi
1621 1950 1820 1991 sanctus
1860 1938 2081 1992 Hathias

510 2034 719 2101 accepit.
754 2032 915 2085 Nemo
952 2033 1069 2084 hinc
1109 2031 1322 2085 stolidus
1344 2072 1360 2094 ,
1386 2046 1527 2082 nemo
1567 2030 1786 2097 perﬁdus
1824 2029 2081 2096 disputet:

505 2124 819 2189 triumphum
869 2119 1089 2175 Mathias
1111 2163 1125 2185 ,
1151 2138 1248 2173 non
1273 2120 1510 2189 injuriam
1546 2117 1714 2171 retulit
1735 2157 1748 2180 ,
1774 2119 1857 2184 qui
1880 2117 1942 2168 de
1974 2116 2079 2168 Do-

508 2214 632 2265 mini
661 2212 845 2266 Christi
867 2211 1070 2264 victoria
1099 2210 1317 2280 spolium
1342 2209 1507 2261 retulit
1535 2207 1825 2277 proditoris.
1862 2205 1971 2259 Hoc
1996 2207 2082 2278 igi-

513 2314 593 2355 tur
619 2307 752 2371 facta
776 2302 1117 2371 episcopatum
1146 2299 1233 2352 tibi
1259 2298 1378 2369 quid
1401 2297 1621 2351 vindicas
1651 2296 1806 2350 hteres
1829 2295 2082 2365 nequioris

514 2391 805 2444 traditoris?
831 2390 994 2443 ludas
1023 2389 1277 2442 Christum
1307 2387 1575 2440 carnaliter
1594 2385 1822 2451 tradidit,
1852 2395 1905 2438 tu
1931 2386 2083 2456 spiri-

514 2481 716 2533 tualiter
746 2481 762 2511 ¹
789 2481 960 2549 furens
989 2478 1319 2549 Evangelium
1343 2487 1570 2531 sanctum
1590 2477 1808 2545 ﬂammis
1828 2476 2081 2545 sacrilegis

512 2570 784 2622 tradidisti.
808 2567 844 2621 J
849 2570 975 2622 udas
1006 2569 1335 2638 legislatorem
1360 2566 1565 2619 tradidit
1608 2564 1834 2634 perﬁdis,
1860 2574 1913 2617 tu
1938 2566 2082 2634 quasi

512 2664 619 2731 ejus
639 2661 872 2729 reliquias
893 2662 1048 2730 legem
1067 2658 1158 2711 Dei
1179 2658 1480 2726 perdendam
1496 2655 1777 2709 hominibus
1794 2655 2043 2707 tradidisti
2062 2670 2081 2708 :

511 2752 595 2820 qui
637 2751 681 2803 si
719 2752 874 2819 legem
916 2750 1149 2817 diligeres
1168 2789 1183 2811 ,
1207 2756 1260 2799 ut
1271 2748 1479 2817 juvenes
1508 2743 1788 2798 Μαεὴώωὶ
1810 2784 1824 2807 ,
1852 2760 1942 2813 pro
1990 2742 2083 2797 Dei

509 2840 699 2910 legibus
723 2839 969 2892 necareris
991 2837 1055 2903 (si
1083 2852 1179 2889 nea:
1199 2834 1297 2888 dici
1317 2835 1573 2887 hominum
1595 2842 1754 2903 potest
1776 2874 1789 2897 ,
1819 2848 1942 2903 quos
1972 2849 2082 2885 mo-

511 2931 682 2982 riendo
711 2947 801 2998 pro
830 2928 1045 2981 Domino
1086 2926 1278 2996 perﬁcit
1306 2922 1631 2992 immortales)
1655 2938 1668 2986 ;
1700 2939 1914 2992 quorum
1951 2937 2083 2975 unus

510 3019 700 3072 scilicet
726 3022 937 3087 fratrum
963 3027 1177 3086 tyranno
1218 3015 1462 3084 sacrilego
1484 3014 1577 3066 hac
1598 3012 1717 3082 ﬁdei
1742 3028 1857 3065 voce
1877 3028 2082 3080 respon-

510 3112 587 3163 dit
611 3126 629 3163 :
652 3128 671 3160 s
700 3108 774 3161 Tu
802 3108 1020 3178 quidem,
1038 3108 1273 3160 scelerate
1290 3116 1334 3158 et
1355 3106 1524 3173 impie,
1544 3104 1604 3156 de
1621 3102 1854 3174 praesenti
1876 3102 1972 3155 vita
1993 3118 2083 3157 nos

510 3199 700 3268 perdis;
723 3214 810 3251 rea:
834 3206 998 3249 autem
1028 3196 1201 3248 mundi
1228 3194 1314 3264 qui
1333 3204 1507 3264 regnat
1526 3194 1577 3246 in
1600 3203 1842 3245 azternum
1874 3200 1919 3244 et
1944 3194 2085 3261 regni

512 3290 621 3357 ejus
652 3302 751 3339 non
775 3286 867 3339 erit
894 3284 1031 3353 ﬁnis,
1060 3292 1279 3336 mortuos
1308 3298 1398 3335 nos
1428 3297 1518 3350 pro
1539 3281 1640 3334 suis
1666 3280 1849 3333 sanctis
1872 3278 2079 3349 legibus,

514 3378 565 3429 in
585 3386 784 3429 atterunt
812 3375 921 3429 vitte
941 3373 1358 3427 conservationem
1385 3371 1405 3402 ⁸
1430 3370 1740 3424 resuscitabit
1762 3389 1780 3421 ι
1813 3368 1879 3438 (ll
1908 3369 2078 3423 Much.

518 3482 611 3529 VII.
635 3467 710 3537 ὅ).
735 3467 796 3521 Si
822 3466 1035 3519 hominis
1055 3465 1236 3518 mortui
1265 3473 1605 3517 testamentum
1625 3462 2085 3531 [lammisincende-

513 3575 621 3619 res,
650 3574 813 3610 nonne
836 3556 1074 3625 falsarius
1097 3554 1381 3625 punireris!
1408 3552 1541 3619 Quid
1565 3553 1627 3604 de
1647 3562 1692 3603 te
1716 3568 1831 3621 ergo
1860 3551 2083 3618 futurum

514 3657 613 3714 est,
641 3649 725 3717 qui
754 3647 1121 3700 sanctissimam
1149 3644 1306 3713 legem
1336 3642 1427 3695 Dei
1441 3641 1632 3713 judicis
1659 3640 1924 3693 incendisti
1943 3641 1968 3694 i’
1987 3638 2086 3693 Ju-

511 3740 632 3789 dam
657 3738 776 3807 [acti
796 3736 871 3789 vel
893 3736 943 3789 in
966 3744 1122 3788 morte
1142 3734 1367 3803 plenituit
1392 3748 1410 3786 :
1441 3743 1486 3786 te
1514 3749 1613 3785 non
1634 3731 1781 3784 modo
1801 3747 1900 3785 non
1926 3731 2086 3801 poenio

515 3838 611 3893 tet,
636 3843 805 3880 verum
839 3829 988 3879 etiam
1021 3824 1350 3895 nequissimus
1376 3824 1587 3876 traditor
1622 3822 1762 3875 nobis
1791 3822 1949 3892 legem
1974 3837 2083 3874 ser-

517 3919 743 3971 vantibus
772 3927 1055 3988 persecutor
1078 3925 1122 3969 et
1146 3916 1375 3985 carnifex
1402 3916 1594 3968 existis.

589 4010 674 4063 18.
694 4010 827 4063 Auc.
857 4006 1128 4077 respondit
1156 4025 1167 4058 ε
1196 4005 1325 4058 Vide
1351 4004 1473 4072 quid
1499 4004 1704 4057 intersit
1724 4004 1860 4057 inter
1884 4013 2085 4058 veSIras

516 4098 801 4151 maledicas
826 4112 1000 4161 voces,
1029 4105 1082 4149 et
1110 4102 1317 4148 nostras
1342 4092 1602 4146 veridicas
1629 4094 1968 4146 assertioncs.
1993 4094 2086 4147 At-

518 4187 673 4241 tende
700 4186 987 4255 paululum.
1020 4185 1152 4238 Ecce
1178 4181 1501 4251 exaggerasti
1523 4180 1723 4234 crimen
1747 4179 2042 4233 traditionis
2064 4220 2080 4247 ,

517 4287 571 4331 ct
607 4276 1025 4330 invidiosissimis
1065 4272 1273 4336 verbis,
1298 4272 1440 4325 velut
1483 4270 1748 4339 captiosus
1803 4270 2044 4323 inventor
2066 4310 2080 4334 ,

517 4365 665 4419 Judac
695 4378 790 4419 nos
817 4362 1071 4433 proditori
1093 4362 1406 4430 comparain
1429 4359 1470 4414 ³.
1496 4359 1577 4413 Ad
1598 4359 1698 4413 hoc
1723 4358 1812 4413 tibi
1840 4373 1937 4428 ego
1964 4373 2082 4412 cum

518 4462 828 4517 brevissime
868 4458 1230 4527 respondero,
1278 4456 1392 4511 Non
1441 4455 1538 4509 ieci
1584 4453 1723 4524 quod
1766 4453 1898 4506 dicis
1930 4492 1947 4519 ,
1976 4468 2081 4505 non

517 4552 748 4615 tradidi,
781 4550 907 4602 falsa
937 4548 1154 4614 objicis,
1187 4561 1452 4616 nunquam
1485 4544 1535 4598 id
1575 4542 1821 4613 probabis
1855 4559 1867 4594 :
1911 4556 2086 4595 nonne

517 4644 689 4695 omnis
718 4643 816 4695 iste
845 4648 1123 4694 verborum
1149 4635 1440 4704 ingentium
1481 4635 1654 4689 fumus
1694 4641 1913 4703 repente
1949 4632 2083 4685 dila—

518 4734 796 4789 bitttrihn
832 4731 965 4786 [orte
1004 4739 1228 4800 probare
1274 4727 1587 4783 conaberis?
1617 4725 1727 4780 Hoc
1768 4740 1895 4793 ergo
1941 4722 2086 4792 prius

521 4823 722 4878 iaceres
750 4863 764 4886 ,
795 4832 847 4876 et
870 4821 1060 4876 deinde
1096 4821 1147 4872 in
1176 4833 1272 4872 nos
1297 4828 1543 4886 tanquam
1584 4816 1636 4869 in
1680 4815 1951 4869 convictos
1978 4826 2083 4880 quo

520 4916 685 4970 velles
717 4915 927 4968 cumqu
956 4912 1265 4967 invectionis
1293 4912 1612 4978 insurgeres.
1642 4907 1779 4962 Ecce
1807 4922 1908 4960 una
1933 4904 2081 4958 vani-

518 5016 619 5068 tas;
642 5004 759 5057 audi
791 5004 1029 5056 alteram.

590 5096 677 5151 i9.
720 5095 798 5149 Tu
847 5096 959 5164 ipse
1006 5108 1125 5146 cum
1169 5091 1235 5145 de
1273 5089 1518 5160 praedicta
1559 5087 1705 5142 Jud:c
1748 5085 2083 5139 damnatione

520 5186 835 5256 loquereris,
866 5162 1061 5245 disisti,
1086 5178 1217 5235 Ecce
1238 5189 1452 5250 quantus
1480 5187 1548 5231 est
1578 5176 1783 5245 spiritus
1813 5172 2085 5241 Prop/tela-

514 5296 646 5344 rum,
678 5288 730 5331 ut
753 5286 928 5330 cuncta
957 5276 1125 5343 futura
1156 5289 1244 5341 pro
1291 5269 1613 5337 prtcsentibus
1669 5265 1863 5324 viderit,
1892 5275 1942 5315 ut
1969 5272 2084 5313 ante

516 5372 734 5440 plurima
759 5367 943 5423 swcula
966 5365 1245 5417 nasciturus
1268 5360 1478 5412 traditor
1499 5359 1820 5409 damnaretur
1842 5368 1860 5405 .'
1895 5362 1948 5405 et
1979 5367 2081 5403 non

580 5526 595 5555 ⁸
631 5525 703 5573 sic
725 5530 829 5571 Mss.
856 5520 972 5570 Editi
996 5531 1128 5576 vero,
1154 5513 1395 5567 carnalem
1423 5508 1645 5570 tradidit,
1663 5514 1716 5557 tu
1734 5503 2049 5570 spiritualem.

578 5586 597 5615 ι
630 5591 757 5637 ωδε..
775 5579 1184 5633 conversationem.
1496 5632 1505 5637 ,
1789 5626 1819 5637 ,,

580 5645 600 5675 ³
628 5629 757 5706 uss;
778 5629 907 5694 tua;
925 5629 1137 5706 suum
1159 5641 1385 5696 auctior.
1408 5632 1550 5682 Judm
1575 5643 1657 5681 nos
1680 5629 1865 5692 perdito
1896 5638 2083 5689 compa-

520 5704 651 5752 rasti.

1379 306 1647 364 coxam
1688 306 2019 363 LITTERAS
2058 306 2420 373 PETILIANI,
2459 288 2514 368 ’s.
2558 299 2919 366 AUGUSTINI

3649 308 3748 369 Qui

2188 415 2361 469 vidiin
2387 418 2569 471 eadem
2598 417 2873 489 prophetia
2907 421 3080 475 stabili
3108 433 3161 475 et
3203 422 3345 477 certa
3365 431 3417 475 et
3444 422 3751 478 inconcussa

2190 506 2409 559 veritate
2434 523 2569 575 ,qua
2611 510 2917 576 przedictum
2960 520 3077 577 est,
3108 510 3249 579 quod
3292 526 3426 565 unus
3469 512 3755 582 discipulus

2189 598 2475 652 traditurus
2535 609 2675 653 esset
2732 598 3035 665 Christum,
3074 603 3381 670 praedictum
3423 604 3580 657 etiam
3620 608 3754 673 quod

2189 697 2330 743 tatus
2358 689 2585 744 mundus
2614 702 2758 745 esset
2795 691 3095 746 crediturus
3125 693 3175 746 in
3218 693 3505 748 Christum.
3536 693 3642 747 Cur
3674 703 3752 748 at~

2191 778 2399 832 tendisti
2427 779 2478 831 in
2506 779 2780 848 prophetia
2803 780 3067 835 hominem
3096 782 3183 851 qui
3224 781 3437 835 tradidit
3463 779 3751 849 Christum,

2187 876 2240 921 et
2268 881 2370 920 non
2398 867 2466 921 ibi
2494 868 2759 921 attendiin
2788 869 2971 922 orbem
3001 881 3097 939 pro
3124 885 3229 938 quo
3253 879 3333 923 est
3359 870 3582 924 traditus
3605 870 3753 924 Chri-

2186 957 2333 1009 stus?
2358 956 2485 1022 Quis
2517 956 2729 1010 tradidit
2749 957 3049 1012 Christum?
3070 958 3252 1013 Judas.
3275 958 3475 1026 Quibus
3502 976 3622 1015 eum
3653 971 3753 1014 tra-

2186 1046 2354 1101 didit?
2378 1047 2592 1102 Iudmis.
2621 1048 2756 1116 Quid
2783 1049 2833 1103 ei
2860 1036 3092 1104 iecerunt
3119 1050 3327 1104 Judmi?
3355 1049 3613 1105 Foderunt
3632 1094 3648 1116 ,
3681 1053 3751 1108 in.

2185 1137 2315 1206 quit,
2340 1155 2518 1192 manus
2547 1155 2681 1191 meas
2708 1150 2753 1192 et
2779 1140 2925 1208 pedes
2943 1180 2959 1203 ,
2993 1140 3431 1195 dinumeraverunt
3451 1145 3618 1195 omnia
3644 1158 3751 1199 ossa

2184 1243 2296 1281 mea
2328 1242 2347 1279 :
2376 1228 2472 1295 ipsi
2511 1244 2624 1281 vero
2667 1228 3101 1283 consideraverunt
3143 1240 3190 1282 et
3235 1243 3595 1299 conspexerunt
3637 1251 3747 1299 me,

2185 1314 2457 1370 diviserunt
2489 1318 2583 1371 sibi
2629 1320 2913 1372 vestimenta
2951 1336 3058 1372 mea
3088 1360 3101 1384 ,
3129 1331 3175 1373 et
3223 1336 3373 1389 super
3420 1324 3749 1375 vestimentum

2186 1421 2350 1457 meum
2389 1406 2629 1459 miserunt
2667 1418 2865 1460 sortem.
2898 1408 3163 1475 Quantum
3193 1410 3261 1463 sit
3283 1424 3413 1479 ergo
3443 1412 3581 1480 quod
3613 1422 3751 1467 tanto

2185 1494 2354 1562 pretio
2379 1505 2611 1563 emptum
2651 1505 2732 1550 est
2755 1537 2770 1561 ,
2799 1496 2850 1549 in
2883 1498 3088 1551 Psalmo
3123 1498 3236 1567 ipso
3276 1501 3430 1568 paulo
3470 1511 3587 1569 post
3620 1501 3748 1571 lege:

2184 1586 2713 1642 Commemorabuntur
2732 1598 2777 1642 et
2798 1601 3139 1645 convertentur
3161 1592 3228 1643 ad
3253 1591 3521 1645 Dominum
3543 1595 3751 1647 universi

2185 1680 2309 1745 ﬁnes
2333 1689 2479 1733 terra:
2493 1697 2510 1743 ,°
2537 1690 2583 1733 et
2608 1681 2885 1735 adorabunt
2911 1682 2963 1735 in
2985 1693 3248 1751 conspectu
3271 1685 3378 1754 ejus
3404 1684 3644 1738 universa.-
3666 1703 3753 1753 pa-

2184 1771 2293 1823 triae
2315 1771 2532 1840 gentium
2548 1788 2567 1825 :
2587 1773 2823 1841 quoniam
2847 1771 3052 1827 Domini
3067 1784 3136 1828 est
3160 1786 3437 1844 regnum,et
3459 1776 3569 1845 ipse
3590 1777 3750 1830 domi-

2184 1858 2380 1911 nabitur
2399 1860 2619 1928 gentium
2649 1860 2816 1928 (Psal.
2847 1877 2966 1928 xu,
3001 1863 3088 1927 Π,
3120 1863 3206 1927 18,
3238 1863 3324 1927 19,
3348 1864 3435 1927 28,
3463 1862 3533 1919 99
3556 1866 3595 1933 ).
3624 1866 3751 1933 Quis

2183 1956 2355 2000 autem
2379 1956 2550 2015 potest
2563 1948 2628 2001 ad
2648 1950 3108 2005 commemoranda
3130 1961 3318 2007 caetera
3336 1954 3413 2007 de
3436 1953 3563 2009 urbe
3581 1954 3749 2009 credi-

2186 2046 2303 2088 Iuro
2346 2037 2743 2092 innumerabilia
2782 2040 3085 2110 prophetica
3123 2041 3439 2098 documenta
3479 2044 3751 2099 sufficere?

2184 2124 2287 2180 Sed
2307 2135 2358 2179 tu
2375 2127 2558 2181 laudas
2580 2129 2925 2198 prOphetiam,
2938 2132 3058 2201 quia
3074 2131 3219 2186 vides
3240 2132 3289 2186 in
3311 2148 3369 2188 ea
3388 2136 3652 2189 hominem
3666 2136 3750 2204 qui

2183 2218 2417 2275 vendidit
2430 2217 2717 2283 Christum;
2736 2237 2834 2279 nec
2850 2223 2902 2277 in
2923 2239 2984 2281 ea
3005 2224 3151 2279 vides
3168 2227 3578 2293 possessionem,
3598 2242 3750 2295 quam

2182 2309 2313 2363 emit
2336 2309 2582 2367 venditus
2602 2309 2862 2367 Christus.
2884 2312 3021 2369 Ecce
3046 2314 3212 2369 altera
3235 2315 3435 2368 vanitas
3457 2332 3470 2379 ;
3492 2315 3614 2369 audi
3645 2326 3749 2370 lcr-

2185 2397 2328 2451 tiam.

2251 2508 2340 2565 αθ.
2368 2510 2511 2566 Inter
2538 2512 2700 2566 multa
2738 2520 2840 2566 tua:
2868 2513 3175 2567 invectionis
3204 2514 3385 2578 verba,
3427 2512 3608 2567 dixisti
3642 2531 3654 2563 :
3688 2513 3747 2569 Si

2184 2598 2397 2652 hominis
2423 2601 2607 2652 mortui
2637 2610 2978 2654 testamentum
3011 2603 3228 2668 ﬂammis
3257 2602 3561 2665 incenderes,
3591 2618 3753 2654 nonne

2184 2688 2421 2757 falsarius
2447 2690 2731 2757 punireris?
2776 2688 2907 2753 Quid
2947 2689 3008 2742 de
3054 2701 3099 2743 te
3124 2706 3239 2760 ergo
3284 2693 3505 2760 futurum
3534 2699 3625 2754 est,
3665 2691 3748 2758 qui

2181 2778 2542 2831 sanctissimam
2570 2779 2726 2848 legem
2756 2778 2848 2831 Dei
2865 2779 3054 2847 judicis
3083 2779 3390 2831 incendisti?
3421 2779 3541 2831 Iltcc
3569 2778 3754 2839 dicens

2183 2880 2289 2919 non
2314 2867 2605 2933 attendisti,
2637 2867 2774 2935 quod
2813 2877 2864 2922 te
2892 2867 3071 2935 utique
3098 2883 3310 2922 movere
3354 2867 3588 2931 (ιυὺνι-οι,
3618 2884 3753 2935 qun-

2185 2957 2343 3010 nzodo
2369 2957 2479 3011 lieri
2505 2968 2684 3027 posset
2723 2967 2779 3011 ut
2805 2973 2901 3010 nos
2928 2967 3299 3011 testamentum
3332 2959 3752 3022 inccnderemus,

2183 3054 2237 3099 ct
2258 3045 2310 3098 in
2332 3060 2396 3099 ea
2410 3046 2713 3100 haereditate
2737 3047 3169 3113 consisteremus,
3190 3064 3306 3116 qua:
3330 3048 3418 3101 illo
3442 3058 3756 3103 testamento

2182 3136 2478 3205 conscripta
2524 3146 2607 3191 est
2637 3154 2651 3189 :
2680 3151 2774 3191 vos
2811 3145 2987 3191 autem
3034 3138 3223 3193 mirum
3254 3148 3336 3193 est
3382 3147 3754 3193 tesIamentum

2184 3240 2446 3291 servasse,
2473 3237 2528 3282 et
2550 3227 2911 3283 hmredilatem
2941 3228 3248 3297 perdidisse.
3294 3230 3480 3285 Nonne
3501 3230 3552 3284 in
3577 3246 3644 3286 eo
3674 3242 3754 3284 te-

2183 3328 2445 3369 stamento
2495 3318 2747 3386 scriptum
2795 3327 2909 3385 est,
2944 3318 3157 3373 Postulo
3198 3337 3230 3373 a
3264 3336 3359 3383 me,
3409 3331 3455 3375 et
3495 3322 3624 3374 dabo
3669 3322 3757 3375 tibi

2184 3415 2351 3474 gentes
2379 3407 2713 3460 haereditatem
2730 3418 2885 3473 tuam,
2913 3420 2959 3462 et
2984 3411 3342 3478 possessionem
3361 3420 3498 3464 tuam
3517 3414 3761 3466 terminos

2185 3505 2330 3548 terra:
2369 3495 2535 3565 (Psal.
2570 3513 2625 3561 II,
2671 3497 2769 3568 8)?
2810 3498 2940 3551 Huic
2987 3498 3279 3553 hacreditati
3322 3503 3676 3565 communica,
3709 3514 3759 3555 et

2184 3583 2354 3651 ohjice
2392 3584 2521 3637 mihi
2546 3584 2614 3638 de
2642 3594 2957 3639 testamento
2998 3587 3138 3654 quod
3169 3588 3332 3640 voles.
3360 3588 3636 3658 Namqua:
3665 3593 3763 3645 de-

2185 3673 2377 3727 mentia
2422 3681 2520 3736 est,
2561 3673 2679 3727 ideo
2729 3682 3100 3729 testamentum
3152 3675 3359 3729 tradere
3414 3687 3465 3730 te
3519 3681 3765 3735 noluisse

2185 3762 2430 3828 ﬂammis,
2462 3772 2520 3816 ut
2537 3771 2718 3817 contra
2739 3763 2893 3817 verba
2918 3764 3087 3833 litiges
3108 3766 3418 3819 testatoris?
3448 3765 3555 3823 Nos
3578 3780 3765 3823 autem

2185 3866 2304 3906 cum
2336 3852 2620 3907 habeamus
2640 3853 2694 3907 in
2723 3853 2963 3907 manibus
2990 3852 3150 3909 Gesta
3180 3854 3535 3909 ecclesiastica
3565 3867 3623 3910 et
3646 3872 3764 3911 mu-

2185 3943 2448 4012 nicipalia,
2480 3943 2531 3996 in
2570 3943 2760 4012 quibus
2785 3942 3017 4012 legamus
3059 3958 3154 3998 eos
3178 3944 3267 4012 qui
3305 3955 3491 3999 contra
3518 3944 3765 4003 Czucilia-

2187 4047 2312 4085 num
2334 4031 2555 4085 alterum
2570 4031 2871 4101 episcopum
2888 4030 2964 4105 (τι)
2984 4033 3380 4098 ordinaverunt,
3406 4037 3576 4104 potius
3594 4034 3766 4092 fuisse

2185 4121 2479 4175 divinorum
2524 4122 2762 4175 codicum
2813 4123 3128 4203 traditores‘;
3162 4139 3264 4176 non
3315 4132 3489 4178 tamen
3533 4125 3765 4180 insulta-

2187 4226 2324 4275 mus,
2368 4227 2473 4265 non
2503 4211 2801 4266 invehimur
2845 4212 2894 4265 in
2928 4227 3041 4276 vos,
3089 4228 3188 4267 nec
3214 4223 3516 4268 sanctarum
3544 4217 3769 4285 pagina-

2188 4320 2303 4357 rum
2333 4304 2540 4358 cincres
2583 4303 2635 4357 in
2681 4303 2870 4357 vestris
2897 4304 3140 4358 manibus
3168 4304 3484 4373 plangimus,
3514 4321 3617 4361 nec
3644 4306 3765 4360 Ma-

2186 4396 2521 4450 cbabaeorum
2554 4422 2555 4425 η
2594 4402 2853 4447 tormenta
2917 4394 3191 4463 ﬂagrantia
3247 4396 3523 4465 sacrilegio
3596 4396 3767 4449 vestri

2188 4486 2391 4539 timoris
2421 4486 2436 4517 ³
2460 4484 2796 4553 opponimus,
2828 4483 3082 4546 dicentes,
3112 4483 3296 4538 Vestra
3321 4485 3492 4552 potius
3520 4486 3765 4538 membra

2186 4592 2343 4646 quam
2377 4575 2467 4628 Dei
2506 4574 2710 4643 eloquia
2744 4573 2949 4642 ignibus
2990 4573 3286 4626 traderetis.
3334 4574 3587 4627 Nolumus
3616 4576 3765 4628 etiim

2186 4679 2305 4720 esse
2351 4664 2492 4728 vani,
2541 4670 2597 4716 ut
2638 4663 2824 4717 alienis
2865 4662 3183 4727 commissis,
3213 4677 3331 4731 qum
3374 4672 3463 4715 aut
3506 4662 3767 4731 ignoratis

2187 4767 2275 4810 aut
2320 4752 2649 4823 improbatis,
2693 4751 2840 4805 vobis
2870 4751 3076 4805 inanem
3107 4752 3381 4818 strepitum
3409 4753 3768 4805 concitemus.

2186 4844 2336 4913 Quod
2376 4854 2549 4897 autem
2579 4857 2673 4897 vos
2700 4858 2729 4895 a
2758 4842 2917 4895 totius
2943 4841 3091 4897 orbis
3129 4842 3500 4895 communione
3542 4852 3773 4909 separa.

2188 4945 2270 4990 tos
2300 4931 2580 4999 videmus(
2596 4930 2734 5001 quod
2777 4931 2950 4985 scelus
2993 4939 3050 4984 ct
3075 4928 3385 4993 maximum,
3432 4940 3485 4983 et
3535 4930 3768 4985 manife-

2186 5035 2347 5087 stum,
2373 5034 2428 5078 et
2454 5024 2690 5076 omnium
2718 5031 2949 5074 vestrum
2995 5020 3130 5088 est),
3160 5020 3203 5073 si
3234 5035 3553 5089 exaggerarc
3578 5020 3762 5082 velim,

2188 5124 2396 5183 tempus
2420 5128 2507 5165 me
2532 5112 2687 5165 citius
2714 5125 2869 5181 quam
2896 5109 3052 5163 verba
3088 5108 3355 5163 deﬁcient.
3404 5109 3468 5163 Et
3498 5109 3599 5162 hoc
3630 5118 3689 5163 tu
3722 5108 3768 5161 si

2186 5203 2472 5258 defendere
2501 5203 2650 5265 velis,
2676 5216 2736 5256 ea
2766 5216 2823 5255 cs
2848 5200 3147 5269 objecturus
3179 5199 3293 5253 orbi
3325 5210 3607 5263 terrarum,
3639 5214 3769 5267 qua:

2186 5293 2231 5345 si
2258 5290 2549 5359 obiicienda
2577 5300 2721 5354 sunt,
2753 5288 3004 5343 admones
3030 5288 3168 5343 unde
3198 5288 3425 5354 amplius
3451 5288 3763 5348 accuser-is;

2187 5382 2231 5435 si
2261 5380 2553 5449 objicienda
2583 5394 2686 5433 non
2727 5388 2867 5445 sunt,
2904 5392 3008 5432 non
3052 5377 3371 5435 defenderis.
3406 5376 3599 5445 thuid
3631 5390 3771 5447 ergo

2252 5598 2266 5627 ι
2302 5594 2373 5642 Sic
2396 5603 2493 5640 Am.
2519 5600 2571 5640 et
2594 5599 2695 5639 Mss.
2721 5598 2771 5639 Αι
2795 5597 2864 5638 Fr.
2900 5597 2949 5637 et
2973 5596 3102 5648 l.ov.,
3118 5588 3329 5638 tumoris.

2255 5660 2326 5707 la‘
2352 5657 2638 5707 Maiorinum.
