4028 6202
238 342 353 400 286

236 454 443 511 inﬂaris
465 452 727 509 adversus
757 468 843 510 me
869 453 936 508 de
963 451 1264 520 traditione,
1289 468 1406 523 qua:
1434 468 1531 507 nec
1561 467 1677 506 mea
1709 462 1786 504 est
1813 491 1828 513 ,

236 560 339 601 nec
365 556 477 609 tua,
506 544 551 599 si
576 555 752 599 manet
768 543 897 598 illud
926 554 1154 615 pactum,
1185 553 1241 598 ut
1266 560 1370 600 non
1397 544 1549 598 nobis
1574 545 1590 576 ¹
1613 543 1834 613 ohjicia-

235 650 359 691 mus
402 635 622 700 aliena;
664 637 707 689 si
769 644 947 689 autem
997 649 1101 689 non
1151 644 1349 701 manet,
1400 644 1485 688 tua
1548 634 1720 703 potius
1750 643 1833 687 est

236 741 399 796 quam
433 726 596 780 mea?
638 726 954 795 Quanquam
986 736 1039 780 et
1083 736 1333 779 manente
1380 724 1470 779 illo
1500 734 1652 794 pacto
1692 723 1832 776 arbi-

241 827 360 871 tror
383 833 474 872 me
493 817 791 887 justissimc
815 815 1014 879 dicere,
1046 825 1103 870 ut
1120 816 1209 871 ille
1231 815 1498 885 iudicetur
1520 814 1695 868 socius
1715 814 1834 881 ejus

237 908 329 977 qui
380 908 598 963 tradidit
645 907 938 973 Christum,
989 908 1077 976 qui
1131 922 1253 961 cum
1300 913 1413 962 toto
1459 905 1592 961 orbe
1638 920 1742 958 non
1776 918 1835 958 se

241 999 461 1054 tradidit
499 1000 731 1055 Christo.
764 997 927 1069 Ergo.
958 998 1130 1068 inquit
1165 998 1475 1068 Apostolus,
1510 996 1729 1050 Abralue
1752 1011 1834 1049 se-

242 1105 359 1142 men
404 1090 543 1152 estis,
573 1087 849 1143 secundum
879 1087 1258 1156 promissionem
1288 1084 1509 1141 heredes
1534 1084 1730 1156 (Galat.
1756 1101 1833 1150 ut,

242 1181 360 1251 29).
392 1181 463 1234 Et
492 1181 685 1234 iterum
710 1178 842 1233 dicit
872 1195 886 1231 :
921 1177 1160 1232 Hceredes
1178 1177 1379 1248 quidem
1412 1176 1523 1242 Dei,
1551 1174 1836 1230 cohaeredes

243 1282 413 1325 autem
438 1271 629 1325 Christi
651 1270 824 1341 (Rom.
848 1284 960 1333 vnt,
985 1270 1099 1340 I7).
1126 1268 1373 1338 Idemque
1394 1283 1579 1322 semen
1607 1265 1837 1322 Abrahae

243 1362 309 1417 ad
338 1376 532 1417 omnes
576 1370 764 1431 gentes
807 1361 1076 1430 pertinere
1103 1359 1434 1413 demonstrat
1460 1372 1524 1413 ex
1552 1357 1666 1424 illo,
1696 1355 1837 1427 quod

245 1453 479 1508 Abraha:
507 1452 708 1507 dictum
739 1462 822 1507 est
850 1470 863 1505 :
896 1448 963 1506 In
982 1453 1167 1506 semine
1185 1462 1271 1505 tuo
1291 1451 1646 1506 benedicentur
1664 1465 1839 1504 onmes

247 1555 416 1615 gentes
457 1541 610 1612 (Gen.
656 1559 785 1607 un,
818 1542 931 1610 I8).
978 1543 1314 1613 Quapropter
1339 1549 1466 1613 puto
1489 1542 1691 1612 justum
1720 1555 1840 1596 esse

249 1633 391 1704 quod
434 1636 665 1705 postulo,
713 1643 770 1689 ut
819 1643 1192 1690 testamentum
1224 1635 1339 1701 Dei,
1388 1633 1529 1704 quod
1554 1633 1667 1705 jam
1710 1632 1838 1688 olim

246 1735 490 1794 apertum
535 1725 1009 1794 cst,,atiquantum
1040 1724 1401 1787 advertamns,
1428 1733 1483 1780 et
1527 1740 1687 1795 quem
1732 1731 1841 1780 no‘n

248 1814 612 1870 invenerimus
663 1814 842 1869 traditi
885 1813 1223 1869 cohmredem
1248 1856 1262 1879 ,
1320 1815 1493 1885 ipsum
1540 1814 1842 1884 iudicemus

251 1903 521 1960 traditoris
552 1904 856 1967 haercdem;
903 1905 993 1959 ille
1020 1905 1282 1975 pertinent
1321 1903 1387 1959 ad
1430 1904 1627 1958 Christi
1656 1904 1843 1959 vendi-

251 2002 447 2060 torem,
476 1996 570 2066 qui
611 1996 883 2052 Christum
912 2006 1069 2067 negat
1108 1997 1255 2051 orbis
1278 1999 1595 2068 emptorem.
1641 1994 1844 2065 Nempe

252 2086 465 2157 quando
496 2101 557 2143 se
581 2098 702 2157 pou
724 2088 1171 2143 resurrectionem
1195 2087 1471 2157 discipulis
1501 2086 1842 2142 demonstra-

254 2181 349 2243 vit,
393 2187 449 2232 et
473 2178 731 2247 palpanda
763 2178 1000 2233 membra
1037 2177 1400 2233 dubitantibus
1442 2178 1691 2249 prmbuit,
1739 2176 1844 2233 hac

257 2268 364 2321 iilis
409 2269 526 2322 ait.-
558 2266 807 2333 Quoniam
844 2269 918 2321 sic
969 2269 1212 2338 scriptum
1254 2276 1347 2335 est,-
1378 2277 1426 2321 et
1467 2271 1542 2322 sic
1584 2266 1847 2338 Oportebat

258 2358 510 2412 Clu-istum
540 2360 667 2429 pati,
694 2370 740 2412 et
776 2375 1036 2429 resurgere
1072 2360 1217 2414 tertia
1257 2359 1357 2423 die,
1388 2368 1435 2414 et
1477 2359 1748 2429 praedicari
1793 2360 1849 2414 in

261 2450 460 2503 nomine
489 2450 600 2518 ejus
621 2451 963 2517 ρωιιίιιιιιιὶηηι
986 2460 1033 2503 et
1059 2449 1398 2504 remissione»:
1422 2461 1741 2520 peccatorum
1761 2456 1852 2524 per

264 2554 430 2592 omnes
445 2547 637 2609 gentes,
655 2539 1005 2609 incipientibus
1024 2541 1088 2593 ab
1110 2538 1393 2595 Jerusalem
1418 2539 1567 2612 (Luc.
1583 2557 1732 2609 xxiv,
1757 2543 1847 2608 ιθ,

265 2628 373 2697 47).
393 2629 530 2683 Ecce
541 2643 571 2682 a
584 2644 685 2699 qua
698 2628 1007 2683 hmreditate
1017 2639 1114 2693 Vos
1126 2629 1368 2685 alienatis
1386 2648 1398 2685 :
1414 2645 1538 2687 ecce
1548 2632 1632 2687 cui
1650 2632 1851 2689 hmredi

226 2720 246 2743 '
267 2719 532 2774 resistitis.
566 2718 713 2775 Itane
738 2735 869 2775 vero
893 2726 1138 2790 parceret
1164 2721 1380 2777 Christo
1409 2723 1463 2778 in
1491 2732 1629 2779 terra
1657 2724 1848 2780 ambu-

275 2810 418 2876 lanti,
450 2811 544 2881 qui
587 2811 903 2866 contradicit
945 2812 999 2866 in
1045 2812 1186 2868 caelo
1227 2813 1476 2868 sedenti?
1514 2814 1703 2870 Adhuc
1745 2832 1851 2872 non

274 2903 567 2974 intelligitis
595 2904 845 2972 quoniam
873 2904 1129 2976 quidquid
1155 2904 1309 2962 nobis
1337 2906 1588 2981 objicitis,
1618 2910 1853 2964 sermoni

271 2993 380 3061 ejus
404 2992 659 3062 objicitis.
693 2994 1028 3057 Promittitur
1056 2996 1377 3052 cbristianus
1401 2997 1565 3063 orbis,
1599 3007 1654 3054 et
1677 2997 1854 3054 credi-

275 3085 695 3155 tur:impletur,
739 3094 795 3142 ει
838 3086 1238 3143 contradicitur.
1284 3088 1545 3159 Cagitate,
1591 3088 1850 3157 ollaecro,

271 3175 389 3246 quid
418 3177 526 3247 pati
553 3192 653 3248 pro
677 3187 821 3232 tanta
866 3177 1141 3249 impietate
1182 3179 1440 3236 debuistis
1465 3198 1478 3245 ;
1527 3191 1579 3237 ct
1604 3190 1783 3238 tamen
1808 3182 1855 3237 si

274 3267 395 3335 quid
424 3268 567 3338 passi
595 3269 726 3324 estis
754 3269 959 3335 nescio,
986 3285 1092 3325 non
1121 3271 1253 3338 vidi,
1283 3287 1388 3326 non
1416 3270 1516 3327 ieci
1550 3290 1563 3326 :
1598 3283 1654 3327 tu
1674 3271 1853 3341 hodie,-

274 3359 359 3427 ςιιί
386 3374 495 3413 non
537 3360 735 3428 pateris
760 3361 868 3414 vim
915 3362 1306 3430 persecutionis
1336 3372 1490 3429 mem,
1536 3363 1699 3418 redde
1726 3346 1858 3418 mihi

275 3452 529 3508 rationem
554 3453 909 3522 separationis
936 3465 1059 3507 ture.
1092 3452 1199 3509 Sed
1222 3453 1412 3508 iterum
1433 3469 1496 3509 ac
1516 3465 1659 3524 saepe
1685 3454 1855 3509 dictu.

275 3555 363 3596 rus
385 3557 467 3609 es,
499 3556 621 3613 quas
647 3544 693 3597 si
737 3557 843 3599 non
890 3544 1104 3613 probas,
1134 3543 1202 3598 ad
1249 3546 1517 3600 neminem
1547 3546 1811 3614 pertinent
1842 3563 1857 3598 :

277 3633 319 3687 si
339 3643 515 3689 autem
548 3633 761 3703 probas,
804 3634 875 3688 ad
897 3649 984 3689 me
1011 3649 1116 3688 non
1146 3633 1432 3704 pertinent.

344 3722 570 3780 CAPUT
612 3724 702 3779 IX.
731 3726 917 3779 -—2I.
956 3724 1141 3780 Ρετιι..
1185 3724 1359 3793 dixit:
1398 3724 1494 3779 His
1530 3740 1648 3796 ergo
1686 3726 1858 3779 crimi-

280 3814 418 3868 nibus
443 3824 636 3883 septas,
664 3833 775 3871 esse
798 3831 944 3871 verus
968 3818 1235 3888 episcopus
1263 3834 1363 3871 non
1390 3827 1553 3887 potes.
1715 3823 1725 3832 '

347 3903 438 3957 εἰ.
471 3905 606 3961 Atta.
640 3906 917 3975 respondit
945 3925 958 3960 :
987 3906 1191 3974 Quibus
1219 3906 1532 3961 criminibus
1551 3906 1577 3960 ?
1604 3907 1739 3974 Quid
1766 3906 1864 3961 dna-

283 3993 475 4050 Cuisti?
519 3995 647 4066 quid
692 3996 1016 4051 ostendisti?
1060 3998 1127 4053 Et
1173 3998 1218 4052 si
1265 3998 1593 4053 ostendisses
1639 3998 1861 4053 crimina

285 4087 459 4140 nescio
485 4101 735 4155 quorum,
766 4087 895 4158 quid
938 4089 1039 4143 hoc
1065 4089 1130 4144 ad
1161 4104 1343 4145 semen
1375 4090 1628 4157 Abrahae,
1661 4090 1716 4144 in
1758 4098 1869 4162 quo

286 4172 664 4230 benedicuntur
691 4191 880 4233 onmes
901 4188 1086 4248 gentes
1107 4179 1130 4232 ζ’

351 4265 576 4321 CAPUT
613 4266 684 4320 Χ.
712 4296 784 4307 —-
808 4267 898 4323 25.
938 4268 1121 4323 Ρετιι..
1169 4268 1341 4323 dixit:
1373 4269 1436 4324 Si
1478 4270 1710 4340 Apostoli
1753 4288 1866 4341 per-

287 4356 435 4409 secuti
492 4365 610 4410 sunt
680 4357 899 4427 aliquem
918 4399 934 4425 ,
996 4369 1083 4413 aut
1156 4359 1375 4430 aliquem
1439 4361 1648 4414 tradidit
1714 4360 1862 4415 Chri-

287 4455 387 4497 stus
404 4446 437 4511 ζ
1716 4464 1717 4467 η

353 4534 444 4590 ει.
477 4537 608 4592 Auc.
646 4536 921 4605 respondit
953 4555 967 4591 :
998 4537 1216 4593 Possem
1246 4539 1461 4608 quidem
1488 4538 1669 4596 dicere
1694 4540 1865 4611 ipsum

290 4634 521 4681 satanam
549 4627 797 4681 omnibus
839 4628 993 4682 malis
1022 4616 1327 4683 hominibus
1351 4644 1473 4685 esse
1496 4630 1752 4699 pejorcm,
1782 4633 1868 4685 eui

291 4718 462 4769 tamen
494 4716 709 4769 tradidit
735 4717 1024 4785 Apostolus
1067 4717 1337 4771 hominem
1369 4718 1420 4772 in
1454 4719 1723 4774 interitum
1754 4735 1870 4774 car-

291 4807 387 4868 nis,
433 4816 489 4858 ut
516 4807 738 4875 spiritus
764 4807 943 4862 Salvus
971 4808 1041 4861 sit
1070 4807 1122 4862 in
1152 4807 1239 4863 die
1280 4808 1493 4862 Domini
1528 4810 1654 4864 Jesu
1681 4810 1723 4880 (ι
1749 4810 1867 4865 Cor.

290 4909 338 4956 v,
369 4894 448 4964 5).
497 4894 734 4964 Itemque
774 4896 928 4962 alios,
970 4896 1037 4951 de
1080 4897 1272 4967 quibus
1313 4897 1485 4952 dicit:
1518 4897 1655 4964 Quas
1684 4899 1872 4952 tradidi

289 4996 501 5050 sutanre,
530 4994 585 5037 ut
614 4986 813 5039 discant
852 5002 952 5040 non
990 4987 1337 5056 blasphemare
1364 4988 1403 5059 (Ι
1436 4988 1566 5042 Tim.
1599 5006 1635 5051 ι.
1663 4990 1777 5060 20).
1808 4990 1874 5044 Et

293 5074 548 5130 Dominus
590 5077 837 5131 Christus
882 5077 1177 5148 ﬂagellatos
1214 5081 1412 5150 expulit
1440 5081 1509 5135 de
1540 5081 1739 5152 templo
1771 5084 1871 5137 im-

294 5168 487 5235 probos
512 5178 861 5236 mercatores,
895 5171 981 5225 ubi
1009 5172 1167 5226 etiam
1198 5188 1497 5227 connexum
1524 5182 1605 5228 est
1636 5176 1875 5229 testimo-

294 5259 435 5313 nium
479 5260 768 5330 Scriptura:
812 5261 1054 5327 dicentis,
1108 5262 1260 5319 Zelus
1298 5265 1478 5319 domus
1521 5275 1623 5320 tua:
1663 5267 1876 5321 comedit

293 5363 372 5402 tne
412 5348 609 5419 (Joan.
653 5366 711 5418 ιι,
762 5353 984 5421 {ES—I7).
1030 5353 1168 5409 Ecce
1216 5354 1516 5409 invenimus
1561 5356 1876 5426 Apostolum

298 5440 626 5507 traditorem,
654 5443 929 5499 Christum
974 5456 1390 5514 persecutorem.
1422 5448 1641 5503 Possem
1670 5449 1765 5504 ista
1793 5448 1877 5503 di-

364 5706 381 5735 ι
416 5703 675 5775 mutuum.
703 5712 753 5754 et
772 5709 865 5775 ‘Fr.
903 5707 1098 5775 omisso,
1135 5713 1217 5770 ut;
1240 5708 1437 5769 habent,
1459 5721 1550 5759 non
1580 5707 1725 5760 vobis.
1751 5715 1881 5773 ιρι,

303 5770 353 5812 ut
376 5777 468 5814 non
506 5767 631 5816 vobis
666 5778 683 5815 :
723 5767 882 5815 minus
905 5769 1053 5817 bene.

507 5843 778 5907 Ρλτιιοι.
817 5848 1034 5911 XLIII.

1527 322 1728 389 Lmen
1766 320 2137 390 SECUNDUS.

3416 334 3519 393 ιιςο

1941 464 2083 511 cere,
2109 460 2163 505 ct
2189 459 2238 505 te
2269 448 2319 504 in
2348 464 2453 505 non
2485 465 2674 520 parvos
2702 460 2866 505 mstus
2895 451 3127 518 mittere,
3169 459 3223 504 ut
3251 465 3356 504 non
3381 468 3513 520 que-

1940 541 2079 594 rclas
2106 555 2291 596 eorum
2334 542 2423 611 qui
2473 541 2759 611 patiuntur,
2810 540 2901 595 sed
2933 540 3169 595 animum
3199 556 3385 595 eorum
3428 544 3518 610 qui

1942 631 2138 685 faciunt
2155 647 2392 702 qumrere
2415 633 2703 702 cogereris.
2726 631 2830 687 Sed
2851 630 2975 687 hinc
3004 631 3109 686 noli
3132 631 3392 695 laborare,
3415 647 3520 685 non

1940 739 2001 777 ea
2045 722 2205 788 dico;
2238 723 2330 778 sed
2360 723 2480 778 dico
2523 724 2587 778 ad
2631 738 2812 779 semen
2859 722 3107 783 Abralne.
3155 721 3296 793 quod
3339 733 3422 777 est
3471 722 3523 775 in

1940 816 2187 871 omnibus
2208 816 2473 886 gentibus,
2515 831 2619 870 non
2666 817 2951 886 pertinere,
2995 815 3042 871 si
3082 813 3205 885 quid
3245 832 3351 870 non
3378 825 3523 871 recte

1940 907 2091 962 vobis
2129 907 2319 961 factum
2347 918 2449 971 est,
2482 905 2709 962 fortasse
2736 922 2767 961 a
2798 908 2947 977 palea
2992 905 3273 961 dominicae
3302 905 3520 976 segetis.

1941 1015 2059 1069 quae
2106 998 2448 1053 nihilominus
2477 1008 2556 1054 est
2604 999 2655 1052 in
2684 998 2931 1053 omnibus
2958 999 3223 1068 gentibus.
3258 997 3366 1051 Vos
3393 1011 3522 1067 ergo

1942 1089 2147 1144 reddite
2189 1090 2449 1144 rationem
2492 1088 2845 1159 separationis
2874 1100 3065 1141 vestrm
3130 1086 3237 1143 Sed
3271 1088 3414 1157 prius
3439 1099 3526 1139 ato

1943 1179 2146 1234 tendite
2168 1180 2351 1250 quales
2380 1179 2642 1242 habeatis,
2671 1192 2805 1248 quos
2832 1178 2983 1232 vobis
3005 1177 3163 1245 objici
3194 1194 3296 1230 non
3324 1176 3483 1229 vultis
3506 1193 3521 1238 ;

1943 1282 1995 1328 et
2026 1272 2201 1327 videte
2220 1288 2378 1342 quam
2408 1270 2586 1341 inique
2616 1270 2837 1336 faciatis,
2870 1284 2989 1322 cum
3013 1268 3182 1324 aliena
3216 1269 3347 1320 facta
3373 1266 3526 1321 nobis

1943 1362 2191 1433 ohjicitis,
2220 1362 2319 1418 etsi
2348 1378 2411 1417 ea
2440 1378 2559 1433 qua:
2589 1362 2765 1417 dicitis
2793 1360 3112 1432 probaretis.
3149 1360 3222 1415 Ita
3255 1359 3397 1413 nulla
3429 1363 3529 1413 erit

1945 1455 2080 1510 ratio
2108 1455 2459 1525 Separationis
2485 1463 2695 1508 vestrae.

2014 1542 2239 1600 CAPUT
2259 1532 2346 1599 ΧῘ.
2364 1544 2534 1599 -Ξᾶ
2560 1544 2743 1598 Ρετιι..
2759 1542 2891 1598 dixit
2909 1560 2920 1595 :
2936 1534 3003 1596 At
3023 1543 3152 1596 enim
3168 1543 3324 1611 aliqui
3340 1541 3528 1604 dicent,

1947 1618 2071 1687 Filii
2098 1650 2197 1687 non
2224 1650 2397 1687 sumus
2426 1632 2705 1687 traditoris.
2737 1630 2865 1704 Ejus
2894 1641 2966 1686 est
2992 1631 3173 1701 aliquis
3197 1631 3354 1700 ﬁlius,
3381 1634 3527 1703 cujus

1947 1726 2082 1796 facta
2127 1735 2363 1779 sectatur.
2396 1724 2470 1779 Ili
2508 1726 2640 1779 enim
2677 1724 2943 1779 certissimi
2987 1723 3084 1793 filii
3120 1734 3257 1789 sunt,
3304 1723 3533 1794 idemque

1947 1814 2237 1886 parentibus
2275 1816 2483 1882 similes,
2513 1826 2638 1886 quos
2664 1833 2765 1869 non
2792 1817 2889 1870 ista
2914 1832 3032 1869 caro
3070 1833 3161 1869 nec
3189 1816 3418 1885 sanguis,
3446 1816 3533 1869 sed

1946 1917 2109 1963 mores
2137 1918 2183 1962 et
2212 1909 2347 1978 facta
2374 1908 2662 1978 parentibus
2687 1907 2972 1961 consimiles
2999 1917 3296 1977 genuerunt.

2015 1996 2107 2051 26.
2136 1997 2273 2052 Auc.
2324 1996 2640 2067 respondit:
2673 1995 2839 2051 Paulo
2883 2003 3006 2052 ante
3052 1992 3183 2051 nihil
3211 2008 3396 2051 contra
3439 2012 3541 2050 nos

1948 2086 2182 2151 dicebas,
2230 2102 2372 2142 nunc
2414 2085 2573 2142 etiam
2616 2087 2825 2159 cmpisti
2868 2085 3048 2142 dicere
3084 2086 3292 2158 aliquid
3340 2095 3394 2141 et
3438 2096 3537 2156 pro

1949 2183 2123 2239 nobis.
2156 2182 2282 2237 Iltcc
2323 2181 2465 2237 enim
2512 2180 2802 2251 propositio
2831 2188 2917 2234 tua
2947 2180 2997 2234 in
3026 2194 3093 2234 co
3134 2188 3184 2233 te
3216 2187 3382 2244 tenet,
3413 2179 3536 2232 utsi

1951 2290 2051 2330 nos
2080 2274 2255 2339 hodie,
2305 2289 2428 2328 cum
2454 2274 2645 2344 quibus
2671 2272 2803 2343 agis,
2840 2288 2943 2327 non
2974 2272 3267 2326 conviceris
3311 2270 3536 2325 tradito-

1950 2382 2039 2422 res
2065 2374 2119 2421 et
2149 2364 2464 2430 homicidas,
2512 2372 2566 2418 et
2608 2364 2653 2417 si
2678 2362 2802 2433 quid
2830 2363 2975 2417 aliud
3018 2361 3341 2425 criminaris,
3382 2358 3537 2431 quid-

1952 2456 2078 2528 quid
2121 2457 2225 2512 tale
2251 2455 2548 2509 ostenderis
2575 2438 2625 2509 in
2652 2454 2730 2509 eis
2761 2454 2847 2520 qui
2877 2466 2973 2507 nos
3021 2463 3259 2521 tempore
3302 2464 3533 2519 princes-

1952 2558 2157 2614 serunt,
2206 2549 2424 2604 omnino
2478 2547 2629 2603 nobis
2678 2547 2870 2603 obesse
2916 2563 3020 2600 non
3067 2546 3253 2617 possit.
3300 2544 3537 2613 Quorum

1952 2640 2094 2696 enim
2122 2640 2398 2695 dissimilia
2444 2639 2578 2694 facta
2607 2638 2887 2699 habemus.
2918 2653 3103 2693 eorum
3150 2638 3240 2692 lilii
3282 2652 3403 2693 esse
3434 2655 3540 2692 non

1951 2748 2255 2805 possumus.
2301 2733 2366 2788 Et
2409 2733 2529 2787 vide
2575 2747 2680 2801 quo
2720 2738 2772 2787 te
2815 2731 3147 2786 cummiseris
3179 2747 3193 2784 :
3223 2731 3265 2784 si
3308 2729 3537 2800 aliquem

1955 2825 2089 2879 forte
2116 2825 2275 2879 etiam
2320 2834 2518 2879 nostra:
2548 2820 2720 2877 aetatis
2750 2821 3046 2887 hominem,
3077 2829 3132 2875 ct
3160 2821 3433 2874 nobiscum
3462 2821 3543 2875 vi-

1955 2925 2189 2981 ventem,
2231 2912 2299 2969 de
2326 2914 2503 2982 aliqud
2549 2912 2635 2966 tali
2679 2922 2827 2967 reatu
2857 2909 2994 2965 forte
3034 2910 3351 2987 conﬁceris,
3397 2910 3543 2964 nullo

1956 3004 2116 3061 modo
2152 2998 2462 3074 prmjudicat
2489 3000 2737 3056 omnibus
2777 3000 3046 3071 gentibus,
3080 3016 3198 3068 qua:
3244 2999 3299 3053 in
3338 2999 3543 3054 semine

1957 3090 2187 3150 Abrahae
2239 3092 2658 3157 benedicuntur,
2706 3105 2737 3144 a
2792 3089 2987 3160 quibus
3031 3097 3085 3142 tu
3150 3095 3201 3143 te
3246 3089 3545 3161 separaqdi

1957 3185 2247 3256 sacrilegus
2274 3184 2547 3239 inveniris.
2581 3183 2656 3238 Ita
2686 3181 2850 3254 (quod
2882 3180 2997 3235 lieri
3040 3186 3149 3235 non’
3190 3180 3408 3252 potest),
3442 3170 3545 3235 nisi

1958 3286 2145 3332 omnes
2171 3276 2260 3346 qui
2300 3275 2500 3343 ubique
2542 3282 2687 3339 sunt,
2735 3271 2968 3337 noveris,
2998 3270 3339 3340 omniumque
3368 3282 3545 3325 mores

1958 3374 2014 3422 et
2033 3366 2167 3421 facta
2196 3380 2303 3419 non
2329 3363 2502 3418 solum
2530 3360 2799 3427 didiceris,
2829 3360 2923 3415 sed
2950 3360 3109 3415 etiam
3141 3360 3544 3415 dcumnstrave-

1961 3460 2035 3515 ris
2066 3467 2170 3514 tam
2198 3457 2333 3513 mala
2363 3460 2667 3525 esse'qu'am
2694 3452 2846 3519 dicis,
2879 3469 2984 3507 non
3013 3452 3178 3508 habes
3206 3469 3302 3507 cur
3327 3452 3546 3522 ohjicias

1961 3551 2077 3605 orhi
2106 3559 2393 3612 terrarum,
2422 3547 2511 3617 qui
2540 3552 2621 3600 est
2648 3544 2948 3608 in'sanctis,
2979 3543 3161 3598 nescio
3190 3555 3323 3613 quos
3354 3558 3545 3612 parcn-

1964 3651 2064 3707 ιω,
2114 3641 2304 3711 quitum
2334 3655 2428 3693 eos
2472 3638 2666 3707 probas
2705 3650 2825 3690 esse
2864 3635 3191 3691 consimiles.
3233 3634 3343 3690 Nec
3374 3645 3425 3689 te
3453 3634 3544 3686 ali-

1962 3732 2087 3804 quid
2131 3731 2420 3798 adjuvabit,
2466 3730 2510 3784 si
2557 3728 2716 3782 etiam
2747 3728 3118 3783 demonstrare
3165 3728 3424 3797 potueris.
3453 3742 3548 3782 eos

1962 3822 2051 3892 qui
2103 3821 2235 3875 tales
2276 3834 2381 3873 non
2426 3827 2569 3881 sunt,
2615 3832 2736 3870 cum
2763 3817 2844 3871 eis
2870 3817 2962 3886 qui
3007 3817 3140 3871 tales
3171 3826 3293 3869 sunt
3336 3831 3548 3870 sumere

1963 3910 2305 3966 Sacramenta
2334 3905 2651 3962 communia.
2685 3902 2865 3959 Primo
2890 3905 3011 3974 quia
3056 3920 3152 3959 vos
3181 3905 3326 3973 ipsos
3373 3905 3548 3974 respi;

1964 4013 2087 4055 cere
2111 3996 2337 4061 debetis,
2365 4011 2485 4051 cum
2513 3996 2705 4066 quibus
2734 4010 2795 4050 ea
2825 3992 3130 4060 celebretis,
3162 3994 3354 4064 quibus
3384 3994 3545 4058 detis,

1966 4107 1996 4146 a
2021 4090 2210 4160 quibus
2236 4088 2477 4152 sinuatis,
2508 4098 2561 4141 et
2589 4086 2737 4139 vobis
2763 4100 2857 4140 eos
2884 4084 3041 4155 objici
3071 4085 3269 4139 nolitis.
3318 4085 3545 4149 Deinde;

1967 4181 2011 4234 si
2040 4178 2132 4233 lilii
2161 4187 2283 4232 sunt
2321 4175 2496 4237 Judae,
2528 4176 2614 4245 qui
2647 4175 2889 4230 diabolus
2926 4174 3066 4229 inter
3094 4174 3378 4245 ApostoIos
3409 4174 3545 4237 fuit,

1967 4270 2286 4340 quicumque
2316 4266 2451 4321 laeta
2480 4266 2598 4336 ejus
2626 4266 2898 4319 imitantur
2930 4281 2948 4319 :
2974 4280 3068 4319 cur
3102 4276 3208 4318 non
3238 4266 3372 4319 lilios
3404 4270 3546 4335 Apu-

1970 4358 2226 4414 stolorum
2254 4358 2512 4420 dicamus,
2541 4357 2629 4425 qui
2657 4370 2765 4407 non
2789 4356 2922 4409 facta
2950 4361 3043 4408 sua
3072 4368 3191 4408 cum
3215 4354 3427 4418 talibus,
3455 4356 3551 4409 sed

1971 4448 2177 4504 Domini
2242 4447 2583 4502 Sacramenta
2637 4446 3069 4508 communicant,
3125 4446 3261 4499 sicut
3310 4445 3546 4515 Apostnli

1971 4540 2299 4595 Dominicam
2336 4551 2545 4592 cmnam
2572 4550 2693 4592 cum
2737 4535 2830 4589 illo
2869 4535 3124 4591 traditore
3167 4539 3551 4605 sumpserunt?

1973 4629 2095 4684 ideo
2116 4628 2267 4683 vobis
2293 4629 2308 4659 ⁸
2339 4627 2496 4694 longe
2525 4625 2832 4690 dissimiles,
2864 4624 3008 4695 quod
3046 4624 3353 4681 hominilms
3382 4629 3554 4680 linitu—

1975 4730 2079 4774 tem
2105 4718 2440 4774 servantibus
2472 4718 2573 4770 hoc
2601 4716 2849 4785 objicitis,
2883 4715 3024 4786 quod
3054 4719 3323 4771 Conscissa
3354 4718 3554 4771 unitate

1975 4821 2075 4865 vos
2094 4807 2290 4864 facitis.

2047 4900 2270 4956 CAPUT
2308 4897 2423 4953 XII.
2456 4928 2526 4939 -—
2548 4897 2642 4952 27.
2669 4897 2852 4952 Ριπιι.
2897 4896 3031 4952 dixit
3059 4914 3073 4950 :
3106 4896 3182 4951 De
3219 4914 3273 4951 se
3313 4899 3424 4969 ipso
3459 4898 3557 4952 Ju-

1978 4994 2101 5048 dteis
2126 4992 2249 5045 dicit
2289 4990 2534 5044 Dominus
2552 4989 2798 5054 Christus,
2829 4987 2892 5043 Si
2933 5003 3034 5041 non
3066 4986 3198 5060 facio
3224 4990 3360 5059 facta
3390 4988 3560 5042 Patris

1978 5086 2095 5147 mei.
2124 5085 2280 5139 nolite
2303 5083 2426 5136 mihi
2451 5083 2650 5136 credere
2676 5080 2850 5152 (Joan.
2874 5096 2932 5145 ι,
2961 5066 3072 5152 57).

2050 5176 2144 5232 28.
2190 5177 2329 5231 Auc.
2361 5172 2633 5244 respondit
2661 5189 2675 5227 :
2705 5171 2822 5226 lam
2862 5186 3022 5242 supra
3063 5171 3338 5242 respondi,
3369 5171 3480 5226 Iloc
3507 5186 3563 5225 et

1980 5282 2167 5326 verum
2192 5278 2294 5332 est,
2326 5279 2380 5321 et
2404 5281 2500 5336 pro
2526 5265 2677 5319 nobis
2709 5275 2893 5318 contra
2927 5279 3022 5318 vos
3043 5274 3147 5319 est.

2052 5360 2279 5417 CAPUT
2317 5357 2454 5413 XIII.
2495 5353 2676 5411 —-9..9.
2723 5355 2909 5410 Ρετιι..
2954 5356 3089 5411 dixit
3130 5372 3144 5405 :
3190 5354 3476 5408 Falsidicas
3517 5361 3564 5406 et

1984 5454 2247 5507 mendaces
2267 5451 2339 5503 sic
2361 5446 2631 5500 identidem
2661 5447 2895 5518 objurgat
2927 5463 2970 5500 :t
2998 5445 3117 5500 Filii
3143 5445 3332 5499 diaboli
3352 5454 3489 5510 estis,
3518 5456 3561 5497 et

1986 5544 2049 5598 ab
2090 5542 2233 5596 initio
2275 5540 2406 5594 enim
2448 5539 2536 5593 ille
2575 5548 2839 5592 accusator
2885 5539 3001 5609 fuit,
3047 5548 3094 5590 et
3131 5538 3184 5590 in
3219 5539 3423 5590 reritate
3463 5550 3565 5589 non

1988 5633 2139 5689 stetit.
2179 5649 2204 5684 ι·

2055 5767 2074 5795 ί
2108 5760 2241 5824 ῐὶῶιῖ,
2268 5756 2415 5812 nobis.
2442 5755 2608 5810 uelitis
2622 5765 2749 5822 3155.,
2773 5756 2917 5811 vobis.

2994 5841 3262 5915 {Neu/.1
