4024 6196
407 305 505 357 257

477 416 564 471 '50.
598 417 728 471 Δυο.
761 411 1032 481 respondit
1061 427 1072 462 :
1098 407 1210 462 Non
1240 406 1472 459 solemus
1504 403 1699 472 legere,
1731 399 1831 454 Ille
1853 415 1997 452 accu-

407 521 544 562 sator
571 509 701 581 fuit;
729 505 842 565 sed,
865 501 964 556 Ille
991 500 1239 554 homicida
1266 497 1362 569 fuit
1394 495 1567 568 (Joan.
1589 493 1826 560 vnn“).
1848 493 2002 558 Qua--

411 603 577 657 rimus
601 611 778 654 autem
808 593 946 648 unde
976 591 1131 646 fuerit
1155 588 1397 644 diabolus
1420 586 1686 641 homicida
1718 586 1783 638 ab
1812 584 1996 645 initio;

410 705 464 749 et
490 693 804 750 invenimus,
839 683 978 755 quod
1021 683 1247 753 primum
1279 679 1550 733 hominem
1582 675 1861 738 occiderit,
1893 689 2001 728 non

415 785 646 855 gladium
676 776 1005 848 stringendo,
1029 782 1120 828 aut
1147 773 1374 842 aliquam
1405 770 1507 822 vim
1537 767 1888 840 corporaliter
1916 765 2000 818 in-

414 875 635 932 ferendo
662 875 677 904 ¹
703 890 716 938 ;
757 871 848 926 sed
898 864 1263 936 persuadendo
1307 869 1605 932 peccatum,
1634 867 1687 914 et
1715 875 1743 912 a
1774 855 2002 927 paradisi

417 967 670 1023 felicitate
699 959 1020 1031 dejiciendo.
1067 955 1217 1024 Quod
1248 963 1373 1008 tunc
1404 950 1700 1020 paradisus,
1736 949 1834 1002 hoc
1863 961 2006 1001 nunc

419 1056 674 1113 Ecclesia.
707 1052 910 1108 Diaboli
954 1064 1080 1118 ergo
1108 1047 1201 1100 lilii
1230 1053 1372 1105 sunt.
1404 1043 1490 1112 qui
1536 1040 1779 1094 homines
1804 1039 1870 1092 ab
1903 1038 2005 1091 Ec.

417 1148 579 1204 clesia
615 1142 920 1200 seducendo
947 1138 1288 1194 interficiunt.
1337 1133 1486 1188 Sicut
1512 1141 1688 1185 autem
1721 1144 1813 1198 per
1844 1127 2004 1182 verba

419 1241 513 1295 Dei
540 1239 784 1294 novimus
806 1235 891 1288 ubi
921 1233 988 1286 sit
1011 1233 1276 1302 plantatns
1301 1225 1598 1296 paradisus,
1626 1224 1705 1277 sic
1727 1236 1824 1290 per
1845 1220 2005 1275 verba

417 1332 615 1388 Christi
645 1331 732 1386 ubi
760 1330 827 1384 sit
853 1326 1088 1382 Ecclesia
1115 1323 1399 1378 didicimus
1423 1337 1436 1371 :
1472 1317 1572 1371 Per
1594 1332 1785 1380 omnes,
1816 1315 2006 1384 inquit,

419 1436 610 1497 gentes,
651 1421 896 1492 incipiens
943 1417 1004 1471 ab
1041 1414 1347 1471 Jerusalem.
1401 1410 1481 1464 Ab
1525 1408 1628 1462 isto
1659 1407 1907 1461 universo
1934 1405 1999 1459 ad

422 1496 625 1586 partem
675 1509 965 1583 quamlibet
1012 1504 1249 1577 quisquis
1304 1509 1515 1571 separat
1564 1497 1858 1562 hominem,
1916 1496 2006 1549 ille

421 1607 616 1661 diaboli
642 1605 778 1659 lilius
804 1611 857 1657 et
887 1597 1150 1654 homicida
1171 1594 1526 1652 convincitur.
1556 1589 1662 1644 Sed
1689 1598 1742 1645 et
1763 1589 2006 1652 verbum,

421 1697 563 1769 quod
596 1698 707 1764 ipse
738 1692 978 1765 posuisti,
1027 1699 1086 1744 ut
1109 1688 1176 1743 de
1206 1685 1419 1741 diabolo
1447 1683 1678 1747 diceres,
1725 1677 1826 1732 Ille
1863 1694 2010 1730 accu-

423 1802 560 1844 sator
593 1790 713 1862 fuit,
741 1798 783 1840 et
807 1787 858 1839 in
884 1785 1087 1838 veritate
1112 1798 1212 1834 non
1247 1781 1400 1842 stetit,
1433 1776 1552 1830 vide
1578 1776 1629 1828 in
1656 1789 1790 1843 quos
1817 1787 2013 1827 convc-

425 1886 552 1938 niat.
603 1880 878 1936 Accusatis
926 1877 1067 1932 enim
1124 1875 1309 1928 orbem
1374 1881 1635 1924 terrarum
1697 1865 2014 1920 criminibus

425 1977 670 2036 aliorum,
699 1985 834 2041 quos
858 1969 1016 2023 etiam
1054 1966 1197 2035 ipsos
1219 1976 1473 2017 accusare
1500 1960 1672 2029 potius
1697 1972 1854 2027 quam
1879 1972 2016 2009 con-

425 2068 640 2120 vincere
677 2060 920 2133 potuistis
945 2075 961 2124 ;
989 2067 1043 2112 et
1073 2057 1126 2110 in
1153 2055 1376 2109 veritate
1401 2050 1595 2106 Christi
1625 2063 1729 2102 non
1771 2046 2011 2101 stetistis.

429 2160 519 2214 Ille
547 2158 689 2213 enim
714 2155 864 2220 dicit,
899 2151 1187 2209 Ecclesium
1216 2162 1310 2218 per
1335 2158 1522 2200 oumes
1545 2151 1734 2211 gentes
1755 2139 2015 2208 incipien-

429 2265 533 2307 tem
560 2251 627 2306 ab
653 2249 944 2306 Jerusalem
972 2264 984 2299 :
1012 2259 1106 2298 vos
1133 2251 1331 2303 autem,
1366 2239 1415 2290 in
1444 2246 1593 2305 parte
1624 2231 1831 2287 Donati.

497 2342 722 2399 CAPUT
762 2340 901 2395 XIV.
939 2365 1007 2377 -—-
1033 2337 1122 2391 3|.
1165 2333 1350 2389 PETIL.
1401 2329 1572 2383 dixit:
1607 2325 1772 2379 Tertio
1819 2338 2014 2393 quoque

426 2436 653 2491 similiter
674 2440 1044 2504 persecutorum
1071 2423 1372 2480 dementiam
1401 2421 1492 2472 hoc
1518 2417 1716 2470 nomine
1739 2414 1963 2486 appellat
1993 2429 2012 2468 :

434 2549 451 2580 ι
480 2527 754 2598 Progenies
781 2525 1088 2593 viperarum,
1116 2513 1367 2589 quomodo
1397 2511 1600 2582 fugietis
1635 2507 1888 2580 judicium
1929 2522 2018 2577 ge-

428 2620 649 2676 hennw?
679 2617 902 2685 Ideoque
946 2612 1090 2666 mitto
1119 2608 1185 2663 ad
1219 2623 1303 2660 vos
1332 2603 1621 2676 praplietas,
1655 2610 1699 2653 et
1742 2599 2012 2668 sapientes,

427 2723 473 2765 et
502 2711 726 2774 scribas;
769 2717 814 2763 et
844 2722 906 2761 ea:
953 2704 1056 2758 illis
1094 2698 1348 2761 occidetis,
1391 2704 1437 2748 et
1467 2691 1790 2762 cruci/igetis,
1837 2700 1884 2743 et
1911 2691 2014 2760 ﬂa-

426 2802 674 2874 gellabitis
703 2800 754 2853 in
795 2793 1065 2868 synagogis
1111 2789 1306 2850 vestris,
1349 2785 1507 2837 donec
1551 2787 1713 2836 veniat
1743 2798 1894 2849 super
1932 2796 2016 2834 vos

426 2896 589 2948 omnis
626 2892 831 2963 sanguis
850 2891 1043 2958 justus,
1087 2899 1229 2954 quem
1259 2877 1506 2945 effudistis
1535 2877 1586 2928 in
1617 2885 1801 2928 terram
1841 2890 1870 2926 a
1898 2891 2018 2927 san-

425 2989 575 3057 guine
617 2985 738 3040 Abel
779 2980 928 3052 justi,
972 2992 1126 3046 usque
1169 2972 1234 3025 ad
1281 2967 1574 3038 sanguinem
1614 2964 1880 3018 lacuaria:
1920 2964 2018 3031 lilii

425 3055 724 3139 barachiaz,
751 3088 899 3144 quem
955 3065 1206 3121 occidistis
1248 3061 1378 3114 inter
1431 3057 1670 3126 templum
1722 3064 1765 3108 et
1795 3055 1956 3108 altare
1991 3073 2009 3106 υ

427 3167 641 3233 (.ttauh.
675 3179 836 3229 χχιιι,
884 3159 1094 3228 5555).
1141 3150 1402 3220 Numquid
1434 3164 1544 3202 vere
1589 3147 1861 3200 carnaliter
1896 3156 2015 3200 sunt

427 3261 522 3331 ﬁlii
542 3260 848 3337 viperarum,
876 3240 938 3308 ac
968 3269 1065 3306 non
1095 3249 1252 3321 magis
1278 3257 1437 3302 mente
1473 3252 1742 3314 serpentes,
1773 3251 1816 3294 et
1843 3240 2013 3293 trilin-

429 3355 516 3424 gui
558 3335 773 3414 malitia,
823 3357 1057 3416 tactuque
1089 3344 1366 3414 mortifero,
1417 3352 1462 3395 et
1492 3340 1673 3410 spiritu
1717 3335 1890 3390 veneni
1917 3335 2014 3403 ﬂa-

427 3456 629 3519 grantes
648 3445 710 3497 ’ἵ
749 3441 875 3496 Vere
916 3440 1101 3510 vipera:
1127 3437 1246 3509 [acti
1275 3444 1409 3499 sunt,
1437 3428 1823 3504 qui-insontibus
1855 3443 2015 3498 papu-

429 3539 493 3591 lis
519 3545 702 3590 mortes
733 3531 975 3586 morsibus
1006 3537 1317 3583 vomuerunt.

500 3629 590 3686 32.
617 3629 752 3684 Avo.
785 3620 1060 3693 respondit
1089 3638 1101 3673 :
1129 3618 1253 3674 llaac
1293 3617 1338 3673 si
1367 3617 1538 3673 dicam
1582 3614 1650 3670 de
1701 3613 1890 3668 talibus
1931 3626 2016 3666 es-

431 3736 492 3777 se
542 3719 722 3785 dicta,
782 3715 966 3786 quales
1022 3726 1116 3768 vos
1178 3711 1306 3765 estis
1338 3751 1352 3776 ,
1408 3705 1828 3778 respondebitis,
1879 3703 2013 3759 Pro-

430 3815 518 3869 ba.
567 3810 702 3879 Quid
757 3807 938 3865 enim?
985 3815 1038 3860 tu
1082 3802 1354 3874 probasti?
1384 3803 1488 3856 Aut
1519 3801 1564 3855 si
1607 3813 1672 3853 eo
1701 3805 1854 3867 putas
1896 3812 2020 3865 pro-

430 3907 546 3962 bari
599 3918 707 3975 quo
745 3901 1031 3962 dicuntur,
1081 3910 1187 3951 non
1245 3906 1380 3964 opus
1431 3901 1514 3947 est
1571 3890 1757 3945 eadem
1809 3895 2018 3956 repete-

433 4014 509 4053 re.
542 3995 723 4051 Recita
773 3993 858 4048 illa
900 3991 1011 4061 ipsa
1053 3987 1146 4044 tibi
1192 3995 1246 4042 et
1289 4001 1320 4039 a
1374 3983 1526 4038 nobis
1546 3983 1596 4035 in
1622 3996 1715 4035 vos
1737 3979 1780 4035 ³.
1808 3979 1943 4033 Ecce
1963 3986 2020 4031 et

434 4104 534 4160 ego
559 4085 801 4158 probavi,
838 4083 880 4137 si
907 4082 1007 4137 hoc
1032 4088 1115 4136 est
1135 4077 1385 4149 probare.
1419 4075 1482 4127 Et
1513 4082 1687 4126 tanen
1719 4070 1866 4124 disce
1889 4067 2019 4140 quid

435 4181 506 4235 sit
537 4178 786 4250 probare.
835 4172 1019 4243 Neque
1049 4171 1193 4226 enim
1241 4165 1574 4221 extrinsecus
1618 4176 1800 4231 qtttct'o
1851 4161 2017 4214 docn-

438 4280 637 4334 menta,
679 4277 739 4321 ιιι
761 4280 856 4320 vos
900 4265 1112 4334 viperas
1156 4257 1397 4329 probem.
1442 4256 1579 4310 Ecce
1613 4253 1840 4321 idipsum
1869 4252 2017 4320 vipe-

438 4377 587 4418 reum
614 4367 734 4422 est,
765 4371 870 4410 non
899 4354 1093 4409 habere
1119 4351 1171 4405 in
1200 4363 1295 4404 ore
1323 4347 1715 4401 firmamentum
1745 4342 1981 4398 veritatis
2002 4383 2017 4407 ,

439 4455 534 4511 sed
565 4465 826 4508 venenum
857 4443 1248 4501 maledictionis
1269 4483 1282 4505 ,
1329 4442 1467 4495 sicut
1495 4439 1749 4508 scriptum
1789 4447 1892 4502 est,
1936 4433 2025 4488 Ve-

440 4561 624 4601 nenum
653 4540 888 4612 aspidunt
913 4538 1004 4592 sub
1027 4535 1171 4590 labiis
1202 4548 1394 4587 eorum.
1423 4530 1628 4598 thuia
1652 4529 1753 4584 hoc
1779 4528 1973 4597 passim
1992 4541 2021 4580 a

439 4637 676 4710 quolibet
716 4636 766 4688 iu
795 4632 1090 4702 quemlibet
1112 4628 1214 4684 dici
1246 4633 1453 4696 potest,
1488 4622 1638 4694 quasi
1669 4629 2020 4692 quaereretur,

441 4726 703 4800 quorum?
730 4725 982 4779 continuo
1021 4719 1266 4789 subjecit,
1303 4716 1529 4783 Quorum
1571 4730 1627 4767 os
1674 4711 2025 4765 maledictione

439 4837 485 4878 et
515 4818 854 4874 amaritudine
889 4817 1094 4888 plenum
1147 4822 1216 4866 cst
1261 4809 1432 4882 (Psal.
1468 4823 1595 4871 xul,
1625 4805 1702 4876 '5).
1735 4805 1868 4860 Cum
1895 4819 2024 4874 ergo

443 4915 565 4970 talia
593 4910 768 4966 dicitis
790 4910 844 4963 in
865 4907 1108 4962 homines
1131 4919 1224 4974 per
1251 4911 1418 4957 totum
1443 4899 1702 4955 mundum
1730 4897 2023 4966 dispersos,

439 5017 496 5061 et
522 5019 658 5076 quos
695 5000 912 5056 omnino
943 4997 1226 5069 ignoratis,
1259 5009 1484 5066 quorum
1527 4993 1686 5051 etiam
1733 4991 1882 5046 multi
1929 5005 2028 5045 nec

441 5091 733 5162 Caeciliani,
782 5107 877 5146 nec
906 5088 1092 5144 Donati
1132 5101 1324 5141 nomen
1351 5085 1634 5140 audierunt
1659 5101 1672 5137 :
1703 5098 1806 5139 nec
1830 5083 2027 5138 auditis

440 5184 494 5245 in
521 5186 736 5244 silentio
779 5181 1184 5252 reSpomlentes,
1232 5177 1346 5232 Non
1381 5177 1447 5232 ad
1471 5191 1570 5231 nos
1612 5176 1840 5245 pertinet
1870 5174 2026 5244 quid-

438 5281 566 5353 quid
593 5279 803 5343 dicitis,
835 5291 939 5330 non
975 5272 1223 5337 vidimus,
1257 5285 1362 5325 non
1405 5270 1624 5325 fecimus
1649 5309 1662 5328 ,
1688 5267 1810 5338 quid
1841 5268 2028 5337 loqua-

445 5373 572 5427 mini
601 5371 814 5442 penitus
854 5367 1162 5436 ignoramus
1197 5380 1210 5414 :
1242 5375 1338 5416 vos
1366 5361 1454 5432 qui
1493 5360 1622 5414 nihil
1651 5357 1794 5413 aliud
1841 5357 2026 5422 vultis,

505 5509 522 5538 ί
558 5507 630 5556 sic
653 5513 758 5555 Mss.
786 5508 840 5552 At
873 5498 1006 5564 editi,
1027 5493 1302 5564 iit/ligendi).
1440 5561 1449 5564 _
1756 5563 1762 5564 ί

505 5569 526 5600 ’
559 5552 967 5626 ﬁliiiivivumquid
982 5552 1092 5626 vere
1107 5552 1326 5626 carnales
1340 5561 1510 5626 siqu...
1527 5559 1571 5604 et
1587 5552 1765 5626 lingua
1784 5552 2028 5626 malitia...

440 5637 488 5680 et
522 5627 695 5689 spiritu
731 5617 897 5678 veneni
931 5619 1244 5687 ﬂagellantes.
1280 5621 1576 5683 Castigantur
1625 5617 1683 5665 ad
1719 5621 1919 5664 veteres
1956 5627 2032 5663 co-

440 5689 593 5742 dices.

509 5733 759 5813 rtiditimt
788 5762 820 5802 α
844 5746 970 5803 vobis
990 5745 1040 5799 in
1065 5757 1159 5796 vos.
1189 5743 1350 5806 Aptius
1371 5749 1460 5793 at.“
1536 5745 1578 5786 et
1607 5752 1636 5789 α
1660 5733 1794 5789 nobis
1825 5735 1875 5789 in
1899 5751 1993 5790 ros.

1285 290 1553 345 CONTRA
1583 285 1916 340 LITTERAS
1958 283 2314 349 PETIIJANI,
2355 283 2411 338 S.
2455 283 2816 340 AUGUSTI-Nl

3588 289 3690 346 268

2109 413 2266 468 quam
2295 397 2475 452 dicere
2501 400 2638 467 quod
2673 401 2897 468 probare
2915 403 3131 454 omnino
3159 417 3263 457 non
3295 407 3536 472 potestis.
3566 408 3690 476 quid

2110 487 2250 540 aliud
2280 503 2436 556 quam
2478 504 2536 540 os
2583 501 2816 543 vestrum
2849 492 3219 547 ntaledictionc
3247 503 3301 548 et.
3339 498 3694 553 anntritudiue

2113 582 2324 648 plenum
2356 581 2476 634 est?
2499 581 2613 635 .lam
2645 583 2819 637 videte
2850 593 3023 637 utrum
3058 602 3150 640 vos
3177 589 3391 655 possitis
3415 591 3694 645 ostendere

2112 686 2214 724 non
2248 670 2322 742 (a)
2370 688 2488 726 esse
2521 673 2724 742 \ipcrus
2747 715 2760 737 ,
2795 676 2894 728 nisi
2933 676 3276 732 ostenderitis
3312 695 3498 734 omnes
3539 681 3694 735 Cln-i-

2111 762 2312 816 stianos
2355 763 2591 818 omnium
2643 766 2880 834 gentium
2932 768 3212 823 traditores
3238 785 3382 833 esse,
3425 780 3478 825 et
3523 771 3691 826 homi-

2113 853 2276 918 cidas,
2299 858 2361 909 'et
2387 871 2489 910 non
2521 872 2640 913 esse
2682 857 3032 914 Christianos.
3067 861 3178 915 lmo
3207 879 3333 917 vero
3362 865 3569 920 etiamsi
3605 883 3694 934 po-

2115 944 2264 998 testis
2292 946 2620 1016 singulorum
2652 949 2924 1003 hominum
2974 968 3066 1022 per
3121 963 3285 1006 totum
3319 956 3502 1009 urbem
3544 958 3698 1012 diffu-

2115 1053 2295 1092 sorum
2337 1041 2469 1094 vitas
2523 1053 2575 1096 et
2632 1041 2768 1096 facta
2825 1059 2981 1098 nosse
3030 1055 3082 1099 et
3134 1048 3419 1103 ostendere
3459 1064 3472 1102 :
3522 1059 3698 1105 tamen

2115 1140 2395 1201 antequam
2450 1134 2498 1187 id
2544 1133 2782 1200 faciatis,
2828 1153 2947 1191 cum
2983 1147 3183 1194 temere
3233 1141 3328 1193 ista
3372 1143 3606 1210 jactatis,
3640 1162 3700 1198 os

2117 1235 2350 1281 vestrum
2381 1230 2652 1298 vipereum
2692 1243 2776 1285 est
2800 1273 2814 1297 ,
2861 1248 2921 1285 os
2973 1243 3204 1286 vestrum
3247 1235 3622 1292 maledictione
3649 1249 3700 1293 et

2117 1320 2468 1375 amaritudine
2499 1322 2714 1392 plenum
2746 1332 2847 1378 est.
2877 1323 3157 1378 Ostendito
3189 1325 3297 1394 jam
3320 1369 3333 1388 ,
3363 1329 3407 1381 si
3441 1331 3660 1396 potestis
3683 1372 3699 1394 ,

2118 1426 2274 1479 quem
2328 1410 2675 1481 prophetam,
2709 1425 2866 1482 quem
2899 1415 3194 1483 sapientem
3222 1457 3236 1480 ,
3269 1433 3426 1485 quem
3472 1420 3699 1474 scribam

2119 1501 2474 1557 occiderimus
2522 1511 2575 1556 et
2613 1505 3037 1559 crucifixerimus
3078 1516 3131 1560 et
3180 1505 3622 1575 ﬂagellaverimus
3649 1513 3702 1566 in

2121 1592 2402 1661 synagttgis
2434 1593 2651 1647 nostris.
2681 1595 2951 1649 Attendite
2980 1605 3176 1663 quanto
3223 1598 3401 1652 labore
3436 1599 3697 1669 impenstt,

2123 1685 2264 1748 tmllo
2317 1684 2475 1739 modo
2525 1687 2789 1754 probastis
2819 1688 3019 1757 ‘.quod
3056 1689 3287 1743 Donatus
3338 1701 3393 1744 et
3440 1692 3704 1748 Marculus

2124 1776 2398 1845 prophetae
2441 1777 2671 1841 fuerint,
2721 1789 2806 1832 aut
2839 1780 3136 1848 sapientes,
3179 1790 3272 1834 aut
3319 1782 3538 1846 scribm,
3582 1787 3704 1854 quia

2123 1883 2224 1919 lt0.t
2259 1866 2492 1922 fuerunt.
2511 1869 2664 1936 Quod
2687 1871 2785 1924 etsi
2813 1872 3056 1938 possetis,
3081 1872 3205 1940 quid
3225 1871 3429 1927 faciatis
3449 1883 3706 1931 utosteu-

2121 1959 2258 2011 datis
2290 1975 2317 2010 a
2348 1960 2500 2014 nobis
2541 1961 2786 2025 occisos,
2833 1977 2966 2031 quos
3009 1977 3108 2016 nec
3149 1978 3246 2018 nos
3289 1964 3389 2033 ipsi
3427 1967 3706 2021 novimus?

2122 2059 2320 2117 (μιειιιιο
2350 2051 2526 2105 minus
2551 2052 2695 2106 orbis
2726 2064 3022 2120 terrarum,
3051 2055 3135 2108 cui
3175 2071 3444 2110 venenosa
3469 2073 3562 2111 ore
3592 2075 3706 2112 ma-

2126 2141 2349 2196 ledicitis
2372 2143 2488 2214 (b)?
2515 2144 2618 2196 Aut
2647 2143 2787 2198 unde
2811 2145 3034 2213 potestis
3055 2145 3337 2202 ostendere
3353 2148 3588 2201 animum
3612 2165 3707 2202 nos

2125 2231 2322 2287 habere
2372 2234 2705 2288 consimilem
2737 2235 3164 2290 interfectorilnts
3193 2251 3375 2290 eorum
3397 2279 3412 2304 ,
3453 2255 3586 2307 quos
3611 2259 3708 2293 nec

2124 2316 2312 2371 saltem
2345 2317 2413 2370 ab
2455 2318 2722 2387 aliquibus
2751 2318 3064 2374 interfectos
3114 2323 3334 2390 pote-tis
3381 2325 3709 2377 Osletldcl'c?

2124 2409 2396 2462 Attcudite
2427 2412 2538 2462 huic
2569 2411 2745 2463 omnia
2768 2450 2781 2474 ,
2817 2410 2991 2464 videte
3024 2421 3202 2465 utrum
3236 2413 3434 2480 aliquid
3483 2416 3672 2469 horum
3693 2459 3706 2478 ,

2125 2501 2206 2554 vel
2234 2501 2300 2554 de
2322 2502 2450 2555 orbe
2479 2511 2736 2555 terrarum
2760 2502 2842 2556 vel
2873 2503 2989 2557 orbi
3016 2511 3274 2556 terrarum
3301 2505 3320 2534 ²
3341 2507 3566 2572 probare
3590 2522 3710 2576 pos-

2125 2594 2240 2647 sitis
2273 2612 2286 2647 :
2314 2593 2400 2647 cui
2445 2606 2620 2648 t:unen
2661 2595 2783 2664 quia
2830 2595 3149 2650 maledicere
3193 2611 3297 2650 non
3329 2599 3620 2665 quicscitis,
3659 2601 3709 2653 in

2127 2688 2275 2740 vobis
2302 2702 2425 2740 vera
2449 2687 2726 2740 ostenditis
2746 2728 2761 2752 ,
2790 2704 2908 2756 qua:
2935 2687 3000 2741 de
3029 2689 3118 2742 illo
3145 2689 3273 2742 falsa
3291 2689 3526 2758 jactatis.
3609 2711 3619 2719 -

2195 2778 2284 2832 55.
2318 2778 2486 2831 l'orro
2515 2781 2559 2831 si
2612 2793 2708 2831 nos
2747 2780 2970 2832 velimus
2997 2781 3224 2848 probare
3271 2797 3364 2836 vos
3393 2799 3514 2837 csse
3547 2785 3712 2838 inter-

2126 2867 2352 2923 fectores
2393 2869 2776 2938 Prophetarum
2799 2911 2812 2934 ,
2848 2868 3006 2924 nimis
3033 2871 3246 2941 longttm
3283 2873 3352 2927 sit
3378 2883 3434 2927 ut
3463 2889 3558 2944 per
3588 2876 3708 2930 loca

2123 2964 2328 3033 singula
2350 2963 2659 3032 colligamus
2678 3004 2693 3027 ,
2725 2977 2858 3033 quas
2879 2961 3068 3018 furiosi
3096 2964 3261 3019 vestri
3292 2965 3556 3036 principes
3594 2969 3712 3023 Cir-

2123 3054 2529 3108 t-mncelliouum
2577 3062 2631 3109 et
2680 3054 2808 3122 ipsa:
2837 3065 3067 3109 caterva:
3113 3057 3502 3112 vinolentorum
3550 3071 3712 3131 atque

2125 3147 2454 3212 insanorum,
2485 3161 2592 3200 non
2613 3153 2819 3201 tantum
2845 3146 2867 3177 ³
2890 3146 3154 3202 ediderint
3177 3148 3246 3203 ab
3275 3150 3425 3204 initio
3451 3153 3715 3206 schisma-

2125 3241 2191 3292 tis
2218 3239 2402 3306 vestri,
2433 3238 2526 3293 sed
2544 3247 2593 3294 et
2623 3239 2842 3293 omnino
2869 3239 3031 3295 edere
3061 3255 3166 3294 non
3191 3241 3452 3296 desistant
3476 3255 3706 3314 strages.

2126 3331 2200 3384 De
2248 3330 2490 3398 proximo
2527 3345 2626 3400 ago
2656 3328 2676 3360 ⁸
2706 3348 2717 3383 :
2755 3331 3094 3400 proferantur
3119 3331 3329 3400 eloquia
3358 3334 3558 3400 divina,
3593 3353 3712 3405 quite

2123 3433 2404 3476 versantur
2433 3422 2486 3476 in
2515 3423 2759 3478 manibus
2777 3433 2832 3478 et
2856 3425 3054 3480 nostris
3071 3433 3126 3478 et
3152 3431 3372 3494 vestris;
3397 3444 3491 3484 eos
3524 3439 3712 3485 tenea-

2125 3530 2244 3568 mus
2270 3513 2640 3570 interfectores
2667 3514 3053 3584 Prophetarum
3077 3560 3092 3585 ,
3120 3534 3254 3588 quos
3294 3521 3717 3578 centradictores

2126 3607 2486 3662 invenerimus
2521 3606 2712 3676 linguis
2750 3605 3160 3676 Pr0phetarum.
3193 3610 3330 3676 Quid
3359 3612 3574 3667 doctius
3609 3616 3716 3669 diri

2126 3699 2340 3768 potest?
2369 3695 2494 3766 quid
2516 3695 2670 3750 citius
2690 3696 2896 3779 ostendi
2917 3698 3127 3767 potest?
3153 3699 3328 3753 Mitius
3343 3702 3576 3770 ageretis
3601 3714 3683 3757 tra
3698 3736 3718 3745 -

2120 3789 2354 3861 jiciendo
2376 3789 2572 3844 ferrum
2603 3804 2696 3860 per
2722 3791 2924 3845 viscera
2944 3791 3348 3860 Prophetarum,
3378 3809 3536 3862 quam
3567 3801 3719 3866 quod

2127 3884 2307 3953 lingua
2335 3882 2639 3938 interficere
2664 3882 2931 3937 conamini
2954 3882 3114 3938 verba
3143 3883 3552 3954 Prophetarum.
3579 3889 3718 3946 Dicit

2126 3975 2392 4046 Propheta
2422 3993 2434 4029 :
2478 3973 3014 4030 Commemorabuntur
3040 3985 3087 4029 et
3113 3985 3458 4031 convertentur
3485 3981 3552 4032 ad
3596 3979 3711 4034 Do-

2129 4069 2321 4122 minum
2344 4067 2563 4121 universi
2591 4067 2719 4136 ﬁnes
2749 4077 2898 4122 terra:
2924 4065 3097 4131 (Psal.
3131 4084 3246 4135 XXI,
3274 4069 3390 4140 28).
3425 4070 3564 4126 Ecce
3601 4075 3716 4143 agi-

2131 4171 2236 4227 tur,
2281 4175 2407 4216 ecce
2452 4159 2722 4230 impletur.
2771 4159 2878 4214 Vos
2903 4170 3080 4214 autem
3109 4175 3214 4214 non
3253 4163 3423 4215 solum
3451 4173 3638 4217 contra
3667 4165 3717 4218 id

2129 4253 2270 4324 quod
2297 4253 2515 4319 dicitur,
2557 4268 2714 4308 aures
2765 4252 3065 4307 incredulas
3101 4252 3386 4318 clauditis;
3420 4254 3514 4308 sed
3555 4257 3717 4310 etiam

2130 4359 2314 4403 contra
2341 4347 2390 4400 id
2419 4345 2557 4417 quod
2586 4347 2695 4415 jam
2722 4346 2946 4414 geritur,
2982 4345 3186 4414 linguas
3204 4345 3428 4400 furiosos
3449 4350 3712 4402 exscritis.

2133 4441 2350 4496 Audivit
2379 4438 2646 4493 Abraham
2675 4438 2896 4502 dictum,
2944 4437 2970 4490 1
2980 4455 3011 4490 n
3042 4439 3230 4491 semine
3256 4449 3340 4492 tuo
3368 4439 3718 4495 benedicentur

2133 4549 2302 4587 omnes
2327 4541 2494 4604 gentes
2520 4529 2539 4602 (
2563 4529 2688 4584 Gen.
2720 4545 2837 4584 χχιι
2856 4571 2871 4596 ,
2912 4530 3000 4599 l8)
3032 4548 3045 4585 :
3075 4539 3131 4584 et
3157 4531 3397 4596 credidit,
3432 4542 3477 4584 et
3504 4532 3717 4602 deputa-

2135 4637 2241 4681 tum
2279 4635 2350 4678 est
2379 4623 2456 4677 illi
2481 4623 2550 4675 ad
2567 4623 2820 4692 justitiam
2846 4619 3021 4692 (Rom.
3054 4636 3130 4687 tv,
3164 4619 3242 4693 5).
3271 4622 3374 4676 Vos
3399 4622 3588 4676 videtis
3643 4623 3712 4675 far

2133 4728 2300 4783 ctum,
2341 4724 2396 4770 et
2425 4714 2727 4769 reclamatis
2751 4729 2764 4779 ;
2793 4721 2848 4767 et
2877 4727 2984 4767 non
3014 4712 3173 4767 vultis
3202 4712 3442 4782 deputari
3470 4713 3623 4768 vobis
3655 4716 3717 4767 ad

2135 4811 2446 4880 iniustitiam
2477 4807 2521 4872 ³,
2551 4806 2692 4878 quod
2737 4815 2881 4860 recte
2927 4805 3293 4871 deputaretur,
3327 4806 3531 4858 etiamsi
3588 4822 3720 4859 non

2136 4905 2260 4958 dum
2290 4902 2508 4967 factum,
2541 4899 2633 4955 scd
2663 4899 3030 4974 tantutntnodo
3052 4899 3250 4952 dictum
3277 4914 3378 4952 non
3410 4899 3718 4953 crederetis.

2200 5095 2215 5126 ¹
2252 5100 2301 5142 tn
2325 5101 2449 5152 Mss,
2474 5087 2721 5156 probaturi
2749 5087 2869 5139 sitis.

2199 5158 2218 5187 ¹
2253 5158 2335 5204 ttic
2358 5167 2420 5203 ex
2438 5149 2711 5202 addidimus
2743 5150 3203 5213 manuscriptis,gvel
3231 5149 3333 5201 orbi
3349 5155 3608 5213 terrarum.

2200 5219 2220 5249 ³
2259 5216 2386 5279 Apud
2410 5224 2508 5264 Am.
2533 5222 2762 5279 corrupte
2788 5211 3065 5276 legebatur,
3100 5211 3368 5262 intentum.
3395 5212 3523 5279 apud
3559 5218 3636 5260 Er.
3676 5222 3724 5260 et

2137 5287 2265 5336 l.ov.,
2292 5275 2534 5337 iuvenum.
2562 5275 2855 5325 Emendatur’
2867 5282 3080 5324 erratum
3104 5289 3167 5323 ex
3193 5275 3542 5335 manuscriptis.

2199 5343 2221 5372 δ
2255 5335 2326 5392 Sic
2363 5348 2467 5388 MSS.
2508 5347 2562 5387 At
2586 5339 2720 5395 editi,
2743 5337 2888 5387 edere
2908 5350 3001 5386 non
3017 5337 3247 5386 desistant
3264 5343 3448 5400 strages
3467 5337 3530 5386 de
3553 5335 3720 5397 proxi-

2137 5416 2214 5453 mo
2231 5416 2364 5466 agro.
2392 5401 2720 5466 Proferantur,
2740 5407 2838 5466 etc.

2201 5468 2221 5498 ⁸
2255 5458 2370 5512 ἰύὶιί
2408 5458 2499 5512 hoc
2531 5471 2582 5511 et
2616 5463 2832 5524 proximo
2855 5458 2975 5519 loco,
3008 5460 3074 5509 ad
3088 5458 3330 5519 justitiam
3359 5471 3375 5507 :
3411 5458 3555 5508 male.

2203 5548 2273 5607 (a)
2299 5544 2574 5606 Legendum
2594 5579 2606 5602 ,
2629 5543 2767 5603 juxta
2794 5530 2966 5601 Morel,
3006 5553 3104 5592 nos.
3147 5541 3261 5590 \‘ide
3295 5540 3529 5589 Element.
3551 5536 3725 5594 (triuia,

2203 5624 2282 5656 ea.
2308 5607 2416 5656 297.
2442 5606 2550 5655 298.
2618 5612 2672 5653 Nl.

2139 5623 2550 5672 pag'.2Ut,zvu.
2618 5623 2672 5653 Μ.

2299 5671 2412 5718 \ide
2453 5668 2603 5730 intra,
2631 5679 2760 5715 num.
2801 5665 2878 5726 46,
2919 5673 2970 5715 et
3008 5673 3174 5717 contra
3203 5666 3538 5722 Cresconium,
3571 5661 3654 5710 lib.
3681 5663 3722 5722 3,

2139 5748 2186 5781 ιι.
2208 5751 2238 5781 ο
2274 5767 2285 5780 .

2139 5748 2186 5782 Ὼ.
2208 5748 2285 5782 ω.
