4028 6202
320 310 421 366 269

320 428 428 479 imo
473 438 576 478 non
608 422 776 477 solum
831 437 935 475 non
984 420 1136 476 vultis
1161 420 1314 477 vobis
1349 421 1589 491 deputari
1630 422 1695 476 ad
1751 423 1885 490 inju-

322 514 513 569 stitiam
539 513 665 568 :sed
695 515 899 567 etiamsi
928 512 1050 582 quid
1082 529 1175 581 pro
1209 512 1306 567 hac
1335 513 1604 583 impietate
1637 513 1896 583 patimini,

320 608 561 677 deputari
608 607 760 660 vobis
786 606 946 660 vultis
981 604 1047 659 ad
1089 606 1371 675 justitiam.
1417 609 1520 659 Aut
1560 607 1602 659 si
1636 621 1737 660 non
1779 615 1903 658 sunt

322 701 433 754 ista:
458 698 853 767 persecutiones
876 695 1285 766 Prophetarum,
1314 697 1434 766 quia
1460 711 1563 750 non
1590 696 1720 749 linnt
1743 696 1902 759 ferro,

321 789 411 844 sed
444 788 640 852 verbo;
694 803 811 857 qua:
842 786 938 841 fuit
983 801 1164 852 causa,
1220 796 1276 840 ut
1316 786 1569 840 divinitus
1617 786 1904 848 diceretur,

321 878 446 933 Filii
472 878 753 942 hominum,
778 876 950 929 dentes
975 892 1146 929 eorum
1168 892 1313 928 arma
1341 885 1388 929 et
1408 875 1625 945 sagittis,
1659 885 1705 929 et
1733 876 1906 945 lingua

322 986 491 1023 eorum
513 968 718 1038 gladius
744 977 920 1020 acutus
957 966 1129 1037 (Psal.
1161 981 1270 1031 va,
1302 963 1380 1040 5).
1412 966 1517 1021 Sed
1557 966 1771 1036 quando
1797 967 1907 1020 col-

322 1061 476 1131 ligam
504 1074 571 1114 ex
594 1057 875 1128 Prophetis
901 1058 1147 1112 omnibus
1176 1057 1355 1113 omnia
1388 1058 1688 1114 testimonia
1718 1056 1909 1111 Eccle—

323 1153 417 1205 sia:
449 1161 561 1204 toto
590 1149 720 1205 orbe
744 1149 972 1215 dill'usa',
1015 1164 1134 1219 qua:
1164 1148 1342 1201 omnia
1381 1146 1796 1203 contradicendo
1824 1146 1905 1201 in-

323 1244 570 1297 terlicere
604 1250 661 1296 ct
698 1241 1034 1310 exstinguere
1061 1238 1360 1293 conamini?
1387 1236 1493 1293 Sed
1538 1236 1680 1306 ligati
1721 1237 1850 1291 estis
1892 1252 1907 1290 :

320 1334 440 1402 quia
471 1335 522 1386 in
568 1348 766 1386 onmem
793 1340 977 1385 terram
1007 1331 1126 1384 exiit
1176 1345 1327 1383 sonus
1360 1345 1564 1392 eorum,
1592 1337 1639 1380 et
1684 1329 1736 1381 in
1776 1328 1901 1396 ﬁnes

320 1423 453 1475 orbis
483 1432 633 1476 terra:
662 1420 808 1475 verba
836 1437 1008 1474 eorum
1040 1417 1208 1488 (Psal.
1243 1434 1390 1481 xvttt,
1419 1420 1495 1490 5).
1526 1418 1905 1472 Verumtamen

323 1529 481 1566 unqu
514 1512 642 1566 illud
663 1510 1096 1566 commemorabo
1122 1526 1187 1564 ex
1212 1524 1305 1563 ore
1344 1508 1590 1573 Domini,
1629 1508 1717 1581 qui
1758 1508 1906 1562 testis

320 1616 403 1660 est
447 1606 657 1659 testimu
693 1622 706 1657 :
745 1603 1056 1673 Oportebat,
1091 1601 1293 1670 inquit,
1338 1600 1539 1670 impleri
1586 1601 1754 1654 omnia
1793 1616 1909 1671 qua:

321 1699 509 1767 scripta
537 1705 653 1749 sunt
683 1697 735 1749 in
763 1694 925 1765 Lege,
956 1704 1002 1747 et
1045 1691 1313 1761 PrOpIietis
1332 1733 1347 1758 ,
1380 1702 1427 1745 et
1458 1690 1680 1745 Psalmis
1720 1692 1783 1745 de
1805 1708 1901 1745 me.

322 1790 450 1854 Qum
475 1787 579 1839 sint
597 1785 731 1850 hmc,
760 1785 872 1854 ipse
903 1783 1099 1837 indicet
1129 1800 1141 1834 :
1169 1780 1314 1834 Tunc
1334 1782 1532 1851 aperuit
1561 1781 1664 1834 illis
1685 1797 1904 1843 sensum,

324 1878 511 1946 inquit,
536 1887 587 1927 ut
609 1875 939 1945 intelligerent
969 1873 1286 1941 Scriptaras,
1316 1881 1361 1924 et
1386 1872 1512 1925 dixit
1538 1871 1629 1936 eis,
1655 1870 1908 1938 Quoniam

322 1968 393 2021 sic
420 1969 660 2038 scriptum
685 1976 776 2032 est,
808 1975 857 2019 et
895 1965 966 2018 sic
999 1962 1274 2034 Oportebat
1297 1962 1551 2016 Christum
1596 1961 1723 2031 pati,
1752 1970 1798 2013 et
1823 1977 1905 2014 re-

321 2076 525 2130 surgere
549 2077 579 2111 a
606 2059 835 2121 mortuis,
864 2065 909 2109 et
933 2056 1203 2127 prwdicari
1237 2056 1285 2107 in
1311 2054 1510 2107 nomine
1536 2053 1644 2123 ejus
1662 2051 1907 2121 pwniten-

325 2153 443 2204 tiam
472 2160 517 2204 et
545 2149 889 2203 remissionem
912 2155 1228 2217 peccatarmn
1249 2162 1338 2216 per
1363 2161 1533 2198 omnes
1562 2152 1749 2214 gentes,
1774 2142 1905 2195 inci-
1922 2142 1939 2150 ’

323 2240 571 2309 pientibus
591 2240 653 2292 ab
683 2238 968 2293 Jerusalem
997 2236 1145 2306 (Luc.
1173 2252 1324 2303 xxiv,
1354 2235 1442 2297 Η,
1467 2234 1578 2306 47).
1607 2234 1744 2289 Ecce
1765 2233 1903 2303 quod

322 2332 576 2399 scriptum
603 2339 687 2384 est
714 2330 763 2383 in
784 2329 945 2399 Lege,
974 2341 1028 2385 et
1053 2326 1353 2395 Prophetis,
1385 2337 1434 2380 et
1462 2314 1685 2380 Psalmis
1711 2324 1777 2379 de
1799 2325 1903 2378 Do-

323 2424 485 2476 mino.
512 2422 652 2477 Ecce
677 2421 817 2491 quod
847 2421 914 2475 de
937 2435 1015 2486 se,
1047 2429 1098 2475 et
1134 2419 1201 2474 de
1233 2418 1465 2473 Ecclesia
1509 2417 1621 2487 ipse
1650 2416 1907 2470 Dominus

323 2517 547 2584 aperuit,
592 2528 652 2568 se
687 2511 975 2567 ostendens
996 2555 1009 2577 ,
1043 2511 1188 2565 illam
1219 2511 1558 2580 promittens.
1591 2507 1703 2564 Vos
1728 2518 1905 2564 autem

324 2608 405 2661 his
434 2617 539 2660 tam
573 2608 589 2637 ¹
640 2604 933 2660 manifestis
982 2603 1301 2658 testimoniis
1349 2602 1697 2665 resistentes,
1743 2610 1797 2656 et
1842 2615 1904 2655 ea

322 2697 441 2764 quia
469 2696 655 2751 delere
700 2711 804 2749 non
837 2694 1079 2764 potestis,
1127 2693 1418 2763 depravare
1459 2700 1746 2756 Conantes,
1779 2692 1904 2761 quid

325 2787 568 2843 faceretis
592 2830 607 2855 ,
655 2788 699 2841 si
747 2786 1057 2842 inveniretis
1086 2785 1322 2840 membra
1364 2783 1750 2853 Prophetarum
1772 2825 1785 2849 ,
1815 2784 1903 2853 qui

322 2882 397 2936 sic
421 2882 626 2936 smvitis
651 2883 703 2935 in
733 2880 941 2950 eloquia
970 2878 1350 2947 Prophetarum
1374 2919 1389 2943 ,
1422 2886 1477 2931 ut
1500 2891 1595 2932 nec
1616 2877 1903 2931 Dominum

322 2973 547 3028 audiatis
592 2972 924 3040 impletorem
953 3013 965 3034 ,
1017 2968 1504 3032 manifestatorem,
1544 2967 1903 3039 expositorcm

323 3062 744 3131 Prophetarum?
786 3060 917 3115 Nam
947 3067 1201 3130 quantum
1258 3058 1477 3127 potestis
1498 3100 1512 3125 ,
1540 3057 1700 3114 etiam
1731 3056 1901 3129 ipsum

320 3154 524 3208 ca-dilis
545 3197 559 3214 ,
591 3153 805 3223 quando
831 3165 881 3207 et
905 3152 1003 3222 ipsi
1037 3167 1138 3207 non
1170 3151 1356 3207 ceditis
1378 3153 1398 3182 ²
1422 3151 1444 3205 ?

390 3244 618 3300 CAPUT
642 3243 756 3298 XV.
792 3274 857 3283 -—
885 3244 971 3298 '54.
999 3242 1184 3298 Ρετιι..
1216 3242 1348 3296 dixit
1381 3259 1392 3294 :
1431 3260 1448 3292 ι
1485 3241 1561 3296 De
1593 3240 1743 3294 vobis
1771 3255 1905 3312 quo-

323 3352 423 3406 que
474 3336 639 3390 David
679 3336 1109 3405 persecutoribus
1136 3335 1289 3389 3haec
1337 3334 1506 3389 dicit:
1545 3354 1563 3386 ι
1594 3319 1900 3404 Sepulcrum

323 3438 495 3496 patens
539 3437 610 3480 est
634 3438 810 3497 guttur
842 3444 1047 3489 eorum,
1086 3425 1269 3497 linguis
1298 3427 1401 3480 suis
1447 3427 1619 3480 dolose
1654 3426 1904 3498 agebant,

324 3535 558 3572 venenum
587 3519 820 3590 aspidum
858 3520 949 3572 sub
984 3517 1129 3571 labiis
1171 3534 1361 3570 eorum.
1407 3516 1633 3582 Quorum
1661 3534 1716 3571 os
1747 3518 1907 3572 male-

325 3610 538 3663 dictione
568 3619 612 3662 et
638 3610 975 3663 amaritudine
1004 3609 1205 3677 plenum
1232 3617 1323 3673 est,
1355 3608 1543 3662 veloces
1561 3609 1710 3677 pedes
1732 3624 1905 3663 eorum

327 3700 390 3751 ad
431 3698 796 3766 e/I'undendum
822 3700 1136 3770 sanguinem.
1180 3698 1424 3752 Conlritio
1475 3708 1522 3751 et
1552 3698 1823 3769 infelicitas
1855 3699 1908 3752 in

324 3792 413 3844 viis
438 3807 633 3857 eorum,
678 3797 727 3844 et
767 3790 899 3845 viam
928 3790 1066 3861 pacis
1093 3806 1191 3844 non
1216 3798 1589 3859 cognoverunt;
1619 3805 1719 3841 non
1747 3797 1819 3842 est
1843 3788 1908 3840 ti-

326 3898 433 3934 mor
462 3879 559 3935 Dei
600 3891 717 3934 ante
756 3880 928 3935 ocnlos
964 3890 1173 3935 eorum.‘
1194 3878 1377 3932 Nonne
1406 3888 1703 3949 cognoscent
1733 3894 1905 3933 omnes

326 3972 409 4040 qui
447 3983 721 4042 aperantnr
739 3971 1051 4040 iniquitatem
1077 4012 1091 4035 ,
1122 3969 1209 4039 qui
1235 3970 1471 4021 devorant
1500 3967 1687 4037 plebem
1718 3984 1900 4035 meam,

324 4062 448 4115 sicut
480 4062 647 4115 cibum
674 4062 822 4132 panis
859 4080 877 4112 ι
912 4058 1077 4131 (Psal.
1114 4075 1223 4122 xm,
1252 4060 1305 4123 5,
1339 4059 1371 4113 4
1397 4057 1460 4130 )?

516 4154 651 4206 Anc.
681 4149 956 4220 respondit
988 4169 1000 4203 :
1037 4150 1349 4219 Sepulcrum
1398 4159 1581 4218 patens
1614 4160 1697 4204 est
1725 4159 1904 4220 guttur

325 4257 531 4308 eorum,
556 4241 696 4296 umle
720 4239 1116 4296 Incndaciornm
1149 4251 1350 4293 mortes
1371 4240 1641 4295 exhalant.
1670 4240 1740 4294 Os
1761 4241 1903 4296 enim

324 4333 454 4403 quod
480 4334 735 4399 mentitur,
764 4333 946 4387 occidit
975 4332 1197 4384 animam
1227 4331 1381 4402 (Sap.
1414 4348 1460 4396 ι,
1506 4331 1613 4402 il).
1638 4331 1692 4387 Si
1727 4342 1904 4387 autem

327 4427 450 4480 nihil
482 4436 566 4482 est
596 4427 772 4482 verius
798 4441 959 4498 quam
1002 4426 1049 4480 id
1078 4427 1216 4497 quod
1246 4427 1381 4481 dixit
1418 4426 1682 4490 Christus,
1718 4425 1904 4480 Eccle—

327 4518 455 4571 siam
484 4533 634 4571 suam
670 4532 766 4587 per
790 4531 980 4571 omnes
1005 4526 1190 4586 gentes
1222 4516 1560 4585 incipientem
1599 4516 1665 4569 ah
1694 4514 1907 4569 Jerusa-

327 4608 462 4673 lem;
493 4607 625 4662 nihil
670 4616 753 4662 est
806 4606 1114 4663 mendacius
1154 4622 1311 4674 quam
1340 4605 1392 4661 id
1426 4606 1567 4675 quod
1592 4606 1766 4662 dicitis
1791 4648 1804 4670 ,
1857 4607 1907 4659 in

329 4710 473 4770 parte
498 4700 708 4754 Donati.
748 4699 964 4771 Lingua:
991 4708 1167 4753 autem
1198 4698 1396 4753 dolosa:
1418 4709 1540 4753 sunt
1566 4714 1773 4765 eorum,
1818 4699 1908 4769 qni

328 4807 443 4845 cum
474 4792 609 4847 facta
646 4792 739 4847 sua
769 4792 1015 4846 noverint
1037 4832 1050 4857 ,
1083 4807 1187 4846 non
1225 4790 1396 4844 solum
1434 4804 1493 4845 se
1518 4790 1703 4846 dicunt
1732 4790 1909 4860 justus

328 4897 445 4939 esse
475 4884 759 4948 homines,
811 4882 904 4938 sed
958 4883 1118 4938 etiam
1161 4881 1541 4951 justilicatores
1570 4882 1842 4935 hominum
1893 4899 1906 4934 :

327 4974 465 5042 quod
487 4974 553 5029 de
592 4989 699 5029 uno
724 4973 925 5028 dictum
951 4983 1062 5039 est,
1093 4972 1192 5038 Qui
1204 4974 1456 5044 justi/ient
1493 4973 1702 5042 impium
1730 4972 1908 5045 (Rom.

330 5080 400 5126 Iv,
434 5064 487 5135 5)
524 5074 620 5119 :et
644 5063 786 5132 quod
825 5065 895 5119 sit
928 5064 1099 5134 justus
1146 5073 1193 5118 et
1225 5064 1517 5135 jnstiﬁcans
1544 5061 1654 5133 (Id.
1685 5079 1763 5128 tn,
1791 5062 1909 5132 26).

328 5157 457 5212 Nam
486 5158 552 5212 de
581 5173 789 5213 veneno
810 5158 1073 5227 astiidum,
1098 5167 1151 5212 et
1173 5172 1267 5212 ore
1289 5155 1663 5212 maledictione
1684 5163 1739 5211 ct
1760 5170 1878 5210 ama
1896 5185 1909 5197 -

330 5248 557 5303 rilmlinc
592 5250 778 5318 pleno,
827 5248 957 5302 satis
986 5247 1237 5302 diximus.
1271 5246 1492 5301 Veloces
1523 5245 1685 5315 pedes
1731 5254 1909 5300 autem

327 5338 393 5390 ad
417 5338 795 5395 effundendum
825 5338 1160 5408 sanguinem,
1193 5338 1351 5392 etiam
1378 5336 1795 5391 Maximianistas
1819 5337 1911 5391 ha-

329 5428 456 5483 bere
482 5430 691 5485 dixistis
725 5449 736 5483 :
770 5430 921 5485 testis
965 5436 1047 5483 est
1076 5429 1299 5498 plenarii
1326 5429 1489 5483 vestri
1528 5429 1738 5483 cencilii
1784 5444 1911 5484 sen-

393 5585 409 5615 ¹
446 5592 548 5643 Pro,
572 5583 650 5635 Ius
667 5589 787 5642 tam,
805 5590 1032 5646 corrupte
1059 5595 1290 5633 cxcusum
1317 5589 1422 5646 erat
1442 5580 1567 5643 apud
1599 5589 1718 5643 tum,
1752 5580 1910 5633 istam.

326 5652 424 5695 Sec
444 5647 575 5696 bene
599 5655 873 5695 wrrectum
897 5646 960 5693 ab
981 5651 1054 5693 Er.
1079 5653 1130 5694 et
1153 5651 1283 5704 l.ov.,
1308 5645 1554 5693 instanter.

395 5709 414 5738 ¹
434 5708 504 5756 sic
529 5717 633 5756 Mss.
658 5714 712 5755 At
734 5708 871 5759 editi.
895 5706 1108 5755 creditis.

397 5769 417 5799 ⁸
439 5775 485 5817 ιιι
504 5777 630 5829 uss,
644 5774 988 5832 persecutores.

1651 306 1851 362 LIBER
1894 306 2267 365 SECUNDUS.

3503 325 3609 380 9.70

2024 426 2206 486 tentia,
2237 428 2392 481 toties
2414 429 2587 483 Gestis
2619 431 3087 499 proconsularibus
3116 446 3168 491 et
3192 439 3597 509 inunicipalitms

2019 515 2261 586 allegata.
2320 518 2395 573 Illi
2440 531 2617 576 autem
2666 524 2966 590 neminem,
3013 538 3268 593 quantmn
3322 532 3600 597 audimus.

2019 611 2365 679 corporaliter
2392 613 2719 669 occiderunt.
2751 615 3087 673 lntellexistis
3110 636 3237 690 ergo
3256 624 3417 678 etiam
3448 628 3602 694 Spiri-

2020 698 2146 752 tuali
2178 700 2321 753 crede
2370 703 2665 768 animarum
2707 709 3019 776 sanguinem
3059 709 3201 767 l'nudi
3232 714 3406 784 g'adio
3464 718 3602 771 schi-

2018 790 2236 855 smutis,
2264 794 2405 862 quod
2451 795 2501 848 in
2534 797 2848 853 Maximiano
2879 801 3187 859 damnastis.
3224 806 3411 863 Videte
3467 825 3596 881 ergo

2018 883 2063 935 si
2135 899 2239 937 non
2299 886 2403 939 sint
2466 889 2627 957 pedt-s
2684 892 2841 945 vestri
2899 893 3107 949 veloces
3181 896 3247 951 ad
3311 899 3592 954 cllnmlen-

2016 973 2139 1027 dum
2183 978 2526 1045 sanguinem,
2579 997 2697 1035 cum
2752 986 3036 1052 pra-ciditis
3089 989 3331 1046 homines
3372 994 3439 1046 ah
3479 997 3598 1048 nni-

2018 1075 2124 1121 tate
2166 1070 2310 1123 orbis
2338 1079 2620 1137 terrarum,
2646 1078 2687 1129 si
2718 1076 2816 1131 hoc
2839 1083 2889 1131 in
2923 1079 3321 1138 Maximianistis
3360 1090 3603 1143 rectedi-

2017 1157 2188 1223 xistis,
2219 1160 2336 1228 quia
2366 1164 2719 1229 prmeidcrunt
2746 1167 2950 1236 aliquos
2979 1186 3007 1223 a
3041 1182 3190 1241 parte
3217 1174 3425 1230 Donati.
3459 1177 3601 1232 llam:

2018 1262 2116 1303 nos
2144 1250 2281 1303 viam
2312 1253 2453 1320 pacis
2496 1270 2599 1308 non
2648 1258 3014 1326 cogitavimus,
3054 1263 3140 1331 qui
3168 1264 3444 1321 studemus
3487 1286 3601 1323 ser-

2014 1353 2142 1393 vare
2177 1341 2433 1397 unitatem
2482 1345 2701 1416 spiritus
2733 1347 2783 1402 in
2814 1350 3025 1407 vinculo
3067 1355 3241 1422 pacis;
3270 1365 3324 1410 et
3369 1374 3462 1412 vos
3487 1376 3601 1414 eam

2018 1430 2214 1493 nostis,
2258 1432 2344 1501 qui
2374 1437 2605 1489 sermoni
2636 1437 2829 1493 Christi
2859 1457 3016 1509 quem
3049 1442 3234 1499 habuit
3279 1458 3398 1517 post
3425 1465 3601 1504 resur-

2020 1521 2309 1576 rectionem
2352 1540 2472 1579 cum
2499 1527 2772 1599 discipulis
2799 1532 2910 1587 suis
2932 1575 2948 1600 ,
2984 1543 3089 1589 tam
3113 1538 3334 1607 pacilico
3355 1582 3368 1603 ,
3402 1553 3453 1595 ιιι
3482 1542 3600 1596 inde

2016 1612 2487 1683 inciperctdiceus,
2522 1617 2636 1673 Pax
2659 1621 2909 1676 vobiscum
2941 1623 3118 1693 (Joan.
3152 1645 3245 1694 xx,
3279 1630 3366 1693 19.
3388 1632 3505 1703 21),
3533 1635 3600 1688 ita

2015 1704 2316 1772 resistitis',
2342 1709 2544 1764 utnihil
2574 1711 2889 1783 alindquam
2928 1715 3030 1772 hoc
3050 1718 3099 1773 ei
3121 1719 3298 1776 dicere
3313 1726 3568 1782 convinca
3587 1758 3600 1767 -

2016 1798 2142 1887 mini
2176 1816 2187 1850 :
2218 1799 2297 1852 Tu
2339 1802 2477 1870 quod
2515 1803 2690 1858 dixisti
2740 1806 2807 1861 de
2852 1809 3053 1867 unitate
3099 1814 3336 1870 omnium
3364 1820 3598 1887 gentium

2016 1886 2205 1948 l'alsnm
2253 1899 2368 1955 est,
2422 1907 2520 1947 nos
2550 1895 2688 1963 quod
2729 1895 2956 1954 dicimus
2996 1901 3067 1958 de
3094 1904 3319 1961 crimine
3359 1910 3599 1964 omnimn

2012 1979 2248 2046 gentium
2277 1996 2460 2036 verum
2504 1984 2631 2038 est?
2681 1984 2781 2054 Qui
2823 1987 3063 2047 dicerent
3093 1993 3222 2061 ista,
3266 1995 3310 2051 si
3355 2010 3498 2055 esset
3529 2002 3599 2054 ti-

2014 2082 2133 2121 mor
2163 2069 2255 2125 Dei
2276 2080 2400 2127 ante
2426 2074 2610 2131 oculos
2637 2091 2822 2134 eorum
2845 2079 2868 2132 ?
2894 2080 3080 2138 Videte
3100 2084 3277 2155 itaque
3302 2089 3345 2143 si
3375 2107 3478 2145 non
3500 2092 3597 2148 ista

2013 2160 2249 2228 quotidie
2290 2162 2518 2221 dicendo
2548 2167 2755 2238 plebem
2797 2171 2890 2228 Dei
2923 2174 3168 2231 dill'nsam
3200 2189 3309 2234 toto
3332 2183 3462 2240 orhe
3489 2197 3598 2242 ter-

2014 2266 2226 2354 rarum,
2259 2264 2505 2326 tanquam
2550 2261 2725 2317 cibum
2770 2265 2920 2333 panis
2958 2266 3206 2325 dentibus
3233 2274 3383 2330 linire
3431 2292 3596 2332 etuia-

2014 2357 2163 2397 mtm.

2084 2429 2309 2520 CxtjUT
2336 2437 2471 2494 xw.
2506 2472 2575 2482 .-
2599 2443 2686 2499 56.
2721 2445 2904 2503 Pent.
2938 2450 3070 2506 dixit
3096 2432 3121 2505 εγ
3149 2473 3166 2506 ι
3205 2455 3381 2514 Monet
3435 2462 3594 2517 ριίειιιι

2015 2522 2271 2622 Dominus
2294 2529 2555 2597 Christus,
2589 2533 2768 2590 Cavete
2793 2555 2824 2591 a
2848 2543 3300 2616 pseutlopmplictis
3322 2591 3337 2615 ,
3388 2554 3474 2622 qui
3520 2571 3599 2609 rc-

2013 2627 2158 2669 ntunt
2186 2619 2254 2672 ad
2294 2636 2380 2674 vos
2425 2623 2474 2676 in
2503 2626 2802 2683 vestimentis
2844 2633 3012 2687 ovium
3038 2637 3076 2700 ’,
3107 2637 3243 2693 intus
3286 2653 3451 2697 autem
3482 2660 3595 2702 sunt

2014 2703 2121 2777 lupi
2142 2723 2347 2801 rapaces
2367 2726 2386 2764 :
2405 2729 2467 2766 ex
2481 2716 2729 2784 fructibus
2745 2734 2863 2773 coru
2872 2738 2917 2774 ιη
2936 2730 3240 2795 cognoscetis
3259 2746 3342 2786 eos
3356 2733 3595 2801 0(Jlattlt.

2012 2810 2104 2863 vn,
2133 2799 2240 2869 13).

2084 2889 2170 2943 57.
2203 2891 2335 2977 duo.
2367 2897 2677 2965 respondit:
2712 2899 2766 2956 Si
2794 2901 2889 2959 abs
2906 2911 2969 2959 .te
2993 2921 3252 2976 quaeram,
3275 2886 3469 2981 quibus
3500 2933 3597 2973 nos

2013 2978 2271 3037 fructibus
2302 2985 2454 3056 lupos
2478 3003 2697 3058 rapaces
2725 3007 2844 3049 esse
2872 3003 3241 3067 cognoscatis;
3269 2978 3509 3063 dicturus
3534 3029 3595 3065 es

2012 3070 2235 3126 crimina
2266 3074 2461 3139 aliena,
2497 3094 2596 3133 nec
2623 3081 2675 3134 in
2707 3083 2785 3137 eis
2811 3099 3036 3154 quorum
3068 3104 3189 3146 esse
3219 3093 3469 3151 dicuntur
3494 3115 3595 3154 un-

2013 3177 2169 3256 quam
2201 3167 2441 3236 probata.
2471 3169 2527 3227 Si
2557 3183 2734 3228 autem
2760 3183 2813 3230 tu
2841 3192 2869 3230 a
2900 3194 2986 3234 mc
3008 3195 3239 3251 qumras,
3273 3188 3467 3256 quibus
3492 3191 3599 3249 [ιιι-

2012 3255 2185 3313 ctibus
2211 3275 2307 3315 vos
2332 3262 2510 3332 potius
2561 3280 2681 3323 esse
2714 3268 2869 3340 lupos
2915 3255 3595 3349 rapacescognoscamns;

2014 3350 2208 3421 ohjicio
2235 3354 2537 3413 schismatis
2580 3361 2805 3428 crimen,
2836 3366 2979 3435 quod
3014 3377 3067 3423 tu
3099 3373 3335 3441 negabis,
3381 3391 3480 3445 ego
3505 3395 3599 3432 au-

2013 3450 2118 3497 tem
2150 3446 2592 3517 statim‘probabo
2625 3470 2639 3507 :
2669 3468 2840 3525 neque
2864 3458 3005 3513 enim
3031 3466 3398 3522 communicas
3427 3473 3599 3524 onmi-

2013 3532 2111 3589 bus
2138 3537 2388 3606 gentibus
2418 3549 2471 3595 et
2497 3540 2601 3597 illis
2632 3543 2888 3604 Ecclesiis
2930 3553 3224 3619 apostolico
3254 3557 3436 3616 labore
3475 3561 3599 3617 lini-

2012 3624 2170 3680 datis.
2196 3627 2290 3683 llic
2315 3630 2554 3688 dicturus
2581 3649 2640 3690 es
2674 3653 2688 3689 ε
2716 3636 2829 3691 Non
2865 3645 3204 3701 communico
3250 3649 3599 3708 traditoribns

2011 3726 2066 3770 et
2093 3717 2391 3776 homicidis.
2424 3722 2732 3792 Respondet
2782 3728 2875 3783 tibi
2923 3745 3107 3788 semen
3159 3737 3435 3795 Abralm:
3476 3742 3601 3800 lla'c

2012 3817 2131 3858 sunt
2158 3808 2244 3862 illa
2268 3810 2511 3874 crimina,
2537 3815 2619 3869 vel
2646 3830 2749 3869 non
2770 3833 2914 3885 vera,
2944 3823 3027 3877 vel
3051 3840 3155 3878 non
3180 3842 3317 3882 mea.
3346 3828 3452 3886 Sed
3484 3832 3597 3887 lure

2013 3895 2226 3951 interim
2256 3914 2479 3969 sepone,
2515 3914 2567 3958 tu
2605 3908 2829 3964 ostende
2852 3910 3170 3969 Ecclesium.
3216 3917 3332 3974 Jam
3373 3938 3473 3978 vox
3507 3925 3596 3980 illa

1950 4056 1955 4061 ι
2012 3985 2140 4040 mihi
2188 3989 2435 4053 sonabit,
2485 4009 2641 4062 qnam
2688 3996 2739 4051 in
2793 4001 3272 4076 pseudoprophetis
3323 4013 3593 4071 vitandam

2016 4075 2271 4136 Dominus
2307 4083 2514 4138 monuit
2541 4088 2945 4147 ostendentibus
2971 4107 3167 4163 partes,
3191 4108 3245 4154 et
3262 4101 3332 4157 ab
3349 4104 3596 4162 universo

2012 4167 2246 4226 alienare
2274 4175 2591 4231 conantibus
2623 4196 2636 4233 :
2670 4178 2802 4234 Ecce
2826 4182 2907 4237 hic
2935 4195 3007 4239 est
3047 4185 3298 4259 Christus,
3326 4209 3438 4249 ecce
3464 4196 3592 4252 illic.

2014 4258 2118 4316 Sed
2145 4276 2311 4333 usque
2339 4265 2474 4322 adeo
2504 4277 2659 4338 putas
2687 4282 2853 4329 veras
2864 4291 2995 4332 oves
3021 4277 3216 4335 Christi
3243 4299 3339 4339 cor
3365 4303 3468 4342 non
3503 4290 3596 4345 ha-

2014 4352 2160 4448 bere,
2194 4356 2386 4448 quibus
2420 4358 2618 4415 dictum
2659 4373 2738 4418 est
2762 4407 2777 4429 ,
2822 4366 2999 4423 Nolite
3049 4372 3252 4429 credere
3280 4376 3297 4447 (
3333 4376 3421 4431 Id.
3446 4396 3590 4448 xxiv,

2014 4442 2143 4516 25);
2177 4456 2234 4501 ut
2258 4447 2440 4519 lupum
2467 4450 2686 4508 audiant
2722 4455 3015 4524 dicentem.
3045 4461 3181 4518 Ecce
3205 4442 3297 4520 [ρξε’
3330 4481 3405 4523 est
3449 4442 3596 4527 Cliti;

2015 4547 2154 4598 stus;
2181 4548 2236 4593 et
2264 4551 2530 4609 pastorem
2560 4559 2666 4600 non
2694 4548 2914 4605 audiant
2960 4552 3251 4624 dicentem,
3287 4558 3388 4614 Per
3424 4580 3597 4620 omnes

2015 4641 2204 4699 gentes,
2235 4633 2587 4701 incipientibus
2611 4639 2675 4691 ab
2702 4638 3034 4700 Jerusalem?

2085 4719 2310 4778 CAPUT
2338 4724 2501 4780 XVII.
2523 4757 2594 4768 —
2614 4728 2701 4785 58.
2725 4730 2908 4788 PETIL.
2937 4735 3070 4792 dixit
3099 4756 3112 4790 :
3147 4741 3257 4809 Sic,
3285 4761 3375 4806 sic,
3404 4747 3600 4819 impro-

2017 4815 2074 4869 be
2094 4827 2397 4885 persecutor,
2412 4835 2721 4892 quocumque
2738 4833 2787 4877 te
2810 4824 3055 4884 velamine
3074 4832 3309 4890 bonitatis
3331 4815 3594 4906 obtereris,

2016 4928 2327 4984 quocumque
2350 4914 2551 4969 nomine
2580 4918 2719 4983 pacis
2748 4918 2933 4973 bellant
2974 4924 3158 4978 osculis
3187 4944 3353 4997 geras,
3379 4935 3600 4999 quolibet

2016 5002 2222 5055 unitatis
2255 5003 2496 5057 vocabulo
2519 5004 2777 5060 hominum
2812 5026 2969 5080 genus
2995 5013 3213 5078 illicias:
3242 5021 3328 5086 qui
3358 5022 3597 5077 Itactemt:

2018 5094 2156 5163 fallis
2206 5111 2266 5147 ac
2304 5095 2512 5168 decipis,
2543 5113 2655 5151 uere
2691 5099 2879 5154 diaboli
2921 5103 3059 5171 ﬁlius
3098 5123 3169 5173 rs,
3214 5108 3336 5162 dum
3375 5097 3599 5170 maribds

2023 5187 2217 5240 indicas
2239 5198 2452 5256 patrem.

2090 5279 2176 5334 59.
2204 5281 2335 5334 Avo.
2365 5279 2639 5349 respondit
2663 5299 2674 5333 :
2702 5282 2823 5337 llzee
2852 5299 2882 5339 a
2913 5286 3066 5342 nobis
3109 5291 3159 5342 lu
3203 5305 3295 5343 vos
3323 5291 3458 5347 dicta
3487 5310 3604 5350 ρεςρ

2022 5385 2243 5442 reputa:
2270 5382 2322 5426 et
2352 5383 2407 5426 nt
2434 5374 2643 5427 noveris
2671 5374 2720 5428 in
2749 5382 2883 5445 quos
2912 5380 3088 5447 potius
3113 5383 3448 5449 convmdant,
3479 5404 3601 5457 qua:

2024 5465 2265 5533 superius
2287 5464 2393 5518 dixi
2423 5479 2805 5522 commemora.

2090 5579 2103 5608 ι
2134 5576 2281 5687 Ftlilli:
2314 5584 2415 5625 Plu:
2438 5574 2581 5636 uobis,
2601 5582 2758 5628 tamen
2781 5577 2850 5629 ita
2863 5580 3098 5635 resistitis.
3110 5582 3410 5647 Castigantur
3427 5602 3489 5639 ex
3510 5603 3608 5641 ma.

2092 5652 2213 5687 seru.
2240 5652 2297 5687 ιε.

2025 5652 2297 5700 miscrtptts.

2090 5707 2109 5735 ς
2137 5710 2239 5750 vss.
2264 5701 2458 5759 omisso,
2484 5700 2599 5762 qui;
2622 5701 2825 5761 habent,
2850 5703 3032 5756 reniem
3068 5706 3135 5757 ad
3172 5720 3252 5758 vos
3293 5709 3345 5761 in
3391 5712 3612 5764 vestitum

2028 5766 2200 5818 orimn.
2228 5765 2298 5813 sic
2312 5765 2434 5813 t'orte
2457 5764 2633 5812 citabat
2652 5764 2924 5816 rutilianus.
