4028 6202
323 227 416 278 alii
1175 220 1442 275 CONTRA
1488 216 1824 272 LlTTEll.\S
1865 217 2223 284 PETILIANI,
2265 223 2321 276 S.
2366 223 2724 278 AUGUSTLVI

388 337 612 394 CAPUT
643 337 823 392 XVIII.
850 368 916 376 —
955 336 1041 391 1.0.
1073 334 1257 388 Ρετιί..
1303 331 1434 384 dixit
1461 349 1472 384 :
1507 328 1613 382 Nec
1635 328 1759 379 adeo
1807 327 1901 379 mi-

321 451 456 495 rum,
481 433 614 500 quod
644 433 729 484 tibi
758 447 937 483 nomen
965 427 1186 495 episcopi
1217 425 1390 478 illicite
1420 424 1652 476 assumis.
1689 420 1810 474 Iltec
1828 431 1900 474 est

323 545 434 579 veru
463 524 649 578 diaboli
677 521 1000 585 consuetudo,
1033 520 1100 571 ita
1141 519 1340 571 demum
1369 517 1595 585 decipere
1629 516 1672 568 si
1713 515 1903 568 sibimet

322 620 532 671 vindicet
580 614 872 668 vocabulum
903 611 1212 674 sanctitatis,
1265 610 1506 678 Apostolo
1551 609 1904 678 praedicante:

331 732 349 762 ι
378 709 485 764 Nec
514 709 691 762 mirum
709 715 834 770 est,»
855 705 1065 774 inquit,t
1089 705 1134 755 si
1159 703 1265 773 ipse
1277 712 1479 756 satanas
1503 702 1826 771 transﬁgurat
1852 715 1905 753 se

326 804 452 856 velat
473 801 702 868 angelum
721 797 918 861 lucis,et
937 797 1190 848 ministros
1202 811 1318 848 suos
1331 795 1475 863 quasi
1490 793 1905 861 ministrosjusti—

329 894 410 946 tite
429 891 491 960 (Il
514 890 716 954 Const,
739 889 854 951 ΜΛ
868 887 944 958 5).
961 905 978 939 ι
1002 886 1112 939 Nec
1137 887 1318 938 mirum
1339 897 1408 938 est
1424 901 1540 955 ergo
1561 885 1695 954 quod
1712 894 1756 937 te
1775 883 1904 952 falso

324 983 612 1052 episcopum
626 996 788 1033 rocas.
812 977 946 1032 Nam
965 991 1011 1031 et
1035 977 1112 1030 illi
1128 976 1297 1047 angeli
1315 976 1517 1046 perditi,
1537 986 1784 1028 amatores
1801 974 1904 1026 vir-

327 1074 498 1144 ginum
525 1070 917 1131 mundanorum,
940 1069 1025 1136 qui
1049 1084 1249 1120 carnem
1283 1065 1649 1135 corrumpendo
1684 1065 1907 1135 corrupti

327 1176 464 1228 sunt,
481 1165 590 1218 licet
613 1164 793 1216 divinis
811 1163 947 1216 exuti
969 1160 1228 1213 virtutibus
1247 1159 1415 1229 angeli
1431 1174 1534 1213 esse
1550 1158 1804 1220 desierint,
1824 1173 1908 1209 no-

329 1277 441 1312 men
469 1267 632 1310 tamen
655 1257 863 1309 retinent
897 1253 1209 1324 angelorum,
1243 1267 1444 1320 seseque
1478 1265 1674 1319 semper
1697 1249 1905 1318 angelos

333 1357 530 1418 putant,
551 1347 634 1412 qui
657 1346 824 1398 divina
840 1345 992 1397 soluti
1010 1343 1189 1396 militia
1205 1343 1256 1394 in
1274 1342 1546 1396 exercitum
1562 1340 1749 1394 diaboli
1769 1339 1910 1393 sinti—

327 1443 398 1493 les
420 1439 743 1501 transierunt,
780 1435 882 1488 Deo
904 1450 1087 1503 magno
1111 1435 1378 1496 clamante,
1405 1451 1424 1484 ι
1463 1430 1580 1484 Νοη
1606 1430 1910 1501 permanebit

330 1532 534 1598 spiritus
565 1545 702 1582 meus
732 1529 782 1581 in
811 1527 1095 1580 hominibus
1141 1525 1250 1577 istis
1283 1525 1335 1577 in
1381 1533 1640 1585 ceternum,
1673 1523 1910 1593 quoniam

331 1639 448 1675 raro
499 1630 613 1674 sunt
643 1639 660 1670 ι
698 1618 847 1689 (Gen.
903 1631 976 1681 Vl,
1007 1615 1084 1685 3).
1142 1613 1334 1681 Quibus
1375 1615 1472 1666 reis
1512 1629 1571 1665 ac
1617 1611 1752 1665 vobis
1782 1611 1911 1663 dicet

336 1713 579 1765 Dominus
604 1709 851 1768 Christus,
877 1725 894 1756 ι
930 1704 1011 1759 Ite
1034 1705 1085 1758 in
1113 1704 1278 1774 ignem
1299 1712 1560 1766 wternum,
1593 1717 1738 1771 quem
1761 1717 1911 1769 para-

332 1804 398 1854 rit
430 1800 584 1854 Pater
609 1815 745 1852 meus
775 1797 976 1849 diabolo
1026 1805 1072 1848 et
1099 1792 1292 1862 angelis
1331 1793 1438 1860 ejus
1469 1812 1486 1842 ι
1520 1790 1733 1862 (Matth.
1781 1804 1908 1855 xxv,

329 1893 440 1960 Η).
495 1891 555 1944 Si
598 1889 764 1958 angeli
806 1887 928 1939 mali
953 1901 1051 1938 non
1077 1894 1260 1948 essent,
1294 1883 1526 1936 diabolus
1567 1881 1772 1950 angelos
1810 1897 1911 1932 non

332 1984 566 2044 haberet;
591 1995 712 2050 quos
739 1988 786 2033 et
815 1986 1018 2032 sanctus
1046 1975 1315 2046 Apostolus
1341 1974 1391 2027 in
1419 1974 1508 2027 illo
1516 1973 1715 2042 judicio
1744 1989 1931 2049 resur-q

333 2074 483 2144 geniti
511 2089 541 2124 a
563 2071 746 2124 sanctis
777 2069 1060 2122 hominibus
1089 2068 1207 2120 dicit
1236 2082 1340 2119 esse
1369 2063 1686 2118 damnandos
1709 2079 1728 2117 :
1755 2083 1772 2113 ι
1807 2063 1914 2117 Ne-

334 2165 468 2217 scitis
497 2163 732 2232 quoniam
761 2159 966 2230 angelos
1008 2157 1352 2227 judicabimus
1401 2156 1441 2223 (l
1471 2154 1588 2210 Cor.
1620 2172 1690 2220 vt,
1734 2155 1826 2225 5)?
1854 2154 1914 2208 Si

331 2255 435 2308 veri
459 2251 625 2323 angeli
652 2259 832 2314 essent,
851 2248 1105 2319 judicium
1135 2248 1187 2301 in
1211 2247 1416 2317 angelos
1448 2245 1540 2299 Dei
1562 2245 1787 2298 homines
1814 2261 1914 2297 non

336 2344 595 2398 haberent.
624 2342 714 2396 Sic
754 2356 947 2410 quoque
976 2339 1194 2409 apostoli
1225 2338 1506 2407 sexaginta,
1539 2337 1623 2403 qui
1671 2351 1782 2387 cum
1811 2333 1917 2385 Do-

337 2436 473 2488 mino
499 2432 701 2486 Christo
725 2429 988 2483 duodecim
1015 2428 1282 2492 derelictis,
1305 2444 1335 2479 a
1357 2426 1458 2495 ﬁde
1480 2434 1726 2493 apostata:
1754 2439 1916 2477 reces-

336 2535 528 2588 serunt,
575 2525 626 2576 in
660 2531 851 2575 tantum
895 2520 1179 2574 hominibus
1223 2519 1414 2572 miseris
1457 2519 1621 2570 adhuc
1675 2526 1917 2586 putantur

338 2618 573 2689 apostoli,
599 2625 650 2668 ut
674 2630 737 2668 ea;
766 2615 844 2666 his
868 2611 1183 2666 Manichteus
1207 2620 1252 2664 et
1281 2610 1450 2664 cceteri
1467 2609 1636 2662 multis
1657 2607 1916 2661 diabolicis

338 2710 482 2763 sectis
509 2708 690 2760 multas
716 2707 911 2757 animas
937 2704 1211 2772 implicent,
1234 2718 1359 2772 quas
1384 2710 1438 2754 ut
1485 2709 1720 2768 caperent
1749 2699 1918 2770 perdi-

338 2803 516 2854 derunt
537 2799 630 2870 (a).
664 2797 800 2850 Nam
836 2797 1058 2865 profecto
1085 2794 1307 2864 perditus
1331 2791 1666 2856 Manicliwus,
1685 2791 1726 2844 si
1751 2800 1916 2844 tamen

336 2894 454 2961 fuit,
481 2907 580 2943 non
610 2889 662 2941 in
682 2886 785 2939 illis
812 2885 1073 2954 sexaginta
1095 2883 1355 2954 ponendus
1389 2892 1479 2945 est,
1521 2881 1565 2934 si
1602 2899 1781 2937 nomen
1811 2882 1917 2950 ejus

337 2983 551 3052 apostoli
589 2981 719 3032 inter
747 2977 1012 3030 duodecim
1049 2976 1352 3040 continetur,
1381 2983 1468 3026 aut
1495 2975 1548 3027 in
1576 2975 1739 3054 locum
1765 2973 1919 3026 Iudae

339 3071 594 3124 traditoris
622 3069 894 3135 subrogato
939 3065 1156 3127 Mathia,
1187 3079 1306 3116 voce
1325 3064 1512 3116 Christi
1533 3064 1795 3116 ordinatus
1821 3073 1914 3128 est,

339 3172 392 3213 ut
421 3161 592 3213 tertius
616 3157 840 3210 decimus
864 3153 1060 3206 Paulus
1079 3155 1120 3218 ¹,
1150 3169 1232 3222 qui
1260 3169 1366 3205 sese
1382 3152 1734 3221 Apostolorum
1763 3154 1920 3205 novis-

337 3253 522 3305 simum
564 3255 824 3311 memorat,
859 3261 920 3299 ne
963 3245 1189 3314 quisquis
1219 3253 1343 3297 esset
1373 3245 1618 3312 posterior
1662 3244 1918 3313 apostolus

338 3343 644 3396 crederetur.
697 3338 786 3392 Sic
815 3336 946 3389 enint
973 3334 1101 3388 dixit
1128 3350 1145 3387 :
1175 3352 1193 3385 ι
1231 3333 1340 3405 Ego
1367 3335 1499 3387 enim
1543 3351 1655 3388 sum
1702 3335 1914 3387 novissi-

339 3449 453 3486 mus
473 3429 846 3500 Apostolorum,
869 3426 955 3496 qui
980 3441 1079 3478 non
1099 3441 1210 3478 sum
1233 3425 1414 3495 dignus
1445 3427 1609 3478 vocari
1639 3425 1914 3492 apostolus,

337 3524 457 3591 quia
486 3529 773 3590 persecutus
797 3532 910 3570 sunt
939 3515 1216 3569 Ecclesium
1246 3514 1338 3569 Dei
1385 3534 1403 3566 ι
1432 3513 1540 3586 (Id.
1570 3531 1662 3576 xv,
1695 3515 1774 3584 9).
1808 3514 1917 3568 Nec

344 3614 399 3666 in
425 3613 519 3665 hoc
547 3609 682 3663 vobis
711 3607 1042 3660 blandiamini
1059 3621 1078 3669 ,'
1097 3605 1310 3658 Judwus
1341 3606 1447 3659 [uec
1473 3609 1654 3675 fecerat
1685 3623 1702 3659 :
1731 3607 1843 3660 licet
1871 3615 1918 3660 et

341 3718 428 3756 vos
451 3701 592 3755 nobis
617 3698 886 3770 perniciem
924 3704 977 3749 ut
997 3694 1200 3766 Pagani
1229 3695 1446 3766 faciatis.
1480 3695 1678 3749 Bellum
1706 3713 1920 3761 namque

341 3795 514 3849 illicito
539 3792 708 3863 geritis
725 3791 768 3856 ⁸,
795 3789 976 3860 quibus
1008 3804 1112 3841 non
1156 3786 1269 3840 licet
1318 3803 1618 3857 repugnare.
1657 3785 1757 3842 Vos
1784 3791 1918 3842 enim

339 3885 522 3957 cupitis
551 3884 710 3938 vivere
735 3880 756 3913 ³
783 3881 924 3935 nobis
951 3879 1154 3946 occisis,
1183 3878 1324 3934 nobis
1351 3894 1464 3933 vero
1502 3880 1707 3933 victoria
1732 3891 1802 3934 est
1832 3881 1917 3950 fu-

339 3994 454 4048 gere
479 3975 558 4031 vel
581 3973 764 4029 occidi.

411 4069 502 4125 ιι.
543 4068 676 4121 Auc.
707 4063 1023 4133 respondit:
1064 4061 1276 4115 Videris
1300 4061 1744 4130 quemadmodum
1772 4061 1918 4118 testi-

347 4157 522 4215 monia
553 4156 950 4226 Scripturarum
999 4150 1264 4222 posueris,
1305 4149 1390 4203 vel
1419 4151 1685 4220 quomodo
1714 4153 1918 4209 intelle-

342 4252 517 4308 xeris:
540 4249 670 4302 nihil
695 4247 760 4300 ad
791 4260 907 4300 rem
935 4245 1002 4299 de
1025 4258 1127 4312 qua
1154 4256 1294 4296 nunc
1314 4241 1504 4311 agitur.
1536 4242 1614 4296 Ad
1642 4241 1744 4298 hoc
1773 4245 1915 4298 enim

341 4350 490 4397 certe
521 4340 620 4393 ista
646 4336 824 4392 omnia
848 4333 1051 4399 dixisti,
1097 4340 1153 4386 ut
1186 4332 1440 4402 probares
1468 4347 1588 4388 esse
1616 4332 1777 4386 falsos
1803 4337 1917 4402 epi-

341 4447 557 4504 scopos,
588 4429 724 4484 sicut
760 4411 886 4482 sunt
913 4425 1028 4479 falsi
1045 4425 1218 4494 angeli
1247 4433 1302 4479 et
1329 4423 1444 4479 falsi
1465 4426 1712 4495 apostoli.
1761 4426 1918 4479 Novi-

347 4539 466 4578 mus
489 4530 544 4576 et
565 4534 684 4586 nos,
713 4531 832 4573 esse
857 4516 1018 4570 falsos
1035 4515 1252 4584 angelos
1289 4524 1345 4570 et
1371 4514 1532 4570 falsos
1570 4516 1841 4585 apostolos
1866 4524 1919 4570 et

343 4615 504 4672 falsos
529 4612 826 4682 episcopos,
857 4617 911 4662 et
938 4606 1076 4661 sicut
1110 4605 1240 4661 dicit
1261 4622 1417 4660 verus
1442 4607 1730 4675 apostolus,
1761 4605 1920 4661 falsos

343 4707 534 4760 fratres
567 4701 632 4773 (ll
659 4700 776 4754 Cor.
801 4714 872 4765 χι,
903 4695 994 4767 26)
1025 4696 1156 4752 :sed
1181 4711 1301 4751 cum
1318 4695 1386 4751 ab
1411 4696 1647 4765 utrisque
1667 4695 1919 4751 adversus

344 4795 571 4850 invicem
595 4791 797 4862 possint
816 4791 915 4844 ista
940 4787 1146 4856 jactari,
1171 4785 1400 4856 probare
1423 4786 1622 4855 aliquid
1647 4800 1780 4856 Opus
1803 4795 1886 4840 est
1903 4827 1918 4852 ,

345 4903 452 4942 non
475 4885 702 4940 inaniter
743 4882 906 4952 loqui.
941 4879 998 4935 In
1035 4893 1169 4949 quos
1197 4887 1373 4933 tamen
1413 4878 1694 4932 conveniat
1717 4877 1916 4933 crimen

407 5061 428 5092 ί
453 5057 590 5116 mliti,
609 5055 651 5106 si
673 5060 830 5103 tamen
850 5063 944 5116 non
963 5051 1014 5100 in
1036 5049 1133 5100 illis
1155 5048 1404 5116 sexaginta
1418 5047 1566 5116 fuit,
1583 5047 1834 5116 ordinatus
1851 5054 1922 5098 est

341 5119 512 5173 mritis
532 5109 963 5181 déc_imus_Paulus_.
992 5118 1047 5160 At
1070 5117 1196 5172 Mss,
1221 5109 1442 5162 si'tamen
1472 5109 1563 5181 fuit
1591 5109 1809 5181 {deinde
1834 5118 1920 5181 εγ,-

345 5170 654 5246 ἱίτξιιηερείε
673 5175 824 5226 codex
843 5170 1213 5246 ,οωῖεξοκηοην
1254 5170 1572 5246 prosequitur.
1585 5171 1790 5246 atque
1815 5170 1922 5246 ξιίξε

345 5231 649 5307 Iamnam
668 5231 1092 5307 petendaeque
1116 5231 1792 5307 meh_eciaeuesieer_
1805 5231 1921 5307 φεο-

198 5300 200 5302 ’
292 5328 294 5330 τ
347 5293 807 5354 ᾱέάιηῖοηιὶἠειιιν.
831 5302 884 5345 Al
907 5293 958 5344 in
975 5293 1149 5350 locum,
1178 5302 1273 5354 etc.
1296 5293 1467 5343 Melius
1488 5293 1797 5354 Floriacensis
1818 5305 1920 5341 ser-

291 5376 298 5418 ζ
347 5353 457 5414 vata
478 5359 725 5426 particula,
743 5369 870 5417 non;
892 5356 1061 5426 habet,
1083 5361 1162 5404 aut
1179 5354 1232 5405 in
1253 5353 1426 5426 locum,
1445 5362 1561 5426 etc.,_
1578 5353 1734 5402 addita
1759 5361 1921 5426 tamen

349 5413 607 5486 particula,
651 5413 734 5486 ut,
776 5413 887 5486 post
927 5413 1164 5486 verbum,
1201 5414 1452 5486 ordinatus
1493 5422 1561 5467 est
1586 5427 1602 5464 :
1624 5427 1768 5477 quam
1791 5413 1921 5464 addit

348 5478 494 5548 etiam
517 5478 875 5548 Invenietisium
896 5479 1052 5548 codex
1071 5478 1398 5528 Endovicnsis.

409 5549 432 5609 ξ
453 5547 725 5609 siettss._s_t
748 5541 880 5600 editi,
899 5541 1126 5609 gerimus.

416 5608 437 5639 ³
459 5607 562 5654 Sola
586 5606 735 5654 editio
758 5610 884 5663 l.ov.,
910 5606 1112 5651 vincere.

411 5667 484 5730 (α)
519 5671 655 5714 Forte
671 5677 776 5726 pro,
807 5663 1068 5726 perierunt.

3485 235 3588 293 272

2015 331 2257 400 fallacizr,
2292 337 2465 390 recole
2507 354 2622 406 qua:
2659 354 2813 408 supra
2843 341 3091 410 diximus,
3121 355 3173 399 ct
3212 347 3487 404 invenies:
3525 367 3591 405 ne.

2015 426 2171 480 tudio
2199 428 2364 480 simus
2391 427 2707 498 legentibus,
2736 432 2918 485 eadem
2949 435 3142 502 surpius
3182 439 3490 506 repetendo.
3527 440 3590 494 Et

2013 526 2188 570 tamen
2220 519 2343 588 quid
2377 519 2477 572 hoc
2499 520 2562 572 ad
2593 520 2882 576 Ecclesium
2908 533 3016 576 toto
3043 525 3172 579 orbe
3205 537 3466 582 terrarum
3491 531 3595 582 dit.

2013 607 2199 673 fusam,
2229 609 2341 663 sive
2371 611 2509 679 quod
2537 611 2603 664 de
2633 612 2781 681 palea
2817 615 2953 682 ejus,
2977 630 3094 683 qua:
3120 631 3238 669 cum
3265 619 3351 670 illa
3384 636 3476 686 per
3509 632 3594 671 l0-

2014 708 2120 751 tum
2176 700 2428 752 mundum
2476 709 2576 763 est,
2633 704 2865 770 potueris
2913 703 3127 768 dicere;
3179 707 3290 758 sive
3340 709 3478 776 quod
3526 710 3592 762 de

2011 789 2300 843 Mauichaeo
2328 790 2530 856 dixisti,
2575 793 2654 844 vel
2680 791 2745 846 de
2774 795 2981 846 czcteris
3008 794 3284 848 diabolicis
3313 798 3508 849 sectis?
3537 801 3590 851 Si

2011 881 2150 934 enim
2185 883 2248 935 ad
2278 883 2505 936 triticum
2540 900 2646 937 non
2689 886 2914 952 pertinet
2943 887 3191 956 quidquid
3223 890 3380 942 etiam
3411 889 3474 942 de
3505 907 3584 958 pa-

2014 975 2093 1027 lea
2122 975 2314 1028 dit-itur
2365 991 2483 1044 qum
2513 976 2684 1030 adlmc
2714 992 2833 1030 cum
2873 978 2960 1030 illo
3015 990 3128 1041 est;
3173 990 3370 1048 quanto
3415 981 3594 1035 minus

2015 1066 2277 1135 pertinent
2304 1066 2368 1119 ad
2402 1067 2634 1119 tncmbra
2684 1068 2877 1120 Christi
2922 1077 3032 1121 toto
3079 1070 3209 1122 orbe
3247 1070 3456 1134 dill'usa,
3483 1081 3583 1126 tam

2012 1155 2136 1208 olim
2165 1167 2214 1207 et.
2239 1166 2340 1208 tam
2363 1165 2544 1224 aperte
2565 1166 2804 1225 separata
2829 1169 3068 1228 portenta
3100 1159 3204 1227 (a)?

2085 1245 2307 1301 CAPUT
2342 1247 2479 1301 XIX.
2499 1278 2568 1288 -—
2594 1249 2681 1302 42.
2708 1249 2888 1304 Ρετιι..
2924 1250 3056 1303 dixit
3091 1250 3283 1305 :Jubet
3314 1254 3453 1307 nobis
3482 1253 3590 1309 Do-

2013 1337 2177 1390 minus
2205 1337 2446 1401 Christus,
2489 1359 2506 1391 t
2543 1339 2667 1393 Cant
2693 1358 2778 1396 vos
2807 1343 3049 1410 persecuti
3079 1345 3262 1412 fuerint
3291 1346 3514 1401 homines
3539 1350 3592 1401 in

2015 1429 2211 1480 civitate
2231 1429 2348 1492 ista,
2381 1430 2541 1498 fugite
2566 1431 2614 1482 in
2633 1430 2843 1483 alteram
2872 1447 2890 1483 .'
2918 1434 3050 1499 quod
3075 1433 3117 1485 si
3144 1434 3192 1484 in
3226 1451 3285 1486 ea
3312 1451 3393 1488 vos
3422 1453 3588 1504 perse-

2015 1531 2248 1585 quentttr,
2281 1522 2439 1591 fugite
2460 1522 2509 1573 in
2537 1523 2710 1574 aliam.
2741 1522 2896 1576 Amen
2927 1522 3040 1575 dico
3067 1523 3220 1588 vobis,
3241 1543 3337 1578 non
3361 1543 3591 1580 consum-

2016 1611 2215 1664 mabitis
2242 1614 2464 1668 civitates
2493 1613 2679 1677 Israel,
2720 1616 2877 1668 donec
2904 1619 3064 1670 veniat
3105 1617 3270 1673 Filius
3295 1622 3525 1676 hominis.
3566 1641 3586 1674 ι

2021 1699 2228 1769 (Matth.
2262 1719 2315 1768 x,
2341 1703 2456 1770 9.3).
2491 1704 2552 1759 Si
2582 1706 2640 1758 de
2663 1704 2859 1760 Judwis
2878 1716 2923 1760 et
2952 1706 3178 1777 Paganis
3209 1712 3348 1764 nobis
3374 1728 3592 1778 praemo-

2019 1801 2119 1852 net,
2143 1802 2195 1844 tu
2224 1794 2310 1862 qui
2330 1795 2656 1849 christianum
2675 1807 2719 1849 te
2747 1813 3011 1862 memoras,
3032 1799 3144 1852 dira
3169 1801 3303 1869 facta
3321 1801 3592 1856 Gentilium

2016 1899 2116 1935 non
2146 1884 2289 1938 debes
2319 1886 2526 1938 imitari.
2558 1887 2634 1940 An
2661 1889 2732 1940 sic
2759 1885 2867 1940 Deo
2893 1890 3104 1955 servitis,
3140 1901 3192 1943 ut
3222 1893 3396 1946 vestris
3425 1895 3591 1947 mani-

2018 1973 2107 2027 bus
2127 1974 2415 2029 occidantur
2434 1977 2459 2029 ?
2490 1976 2706 2042 Erratis,
2733 1979 2932 2044 erratis,
2958 1980 3002 2032 si
3022 1981 3115 2034 hoc
3161 1984 3364 2036 creditis
3408 1984 3592 2038 miseri.

2020 2062 2156 2116 Nam
2180 2082 2278 2119 non
2310 2066 2454 2120 habet
2490 2067 2626 2121 Deus
2650 2070 2911 2136 carniﬁces
2940 2072 3239 2126 sacerdotes.

2088 2155 2176 2208 45.
2219 2157 2350 2211 Anc.
2397 2159 2673 2227 respondit
2704 2178 2714 2211 :
2750 2161 2954 2230 Fugere
2983 2162 3048 2216 de
3074 2163 3282 2218 civitate
3312 2166 3362 2218 in
3414 2167 3599 2220 civita-

2021 2254 2124 2297 tem
2148 2261 2176 2298 a
2207 2244 2342 2300 facie
2369 2250 2773 2316 persecutionis,
2807 2267 2913 2304 non
2945 2252 3216 2308 haereticis
3249 2256 3325 2307 vel
3349 2256 3596 2310 schisma-

2021 2334 2134 2388 ticis
2157 2347 2478 2405 prmccptum
2506 2339 2621 2394 sive
2651 2341 2967 2409 permissum
2997 2352 3098 2407 est,
3136 2344 3275 2412 quod
3314 2346 3440 2399 estis
3462 2361 3593 2408 vos;

2019 2423 2112 2476 sed
2142 2424 2574 2492 prmdicatoribus
2602 2428 2891 2498 Evangelii,
2919 2431 3001 2484 cui
3035 2432 3280 2486 resistitis
3311 2440 3426 2488 ves.
3447 2435 3597 2504 Quod

2021 2521 2079 2565 ut
2110 2513 2261 2569 facile
2291 2515 2610 2583 probemus;
2642 2534 2784 2573 nunc
2813 2529 2956 2575 certe
2987 2521 3037 2574 in
3081 2523 3378 2578 civitatibus
3408 2527 3600 2581 vestris

2019 2607 2170 2670 estis,
2217 2616 2272 2660 et
2315 2623 2470 2662 nemo
2507 2625 2600 2665 vos
2656 2613 3010 2682 persequitur.
3051 2614 3424 2671 Prodcuuduni
3473 2635 3598 2688 ergo

2022 2696 2173 2751 vobis
2198 2708 2298 2763 est,
2333 2708 2387 2753 ct
2415 2699 2683 2755 reddenda
2715 2705 2848 2757 ratio
2875 2707 3225 2774 separationis
3255 2719 3463 2764 vestrm.
3493 2711 3598 2764 Ne-

2021 2804 2125 2858 que
2156 2790 2296 2842 enim
2327 2793 2462 2845 sicut
2503 2802 2786 2847 excusatur
2829 2795 3110 2851 infirmitas
3149 2799 3346 2864 carnis,
3388 2801 3598 2869 quando

2022 2880 2165 2934 cedit
2187 2881 2450 2935 violenti:c
2473 2885 2882 2952 persecutionis,
2909 2887 2987 2940 sic
3014 2886 3173 2943 debet
3210 2901 3264 2944 et
3293 2893 3488 2945 veritas
3509 2908 3598 2946 ce-

2021 2969 2149 3024 dere
2203 2971 2440 3026 falsitati.
2489 2973 2717 3029 Proinde
2767 2975 2812 3029 si
2865 2979 3289 3045 persecutionem
3341 2982 3598 3050 patimini,

2021 3076 2186 3129 quare
2217 3076 2322 3114 non
2354 3061 2615 3116 dimittitis
2652 3064 2894 3118 civitates
2926 3066 2977 3119 in
3004 3067 3196 3137 quibus
3231 3071 3379 3136 estis,
3409 3081 3465 3124 ut
3495 3072 3596 3125 im»

2021 3151 2208 3218 pleatis
2235 3151 2373 3219 quod
2404 3167 2468 3205 cx
2520 3153 2802 3222 Evangelio
2842 3159 3313 3212 commemoratis?
3341 3161 3394 3214 Si
3423 3171 3597 3216 autem

2023 3257 2127 3294 non
2158 3243 2392 3311 patimini
2427 3245 2872 3312 persecutionem,
2902 3261 3067 3315 quare
3098 3249 3248 3303 nobis
3281 3251 3601 3319 respondere

2024 3347 2128 3384 non
2157 3332 2353 3384 vultis?
2383 3334 2484 3386 Aut
2529 3334 2573 3386 si
2603 3334 2796 3389 timetis
2828 3336 2983 3404 forte,
3024 3354 3089 3392 ne
3115 3355 3234 3393 cum
3260 3341 3599 3409 responderi-

2024 3422 2089 3474 tis
2109 3463 2123 3483 ,
2171 3425 2593 3490 persecutionem
2623 3426 2928 3493 patiamini;
2960 3430 3228 3497 quomodo
3258 3446 3384 3499 ergo
3422 3432 3599 3486 imita-

2023 3511 2151 3565 mini
2173 3527 2266 3566 eos
2297 3512 2687 3580 przedicatorcs,
2723 3515 2913 3582 quibus
2949 3515 3145 3570 dictant
3173 3529 3272 3581 est,
3307 3518 3437 3572 Ecce
3461 3523 3602 3574 mitto

2022 3621 2107 3657 vos
2135 3604 2260 3657 sicut
2285 3619 2396 3656 oves
2423 3604 2475 3656 in
2505 3604 2666 3656 medio
2694 3604 2925 3672 luporum
2943 3607 2969 3659 ?
2997 3606 3197 3673 Quibus
3249 3609 3372 3662 item
3400 3611 3600 3665 dictmn

2023 3706 2125 3760 est,
2158 3695 2332 3750 Nolite
2361 3696 2531 3750 timere
2557 3713 2638 3749 eos
2664 3698 2749 3766 qui
2777 3714 2957 3765 corpus
2979 3699 3230 3766 occidunt,
3259 3703 3477 3753 animam
3501 3719 3598 3754 au»

2025 3799 2121 3842 tem
2170 3805 2271 3842 non
2310 3797 2516 3856 possunt
2567 3787 3020 3858 occidere(lbid.,
3056 3790 3140 3850 16,
3191 3790 3319 3859 98)?
3362 3791 3428 3844 Et
3463 3807 3598 3860 quo-

2024 3878 2183 3932 modo
2205 3894 2310 3931 non
2341 3877 2512 3931 facitis
2528 3887 2708 3931 contra
2730 3890 3046 3946 praeceptum
3078 3879 3216 3932 Petri
3247 3882 3488 3949 apostoli,
3513 3883 3598 3950 qui

2023 3969 2099 4022 ait
2131 3985 2142 4021 :
2179 3967 2355 4035 Parati
2380 3983 2572 4036 semper
2596 3966 2663 4018 ad
2692 3969 3062 4036 responsionem
3093 3970 3229 4021 οηιηὶ
3266 3973 3487 4040 poscenti
3515 3987 3600 4024 vos

2024 4057 2086 4111 de
2101 4056 2203 4124 ﬁde
2226 4065 2274 4110 et
2293 4072 2383 4125 spe
2410 4066 2570 4109 vestra
2602 4055 2640 4126 (Ι
2673 4054 2814 4110 Petr.
2849 4073 2923 4120 ιιι,
2958 4056 3085 4128 15)?
3117 4059 3412 4123 Postremo,
3439 4077 3600 4130 quare

2030 4163 2126 4218 per
2152 4146 2562 4201 violentissimas
2601 4148 2779 4201 turbas
2826 4149 2986 4201 etiam
3027 4149 3167 4203 ultro
3210 4151 3434 4219 improbi
3470 4153 3600 4206 estis

2026 4239 2280 4295 Ecclcsiis
2307 4239 2598 4303 catholicis,
2635 4240 2719 4292 ubi
2751 4241 3025 4306 potueritis
3051 4241 3107 4291 ‘?
3133 4241 3274 4309 quod
3304 4242 3602 4297 innumera-

2025 4330 2219 4386 bilibus
2244 4330 2500 4398 exemplis
2527 4344 2611 4382 res
2635 4329 2743 4396 ipsa
2769 4328 3001 4382 indicat?
3023 4329 3124 4383 Sed
3159 4331 3334 4384 dicitis
3361 4347 3454 4386 vos
3485 4333 3600 4386 loca

2025 4430 2198 4475 vestra
2227 4419 2533 4484 defendere,
2559 4427 2611 4471 ct
2633 4419 2877 4470 resistitis
2899 4420 3123 4472 fustibus
3151 4432 3204 4473 et
3231 4422 3463 4476 caedibus
3484 4427 3604 4492 qui-

2024 4513 2349 4579 buscumquc
2380 4507 2673 4576 potueritis.
2705 4507 2880 4574 Quare.
2924 4509 2991 4561 ibi
3026 4526 3126 4562 non
3170 4510 3390 4564 audistis
3415 4528 3599 4567 vocem

2027 4601 2234 4656 Domini
2267 4599 2514 4662 dicentis,
2551 4597 2660 4667 Ego
2701 4607 2864 4649 autem
2896 4600 3005 4650 dico
3033 4599 3186 4662 vobis,
3233 4617 3331 4653 non
3376 4603 3602 4656 resistere

2025 4690 2159 4744 malo
2181 4688 2391 4761 (Matth.
2422 4704 2475 4753 v,
2503 4688 2759 4757 39)?Aut
2786 4690 2826 4740 si
2863 4688 2973 4740 fieri
3006 4697 3196 4756 potest,
3232 4700 3285 4742 ut
3318 4691 3601 4760 aliquando

2026 4790 2170 4835 recte
2202 4795 2296 4848 per
2341 4780 2446 4831 vim
2496 4777 2826 4846 corporalem
2879 4779 3156 4831 resistatur
3189 4779 3455 4843 violentis,
3505 4797 3602 4834 nec

2027 4871 2147 4924 ideo
2194 4879 2515 4938 praeceptum
2564 4868 2790 4920 violetur
2837 4866 2978 4933 quod
3025 4868 3268 4921 audimus
3297 4885 3323 4922 a
3357 4870 3596 4935 Domina,

2029 4959 2138 5028 Ego
2183 4970 2348 5010 autem
2404 4959 2514 5010 dico
2553 4959 2708 5021 vobis,
2758 4973 2856 5010 non
2899 4957 3125 5009 resistere
3168 4959 3340 5010 malo:
3370 4975 3464 5012 cur
3495 4977 3598 5013 non

2027 5053 2182 5105 etiam
2215 5050 2315 5103 hoc
2349 5048 2462 5102 ﬁeri
2509 5058 2702 5117 potest,
2736 5057 2792 5101 ut
2821 5063 2916 5117 per
2941 5049 3210 5102 ordinatas
3259 5061 3309 5103 et
3341 5051 3602 5120 legitimus

2027 5149 2314 5210 potestates
2341 5138 2408 5192 de
2446 5139 2659 5210 sedibus
2685 5154 2802 5207 qua:
2847 5139 3021 5192 illicito
3053 5151 3390 5208 usurpautur,
3425 5143 3505 5196 vel
3536 5144 3600 5195 ad

2029 5231 2271 5300 injuriam
2323 5228 2415 5281 Dei
2457 5228 2770 5290 retinentur,
2826 5230 2937 5294 pius
2988 5230 3217 5298 expellat
3261 5233 3502 5301 impium,
3548 5247 3602 5288 ct

2021 5322 2194 5390 justus
2222 5320 2470 5388 injustam
2490 5318 2512 5370 ?
2534 5318 2715 5386 Neque
2743 5321 2882 5372 enim
2911 5336 2975 5372 eo
3002 5321 3158 5373 modo
3183 5324 3603 5388 persecutionem

2091 5413 2107 5442 ι
2136 5417 2254 5473 Am,
2276 5407 2358 5473 ubi
2379 5407 2625 5470 potueritis
2647 5410 2897 5473 advertere
2919 5410 3064 5473 quod,
3087 5420 3180 5460 etc.
3207 5417 3280 5459 Er.
3304 5421 3352 5461 et
3371 5420 3500 5473 Lov.,
3524 5415 3604 5466 ubi

2027 5469 2236 5537 poteritis
2259 5469 2505 5537 advertere
2549 5471 2694 5530 quod,
2727 5480 2820 5521 etc.
2860 5469 3027 5520 Verius
3065 5480 3189 5531 Mss,
3227 5472 3305 5522 ubi
3327 5469 3606 5537 potueritis;

2027 5533 2210 5594 absque
2233 5533 2400 5588 verbo,
2413 5533 2680 5594 advertere.

2090 5592 2161 5654 (ἁ)
2181 5599 2416 5660 Hactenus
2439 5594 2597 5652 priore
2621 5592 2742 5660 libro
2757 5592 2814 5660 ad
2835 5592 3269 5660 Petilianititteras
3285 5597 3608 5660 responderat

2032 5655 2332 5716 Attgustinus,
2359 5661 2410 5700 ut
2433 5661 2638 5702 testatur
2662 5655 2765 5714 ipse
2789 5656 2836 5702 in
2858 5669 2925 5714 ra,
2951 5654 3032 5703 lib.
3059 5655 3104 5713 3,
3131 5669 3177 5703 ιι.
3205 5655 3282 5705 6|.
