4028 6202
373 445 476 500 273

375 553 514 626 passi
562 560 685 607 sunt
730 548 1208 620 pseudoprophetzn
1259 547 1326 602 ab
1368 547 1504 611 Elia,
1542 547 1810 618 quomodo
1841 548 1954 616 ipse

373 644 514 697 Elius
538 659 567 695 a
601 656 728 712 rege
754 640 1081 711 nequissimo
1101 638 1190 709 (IIl
1223 639 1348 709 Reg.
1377 638 1554 709 xvm).
1586 640 1687 693 Aut
1711 637 1833 707 quia
1864 635 1960 690 ﬂa-

374 734 602 804 gellatus
658 741 740 786 est
785 730 1042 785 Dominus
1087 745 1116 783 a
1161 731 1588 799 persecutoribus
1615 771 1628 795 ,
1679 737 1957 798 propterea

386 824 722 894 passionibus
752 823 866 892 ejus
891 820 1233 892 comparandi
1260 828 1384 874 sunt
1412 834 1544 888 quos
1570 821 1682 888 ipse
1712 817 1778 873 de
1819 828 1956 871 tem-

376 917 463 985 plo
513 913 810 984 llagellatos
852 913 1028 981 ejecit.
1074 911 1260 965 Restat
1297 925 1423 980 ergo
1452 919 1510 964 ut
1534 909 1664 963 nihil
1692 909 1834 962 aliud
1863 923 1955 962 rc-

374 1005 692 1076 quirendum
723 1019 842 1059 esse
873 1002 1177 1068 fateamini,
1219 1001 1319 1054 nisi
1342 1011 1518 1055 utrum
1541 1000 1683 1069 jnste
1709 1015 1774 1053 an
1803 1000 1962 1068 impie

376 1114 467 1152 vos
492 1098 869 1166 separaveritis
898 1111 926 1148 a
949 1096 1326 1150 communione
1345 1093 1489 1148 orbis
1515 1102 1795 1149 terrarum.
1831 1093 1959 1148 Nam

375 1190 418 1244 si
451 1189 554 1244 hoc
584 1191 862 1244 inventum
892 1187 1054 1242 fuerit
1082 1187 1223 1256 quod
1254 1185 1417 1256 impie
1448 1187 1701 1251 feceritis,
1731 1201 1836 1240 non
1860 1186 1962 1239 mi-

375 1280 565 1334 remini
594 1280 638 1335 si
669 1294 774 1334 non
804 1279 998 1333 desunt
1024 1278 1252 1332 ministri
1299 1277 1410 1332 Deo
1439 1291 1533 1344 per
1557 1291 1690 1346 quos
1733 1277 1965 1347 ﬂagelle-

376 1369 500 1423 mini
523 1387 536 1422 :
558 1370 676 1438 quia
707 1369 1130 1437 persecutionem
1163 1367 1422 1436 patimini,
1452 1382 1558 1420 non
1590 1384 1616 1418 a
1648 1366 1820 1431 nobis,
1844 1366 1960 1430 sed,

381 1462 520 1514 sicut
542 1461 798 1531 scriptum
817 1467 917 1526 est,
937 1459 1004 1512 ah
1030 1459 1157 1528 ipsis
1183 1457 1334 1512 factis
1356 1457 1547 1512 vestris
1571 1456 1722 1527 (ευρ.
1745 1473 1817 1523 xi,
1845 1457 1904 1508 2|
1919 1458 1961 1526 ).

444 1552 671 1608 CAPUT
711 1551 828 1607 XX.
855 1583 922 1592 -—
949 1552 1036 1606 44.
1065 1551 1252 1606 Ρετιι.
1273 1549 1408 1604 dixit
1439 1549 1672 1604 :Clamat
1701 1564 1880 1601 rursus
1900 1550 1964 1602 de

376 1646 498 1697 cwlo
532 1643 778 1697 Dominus
826 1642 1055 1697 Christus
1081 1642 1148 1694 ad
1201 1640 1423 1694 Paulum
1452 1656 1471 1694 :
1504 1659 1522 1692 ι
1557 1639 1734 1705 Saule,
1782 1639 1960 1705 Saule,

376 1738 498 1807 quid
528 1754 604 1791 me
643 1736 992 1806 persequeris?
1045 1734 1242 1788 Durant
1274 1743 1346 1787 est
1392 1733 1481 1786 tibi
1505 1741 1680 1786 contra
1708 1732 1965 1785 stimulum

376 1830 636 1882 calcitrare
671 1847 690 1880 ο
723 1826 858 1900 (Act.
910 1843 957 1880 ιι
979 1868 990 1890 ,
1024 1826 1078 1890 4,
1112 1825 1188 1895 ὕ).
1222 1823 1415 1879 Saulus
1457 1833 1576 1876 tunc
1601 1823 1762 1875 dictus
1792 1830 1881 1886 est,
1909 1831 1965 1874 ut

375 1921 419 1971 ei
446 1918 763 1989 postmodum
788 1916 1054 1984 Baptisma
1082 1924 1398 1984 componeret
1423 1930 1628 1968 nomen.
1668 1913 1818 1967 Vobis
1844 1930 1964 1984 ergo

376 2029 472 2063 non
499 2012 684 2062 durum
709 2019 780 2063 est
806 2008 1058 2062 Christum
1083 2007 1227 2060 toties
1259 2005 1489 2075 persequi
1516 2005 1566 2058 in
1617 2003 1962 2058 sacerdotibus

373 2104 475 2156 suis
503 2104 541 2167 ¹,
583 2101 802 2154 Domino
843 2101 953 2170 ipso
978 2099 1246 2161 clamante,
1291 2116 1308 2148 ι
1345 2096 1425 2150 Ne
1453 2097 1719 2165 tetigeritis
1742 2095 1957 2150 christos

375 2202 566 2248 meos'i
627 2193 801 2263 (I’sal.
856 2207 962 2255 etv,
1016 2191 1144 2258 I5)?
1187 2189 1496 2244 Sanctorum
1557 2197 1842 2255 computate
1895 2195 1964 2239 tot

378 2289 578 2353 funera,
620 2293 666 2336 et
693 2283 910 2334 vivacem
945 2280 1198 2334 Christum
1228 2279 1371 2332 toties
1401 2278 1670 2330 occidistis.
1700 2276 1962 2331 Postremo

375 2378 417 2426 si
444 2373 718 2443 sacrilegus
741 2388 840 2426 non
867 2373 956 2437 sis,
987 2379 1190 2423 sanctus
1217 2385 1323 2422 esse
1349 2386 1448 2422 non
1469 2377 1608 2438 potes
1637 2367 1912 2422 homicida.

445 2465 534 2519 l5.
576 2466 710 2518 Aac.
742 2461 1019 2532 rcSpondit
1048 2480 1059 2514 :
1094 2459 1372 2515 Defendite
1416 2474 1512 2513 vos
1565 2459 1708 2527 ipsos
1733 2473 1760 2511 a
1787 2472 1963 2527 perse-

373 2557 606 2619 cutione,
635 2571 794 2624 quam
825 2554 961 2624 passi
988 2562 1112 2608 sunt
1137 2569 1166 2608 a
1196 2553 1386 2606 vestris
1411 2551 1500 2621 qui
1531 2566 1652 2604 eum
1685 2550 1960 2604 Maximia-

375 2668 444 2706 no
468 2667 527 2706 se
552 2667 581 2704 a
608 2650 756 2704 vobis
785 2655 1168 2719 Separaverunt
1191 2663 1205 2710 ;
1240 2653 1297 2701 et
1327 2644 1434 2698 illic
1477 2644 1757 2699 invenietis
1782 2642 1963 2696 defen-

373 2747 575 2798 sionem
611 2752 878 2796 nostram.
914 2741 970 2794 Si
1024 2739 1166 2794 enim
1217 2737 1391 2792 dicitis
1438 2751 1541 2790 non
1588 2751 1682 2789 vos
1737 2733 1956 2797 fecisse;

375 2836 532 2890 Gesta
565 2834 962 2906 proconsular-ia
1005 2841 1059 2886 et
1099 2825 1436 2898 municipalia
1461 2828 1766 2882 reeitamus.
1799 2825 1854 2881 Si
1876 2825 1960 2879 di-

373 2926 494 2980 citis
546 2933 694 2980 recte
735 2939 835 2978 vos
863 2923 966 2976 illis
1008 2921 1236 2984 fecisse;
1284 2934 1378 2974 cur
1427 2917 1525 2986 ipsi
1557 2917 1679 2971 talia
1719 2916 1824 2986 pati
1853 2930 1958 2969 non

374 3013 572 3068 vultis?
601 3015 658 3068 Si
683 3013 880 3078 dicitis,
912 3011 1016 3066 Sed
1042 3025 1139 3064 nos
1159 3009 1390 3063 schisma
1439 3022 1542 3062 non
1571 3006 1826 3070 fecimus;
1860 3006 1962 3060 hoc

374 3119 499 3174 ergo
523 3115 815 3174 qumratur,
839 3111 894 3156 et
922 3110 1204 3170 antequam
1247 3106 1453 3152 constet
1479 3114 1544 3151 an
1578 3099 1646 3151 ita
1681 3097 1769 3161 sit,
1804 3111 1963 3150 nemo

376 3206 746 3266 persecutores
793 3202 1026 3248 accuset.
1062 3192 1115 3246 Si
1139 3191 1329 3250 dicitis
1386 3190 1546 3243 etiam
1595 3188 1962 3244 sehismaticos

378 3288 797 3358 persecutionem
829 3285 931 3354 pati
958 3299 1062 3338 non
1093 3282 1342 3336 debuisse
1369 3299 1379 3332 :
1411 3294 1591 3350 quacro
1619 3289 1795 3334 utrum
1823 3278 1962 3333 etde

381 3380 615 3435 basilicis
645 3421 660 3444 ,
691 3379 743 3432 in
770 3378 960 3448 quibus
1000 3376 1317 3430 insidiantur
1355 3373 1421 3426 ad
1450 3371 1784 3426 scdueendos
1811 3370 1960 3424 infir-

341 3505 344 3512 -
381 3486 512 3535 mos,
539 3469 735 3538 expelli
767 3483 862 3536 per
904 3466 1176 3521 ordinatas
1219 3472 1508 3532 potestates
1549 3477 1655 3516 non
1695 3460 1962 3515 debeant?

378 3560 431 3615 Si
456 3561 654 3622 dicitis,
690 3573 788 3612 nec
827 3557 926 3610 hoc
955 3555 1152 3610 debere
1178 3572 1190 3608 :
1222 3553 1428 3608 reddite
1450 3553 1596 3623 prius
1624 3551 1959 3605 Maximiani-

379 3652 470 3705 slis
503 3651 772 3711 basilicas,
805 3659 858 3700 et
893 3648 969 3701 sic
999 3646 1274 3700 nobiseum
1313 3645 1472 3714 agite.
1505 3644 1560 3698 Si
1599 3642 1772 3697 dicitis
1796 3641 1962 3696 dche-

382 3756 434 3793 re
459 3759 469 3792 :
501 3740 727 3809 quaerite
751 3738 860 3806 jam
887 3736 1010 3806 quid
1035 3736 1138 3804 pati
1165 3735 1396 3788 debeant
1423 3749 1453 3785 a
1483 3731 1832 3802 potestatibus
1877 3745 1962 3782 or-

382 3830 590 3895 dinatis,
618 3828 711 3898 qui
748 3829 826 3881 eis
858 3825 1172 3887 resistendo,
1214 3823 1307 3876 Dei
1335 3821 1655 3876 ordinatioui
1685 3823 1960 3874 resistunt.

383 3923 528 3977 l'ndc
578 3933 765 3992 aperte
806 3919 1089 3988 Apostolus
1127 3916 1290 3970 dicit:
1324 3913 1445 3968 Non
1489 3913 1622 3967 enim
1669 3912 1776 3965 sine
1810 3927 1964 3964 causa

380 4015 605 4082 gladium
635 4021 837 4081 portat;
864 4010 1047 4063 vindex
1073 4016 1145 4060 est
1171 4006 1301 4058 enim
1326 4006 1377 4058 in
1393 4005 1520 4056 iram
1541 4003 1680 4074 eiqui
1708 4001 1838 4053 male
1859 4000 1964 4070 agit

382 4101 554 4169 (Rom.
584 4117 700 4168 xm,
721 4100 779 4167 2,
803 4099 879 4169 ὀ).
907 4098 1056 4165 Quod
1089 4097 1132 4149 si
1172 4096 1389 4149 omnino
1429 4093 1708 4162 diligenter
1745 4090 1964 4145 veritate

381 4202 596 4248 tractata
621 4193 723 4247 hoc
749 4192 1018 4246 inventum
1044 4188 1222 4252 fuerit,
1247 4195 1303 4240 ut
1327 4200 1424 4240 nec
1449 4201 1544 4254 per
1563 4184 1758 4253 judicia
1793 4183 1964 4252 publi-

379 4301 438 4338 ca
465 4283 790 4339 schismatiei
818 4281 1015 4352 aliquid
1047 4281 1150 4350 pati
1177 4279 1426 4341 debeant,
1453 4291 1553 4332 nec
1581 4276 1646 4330 de
1677 4276 1808 4330 locis
1836 4276 1965 4330 insi-

381 4379 586 4431 diarum
614 4387 669 4430 ct
699 4375 1026 4430 fallaciarum
1050 4387 1264 4426 suarmu
1291 4369 1451 4440 pelli;
1483 4379 1536 4422 et
1555 4367 1797 4421 dixeritis
1816 4369 1965 4422 vobis

381 4469 685 4538 displicere,
736 4466 876 4537 quod
923 4463 1324 4518 Maximianistae
1351 4476 1380 4514 a
1411 4458 1726 4530 quibusdam
1774 4457 1966 4512 vestris

383 4560 477 4613 ista
525 4558 764 4628 perpessi
805 4565 929 4611 sunt
961 4572 973 4608 :
1002 4570 1097 4608 cur
1143 4567 1246 4606 non
1292 4551 1542 4604 liberius’
1570 4549 1638 4603 de
1683 4559 1794 4602 toto
1837 4563 1966 4618 agro

385 4650 612 4716 Domini,
642 4648 692 4702 id
725 4656 826 4711 est,
858 4647 924 4700 de
954 4654 1065 4699 tozo
1090 4643 1289 4697 mumlo
1319 4642 1549 4695 clamant
1577 4641 1836 4694 frumenta
1866 4645 1964 4692 ilo-

385 4741 466 4794 mi;
493 4741 594 4804 ica,
648 4737 757 4792 Nec
797 4737 860 4790 ad
911 4750 1009 4789 nos
1054 4734 1280 4803 pertinet
1307 4732 1445 4801 quod
1486 4732 1684 4784 zizania
1716 4731 1797 4785 vel
1824 4729 1964 4799 quod

388 4832 531 4900 palea
565 4841 745 4884 nostra
768 4827 1072 4887 connniltit,
1100 4826 1217 4895 quia
1248 4824 1490 4892 displicet
1525 4822 1716 4877 nobis?
1739 4823 1792 4876 Si
1818 4821 1966 4875 vobis

385 4923 627 4976 sufficere
651 4920 715 4974 ad
749 4919 1116 4989 purgationem
1147 4915 1407 4980 fatemini,
1431 4915 1679 4984 quoniam
1711 4912 1964 4982 quidquid

386 5012 502 5065 mali
527 5012 584 5064 fit
610 5027 637 5064 a
667 5009 878 5073 vestris,
911 5007 1155 5075 displicet
1195 5004 1380 5058 vobis:
1408 5018 1575 5073 quare
1603 5018 1699 5057 vos
1727 5017 1853 5072 ergo
1882 5016 1968 5056 se-

389 5103 653 5169 parastis?
685 5100 821 5154 tlinc
847 5100 989 5154 enim
1015 5113 1106 5152 vos
1131 5105 1346 5151 accusat
1369 5096 1478 5163 ipsa
1504 5105 1681 5149 vestra
1706 5093 1963 5147 defensio.

381 5191 436 5245 Si
481 5194 621 5247 enim
663 5200 943 5262 propterea
969 5204 1062 5243 vos
1101 5189 1168 5242 ab
1198 5187 1392 5257 iniquis
1414 5185 1576 5256 partis
1605 5185 1792 5238 Donati
1811 5184 1830 5214 ³
1861 5199 1965 5237 non

380 5286 660 5355 separatis,
691 5287 814 5353 quia
857 5282 1217 5350 unusquisque
1258 5278 1520 5332 sarcinam
1567 5291 1717 5329 suam
1750 5283 1963 5344 portat;

381 5389 481 5427 cor
505 5376 570 5428 ab
601 5373 794 5441 iniquis
839 5372 986 5425 orbis
1015 5381 1296 5431 terrarum,
1325 5383 1458 5438 quos
1479 5367 1672 5436 putatis
1700 5376 1790 5418 aut
1814 5366 1966 5436 lingi-

385 5466 477 5529 tis,
498 5481 590 5518 vos
615 5464 904 5534 separastis
922 5469 946 5516 ‘t
982 5465 1058 5515 An
1087 5471 1140 5514 ut
1170 5461 1431 5514 sarcinam
1456 5457 1755 5513 schismatis
1782 5471 1968 5511 omnes

385 5559 585 5626 pariter
614 5554 933 5626 portarctis?

419 5732 430 5740 ο
455 5671 466 5701 ³
495 5670 630 5726 inditi,
654 5668 739 5731 qui
759 5668 810 5740 iu
831 5665 1159 5740 sacerdotibus
1197 5663 1312 5715 suis.
1341 5665 1654 5726 tixpungitur,
1681 5661 1778 5726 qui,
1809 5670 1970 5712 aucto-

377 5732 534 5780 ritate
556 5732 1005 5791 mumscriptot‘um.

455 5794 474 5823 ¹
500 5805 596 5842 sm.
619 5801 674 5842 et
698 5789 824 5847 Mss,
840 5789 1044 5840 uberius.

460 5854 480 5921 τὰ
501 5855 634 5921 editi,
667 5853 845 5917 iniqui:
878 5851 1091 5915 partibus
1129 5850 1314 5901 Donati.
1352 5850 1671 5898 Fmendantur
1714 5861 1773 5898 ex
1800 5861 1966 5896 mauu-

377 5925 601 5976 <ertplts.

1715 432 1912 488 Lmen
1956 412 2326 489 SECUNDUS.

3548 441 3648 498 27$

2139 547 2227 602 46.
2259 549 2323 602 Ει
2349 564 2466 603 cum
2495 549 2779 620 qumrimus
2802 565 2826 601 τι
2857 550 3026 619 vobis,
3056 567 3189 622 quos
3223 563 3454 608 vestrum
3483 572 3510 608 a
3545 571 3642 608 uo-

2066 638 2191 694 stris
2220 639 2454 708 probetis
2502 640 2726 696 occisos.
2760 639 2966 695 Nullam
2997 641 3211 712 quidem
3259 645 3428 713 legem
3455 644 3523 698 ab
3545 645 3643 698 im.

2067 729 2402 796 peratoribus
2429 729 2602 784 datam
2631 739 2687 785 ut
2714 731 3086 787 occidercmiui
3137 734 3334 787 recolo.
3373 733 3447 786 llli
3471 745 3645 790 autem

2067 820 2134 875 de
2157 821 2348 890 quibus
2403 822 2688 876 maximam
2736 823 2984 877 invidiam
3047 823 3224 879 facere
3253 827 3459 891 soletis,
3513 827 3648 881 Mar-

2066 911 2217 964 culus
2248 919 2300 965 et
2329 912 2564 966 Donatus
2588 953 2602 975 ,
2635 923 2689 966 ut
2733 913 3056 968 moderatius
3105 915 3348 980 dixerim,
3385 917 3645 971 incertum

2066 1011 2148 1056 cst
2173 1011 2346 1056 utrum
2387 1018 2446 1057 se
2485 1003 2584 1072 ipsi
2628 1004 3077 1073 praecipitaverint
3105 1047 3120 1071 ,
3165 1007 3298 1061 sicut
3339 1016 3510 1062 vestra
3551 1009 3638 1061 do-

2064 1093 2232 1146 etrina
2266 1107 2368 1145 non
2399 1103 2574 1147 cessat
2617 1094 2935 1163 quotidianis
2970 1096 3227 1164 exemplis
3253 1113 3267 1160 ;
3297 1113 3362 1150 an
3393 1115 3518 1152 vero
3545 1099 3647 1150 ali-

2068 1185 2219 1253 Clljlts
2240 1191 2516 1254 potestatis
2538 1185 2690 1255 jussu
2723 1187 3034 1256 prmcipitali
3066 1189 3191 1240 sint.
3223 1188 3276 1242 Si
3301 1189 3442 1243 enim
3476 1189 3652 1243 incre-

2068 1277 2229 1331 dibile
2279 1287 2360 1332 est
2405 1279 2688 1348 magistros
2734 1279 3236 1333 Circumcellionmn
3288 1279 3472 1333 solitas
3503 1296 3646 1333 mur-

2069 1381 2146 1422 tes
2176 1369 2387 1423 sibimet
2431 1371 2691 1435 intulisse,
2721 1379 2917 1439 quanto
2973 1370 3334 1426 incredibilius
3363 1380 3650 1440 potestates

2067 1462 2333 1515 Romanas
2363 1463 2572 1516 insolita
2624 1463 2878 1531 supplicia
2915 1463 3105 1532 jubere
3161 1466 3394 1533 potuisse
3423 1465 3445 1517 ?
3475 1466 3650 1534 Itaque

2065 1554 2132 1608 de
2158 1554 2256 1608 hac
2284 1571 2360 1616 re,
2391 1570 2545 1623 quam
2575 1555 2728 1608 nimis
2779 1554 3088 1607 invidiosam
3137 1556 3348 1621 putatis,
3381 1556 3425 1609 si
3465 1571 3647 1609 verum

2065 1647 2303 1716 estquod
2324 1647 2517 1707 dicitis,
2543 1646 2666 1716 quid
2692 1645 2790 1699 hoc
2835 1647 3064 1714 pertinet
3093 1645 3157 1698 ad
3193 1646 3515 1699 dominicum
3551 1649 3641 1698 tri-

2067 1739 2228 1792 ticum
2256 1739 2279 1792 ?
2333 1739 2485 1793 Palca
2515 1754 2630 1807 qua:
2655 1737 2797 1792 foras
2837 1737 3053 1804 volavit,
3105 1739 3308 1806 paleam
3338 1753 3457 1807 qua:
3504 1737 3649 1791 intus

2066 1828 2321 1884 remansit
2369 1838 2621 1882 accuset:
2666 1844 2769 1881 non
2811 1828 2951 1882 enim
2986 1838 3092 1881 tota
3145 1829 3358 1896 poterit.
3393 1829 3492 1881 nisi
3523 1843 3650 1881 vcn-

2066 1921 2258 1975 tilabro
2287 1920 2474 1974 ultimo
2527 1918 2785 1988 separari.
2835 1918 2890 1973 Si
2945 1928 3119 1972 autem
3155 1919 3341 1972 falsum
3392 1928 3493 1984 cst,
3526 1917 3651 1987 quid

2066 2012 2257 2066 mirum
2271 2011 2313 2065 si
2345 2011 2494 2080 palea
2527 2009 2892 2079 tanquamlevi
2926 2009 3049 2062 flatu
3078 2007 3428 2061 dissensionis
3454 2007 3647 2069 ablata,

2064 2102 2222 2156 etiam
2251 2101 2570 2156 dominicum
2593 2100 2819 2156 triticum
2852 2098 2997 2153 falsis
3023 2097 3479 2152 criminationibus
3508 2097 3644 2149 inse-

2065 2193 2279 2248 ctatur?
2327 2192 2661 2260 Quapropter
2707 2191 2774 2247 de
2823 2189 3070 2243 omnibus
3129 2189 3324 2242 talibus
3368 2187 3646 2242 invidiosis

2063 2283 2374 2339 criminibus
2417 2283 2517 2336 hoc
2558 2283 2707 2336 vobis
2758 2281 3078 2335 frumentum
3134 2278 3352 2344 Christi,
3385 2279 3523 2348 quod
3557 2293 3650 2347 per

2063 2391 2268 2447 agrum,
2301 2375 2350 2429 id
2379 2384 2479 2440 est,
2510 2392 2604 2445 per
2629 2383 2793 2428 totum
2826 2373 3079 2427 mundum
3102 2387 3222 2427 cum
3253 2373 3472 2426 zizaniis
3497 2387 3646 2426 creso

2062 2483 2185 2523 cere
2206 2467 2410 2537 jussum
2439 2477 2539 2531 est,
2586 2467 2749 2521 libera
2803 2475 2856 2521 et
2907 2480 3096 2521 secura
3137 2479 3268 2518 voce
3316 2463 3647 2534 respondet:

2063 2564 2117 2618 Si
2147 2579 2251 2617 non
2277 2562 2513 2632 probatis
2537 2560 2674 2632 quod
2704 2560 2901 2628 dicitis,
2937 2557 3003 2614 ad
3055 2559 3324 2634 neminem
3375 2558 3604 2627 pertinet
3629 2575 3642 2620 ;

2062 2656 2104 2710 si
2135 2666 2312 2709 autem
2344 2653 2599 2724 probatis,
2645 2652 2711 2706 ad
2738 2667 2823 2706 me
2847 2667 2953 2706 non
2987 2653 3234 2719 pertinet.
3264 2651 3342 2704 Ex
3358 2665 3463 2719 quo
3513 2650 3569 2703 lit
3597 2659 3651 2704 ut

2063 2747 2380 2814 quicumque
2407 2759 2465 2798 se
2485 2743 2552 2797 ab
2577 2744 2674 2796 ista
2711 2742 2917 2796 unitate
2959 2740 3209 2794 frumenti
3257 2749 3475 2809 propter
3504 2741 3646 2793 ziza-

2064 2837 2272 2890 niorum
2297 2836 2381 2890 vel
2423 2835 2588 2905 palea:
2643 2833 2865 2887 erimina
2898 2833 3184 2900 separavit,
3228 2840 3446 2902 propter
3477 2833 3646 2900 ipsum

2062 2926 2410 2981 dissensionis
2441 2935 2496 2980 ct
2544 2923 2846 2979 sehismatis
2875 2924 3068 2978 malum
3097 2937 3196 2978 nec
3237 2923 3303 2976 ah
3334 2922 3448 2992 ipso
3473 2923 3650 2978 crimi.

2064 3033 2131 3071 ne
2156 3017 2423 3072 homicidii
2451 3030 2508 3072 se
2542 3015 2707 3086 possit
2757 3013 3066 3079 defendere,
3119 3013 3326 3068 dicente
3352 3014 3645 3083 Scriptura,

2067 3110 2167 3175 Qui
2191 3110 2293 3164 odit
2322 3109 2527 3178 fratrem
2547 3125 2712 3169 suum,
2741 3107 2994 3160 homicida
3027 3115 3097 3159 est
3121 3105 3139 3177 (
3167 3105 3183 3157 1
3218 3105 3374 3159 .Ioan.
3405 3121 3482 3171 ttt,
3515 3107 3582 3162 15
3608 3107 3646 3175 ).

2134 3200 2360 3256 CAPUT
2408 3199 2544 3254 XXI.
2569 3199 2737 3253 -—47.
2759 3198 2943 3252 PETIL.
2967 3196 3097 3251 dixit
3121 3215 3133 3250 :
3161 3195 3319 3268 Ergo,
3339 3205 3391 3249 ut
3409 3197 3648 3262 diximus,

2065 3292 2312 3346 Dominus
2340 3289 2566 3346 Christus
2594 3290 2828 3343 clamavit
2852 3289 2920 3342 ad
2949 3287 3190 3354 Paulum,
3214 3307 3233 3341 ι
3257 3287 3435 3353 Saule,
3467 3289 3644 3354 Saule,

2063 3383 2185 3453 quid
2217 3399 2294 3436 me
2329 3380 2681 3452 persequeris?
2709 3379 2905 3432 Durum
2924 3389 2994 3433 est
3015 3379 3102 3432 tibi
3126 3379 3364 3433 adversus
3377 3380 3638 3433 stimulum

2063 3473 2344 3526 calcitrare.
2373 3490 2390 3523 ι
2415 3470 2551 3524 Dixit
2571 3482 2738 3539 autem
2766 3468 2959 3523 Paulus
2988 3486 3006 3523 :
3041 3488 3060 3521 ί
3093 3469 3219 3535 Quis
3235 3486 3306 3536 es,
3335 3469 3594 3525 Domine?
3625 3491 3642 3522 ι

2068 3564 2225 3634 Eique
2250 3580 2540 3633 responsum
2567 3575 2637 3617 est
2665 3581 2680 3617 :
2710 3581 2727 3612 ι
2764 3561 2878 3633 Ego
2899 3562 3126 3616 Christus
3160 3561 3480 3628 Nazarcnus,
3506 3578 3650 3630 quem

2066 3664 2118 3708 tu
2141 3655 2465 3724 persequeris.
2501 3672 2519 3705 ι
2554 3654 2616 3706 Et
2644 3655 2730 3706 ille
2749 3664 2961 3705 tremens
2981 3669 3040 3706 ac
3063 3662 3266 3722 stupens
3295 3653 3424 3706 dixit
3447 3670 3464 3706 :
3492 3671 3510 3704 ‹
3544 3652 3649 3707 Ι)οο

2065 3749 2215 3811 mine,
2242 3748 2364 3816 quid
2413 3763 2491 3799 me
2531 3747 2604 3798 vis
2635 3748 2800 3815 facere
2829 3746 2853 3797 ?
2888 3763 2906 3796 ι
2959 3745 3023 3797 Et
3072 3745 3321 3798 Dominus
3345 3745 3414 3796 ad
3455 3745 3600 3796 illum
3633 3761 3650 3797 :

2072 3855 2089 3888 ι
2130 3839 2314 3907 Surge,
2341 3847 2385 3888 et
2411 3837 2543 3886 intra
2586 3836 2638 3886 in
2669 3835 2937 3897 civitatem,
2981 3844 3026 3886 et
3075 3834 3270 3886 dicetur
3321 3835 3410 3886 tibi
3447 3835 3568 3902 quid
3599 3846 3647 3888 te

2065 3939 2290 3998 Oporteat
2313 3927 2495 3996 facere.
2529 3945 2546 3977 ι
2577 3925 2643 3978 Et
2663 3924 2991 3993 interpositis,
3026 3941 3042 3974 ι
3074 3924 3485 3978 Surrexitautem
3511 3925 3648 3978 Sau-

2066 4022 2145 4075 lus
2165 4020 2226 4074 de
2247 4029 2377 4073 terra
2397 4059 2411 4084 ,
2445 4018 2726 4088 apertisque
2757 4015 2918 4070 oculis
2964 4015 3068 4068 suis
3116 4014 3244 4068 nihil
3294 4014 3507 4068 uidebat.
3541 4035 3559 4068 ι
3604 4017 3647 4069 0

2065 4112 2222 4165 ultrix
2277 4109 2462 4178 furoris
2509 4109 2727 4171 cwcitas,
2781 4107 3045 4161 oculorum
3087 4107 3428 4177 persequentis
3475 4106 3640 4160 lumen

2067 4201 2350 4264 obnubilas,
2372 4200 2480 4254 solo
2521 4197 2784 4268 Baptismo
2811 4213 3063 4251 recessura
3089 4197 3109 4250 !
3141 4193 3410 4249 Videamus
3446 4213 3566 4265 ergo
3596 4198 3647 4249 in

2066 4295 2262 4348 civitate
2305 4292 2426 4361 quid
2475 4291 2642 4360 gessit.
2673 4308 2690 4340 ι
2725 4287 2964 4352 Introiit,
3003 4307 3021 4341 ι
3051 4289 3238 4358 inquit,
3275 4305 3294 4338 ι
3332 4289 3555 4341 Ananias
3578 4289 3646 4342 ad

2069 4386 2302 4449 Saulum,
2327 4392 2372 4438 et
2401 4399 2515 4436 cum
2535 4381 2850 4451 imposuisset
2891 4380 2939 4434 ei
2989 4395 3188 4445 manus,
3212 4379 3282 4432 ait
3305 4396 3324 4433 :
3353 4379 3512 4434 Saule
3536 4382 3644 4450 fra-

2067 4488 2159 4542 ter,
2189 4476 2432 4530 Dominus
2461 4475 2593 4527 misit
2635 4489 2713 4525 me
2753 4471 2922 4536 Iesus,
2965 4471 3205 4540 quivisus
3231 4479 3303 4524 est
3345 4471 3433 4524 tibi
3475 4473 3526 4523 in
3568 4473 3647 4524 via

2067 4549 2164 4641 qua
2189 4567 2434 4629 veniebas,
2456 4574 2508 4617 ut
2537 4564 2706 4616 videas
2735 4573 2779 4616 et
2801 4562 3059 4629 implearis
3086 4561 3284 4632 Spiritu
3301 4571 3494 4615 sancto.
3516 4560 3641 4614 Cou-

2070 4662 2234 4731 festim
2273 4657 2553 4711 ceciderunt
2596 4656 2658 4707 ab
2709 4654 2867 4707 oculis
2905 4653 3014 4721 ejus
3063 4662 3301 4722 tanquam
3334 4667 3574 4716 squama',
3601 4661 3647 4705 et

2067 4755 2226 4806 visum
2250 4750 2452 4821 recepit,
2473 4757 2518 4801 et
2544 4763 2754 4816 surgens
2773 4745 3056 4813 baptizatus
3077 4754 3149 4798 est
3179 4763 3197 4796 ι
3221 4741 3351 4816 (Act.
3376 4759 3449 4809 tx,
3473 4743 3613 4810 4-18)
3628 4782 3642 4796 .

2068 4844 2192 4898 Cum
2213 4843 2364 4913 igitur
2390 4839 2583 4893 Paulus
2603 4855 2633 4890 a
2655 4837 2862 4891 crimine
2881 4835 3206 4905 persequendi
3228 4833 3492 4902 Baptismo
3523 4835 3644 4886 libe-

2067 4945 2225 4996 ratus,
2270 4933 2440 4987 oculos
2482 4929 2750 5000 sumpserit
2788 4929 3348 4990 innocentes;curnon
3381 4925 3454 4979 vis
3475 4940 3644 4994 perse¢

2068 5036 2210 5080 cntor
2228 5035 2272 5078 et
2308 5023 2519 5074 traditor
2543 5035 2703 5074 catcus
2736 5019 2868 5089 falso
2897 5017 3194 5088 baptismate
3235 5017 3297 5070 ab
3336 5016 3398 5069 iis
3421 5031 3546 5083 quos
3567 5015 3646 5066 inc

2069 5117 2285 5184 sequeris
2311 5113 2554 5180 baptizari
2575 5112 2600 5166 ?

2143 5233 2232 5286 48.
2284 5232 2415 5284 Avo.
2457 5227 2773 5298 respondit:
2820 5225 2924 5280 Nec
2952 5233 3352 5297 persecutorem
3403 5237 3499 5276 nec
3531 5231 3635 5275 tra-

2074 5325 2299 5379 ditorcm
2329 5320 2542 5392 probas,
2569 5336 2724 5391 quem
2754 5320 2832 5374 vis
2847 5319 3020 5372 dcmm
3043 5317 3330 5385 baptizare.
3363 5315 3428 5368 Et
3457 5313 3500 5366 si
3522 5329 3645 5382 pro-

2073 5417 2166 5470 bas
2181 5415 2431 5482 aliquem,
2464 5429 2568 5466 non
2604 5409 3068 5466 csttamendcnuo
3089 5405 3433 5475 baptizandus
3456 5419 3642 5474 perse-

2073 5519 2223 5563 cutor
2251 5515 2304 5562 et
2331 5505 2576 5566 traditur,
2603 5504 2646 5558 si
2673 5503 2781 5572 jam
2821 5500 3014 5556 Christi
3065 5500 3333 5566 Baptismo
3356 5497 3649 5566 baptizatus

2073 5606 2174 5652 est.
2209 5595 2427 5651 Paulum
2450 5593 2642 5663 quippe
2672 5599 2950 5661 propterea
2971 5589 3219 5658 baptizari
3235 5587 3487 5656 oportuit,
3521 5587 3643 5655 quia

2074 5704 2342 5758 nunquam
2373 5687 2460 5740 tali
2493 5686 2753 5754 baptismo
2779 5685 2972 5738 tinctus
3021 5681 3134 5734 fuit.
3171 5681 3348 5749 Itaque
3393 5679 3518 5732 nihil
3557 5679 3647 5732 ha-

2075 5782 2166 5836 bct
2193 5779 2364 5834 simile
2389 5779 2454 5833 ad
2483 5794 2693 5833 causam
2722 5792 2877 5844 quam
2905 5773 3188 5827 uobiscum
3220 5771 3395 5842 agitis,
3424 5769 3561 5839 quod
3584 5769 3652 5822 de

2078 5875 2240 5930 Paulo
2274 5877 2610 5944 interponere
2657 5868 3005 5927 voluisti.Sed
3034 5869 3078 5923 si
3120 5869 3219 5924 hoc
3248 5882 3353 5923 non
3421 5876 3653 5933 Interpo-
