4024 6196
413 458 518 512 ιλτῦ

417 575 640 637 suisscs,
675 570 858 640 puerili
887 565 1259 622 declamationi
1304 564 1478 617 locum
1531 576 1632 615 non
1679 555 1994 615 invenisses,

419 666 755 726 tibidicaes,
787 659 1008 714 Oultria:
1058 657 1247 726 furoris
1299 655 1519 716 cazcitas,
1574 650 1682 705 solo
1731 645 1995 716 Baptismo

417 774 672 814 recessura
699 757 719 808 .'
742 754 950 821 Quanto
977 751 1118 805 enim
1161 749 1344 802 fortius
1373 747 1424 800 itt
1464 759 1557 797 vos
1598 736 1998 797 exclamandum

417 850 580 914 esui")
609 848 770 902 ultrix
798 845 992 898 furoris
1033 841 1262 905 caecitas,
1281 855 1399 910 qua:
1423 852 1526 891 non
1574 835 1736 889 Paulo
1779 845 1999 898 compa-

419 953 553 1009 rata,
595 941 688 995 sed
731 937 957 1001 Simoni,
1004 951 1102 989 nec
1143 942 1362 1002 accepto
1413 930 1685 1000 Baptismo
1735 923 1938 980 recedit
1971 937 2000 974 a

419 1033 609 1087 vobis?
635 1031 766 1086 Nam
797 1030 840 1084 si
872 1035 1244 1099 persecutores
1275 1023 1341 1078 ab
1381 1023 1459 1077 eis
1489 1035 1622 1091 quos
1674 1030 2004 1088 persequun-

422 1134 504 1178 tur
535 1121 832 1193 baptizandi
861 1130 999 1185 sunt,
1047 1117 1346 1171 Pritnianus
1376 1129 1404 1166 a
1452 1109 1854 1166 lliaxinsianistis
1901 1105 1997 1158 ba-

425 1216 666 1280 ptizetur,
690 1227 823 1281 quos
848 1209 1232 1264 instantissime
1264 1212 1575 1274 persecutus
1597 1210 1698 1257 est.

493 1303 720 1359 CAPUT
762 1301 1002 1356 .\'.\'ll.-—
1024 1300 1114 1354 «19.
1140 1297 1320 1352 Ρετιι..
1345 1295 1477 1348 dixit
1501 1309 1515 1346 ε
1539 1292 1741 1346 Αιεηὶηι
1763 1300 2005 1342 constan-

424 1407 496 1449 ter
518 1394 793 1464 opponitis,
819 1393 946 1447 dixit
970 1388 1223 1460 Apostolis
1253 1386 1498 1448 Christus,
1536 1403 1552 1434 ‹
1583 1382 1678 1447 Qui
1701 1382 1852 1435 semet
1875 1379 2007 1432 lotus

423 1501 517 1556 est,
544 1506 644 1543 non
666 1488 809 1541 habet
831 1501 1036 1539 causam
1071 1482 1168 1536 nisi
1199 1481 1354 1551 pedes
1385 1478 1608 1542 lavandi,
1635 1475 1722 1530 sed
1747 1483 1820 1528 est
1856 1488 2007 1526 utun-

425 1581 519 1632 dus
550 1587 700 1630 totus.
730 1594 748 1627 ι
779 1574 836 1630 Si
864 1573 1008 1627 verba
1030 1573 1126 1625 ista
1167 1572 1311 1640 plene
1349 1568 1612 1630 discntias,
1663 1562 2006 1634 subsequenti-

425 1671 514 1722 bus
541 1668 794 1723 obtineris.
826 1664 915 1720 Sic
937 1677 1149 1732 namque
1171 1660 1363 1713 locutus
1394 1668 1486 1723 est,
1532 1657 1700 1709 dicens
1725 1671 1742 1706 :
1770 1675 1786 1706 ς
1816 1653 1916 1718 Qui
1937 1667 2013 1704 se-

429 1761 525 1813 mel
552 1761 685 1812 lotus
709 1767 800 1821 est,
825 1774 926 1809 non
953 1756 1337 1808 habet‘causam
1366 1750 1459 1804 nisi
1491 1748 1640 1816 pedes
1676 1745 1900 1808 lavandi,
1926 1743 2014 1797 sed

425 1861 496 1904 est
518 1849 734 1903 nntndus
761 1856 908 1900 totus.
937 1845 1002 1899 Et
1032 1861 1117 1898 vos
1143 1843 1315 1896 mundi
1344 1842 1480 1905 estis,
1510 1839 1598 1893 sed
1631 1855 1732 1891 non
1761 1852 1950 1890 omnes.
1990 1853 2007 1885 ι

434 1942 542 1997 Hoc
571 1950 736 1994 autem
757 1939 883 1992 dixit
906 1947 1110 2007 propter
1153 1933 1367 1992 Judam,
1392 1933 1475 1999 qui
1503 1946 1614 1982 eum
1665 1932 1826 1998 fuerat
1857 1927 2014 1978 tradi-

430 2046 570 2086 turus
594 2033 779 2100 (Joan.
825 2020 940 2095 xui,
971 2028 1058 2094 10,
1087 2028 1144 2081 ll
1266 2024 1502 2093 Quisquis
1548 2037 1664 2090 ergo
1692 2019 1906 2073 traditor
1931 2019 2012 2086 fa-

429 2135 537 2178 rtus
579 2141 648 2186 es,
679 2121 999 2191 Baptismum
1049 2117 1328 2186 perdidisti.
1373 2113 1598 2181 Denique
1625 2121 1887 2181 postquam
1911 2110 2018 2177 ipse

430 2220 700 2270 damnatas
724 2225 791 2267 est
833 2211 1045 2264 traditor
1087 2208 1293 2272 Christi,
1339 2205 1607 2276 Apostolos
1655 2203 1888 2257 undecim
1945 2201 2017 2254 sic

433 2312 630 2380 plenius
667 2307 1023 2378 conﬁrmavit:
1070 2323 1087 2356 ι
1115 2304 1236 2356 Jam
1271 2317 1354 2354 vos
1398 2299 1574 2353 mundi
1632 2298 1769 2363 estis,
1813 2304 2018 2366 propter

429 2421 706 2459 sermonem
728 2417 871 2470 quem
900 2400 1095 2454 locutus
1111 2413 1223 2451 sum
1248 2394 1403 2461 vobis.
1432 2392 1633 2445 Manete
1647 2391 1700 2443 in
1729 2406 1829 2454 me,
1853 2397 1898 2441 et
1929 2403 2017 2456 ego

431 2500 482 2550 in
532 2495 668 2548 vobis
706 2513 722 2545 ι
755 2491 886 2564 (Id.
940 2505 1030 2552 xv,
1084 2489 1138 2553 5,
1183 2486 1272 2557 4).
1318 2485 1383 2539 Et
1429 2485 1610 2538 iterum
1663 2483 1741 2535 his
1786 2479 2020 2534 undecim

433 2588 559 2641 dixit
591 2604 608 2640 ε
638 2605 654 2636 ι
694 2583 882 2637 Pace-tt
908 2578 1154 2634 meamdo
1201 2577 1358 2641 vobis,
1402 2591 1576 2646 pacem
1619 2590 1781 2626 nteant
1821 2571 2019 2625 dimitto

434 2679 567 2733 vobis
599 2699 614 2730 ι
647 2676 665 2748 (
695 2675 782 2730 Id.
813 2673 1008 2740 xw,‘27
1119 2669 1245 2724 Cum
1282 2669 1388 2722 luet:
1430 2683 1546 2737 ergo
1567 2666 1830 2729 damnato,
1863 2673 1914 2716 ut
1937 2663 2018 2715 di-

433 2771 599 2825 aimus
623 2811 636 2833 ,
666 2768 929 2830 traditore,
959 2762 1210 2831 Apostolis
1233 2759 1464 2813 undecim
1494 2758 1628 2810 dicta
1645 2757 1763 2820 sint,
1794 2772 1880 2808 vos
1904 2769 2022 2825 quo-

434 2879 526 2931 que
578 2859 844 2913 traditores
917 2852 1150 2908 similiter
1199 2867 1374 2922 pacem
1447 2859 1491 2903 et
1553 2847 1870 2916 Baptismum
1922 2861 2021 2898 non

436 2955 643 3009 habetis.

507 3047 594 3102 50.
631 3048 761 3102 Acc.
787 3045 1099 3114 respondit:
1144 3045 1200 3100 Si
1249 3057 1376 3116 ergo
1421 3023 1649 3110 perdidit
1690 3033 2021 3104 Biplismum

439 3142 680 3203 traditur,
713 3141 1003 3207 quisquisa
1046 3139 1196 3191 vobis
1241 3133 1537 3204 baptizatus
1593 3139 1774 3199 postea
1803 3125 2024 3180 traditur

441 3234 610 3288 fat-tus
633 3231 807 3291 fuerit.
852 3232 892 3284 si
943 3229 1006 3284 ad
1058 3244 1152 3283 vos
1192 3227 1370 3282 redire
1404 3223 1649 3282 voluerit,
1705 3219 1880 3272 demto
1928 3217 2023 3269 ba-

443 3326 688 3395 ptizetur.
722 3322 874 3391 Quod
919 3322 960 3374 si
999 3339 1102 3374 non
1134 3319 1326 3383 facitis,
1359 3317 1488 3370 satis
1531 3330 1624 3367 vos
1655 3311 1750 3380 ipsi
1775 3307 2025 3378 judicatis

444 3419 630 3473 falsum
663 3430 781 3470 esse
821 3414 959 3485 quod
1005 3413 1202 3467 dictum
1241 3419 1340 3466 est.
1391 3407 1450 3462 Si
1477 3406 1587 3474 quis
1642 3417 1761 3472 ergo
1815 3398 2028 3452 traditor

446 3513 608 3581 {actus
629 3525 699 3572 es,
728 3506 1043 3575 Baptismum
1071 3502 1354 3573 perdidisti.
1377 3500 1432 3552 Si
1461 3499 1602 3553 enim
1621 3492 1868 3564 perdidit,
1904 3489 2026 3543 red-

449 3613 605 3657 eatet
629 3600 847 3674 recipiat
883 3616 895 3653 :
925 3599 968 3652 si
1011 3607 1187 3652 autem
1221 3593 1354 3649 redit
1403 3601 1455 3646 et
1507 3605 1611 3643 non
1664 3585 1870 3654 recipit,
1923 3597 2026 3634 non

449 3693 769 3764 perdiderat.
795 3691 1012 3756 Deinde,
1045 3691 1089 3745 si
1153 3701 1428 3758 propterea
1466 3683 1664 3737 dictum
1695 3686 1778 3734 est
1802 3677 2030 3745 Aposto-

451 3790 534 3852 lis,
576 3787 695 3840 Jam
723 3802 808 3840 vos
835 3783 1007 3838 mundi
1039 3782 1155 3836 estis
1180 3797 1198 3845 ;
1221 3789 1291 3842 et,
1336 3777 1523 3830 Pacem
1566 3789 1727 3827 nteant
1752 3771 1815 3824 do
1854 3768 2032 3830 vobis;

450 3883 568 3950 quia
609 3881 719 3950 jam
775 3877 898 3933 inde
951 3876 1270 3931 discesserat
1321 3868 1540 3925 traditur
1573 3884 1586 3919 :
1617 3880 1722 3920 non
1763 3871 1879 3918 erat
1905 3873 2033 3929 ergo

455 3975 646 4029 nmnda
674 3970 974 4042 ct-paciliea
1025 3983 1177 4024 caena
1221 3966 1305 4019 illa
1336 3962 1464 4017 tanti
1493 3956 1846 4017 Sacramenti,
1874 3967 2032 4024 quam

457 4068 762 4133 priusquam
795 4063 810 4092 ¹
837 4061 922 4115 ille
946 4059 1135 4117 exiret,
1166 4053 1414 4110 omnibus
1450 4049 1615 4104 dedit.
1645 4045 1796 4111 Quod
1823 4047 1862 4096 s':
1886 4043 2034 4096 clau-

454 4158 528 4212 sis
558 4157 728 4210 ocnlis
771 4154 954 4207 dicere
981 4148 1210 4211 audetis,
1239 4143 1363 4213 quid
1411 4141 1664 4196 iaciamus
1705 4136 1802 4189 nisi
1861 4133 2036 4203 potius

455 4264 550 4303 nus
579 4248 958 4306 exclamemus,
988 4243 1031 4296 0
1060 4239 1219 4294 ultrix
1266 4234 1463 4289 furoris
1491 4231 1701 4286 caecitas
1729 4241 1914 4281 eorum
1944 4224 2032 4292 qui

457 4339 635 4390 mlunt
662 4351 767 4389 esse
811 4333 934 4403 legis
977 4332 1226 4391 doctores,
1274 4327 1411 4380 sicut
1435 4323 1563 4378 dicit
1593 4317 1902 4389 Apostolus,
1933 4330 2034 4367 non

455 4429 786 4498 intelligentes
826 4438 983 4494 neque
1025 4435 1137 4491 qua:
1177 4419 1480 4489 loquuntur,
1542 4427 1699 4482 neque
1742 4409 1806 4462 de
1863 4405 2040 4476 quibus

458 4521 708 4589 a/firmant
737 4517 756 4588 (
787 4516 804 4569 1
838 4516 969 4569 Tim.
997 4530 1035 4578 ι,
1067 4514 1098 4567 7
1123 4513 1140 4582 )
1161 4513 1184 4565 ?
1207 4510 1316 4565 Nisi
1362 4518 1538 4562 tamen
1597 4501 1902 4574 pertinacia:
1930 4512 2039 4551 ca:-

461 4587 592 4666 citas
624 4587 937 4679 impediret,
970 4621 1074 4660 non
1101 4610 1216 4660 erat
1257 4599 1491 4656 difﬁcilis
1529 4595 1850 4656 intellectus,
1883 4598 1939 4644 ut
1966 4587 2045 4640 xi-

463 4705 619 4756 dercs
648 4716 752 4755 non
777 4700 973 4753 dixisse
1007 4696 1286 4750 Dominum
1330 4697 1587 4761 praesente
1609 4685 1764 4748 Juda,
1797 4680 2040 4736 Nondum

466 4794 649 4850 tntutdi
672 4794 837 4857 estis;
866 4791 980 4856 sed,
1011 4788 1237 4842 Jamvos
1286 4782 1458 4836 mundi
1515 4779 1647 4833 estis.
1701 4774 1916 4829 Addidit
1949 4787 2040 4824 au-

468 4901 592 4952 tem,
625 4903 723 4939 non
751 4899 954 4946 omnes;
985 4881 1104 4950 quia
1140 4878 1207 4932 ibi
1232 4886 1346 4932 erat
1373 4873 1462 4944 qui
1503 4869 1734 4926 mundus
1757 4883 1860 4922 non
1889 4874 2003 4919 erat
2032 4881 2044 4916 :

469 4985 556 5054 qtti
588 4993 762 5036 tamen
789 4979 832 5032 si
880 4974 1162 5049 prtescntia
1192 4986 1286 5026 sua
1335 4977 1559 5023 exteros
1605 4963 1888 5034 pollueret.
1939 4974 2046 5012 non

469 5080 548 5132 eis
577 5077 863 5134 diceretur,
893 5069 1116 5124 Jamvos
1156 5062 1332 5117 mundi
1358 5061 1474 5114 estis
1502 5075 1518 5112 :
1550 5056 1642 5111 sed
1673 5055 1960 5114 diceretur,
1991 5057 2049 5103 ut

473 5173 606 5234 dixi,
637 5167 881 5224 Nondum
907 5161 1086 5218 mundi
1109 5160 1258 5215 estis.
1283 5158 1568 5224 Postquam
1599 5164 1725 5202 vero
1749 5145 2050 5200 illedisces-

473 5267 563 5329 sit,
590 5263 723 5319 dixit
751 5261 850 5324 eis,
881 5257 1001 5312 Jam
1023 5271 1108 5309 vos
1151 5249 1327 5306 mundi
1363 5249 1524 5310 estis;
1553 5259 1651 5298 nec
1696 5241 1915 5305 addidit,
1947 5237 2053 5290 Sed

478 5374 582 5412 non
627 5367 814 5410 omnes
845 5369 857 5404 :
887 5349 1006 5420 quia
1043 5347 1151 5416 jam
1205 5343 1545 5401 discesserat,
1576 5349 1681 5405 quo
1728 5332 1885 5386 etiam
1918 5344 2054 5398 pra:-

480 5457 650 5510 sente,
681 5445 822 5499 sicut
863 5440 940 5493 eis
965 5438 1162 5492 dictum
1205 5443 1303 5494 est,
1353 5428 1533 5484 mundi
1581 5435 1732 5480 erant
1758 5465 1770 5484 ,
1809 5421 1900 5476 sed
1953 5438 2056 5474 non

484 5553 689 5602 amnes,
716 5534 837 5606 quia
867 5540 979 5586 erat
1025 5529 1129 5582 illic
1177 5538 1312 5579 unus
1358 5519 1678 5575 immundus.
1731 5515 2062 5582 QnaprOpter

481 5629 564 5682 his
609 5627 783 5682 verbis
821 5621 987 5692 magis
1043 5619 1297 5673 Dominus
1346 5610 1655 5668 declaravit,
1691 5609 1877 5660 inuno
1919 5614 2060 5658 C(lllll

483 5719 756 5776 hominum
780 5716 964 5772 eadem
994 5713 1337 5768 Sacramenta
1383 5701 1726 5764 sumentium,
1767 5697 2061 5766 aliquorum

548 5851 565 5882 ι
590 5849 662 5898 sic
680 5856 783 5896 Mss.
805 5855 860 5895 nt
883 5843 1017 5901 editi,
1044 5839 1265 5906 quoniam
1288 5835 1584 5906 priusquam.
1610 5838 1661 5882 Et
1686 5828 1825 5890 intra,
1851 5827 2067 5888 loco,nos

487 5912 820 5970 damnemus,
843 5898 1104 5966 habebunt,
1138 5915 1264 5952 nunc
1287 5898 1627 5951 exclaiitennis.

1265 446 1537 504 CONTRA
1581 435 1919 496 Ll'l'TliliAS
1962 433 2323 506 i‘ETHJANi,
2366 440 2422 494 S.
2469 441 2831 498 AUCUSTINI

3582 445 3684 500 976

2111 551 2497 609 immunditiam
2517 557 2726 612 mundis
2756 559 2944 613 obesse
2985 572 3088 612 non
3119 571 3292 626 posse.
3327 556 3485 611 Certe
3516 559 3558 611 si
3591 575 3682 626 pu-

2111 647 2233 700 tatis
2263 647 2399 716 apud
2432 663 2530 703 nos
2558 664 2676 704 esse
2723 650 2925 704 similes
2953 648 3122 714 Judr,
3159 647 3272 702 lucc
3317 649 3476 703 verba
3532 650 3683 702 nobis

2109 734 2288 798 dicite,
2317 736 2498 791 Mundi
2525 740 2662 804 estis,
2714 739 2803 792 sed
2852 756 2950 793 non
2990 756 3178 793 omnes.
3214 739 3326 792 Non
3371 751 3549 793 autem
3582 740 3682 795 hoc

2109 827 2285 882 dicitis
2311 847 2323 883 :
2354 830 2446 884 sed
2476 831 2650 885 dicitis
2697 842 2915 901 propter
2939 832 3193 902 quosdam
3224 831 3547 895 immundos,
3581 832 3686 886 lut-

2111 922 2293 975 mundi
2343 925 2473 977 estis
2528 940 2734 978 omnes.
2783 925 2894 978 Hoc
2941 924 3213 992 discipulis
3266 925 3518 978 Dominus
3551 925 3689 982 .Iuda

2113 1025 2375 1079 praesente
2406 1029 2509 1068 non
2539 1014 2673 1068 dixit
2705 1033 2717 1068 :
2743 1024 2796 1069 et
2823 1015 2941 1070 ideo
2967 1015 3054 1085 qui
3080 1015 3178 1069 hoc
3199 1015 3344 1078 dicit,
3377 1031 3482 1068 non
3507 1015 3692 1070 didicit

2111 1102 2305 1157 abono
2335 1105 2587 1174 magistro
2603 1106 2740 1175 quod
2767 1106 2913 1160 dicit.
2959 1117 2972 1130 '

2184 1194 2410 1251 CAPUT
2437 1195 2624 1250 XXIII.
2642 1228 2713 1237 —
2733 1198 2823 1252 5|.
2847 1198 3032 1252 PETIL.
3057 1197 3189 1252 dixit
3215 1211 3229 1252 :
3263 1197 3413 1265 Quod
3433 1199 3476 1252 si
3499 1215 3589 1252 nos
3621 1199 3695 1253 bis

2116 1283 2434 1356 Baptismum
2464 1291 2628 1358 facere
2673 1289 2860 1354 dicitis,
2891 1290 2993 1342 imo
3017 1306 3104 1342 vos
3147 1291 3314 1360 facitis
3338 1291 3421 1360 qui
3467 1292 3696 1345 occiditis

2117 1376 2392 1445 baptizatos
2417 1392 2552 1432 :non
2579 1379 2698 1449 quia
2720 1379 2986 1448 baptizatis
3035 1380 3128 1432 hoc
3154 1380 3386 1440 dicimus,
3443 1382 3532 1434 sed
3576 1385 3698 1449 quia

2117 1485 2520 1539 unumquemque
2544 1470 2664 1524 dum
2707 1472 2953 1537 occiditis,
3006 1474 3250 1542 sanguine
3293 1489 3385 1525 suo
3421 1475 3586 1544 facilis
3613 1475 3700 1527 ba-

2119 1561 2318 1629 ptizari.
2350 1559 2553 1615 Etenim
2581 1563 2884 1633 baptismum
2931 1580 3079 1632 aqua:
3115 1565 3190 1617 vel
3238 1565 3468 1632 spiritus,
3500 1575 3695 1619 extorto

2118 1653 2364 1722 sanguine
2392 1656 2626 1724 martyris
2657 1657 2801 1725 quasi
2838 1659 3027 1725 factum
3072 1666 3146 1710 est
3189 1657 3463 1726 geminum.
3499 1658 3587 1712 Sir:
3616 1677 3700 1712 an.

2120 1755 2218 1797 tem
2242 1747 2348 1815 ipse
2363 1763 2558 1816 quoque
2583 1747 2822 1801 Salvator
2848 1749 3133 1817 baptizatus
3164 1749 3397 1817 primitus
3422 1766 3453 1800 a
3476 1748 3697 1813 Joanne,

2121 1836 2477 1905 baptizandum
2507 1853 2614 1891 sese
2653 1841 2909 1907 professus
2936 1849 3007 1891 est
3046 1839 3243 1901 iterum,
3271 1855 3371 1891 non
3395 1840 3510 1903 jam
3533 1857 3689 1908 aqua,

2122 1942 2209 1978 nec
2230 1927 2430 1995 spiritu,
2460 1927 2548 1981 sed
2584 1928 2846 1998 sanguinis
2889 1928 3155 1998 baptismo,
3210 1945 3357 1982 cruce
3406 1931 3701 1998 passionis:

2121 2018 2248 2068 sicut
2275 2019 2516 2085 scriptum
2559 2028 2651 2083 est,
2689 2037 2707 2070 ι
2743 2020 3068 2073 Accesserant
3112 2021 3178 2073 ad
3209 2037 3322 2074 eum
3343 2023 3444 2075 duo
3465 2023 3704 2093 discipuli

2123 2106 2217 2174 lilii
2243 2107 2469 2162 Zebedwi
2503 2108 2720 2163 dicentes
2745 2126 2762 2163 :
2794 2109 3022 2175 Domine,
3059 2127 3170 2163 cum
3200 2112 3389 2164 veneris
3417 2113 3470 2164 in
3498 2130 3706 2183 regnum

2124 2210 2285 2264 tuum,
2306 2203 2386 2269 fac
2413 2218 2502 2254 nos
2519 2202 2691 2255 sedere
2704 2219 2859 2255 unum
2882 2203 2948 2254 ad
2964 2202 3221 2256 dexteram
3249 2212 3405 2266 tuam,
3429 2213 3474 2257 et
3487 2203 3708 2257 'altcrum

2121 2292 2190 2344 ad
2215 2293 2489 2346 sinistram.
2516 2294 2795 2362 Respondit
2834 2296 2903 2347 eis
2926 2293 3078 2348 Iesus
3111 2310 3131 2347 .'
3165 2295 3426 2364 Difﬁcilem
3450 2312 3555 2347 rem
3582 2297 3710 2365 peti-

2124 2388 2209 2440 tis.
2237 2386 2499 2455 Numquid
2532 2387 2737 2442 calicem
2764 2405 2908 2457 quem
2943 2404 3033 2459 ego
3076 2388 3318 2441 bibiturus
3347 2405 3474 2452 sum,
3506 2391 3710 2458 potestis

2123 2483 2323 2546 bibere;
2353 2494 2396 2535 et
2423 2483 2669 2551 baptismo
2685 2498 2780 2550 quo
2797 2498 2886 2552 ego
2907 2482 3132 2550 baptisor
3145 2481 3391 2550 baptizari
3412 2481 3436 2533 ?
3460 2479 3712 2535 Dixerunt

2123 2577 2200 2630 illi
2223 2593 2240 2630 :
2264 2576 2560 2630 Possumus.
2596 2576 2662 2628 Et
2687 2576 2756 2628 ait
2782 2577 2882 2629 illis
2908 2591 2925 2628 :
2955 2575 3172 2629 Calicem
3211 2576 3412 2642 quidem
3451 2591 3593 2643 quem
3621 2592 3712 2646 ego

2124 2669 2370 2724 bibiturus
2390 2687 2519 2735 simi,
2563 2669 2727 2722 bibere
2756 2670 2959 2738 potestis
2991 2685 3007 2732 ;
3033 2679 3077 2722 et
3105 2671 3350 2738 baptismo
3375 2685 3472 2736 quo
3509 2685 3598 2738 ego
3618 2669 3712 2722 ba-

2127 2761 2290 2830 ptizor
2312 2761 2688 2830 baptizabimini
2720 2779 2738 2811 ι
2772 2759 2789 2830 (
2820 2759 2983 2812 Marc.
3029 2776 3085 2824 Χ,
3113 2760 3324 2830 55-58),
3352 2769 3398 2812 et
3419 2771 3615 2815 ca’tera.
3653 2759 3714 2814 Si

2129 2853 2235 2906 [nec
2263 2852 2365 2904 duo
2387 2864 2500 2906 sunt
2525 2852 2852 2920 baptismata,
2885 2861 3046 2904 vestra
3095 2867 3185 2903 nos
3227 2849 3448 2902 laudatis
3498 2851 3711 2914 invidia,

2129 2945 2444 3012 profitemur.
2500 2944 2623 2996 (Iunt
2673 2945 2803 2997 enim
2852 2954 3025 2996 nostra
3071 2959 3284 3012 corpora
3351 2944 3595 3003 occiditis,
3640 2944 3714 2997 bis

2129 3037 2429 3107 baptismum
2469 3038 2701 3107 facimus,
2752 3037 2840 3090 sed
2881 3037 3126 3105 baptismo
3167 3045 3336 3089 nostro
3386 3045 3429 3088 et
3472 3037 3720 3112 sanguine

2129 3128 2466 3198 baptizamur,
2496 3139 2546 3180 ut
2589 3129 2836 3182 Christus.
2883 3127 3172 3181 Erubescite
3190 3145 3207 3188 ,'
3236 3128 3520 3188 erubescite,
3550 3143 3718 3194 perseo

2130 3229 2367 3282 cutores;
2413 3218 2600 3286 signiles
2649 3217 2849 3273 Christo
2885 3229 3134 3290 martyres
3187 3219 3354 3289 facitis
3380 3261 3392 3280 ,
3443 3233 3565 3287 quos
3605 3225 3720 3287 post

2132 3327 2312 3376 aquam
2339 3311 2440 3363 veri
2465 3309 2793 3380 Baptismatis
2817 3311 3021 3379 sanguis
3045 3310 3260 3379 baptista
3287 3309 3562 3380 perfundit.

2205 3402 2296 3457 δὲ.
2354 3404 2487 3456 Avo.
2545 3401 2854 3472 respondit:
2913 3402 3090 3456 Primo
3143 3401 3248 3454 cito
3313 3397 3720 3467 reSpondemns,

2133 3494 2254 3562 quia
2283 3508 2389 3546 non
2423 3509 2515 3547 vos
2544 3493 2856 3558 occidimus,
2893 3493 2984 3546 sed
3045 3492 3138 3559 ipsi
3189 3492 3545 3559 vosmetipsos
3591 3503 3722 3543 verr.

2133 3592 2307 3638 morte
2333 3583 2593 3646 occiditis,
2618 3597 2736 3636 cum
2763 3597 2856 3635 vos
2886 3582 2952 3634 ab
2978 3582 3191 3634 unitatis
3222 3581 3334 3632 viva
3368 3581 3546 3634 radice
3582 3596 3730 3648 pra:-

2135 3675 2334 3729 ciditis.
2367 3673 2590 3739 Deinde,
2649 3674 2693 3725 si
2743 3686 2932 3724 omnes
2959 3671 3047 3740 qtti
3101 3671 3414 3723 occiduntur
3462 3670 3732 3738 sanguine

2137 3781 2234 3821 suo
2279 3763 2630 3835 baptizantur,
2673 3777 2860 3816 omnes
2896 3763 3147 3823 latrones,
3181 3759 3366 3835 iniqui,
3409 3757 3732 3826 impii,sce-

2138 3857 2419 3927 lerati,qui
2447 3854 2681 3910 damnati
2709 3853 2990 3920 feriuntur,
3023 3832 3299 3921 martyres.
3317 3849 3546 3904 habendi
3577 3862 3727 3914 sunt,

2139 3951 2260 4022 quia
2288 3965 2386 4005 suo
2401 3949 2658 4018 sanguine
2703 3946 3055 4014 baptizantnr.
3103 3943 3158 3997 Si
3187 3952 3362 3996 autem
3395 3956 3498 3995 non
3530 3940 3711 4009 baptiv

2141 4052 2327 4096 zantur
2342 4039 2597 4109 sanguine
2628 4051 2746 4098 suo,
2781 4036 2881 4090 nisi
2928 4035 3014 4105 qui
3045 4032 3360 4088 occiduntur
3390 4040 3608 4102 propter
3629 4032 3724 4100 jn-

2141 4133 2338 4187 stitiam
2362 4146 2376 4194 ;
2401 4129 2522 4198 quia
2554 4129 2791 4198 ipsorum
2839 4135 2922 4180 est
2957 4140 3179 4194 regnum
3219 4123 3509 4193 etelorum(
3537 4120 3727 4174 Matth.

2144 4239 2199 4289 ν,
2232 4223 2297 4278 10
2327 4219 2607 4292 ):vidistis
2627 4218 2773 4287 prius
2803 4232 2922 4271 esse
2965 4213 3310 4284 qnzerendunt
3347 4221 3563 4283 pr0pter
3592 4212 3721 4281 quid

2147 4313 2409 4385 patimini,
2441 4319 2494 4366 et
2512 4317 2692 4380 postea
2737 4306 2864 4376 quid
2917 4305 3176 4375 patimini.
3205 4303 3339 4371 Quid
3388 4317 3515 4372 ergo
3545 4303 3729 4356 bucca:

2148 4408 2396 4462 inﬂantur
2429 4411 2708 4469 antequam
2741 4397 2878 4451 facta
2909 4394 3311 4450 defendamur?
3341 4393 3474 4459 Quid
3496 4401 3733 4460 perstre—

2151 4501 2224 4568 pit
2246 4499 2418 4566 lingua
2447 4501 2733 4560 antequam
2765 4489 3020 4560 probetur
3046 4487 3150 4541 vita
3176 4487 3199 4539 ?
3245 4487 3298 4540 Si
3332 4485 3565 4539 scbisma
3597 4483 3726 4537 l‘cci-

2149 4586 2447 4656 sti,impius
2469 4599 2527 4639 es
2560 4601 2573 4637 :
2608 4582 2654 4637 si
2693 4581 2887 4651 impius
2915 4596 2992 4645 es,
3022 4589 3081 4633 ut
3127 4578 3420 4647 sacrilegus
3474 4576 3722 4639 moreris,

2150 4696 2270 4736 cum
2295 4694 2389 4748 pro
2429 4675 2700 4746 impietate
2730 4672 2934 4744 puniris
2967 4691 2979 4726 :
3009 4672 3051 4726 si
3081 4681 3135 4725 ut
3161 4671 3449 4738 sacrilegus
3477 4669 3729 4731 moreris,

2152 4769 2420 4843 quomodo
2447 4777 2536 4822 tuo
2563 4765 2818 4836 sanguine
2865 4761 3194 4834 baptizaris?
3214 4765 3293 4814 An
3323 4759 3360 4814 ὁ
3383 4759 3475 4824 eis,
3509 4757 3627 4811 Non
3657 4757 3728 4826 {e-

2155 4861 2483 4916 cischisma?
2513 4858 2623 4912 lloc
2662 4870 2789 4926 ergo
2839 4851 3319 4924 quteramuszquid
3372 4859 3496 4904 .nte
3532 4849 3734 4902 clamas

2156 4972 2312 5028 quam
2347 4955 2540 5027 probas
2561 4951 2583 5003 ?

2229 5051 2317 5104 53.
2339 5051 2417 5102 An
2445 5046 2596 5107 dicis,
2626 5041 2736 5095 Etsi
2757 5040 3029 5108 sacrilegus
3068 5052 3199 5099 sum,
3231 5051 3259 5085 a
3283 5043 3328 5086 te
3349 5031 3507 5084 occidi
3535 5047 3634 5084 non
3649 5029 3737 5081 de-

2162 5144 2247 5196 beo
2273 5143 2295 5194 ῖ)
2317 5141 2429 5195 Alia
2463 5135 2686 5207 qu.rstio
2717 5142 2797 5187 est
2845 5131 2911 5185 de
2941 5128 3217 5182 atrocitate
3276 5123 3396 5177 facti
3439 5122 3565 5184 mei,
3600 5119 3738 5190 quod

2163 5248 2430 5303 nunquam
2487 5227 2743 5284 veraciter
2796 5224 3168 5281 demonstras;
3211 5219 3312 5272 alia
3359 5216 3423 5270 de
3473 5215 3743 5282 Baptismo

2165 5327 2434 5398 sanguinis
2466 5324 2560 5387 tui,
2582 5321 2721 5375 unde
2753 5327 2803 5373 te
2832 5315 3159 5371 mendaciter
3181 5312 3370 5381 jactas.
3417 5308 3546 5361 Nam
3576 5319 3743 5373 neque

2167 5418 2335 5474 occidi
2369 5427 2438 5479 te,
2473 5429 2568 5467 nec
2593 5411 2782 5480 probas
2807 5417 2856 5461 te
2878 5407 2943 5459 ab
2984 5405 3159 5473 aliquo
3182 5400 3349 5456 occidi
3376 5417 3387 5451 :
3421 5413 3518 5451 nec
3545 5400 3588 5450 si
3627 5409 3747 5464 pro-

2171 5511 2282 5575 bes,
2315 5508 2379 5560 ad
2399 5521 2480 5560 me
2509 5504 2735 5573 pertinet
2764 5501 3080 5569 quicumque
3117 5505 3167 5548 te
3212 5492 3486 5555 occiderit,
3525 5490 3633 5543 sive
3663 5503 3742 5540 se-

2171 5601 2402 5656 cundum
2433 5601 2747 5666 potestatem
2790 5590 3019 5660 legitime
3049 5603 3076 5640 a
3129 5585 3351 5639 Domino
3391 5582 3564 5635 datam
3614 5579 3750 5648 jtlslc

2175 5692 2376 5752 terei-it,
2406 5689 2516 5741 sive
2537 5687 2673 5739 sicut
2719 5682 2908 5736 messis
2955 5677 3237 5733 dominica:
3275 5675 3421 5743 palea
3469 5671 3750 5739 cupiditate

2176 5786 2349 5852 aliqua
2382 5781 2514 5834 ttiala
2560 5776 2732 5831 scelus
2767 5771 3038 5827 admiserit
3080 5789 3092 5826 :
3122 5770 3259 5823 sicut
3289 5767 3351 5822 ad
3387 5778 3436 5821 lc
3470 5781 3572 5818 non
3598 5763 3754 5830 partio

2181 5886 2268 5932 net
2299 5873 2386 5944 qui
2417 5868 2715 5927 recentibus
2741 5863 3066 5934 temporibus
3079 5877 3198 5918 cum
3233 5857 3546 5916 intolerabili
3574 5863 3758 5926 poten-
