4024 6196
438 417 502 469 π
1708 411 1910 468 LIBER
1947 409 2323 470 SECUNDUS.

403 542 510 584 tatu
533 531 692 584 etiam
715 530 968 584 militibus
993 529 1092 583 sibi
1119 529 1515 595 comitantibus,
1540 543 1645 584 non
1674 530 1795 599 quia
1825 527 1981 583 time-

404 625 489 677 bat
515 623 769 692 aliquem,
801 621 894 676 sed
944 631 1001 675 ut
1036 623 1103 677 ab
1154 622 1403 678 omnibus
1446 622 1740 685 timeretur,
1802 619 1986 674 viduas

400 712 682 782 oppressit,
733 711 960 782 pupillos
986 712 1196 776 evertit,
1229 711 1402 766 aliena
1432 710 1753 780 patrimonia
1802 708 1984 779 prodi-

401 805 495 870 dit,
522 803 692 857 aliena
727 802 1061 857 matrimonia
1087 802 1374 872 separavit,
1424 815 1513 855 res
1561 798 1867 855 vendendas
1897 799 1979 854 in-

403 897 701 952 nocentium
769 896 1088 965 procuravit,
1136 895 1466 951 venditarum
1521 895 1687 965 pretia
1736 909 1857 949 cum
1884 894 1986 949 do-

402 988 557 1041 minis
581 987 955 1057 plangentibus
979 986 1180 1041 divisit.
1210 986 1282 1041 Ex
1305 1002 1392 1041 me
1419 986 1514 1039 ista
1564 985 1743 1040 dicere
1779 985 1981 1051 videar,

400 1081 442 1133 si
468 1094 570 1133 non
595 1078 756 1133 tacito
800 1079 1015 1134 nomine
1063 1076 1370 1148 agnoscitur
1420 1074 1487 1131 de
1521 1091 1626 1147 quo
1677 1076 1850 1130 dicam
1882 1074 1980 1149 (α).

401 1171 527 1236 Qum
551 1171 594 1224 si
630 1185 754 1225 vera
775 1181 934 1236 sunt;
973 1170 1110 1226 sicut
1134 1169 1200 1225 ad
1231 1183 1326 1225 vos
1369 1170 1469 1224 ista
1525 1185 1630 1223 non
1670 1170 1980 1239 pertinent:

404 1268 467 1318 ita
493 1279 591 1319 nec
610 1263 865 1334 quidquid
891 1264 1043 1327 dicis,
1085 1264 1152 1319 ad
1189 1279 1286 1321 uos
1312 1265 1472 1319 etiam
1507 1264 1553 1318 si
1599 1279 1727 1318 vera
1753 1263 1981 1319 diceres.

399 1356 450 1410 Si
480 1363 655 1409 autem
685 1354 812 1410 falsa
839 1354 977 1409 fama
1006 1353 1073 1415 de
1092 1355 1183 1410 illo
1213 1355 1417 1425 collega
1441 1362 1621 1410 vestro
1643 1355 1789 1425 justo
1818 1364 1869 1409 ct
1899 1355 1982 1407 in-

402 1456 625 1503 nocente
667 1446 885 1500 mentita
939 1456 1054 1511 est;
1086 1446 1235 1501 nullo
1295 1445 1454 1501 modo
1485 1447 1644 1502 etiam
1678 1448 1830 1501 famae
1867 1460 1982 1501 cre-

300 1542 309 1549 ‘
399 1537 752 1601 dendumcst,
802 1552 920 1608 qua:
952 1536 1020 1593 de
1063 1537 1436 1594 innocentibus
1487 1547 1736 1609 tanquam
1768 1538 1834 1594 de
1878 1547 1983 1593 tra-

400 1628 663 1682 ditoribus
706 1627 968 1696 codicum,
1021 1629 1105 1685 vel
1146 1638 1396 1701 tanquam
1446 1629 1513 1686 de
1558 1630 1984 1688 interfectoribus

404 1720 674 1774 hominum
700 1720 955 1774 seminata
973 1729 1073 1775 est.
1124 1720 1238 1776 Huc
1282 1720 1509 1785 accedit,
1567 1724 1688 1794 quia
1717 1725 1980 1795 eguillum

400 1826 763 1866 commemoro
782 1811 871 1881 qui
897 1811 1173 1868 vobiscum
1201 1815 1351 1877 vixit,
1378 1814 1530 1883 cujus
1559 1813 1796 1870 natalitia
1840 1825 1982 1871 tanta

402 1903 758 1960 celebratione
785 1904 1202 1976 frcquentabatis
1226 1949 1239 1971 ,
1269 1904 1355 1960 cui
1394 1907 1542 1976 pacis
1570 1908 1810 1962 osculum
1843 1909 1981 1964 inter

401 1991 740 2048 Sacramenta
793 1994 1144 2065 eopulabatis,
1200 1997 1252 2051 in
1294 1996 1445 2067 cujus
1499 1997 1744 2053 manibus
1776 1997 1982 2053 Eucha-

403 2084 602 2139 ristiam
628 2084 924 2154 ponebatis,
954 2088 1038 2142 cui
1101 2088 1335 2144 vicissim
1373 2086 1520 2143 danti
1575 2105 1764 2145 manus
1808 2092 1982 2162 porri.

400 2173 620 2241 gehatis,
650 2174 800 2242 cujus
817 2190 971 2231 aures
999 2178 1137 2232 inter
1167 2187 1343 2233 tantos
1369 2178 1562 2235 Africa:
1592 2182 1819 2251 gemitus
1864 2196 1982 2235 sur-

401 2263 494 2317 das
531 2265 699 2320 libera
734 2282 864 2323 voce
928 2268 1198 2325 offendere
1243 2270 1554 2327 timebatis:
1598 2288 1754 2343 quem
1801 2275 1982 2329 nescio

400 2357 516 2423 quis
538 2366 805 2423 vestrum,
835 2359 958 2430 quia
995 2362 1079 2415 vel
1111 2376 1176 2416 ex
1215 2363 1432 2434 obliquo
1474 2363 1828 2421 urbanissime
1860 2368 1982 2422 teti-

398 2448 492 2515 git,
524 2458 581 2502 ut
599 2450 649 2503 ei
676 2449 879 2507 diceret
924 2452 1065 2522 quod
1115 2454 1376 2510 Comitem
1404 2454 1475 2531 (b)
1528 2456 1749 2513 haberet.
1791 2460 1977 2526 Deum,

399 2537 597 2605 ingenti
630 2537 785 2592 laude
817 2538 1103 2595 ferebatur.
1151 2542 1230 2597 Tu
1275 2553 1454 2599 autem
1499 2545 1621 2600 illos
1651 2548 1804 2602 nobis
1838 2549 1980 2619 obji-

398 2627 495 2691 cis,
522 2641 643 2681 eum
667 2629 855 2697 quibus
884 2646 990 2684 non
1010 2632 1259 2699 viximus,
1288 2649 1513 2704 quorum
1559 2634 1747 2697 faciem
1775 2653 1880 2692 non
1906 2638 1986 2694 vi-

353 2698 373 2714 ’
398 2717 596 2782 dimus,
621 2733 845 2787 quorum
900 2729 1055 2777 aetate
1081 2723 1165 2778 vel
1194 2724 1348 2793 pueri
1377 2725 1459 2778 vel
1492 2725 1716 2782 fortasse
1746 2728 1982 2785 nondum

400 2809 504 2862 nati
533 2825 764 2867 eranms.
801 2811 930 2879 Qua:
964 2826 1046 2869 est
1078 2815 1175 2869 ista
1228 2824 1370 2871 tanta
1398 2816 1647 2888 iniquitas
1675 2829 1836 2889 atque
1863 2835 1985 2891 per-

402 2901 644 2969 versitas,
677 2904 810 2959 velle
859 2906 1016 2961 nobis
1054 2906 1329 2978 imponere
1374 2911 1613 2967 sarcinas
1656 2912 1981 2983 ignotorum,

402 3009 520 3046 cum
554 3010 646 3047 vos
671 3004 880 3064 portare
910 2997 1090 3052 nolitis
1119 3000 1409 3055 amicormn
1436 3001 1461 3055 ?
1484 3001 1696 3058 Clamat
1740 3003 1983 3076 Scriptu-

404 3101 457 3137 ra
476 3084 673 3150 divina,
725 3083 936 3139 l’idebas
957 3089 1138 3159 furem,
1172 3098 1217 3142 et
1241 3093 1571 3147 concurrebas
1594 3110 1707 3148 cum
1731 3111 1789 3149 eo
1810 3095 1980 3168 (Psal.

403 3190 543 3237 xux,
586 3178 645 3230 l8
670 3174 711 3248 ).
756 3176 810 3230 Si
847 3188 897 3232 te
931 3192 1034 3233 non
1072 3182 1452 3238 contaminavit
1475 3199 1634 3255 quem
1663 3185 1860 3256 vidisti,
1888 3204 1985 3245 cur

406 3269 531 3322 tnibi
556 3269 743 3337 objicis
786 3285 941 3340 quem
995 3271 1174 3326 videre
1217 3290 1323 3329 non
1363 3277 1558 3346 potui?
1587 3281 1668 3335 An
1698 3280 1985 3348 dicis,Non

404 3378 523 3417 cum
550 3362 906 3429 eoeoncurri,
938 3364 1059 3435 quia
1099 3363 1234 3420 facta
1273 3367 1389 3438 ejus
1432 3369 1788 3440 displicebant
1816 3373 1983 3429 mihi?

406 3450 507 3506 Sed
537 3469 727 3522 nempe
751 3452 817 3507 ad
847 3453 1015 3508 altare
1068 3456 1362 3513 accedebas
1401 3473 1521 3514 cum
1571 3476 1658 3517 eo.
1688 3462 1801 3533 Age
1844 3464 1977 3535 jam,

408 3554 462 3597 ut
492 3554 542 3599 te
566 3544 842 3609 defendas,
892 3546 1135 3602 discerne
1171 3548 1290 3614 ista,
1315 3559 1369 3604 ct
1397 3550 1484 3607 dic
1530 3553 1674 3608 aliud
1701 3570 1821 3611 esse
1846 3571 1978 3611 con-

407 3651 620 3691 currere
642 3638 691 3690 in
738 3646 1032 3707 peccatum,
1087 3638 1224 3694 sicut
1265 3654 1650 3700 concurrerunt
1674 3645 1783 3701 duo
1806 3648 1983 3703 senio-

408 3742 493 3782 res
542 3727 769 3782 castitati
807 3726 1066 3783 Susannze
1107 3729 1458 3797 insidiantes;
1512 3733 1656 3790 aliud
1697 3750 1819 3791 cum
1870 3735 1984 3792 fure

406 3818 645 3888 accipere
685 3819 889 3873 Domini
937 3818 1361 3887 Sacramentum,
1414 3822 1550 3877 sicut
1599 3825 1983 3894 Apostolieum

406 3910 539 3965 Jnda
558 3911 714 3965 etiam
740 3912 963 3981 primam
1000 3912 1143 3967 illam
1192 3928 1400 3968 comam
1444 3923 1782 3984 acceperunt.
1809 3916 1984 3973 Faveo

407 4001 701 4057 defensioni
733 4020 747 4056 :
788 4002 882 4057 sed
937 4017 1034 4057 cur
1073 4016 1176 4057 non
1206 4002 1440 4059 attendis
1466 4013 1666 4075 quanto
1691 4007 1899 4061 facilius
1930 4009 1981 4062 in

408 4092 505 4147 hac
529 4102 615 4147 tua
647 4092 956 4161 defensione
994 4095 1289 4151 absolveris
1313 4105 1499 4166 gentes
1522 4106 1575 4153 et
1600 4098 1852 4155 terminos
1878 4108 1986 4154 ter-

406 4198 616 4254 me,qua
662 4182 945 4239 lia-reditas
990 4184 1186 4240 Christi
1231 4185 1581 4242 diffunditur?
1609 4189 1668 4244 Si
1710 4190 1851 4245 enim
1891 4206 1985 4263 po-

407 4275 579 4330 tuistis
628 4276 799 4332 furem
824 4277 1024 4343 videre,
1072 4287 1127 4332 et
1163 4294 1283 4332 cum
1333 4278 1450 4335 fure
1480 4280 1598 4335 viso
1639 4279 1983 4340 Sacramenta

404 4368 818 4435 communicare,
863 4378 1036 4426 tamen
1089 4380 1364 4441 peccatum
1410 4387 1514 4428 non
1544 4376 1982 4433 communicare:

404 4470 601 4529 quanto
633 4460 808 4515 minus
837 4471 1122 4531 potuerunt
1172 4464 1542 4521 remotissima:
1569 4467 1814 4524 nationes
1862 4484 1983 4525 cum

406 4548 549 4605 Afris
573 4551 916 4607 traditoribus
963 4553 1044 4607 vel
1092 4557 1544 4631 persecutoribus,
1600 4560 1808 4615 etiamsi
1855 4577 1982 4618 vera

406 4633 656 4689 diceretis
676 4644 729 4690 et
744 4634 1121 4704 ostenderetis,
1141 4638 1416 4694 malefacta
1439 4640 1635 4699 habere
1655 4648 1979 4712 communia,

403 4726 645 4792 quamvis
679 4741 801 4779 cum
829 4727 906 4781 eis
954 4736 1194 4783 tenerent
1239 4728 1580 4788 Sacramenta
1627 4737 1983 4791 communia?

403 4816 483 4868 Au
513 4816 666 4883 dicis,
715 4816 829 4886 Ego
874 4818 1021 4872 illum
1065 4819 1371 4891 episcopum
1428 4822 1578 4890 vidi,
1634 4825 1804 4882 furem
1858 4843 1985 4884 vero

402 4905 550 4960 illum
572 4923 675 4960 non
702 4907 831 4962 vidi.
866 4908 958 4964 Dic
986 4909 1125 4980 quod
1152 4911 1251 4976 vis,
1280 4912 1439 4968 etiam
1469 4913 1609 4981 huic,
1627 4915 1780 4973 faveo
1799 4917 1985 4975 defen-

402 4996 559 5065 sioni,
588 5008 643 5053 et
678 4999 729 5053 in
761 4999 859 5055 bac
889 5001 1161 5058 absolutus
1195 5013 1278 5059 est
1305 5021 1333 5059 a
1364 5007 1555 5063 vestris
1608 5010 1988 5068 criminationi-

404 5086 501 5144 bus
559 5088 704 5143 orbis
755 5100 1035 5147 terrarum.
1086 5091 1143 5149 Si
1195 5096 1336 5150 enim
1377 5098 1527 5153 vobis
1596 5100 1742 5156 licuit
1789 5105 1988 5175 cogniti

405 5179 634 5236 hominis
675 5183 921 5253 ignorare
960 5185 1141 5249 vitam,
1174 5203 1268 5241 cur
1317 5197 1456 5244 totus
1500 5192 1728 5249 mundus
1780 5194 1989 5267 ignotos

400 5271 649 5343 ignorare
671 5290 773 5329 non
817 5275 1050 5330 sinitur?
1084 5277 1190 5332 Nisi
1240 5277 1375 5335 forte
1406 5283 1690 5342 Donatistis
1727 5286 1851 5344 licet
1894 5304 1989 5343 ne-

403 5366 539 5420 Icire
576 5367 716 5437 quod
760 5368 1120 5436 scirenolunt,
1170 5372 1416 5442 gentibus
1460 5390 1565 5432 non
1609 5378 1729 5434 licet
1785 5383 1992 5437 nescire

400 5457 541 5526 quod
593 5459 731 5515 seire
760 5476 863 5514 non
894 5472 1133 5532 possunt.

481 5546 568 5601 55.
614 5550 690 5602 An
720 5549 886 5614 dicis,
921 5552 1074 5606 Aliud
1117 5564 1195 5608 est
1237 5553 1463 5624 furtum,
1495 5560 1633 5613 aliud
1669 5564 1878 5619 traditio
1910 5568 1989 5622 vel

412 5641 708 5705 persecutio
729 5641 753 5691 ?
777 5642 1024 5698 Concedo
1055 5644 1194 5699 aliud
1226 5662 1379 5712 esse;
1425 5667 1521 5706 nec
1557 5656 1713 5711 modo
1752 5656 1992 5713 ialuu‘an-

469 5772 539 5861 ςίιξ
559 5782 784 5861 multum
805 5777 1128 5829 Gildouiauum
1145 5781 1385 5845 intelligit.

468 5834 534 5896 (ὁ)
559 5834 819 5886 (sitionem.

3578 434 3682 492 278

2092 525 2217 582 dum
2246 541 2323 584 est
2350 574 2365 597 ,
2398 534 2523 603 quid
2546 536 2752 592 intersit
2775 582 2789 605 ,
2821 541 3125 602 ostendere.
3165 547 3391 603 Attende
3421 565 3677 620 compen-

2091 616 2257 674 dium.
2286 618 2344 674 Si
2372 629 2423 678 te
2456 625 2545 680 ille
2573 642 2676 683 non
2704 626 2829 683 fecit
2856 630 3022 686 furem
3041 677 3054 698 ,
3084 635 3204 705 quia
3247 637 3337 692 tibi
3370 655 3473 693 non
3504 616 3677 711 placet

2092 708 2290 766 furtum
2321 729 2334 769 :
2367 715 2486 785 quis
2516 727 2692 786 potest
2717 718 2891 777 facere
2924 724 3207 781 traditores
3232 736 3323 781 aut
3344 708 3636 787 homicidas
3657 774 3673 797 .

2090 817 2186 858 eos
2224 805 2417 875 quibus
2453 808 2696 879 diSplieet
2734 812 2847 868 sive
2893 815 3105 872 traditio
3143 818 3256 874 sive
3295 820 3680 878 homicidium?

2031 944 2042 954 ,
2092 894 2245 952 Prius
2273 898 2432 968 igitur
2459 901 2714 957 confitere
2746 912 2797 958 te
2823 920 2942 961 esse
2966 908 3218 978 quidquid
3249 912 3369 966 mali
3399 911 3492 966 fuit
3514 914 3680 984 Opta-

2092 995 2175 1041 tus
2199 1028 2214 1051 ,
2254 1004 2411 1058 quem
2458 1007 2681 1048 noveras
2710 1012 2722 1047 :
2752 1004 2806 1050 et
2834 997 2914 1051 vel
2946 998 3023 1052 sic
3053 1000 3180 1054 mihi
3221 1000 3394 1071 objice
3424 1004 3680 1075 quidquid

2092 1079 2214 1133 mali
2248 1079 2493 1147 fuerunt,
2532 1099 2669 1154 quos
2698 1102 2797 1155 ego
2829 1103 2932 1143 nou
2968 1105 3245 1148 noveram.
3273 1093 3407 1150 Nolo
3436 1097 3565 1152 mihi
3594 1098 3679 1152 di-

2090 1185 2219 1234 cas,
2269 1172 2372 1227 Sed
2416 1174 2503 1228 illa
2541 1191 2728 1247 magna
2771 1188 2932 1245 sunt,
2979 1182 3077 1235 ista
3122 1198 3306 1253 parva.
3353 1186 3508 1243 Prius
3534 1190 3676 1245 cnim

2090 1271 2297 1330 oportet
2328 1261 2540 1319 fatearis
2567 1265 2677 1336 ipsa
2705 1282 2867 1337 parva
2898 1270 2963 1324 de
2997 1279 3049 1326 te
3069 1314 3085 1337 ,
3120 1288 3225 1327 non
3254 1285 3312 1329 ut
3342 1291 3444 1346 ego
3468 1294 3681 1349 quoque

2091 1350 2275 1415 fatear,
2306 1355 2398 1409 sed
2432 1364 2490 1411 ut
2516 1359 2597 1413 vel
2629 1359 2797 1414 sinam
2830 1370 2882 1416 te
2911 1362 3092 1431 dicere
3142 1367 3325 1422 nescio
3347 1385 3465 1438 qum
3491 1386 3677 1442 magna

2090 1442 2156 1497 de
2185 1459 2288 1497 me.
2331 1445 2551 1516 Optatus
2579 1464 2735 1519 quem
2763 1467 2988 1508 noveras
3013 1498 3027 1521 ,
3057 1453 3181 1511 fecit
3220 1466 3273 1513 te
3315 1457 3485 1514 furem
3511 1501 3526 1526 ,
3555 1462 3677 1532 quia

2089 1536 2291 1606 collega
2330 1546 2452 1592 tuus
2482 1538 2613 1604 fuit,
2649 1555 2715 1594 an
2746 1557 2849 1596 non
2883 1541 3049 1599 fecit?
3088 1544 3374 1617 Responde
3410 1566 3573 1605 unum
3610 1551 3678 1606 de

2090 1625 2314 1680 duobus.
2341 1626 2395 1683 Si
2423 1629 2574 1694 dicis,
2597 1630 2711 1686 Non
2741 1632 2899 1698 fecit;
2929 1651 3111 1705 qtnrro
3131 1652 3228 1691 cur
3250 1653 3353 1693 non
3378 1639 3500 1695 fecit
3523 1644 3677 1713 :qnia

2092 1734 2189 1774 nec
2215 1719 2327 1789 ipse
2358 1720 2439 1776 fur
2469 1721 2606 1777 fuit?
2629 1740 2694 1777 an
2723 1727 2844 1794 quia
2876 1729 3094 1783 nescis?
3123 1746 3190 1785 an
3218 1732 3341 1802 quia
3376 1734 3466 1788 tibi
3490 1735 3677 1806 displi—

2089 1812 2241 1865 cuit?
2266 1811 2321 1867 Si
2343 1813 2463 1883 quia
2492 1830 2589 1869 nec
2619 1817 2732 1884 ipse
2758 1815 2855 1871 fuit
2886 1837 2898 1872 :
2926 1820 3288 1892 multomagis
3319 1824 3441 1880 illos
3467 1825 3533 1880 de
3554 1829 3673 1894 qui-

2090 1904 2188 1957 bus
2219 1919 2317 1958 nos
2346 1906 2629 1975 arguis-tis,
2661 1908 2792 1963 tales
2820 1909 3016 1979 fuisse,
3048 1913 3234 1982 quales
3258 1915 3423 1983 dicis,
3457 1920 3680 1976 credere

2089 2014 2191 2050 non
2223 1998 2497 2053 debemus.
2528 1999 2584 2056 Si
2612 2002 2754 2056 enim
2786 2002 2857 2058 de
2882 2004 3073 2075 Optato
3101 2023 3207 2061 non
3235 2018 3318 2063 est
3351 2010 3675 2065 credemhnu

2086 2087 2229 2157 quod
2258 2096 2311 2143 et
2338 2089 2626 2147 Christiani
2668 2101 2723 2148 et
2764 2094 2959 2165 Pagaui
2999 2104 3054 2153 ct
3081 2096 3288 2166 Judaei,
3323 2111 3594 2171 postremo
3620 2121 3677 2160 ct

2089 2177 2257 2232 nostri
2288 2188 2340 2233 et
2365 2181 2524 2235 vestri
2548 2181 2766 2250 dicunt;
2801 2195 3001 2255 quanto
3036 2188 3212 2243 minus
3240 2190 3569 2246 credendum
3596 2204 3679 2248 est

2088 2269 2229 2338 quod
2258 2285 2352 2325 vos
2380 2270 2447 2325 de
2467 2272 2644 2342 aliquo
2673 2273 2891 2329 dicitis?
2929 2274 2987 2332 Si
3026 2278 3149 2348 quia
3194 2281 3368 2336 nescis
3401 2298 3415 2334 ε
3456 2299 3678 2353 respou-

2087 2359 2215 2415 dent
2261 2361 2353 2416 tibi
2390 2378 2577 2433 omnes
2615 2374 2799 2434 gentes
2823 2408 2837 2434 ,
2884 2366 3047 2424 Multo
3084 2370 3254 2442 magis
3288 2387 3386 2428 nos
3412 2375 3677 2429 nescimus

2088 2453 2343 2525 quidquid
2370 2455 2437 2511 de
2470 2457 2573 2511 illis
2603 2458 2788 2528 objicis
2816 2461 2990 2516 nobis.
3018 2463 3073 2518 Si
3101 2464 3222 2534 quia
3252 2464 3342 2520 tibi
3366 2466 3635 2536 displicuit
3662 2485 3673 2520 :

2087 2544 2273 2600 eadem
2304 2546 2393 2601 tibi
2420 2562 2550 2604 voce
2583 2550 2942 2621 respondent,
2971 2553 3225 2622 Quamvis
3256 2572 3523 2628 nunquam
3555 2574 3678 2628 pro-

2088 2637 2297 2694 baveris
2317 2680 2333 2705 ,
2359 2641 2481 2695 talia
2509 2651 2683 2699 tamen
2711 2644 2997 2716 displicent
3024 2650 3199 2706 nobis.
3225 2650 3288 2720 Si
3315 2660 3491 2707 autem
3519 2653 3674 2718 dicis,

2091 2728 2233 2785 Ecce
2254 2747 2338 2786 me
2363 2731 2533 2788 furem
2562 2734 2689 2791 fecit
2716 2738 2941 2808 Optatus
2967 2741 3057 2797 ille
3077 2757 3234 2812 quem
3255 2759 3532 2813 noveram,
3554 2747 3676 2815 quia

2090 2820 2289 2891 Collega
2322 2839 2472 2879 meus
2499 2825 2628 2892 fuit,
2659 2836 2860 2884 etcum
2890 2831 2985 2886 illo
3012 2832 3080 2887 ad
3105 2833 3275 2889 altare
3295 2835 3555 2891 accedere
3584 2853 3677 2890 so-

2090 2910 2263 2966 lebam
2292 2927 2411 2967 cum
2440 2914 2537 2970 ista
2562 2919 2957 2986 committeret;
2987 2922 3083 2977 sed
3108 2938 3213 2978 non
3239 2939 3392 2991 curo,
3417 2927 3536 2996 quia
3563 2928 3679 2982 leve

2087 3013 2171 3059 est
2200 3015 2475 3076 peccatum
2509 3027 2522 3061 :
2566 3018 2620 3065 te
2658 3022 2835 3066 autem
2868 3013 2942 3067 illi
2977 3015 3288 3072 traditorcm
3331 3017 3679 3073 homicidam-

2087 3109 2193 3166 quc
2219 3096 2478 3153 fecerunt.
2512 3099 2834 3171 Respondeo
2855 3146 2871 3170 ,
2905 3121 3010 3160 non
3048 3121 3135 3161 me
3173 3108 3468 3179 concedere
3498 3119 3554 3163 ut
3578 3125 3678 3180 ego
3752 3118 3773 3125 “

2087 3201 2299 3256 quoque
2329 3188 2551 3244 traditor
2574 3199 2629 3246 et
2657 3190 2923 3249 homicida
2954 3194 3125 3252 factus
3157 3197 3258 3251 sim
3287 3199 3517 3267 peccatis
3542 3199 3675 3256 alie-

2089 3277 2191 3341 nis,
2223 3278 2343 3349 quia
2369 3288 2422 3334 tu
2455 3289 2504 3335 te
2531 3274 2705 3336 alieno
2733 3294 2952 3352 peccato
2977 3284 3152 3342 furem
3184 3287 3380 3345 factum
3403 3305 3524 3345 esse
3542 3306 3675 3345 eou-

2090 3366 2262 3421 fessus
2290 3382 2348 3422 cs
2378 3386 2393 3423 :
2425 3384 2596 3440 neque
2623 3372 2765 3426 enim
2787 3373 2991 3443 judicio
3021 3386 3227 3444 nostro,
3253 3380 3346 3435 scd
3369 3396 3463 3435 ore
3486 3392 3574 3436 tuo
3596 3383 3678 3436 fur

2087 3455 2259 3514 factus
2290 3474 2370 3515 es.
2402 3459 2512 3517 Nos
2536 3462 2678 3518 enim
2706 3463 2937 3523 dicimus
2958 3485 3390 3542 unumquemque
3412 3475 3673 3529 sarcinam

2087 3564 2237 3604 suam
2260 3564 2493 3624 portare,
2519 3553 2656 3609 sicut
2676 3556 2962 3626 Apostolus
2986 3561 3133 3616 testis
3157 3571 3239 3618 est
3260 3561 3455 3636 (Galat.
3484 3580 3558 3632 vt,
3581 3565 3639 3633 5)
3663 3584 3674 3620 :

2089 3649 2145 3695 tu
2170 3656 2301 3696 vero
2331 3659 2436 3699 non
2462 3644 2584 3715 quia
2610 3638 2809 3703 furtuui
2838 3648 3032 3719 fecisti,
3064 3653 3145 3708 vel
3174 3654 3312 3708 furto
3333 3657 3673 3721 consensisti,

2088 3733 2180 3788 sed
2211 3736 2332 3801 quia
2360 3736 2409 3790 id
2440 3742 2580 3806 quod
2608 3740 2746 3795 alius
2773 3740 2894 3797 fecit
2922 3744 2989 3798 ad
3023 3753 3073 3800 te
3099 3748 3371 3818 pertinere
3396 3748 3675 3803 existima-

2090 3823 2179 3884 s:i,
2209 3825 2308 3878 sub
2331 3828 2540 3880 sarcina
2565 3828 2742 3897 Ορωιί
2770 3833 2908 3888 ultro
2937 3844 3056 3891 tuos
3085 3839 3336 3893 humeros
3372 3839 3674 3899 subdidisti.

2090 3912 2222 3969 Nam
2265 3913 2403 3969 sicut
2444 3918 2733 3985 Apostolus
2767 3921 2878 3989 ait,
2911 3939 3032 3978 cum
3074 3926 3142 3982 de
3183 3927 3316 3982 cibis
3353 3929 3676 4001 loqueretur,

2091 4004 2211 4060 Scio
2237 4015 2283 4060 et
2308 4007 2509 4077 conﬁdo
2529 4009 2580 4063 in
2603 4008 2825 4067 Domino
2843 4012 2881 4067 J
2884 4032 2988 4078 esu,
3016 4020 3133 4083 quin
3155 4018 3286 4074 nihil
3306 4037 3568 4079 commune
3586 4042 3677 4095 per

2088 4095 2287 4165 ipsum,
2325 4099 2415 4152 sed
2442 4101 2488 4153 ei
2522 4101 2611 4170 qui
2644 4104 2900 4160 existimat
2926 4107 3121 4178 aliquid
3147 4129 3410 4168 commune
3434 4130 3539 4170 esse
3557 4158 3572 4181 ,
3600 4116 3677 4170 illi

2089 4202 2352 4242 commune
2373 4198 2445 4243 est
2477 4189 2664 4261 (Rom.
2700 4209 2813 4262 xw,
2846 4197 2947 4269 l4)
2975 4217 2987 4253 :
3017 4200 3203 4258 eadem
3240 4204 3418 4274 regula
3447 4204 3548 4260 dici
3579 4221 3677 4276 po-

2089 4286 2225 4347 test,
2254 4280 2427 4338 aliena
2458 4294 2672 4363 peccata
2698 4287 2764 4340 ad
2791 4303 2885 4344 eos
2916 4307 3020 4345 non
3052 4295 3319 4363 pertinuere
3345 4298 3537 4368 quibus
3562 4300 3674 4354 dis-

2088 4369 2319 4441 plicent;
2349 4373 2442 4428 sed
2469 4374 2512 4429 si
2542 4376 2661 4446 quis
2690 4379 2964 4437 existimat
2988 4383 3054 4438 ad
3090 4400 3150 4441 se
3190 4388 3481 4457 pertinere,
3506 4392 3670 4458 perti-

2090 4472 2220 4518 neut
2244 4463 2308 4518 ad
2339 4480 2483 4520 eum.
2515 4467 2850 4541 Quapropter
2872 4484 2925 4529 tu
2948 4492 3044 4531 nos
3070 4495 3174 4534 non
3201 4490 3350 4537 tenes
3372 4484 3673 4551 tradituros,

2090 4574 2188 4614 nec
2219 4560 2536 4633 homicidas,
2569 4566 2776 4623 etiamsi
2803 4570 2999 4641 aliquid
3045 4574 3150 4631 tale
3183 4576 3378 4646 probes
3400 4578 3468 4634 dc
3497 4579 3562 4634 iis
3585 4582 3675 4651 qni

2092 4651 2364 4707 nobiscum
2430 4654 2773 4714 Sacramenta
2830 4667 3228 4721 communicant
3273 4685 3288 4723 :
3353 4678 3406 4724 te
3455 4680 3674 4737 autem,

2089 4744 2297 4799 etiamsi
2331 4745 2421 4801 tibi
2451 4748 2731 4820 displiceat
2769 4754 3027 4826 quidquid
3061 4756 3187 4814 fecit
3210 4760 3433 4832 Optatus
3455 4805 3468 4827 ,
3505 4763 3673 4821 furem

2092 4845 2268 4890 tamen
2304 4847 2567 4906 tenemus,
2593 4857 2696 4898 non
2721 4860 2816 4914 per
2833 4848 3152 4904 calumniam
3182 4864 3442 4923 nostram,
3466 4858 3557 4912 sed
3581 4875 3676 4929 per

2093 4930 2412 4986 sententiam
2445 4942 2611 4989 luam.
2653 4936 2721 4992 Et
2759 4954 2827 4994 ne
2868 4951 3019 5010 putes
3058 4943 3160 4999 hoc
3200 4946 3319 5003 leve
3348 4964 3499 5014 esse;
3537 4954 3678 5019 Apo-

2091 5024 2287 5084 stolunt
2320 5026 2433 5095 lege
2463 5028 2729 5086 dicentem
2751 5073 2768 5098 ,
2801 5032 2981 5106 Neque
2999 5038 3138 5107 [ures
3161 5056 3371 5110 regnum
3404 5041 3497 5095 Dei
3517 5045 3681 5111 possi-

2093 5115 2277 5171 debunt
2320 5117 2522 5191 (lCor.
2547 5123 2789 5193 vn,10).
2828 5125 2927 5194 Qui
2967 5137 3144 5185 autem
3183 5145 3404 5201 regnum
3446 5134 3539 5187 Dei
3569 5149 3676 5188 non

2096 5210 2466 5279 possidebunt,
2496 5229 2600 5269 non
2633 5226 2792 5271 erunt
2819 5219 2998 5289 utique
3020 5221 3085 5276 ad
3112 5222 3386 5299 dexteram
3405 5226 3542 5281 inter
3563 5224 3680 5280 ilius

2094 5303 2288 5371 quibus
2313 5304 2539 5374 dicetur,
2581 5296 2755 5364 Venite
2774 5350 2791 5376 ,
2814 5310 3059 5369 benedicti
3080 5313 3256 5371 Patris
3280 5296 3375 5391 sc.-
3393 5357 3412 5384 ,
3441 5318 3683 5388 percipite

2094 5409 2305 5465 regnum
2324 5398 2460 5465 quod
2485 5398 2622 5454 vobis
2646 5412 2885 5471 paratum
2915 5406 3073 5460 εειηὸ
3092 5408 3290 5479 origine
3304 5410 3506 5466 mundi.
3530 5411 3585 5465 Si
3609 5412 3679 5466 ibi

2099 5501 2201 5539 non
2230 5497 2383 5542 erunt
2404 5529 2419 5554 ,
2450 5490 2537 5544 ubi
2570 5502 2762 5558 erunt,
2793 5495 2893 5549 nisi
2932 5496 2999 5551 ad
3041 5497 3357 5587 sinistram?
3393 5499 3534 5554 Inter
3562 5503 3681 5560 illus

2100 5594 2228 5650 ergo
2252 5582 2444 5651 quibus
2466 5583 2692 5649 dicetur,
2720 5585 2800 5641 Ite
2820 5590 2871 5659 in
2895 5590 3061 5661 ignem
3081 5582 3344 5659 wlernum,
3366 5590 3450 5665 qui
3473 5612 3681 5664 parum:

2100 5681 2171 5724 cst
2197 5671 2396 5726 diabolo
2421 5682 2468 5727 ct
2493 5676 2686 5746 angelis
2716 5679 2826 5747 ejus
2857 5680 3081 5750 (Matth.
3112 5697 3237 5749 xxv,
3260 5683 3362 5749 54,
3392 5688 3453 5742 41
3554 5687 3682 5743 Fru-

2102 5775 2209 5815 su'a
2241 5779 2366 5833 ergo
2399 5774 2447 5819 te
2479 5782 2725 5821 Securum
2756 5768 2884 5824 facis
2908 5812 2920 5834 ,
2955 5770 3070 5826 leve
3111 5776 3343 5842 putando
3370 5792 3642 5849 peccatum
3665 5823 3679 5847 ,

2102 5853 2239 5923 quid
2274 5872 2297 5907 a
2326 5872 2489 5927 regno
2520 5859 2607 5913 Dei
2640 5871 2888 5931 separat,
2932 5873 2982 5918 et
3024 5865 3075 5921 in
3122 5866 3297 5939 ignem
3340 5872 3499 5927 mittit
3524 5881 3675 5928 teter-
