4028 6202
426 402 527 473 279

428 534 574 571 num.
604 517 811 585 Quanto
846 513 1033 567 melius
1070 511 1133 565 ad
1174 526 1348 565 veram
1385 508 1777 563 confessionem
1805 506 1993 561 confu-

424 614 537 677 gies
561 650 575 672 ,
608 620 658 661 et
687 606 832 659 dices
860 623 871 657 :
905 602 1275 671 Unusquisque
1304 612 1541 653 nostrum
1572 599 1839 667 proprium
1866 611 2000 649 onus

426 698 691 767 portabit,
733 707 787 749 et
824 710 851 746 a
884 695 1058 749 tritico
1108 694 1309 762 paleam
1353 689 1703 745 ventilabt'um
1754 688 1996 742 ultimum

422 786 730 854 separabit?

495 878 584 933 55.
627 876 732 931 Sed
774 875 1021 930 videlicet
1066 875 1219 928 times
1263 890 1328 927 ne
1375 873 1550 925 statim
1592 871 1682 931 tibi
1728 871 1933 925 dicatur
1980 886 1993 922 :

423 970 529 1021 Cur
556 982 681 1037 ergo
710 967 835 1020 dum
869 966 984 1020 aliis
1012 966 1181 1019 aliena
1210 980 1371 1019 onera
1398 963 1661 1017 conamini
1694 963 1991 1030 imponere,

421 1060 534 1113 ausi
582 1076 677 1112 vos
727 1058 857 1111 estis
904 1067 1026 1111 ante
1073 1057 1316 1111 ultimum
1366 1054 1715 1108 ventilabrum
1760 1068 1789 1105 a
1838 1052 1999 1105 totius

422 1151 602 1206 mundi
631 1150 892 1204 dominica
926 1158 1102 1216 segete
1132 1144 1417 1215 separare?
1448 1144 1625 1213 Itaque
1648 1158 1740 1197 vos
1761 1184 1774 1207 ,
1806 1141 1997 1211 quibus

418 1241 703 1309 diSplicent
733 1240 868 1293 facta
898 1248 1217 1303 vestrorum,
1240 1238 1364 1293 dum
1395 1236 1593 1290 cavetis
1622 1250 1687 1288 ne
1716 1234 1865 1288 vobis
1895 1234 1994 1287 ob-

414 1332 630 1401 jieiatur
653 1329 883 1383 sehisma
912 1329 1051 1398 quod
1086 1343 1274 1385 omnes
1314 1326 1513 1381 fecistis
1533 1367 1547 1392 ,
1580 1325 1738 1379 etiam
1767 1323 1997 1393 peccatis

418 1436 514 1473 vos
554 1420 871 1489 implicatis,
902 1436 1018 1487 qua:
1048 1434 1142 1471 vos
1171 1434 1273 1470 non
1308 1417 1505 1471 fecistis
1539 1435 1551 1469 :
1584 1425 1636 1471 et
1678 1415 1806 1468 dum
1847 1415 1997 1468 timet

417 1512 649 1564 disertus
676 1510 986 1574 Petilianus,
1012 1524 1078 1567 ne
1100 1508 1224 1561 mihi
1250 1508 1404 1560 liceat
1424 1507 1619 1569 dicere,
1645 1521 1750 1559 non
1774 1520 1857 1558 me
1877 1519 1997 1559 esse

420 1601 575 1653 talem
606 1600 814 1668 qualem
844 1598 1007 1651 fuisse
1040 1607 1186 1666 putat
1222 1596 1559 1650 Caecilianum
1585 1637 1601 1659 ,
1643 1597 1755 1663 ipse
1792 1596 1997 1664 cogitur

417 1690 595 1751 dicere
622 1705 740 1744 esse
766 1704 823 1743 se
852 1689 1009 1743 talem
1033 1688 1243 1757 qualem
1272 1687 1435 1741 fuisse
1458 1687 1599 1740 novit
1620 1685 1889 1753 Optatum.
1914 1687 1994 1738 An

419 1791 471 1832 tu
505 1794 609 1833 non
638 1794 695 1833 es
724 1779 841 1831 talis
863 1820 875 1841 ,
906 1778 1115 1847 qualem
1159 1777 1306 1829 illum
1335 1776 1494 1831 fuisse
1524 1774 1698 1828 Africa
1728 1783 1835 1827 tota
1865 1789 1995 1828 Con-

416 1872 654 1925 clamat?
682 1870 790 1924 Nec
819 1886 915 1924 nos
946 1884 1072 1938 ergo
1099 1868 1229 1922 tales
1258 1884 1441 1921 sumus
1466 1909 1480 1932 ,
1504 1867 1687 1937 quales
1718 1867 1833 1919 illos
1861 1880 1995 1934 quos

420 1965 571 2017 nobis
601 1963 860 2031 objicitis,
888 1964 973 2017 vel
1004 1978 1155 2016 error
1182 1970 1360 2014 vester
1383 1962 1679 2029 suspicatur
1698 2002 1711 2024 ,
1740 1960 1823 2013 vel
1851 1961 1995 2013 furor

418 2053 671 2119 infamat,
695 2054 776 2108 vel
810 2054 1001 2105 veritas
1038 2052 1223 2121 probat
1251 2068 1263 2103 :
1297 2051 1466 2105 multo
1500 2052 1673 2104 n'iinus
1706 2051 1829 2104 talia
1873 2061 1995 2105 sunt

416 2158 509 2210 per
535 2158 723 2196 omnes
750 2151 936 2211 gentes
976 2140 1237 2194 frumenta
1281 2139 1545 2194 dominica
1568 2180 1582 2203 ,
1612 2156 1729 2210 quae
1771 2141 1991 2195 istorum

416 2250 514 2287 nec
538 2250 730 2289 nomen
753 2232 1056 2287 audierunt.
1080 2232 1231 2287 Nulla
1254 2233 1411 2301 igitur
1430 2248 1586 2286 causa
1608 2242 1708 2298 est,
1731 2247 1826 2286 cur
1846 2241 1994 2287 tanto

415 2327 617 2382 scelere
644 2326 995 2395 separationis
1025 2334 1078 2379 et
1103 2326 1381 2395 sacrilegio
1410 2325 1710 2379 schismatis
1742 2326 1988 2394 pereatis.

416 2416 481 2470 Et
513 2425 688 2469 tamen
722 2416 764 2469 si
796 2414 919 2484 quid
953 2429 1050 2485 pro
1095 2413 1193 2469 hac
1237 2423 1376 2468 tanta
1414 2414 1682 2483 impietate
1707 2414 1886 2467 divino
1906 2413 1991 2482 ju-

416 2508 555 2561 dicio
584 2507 888 2577 patiamini,
920 2509 1079 2561 etiam
1117 2505 1369 2576 baptizari
1404 2520 1497 2559 vos
1525 2516 1699 2558 vestro
1737 2505 1991 2574 sanguine

413 2598 593 2653 dicitis
618 2616 629 2651 :
662 2608 718 2651 ut
740 2613 925 2667 parum
948 2598 1015 2652 sit
1034 2596 1177 2667 quod
1198 2597 1353 2651 divisi
1379 2598 1393 2628 ⁸
1423 2612 1528 2651 non
1551 2596 1986 2666 compungimini,

414 2689 513 2741 nisi
546 2688 703 2741 etiam
733 2688 900 2757 puniti
925 2687 1244 2760 gloriemini.

484 2777 712 2833 CAPUT
742 2778 932 2833 XXIV.
953 2810 1021 2818 -
1044 2779 1130 2833 56.
1162 2779 1349 2832 Ρετιι.
1372 2777 1540 2831 dixit:
1572 2777 1636 2829 At
1667 2778 1795 2830 enim
1825 2777 1877 2831 in
1908 2794 1991 2831 eo-

413 2870 527 2924 dem
557 2870 881 2939 perduratis:
910 2888 927 2920 ι
966 2870 1067 2934 Qui
1089 2868 1243 2923 semel
1268 2869 1399 2922 lotus
1419 2878 1490 2921 est
1510 2910 1523 2932 ,
1554 2885 1651 2921 non
1685 2869 1830 2921 habet
1869 2886 1991 2921 cau-

412 2977 517 3015 sam
543 2961 643 3015 nisi
666 2960 811 3026 pedes
840 2959 1044 3015 lavandi
1082 2979 1100 3011 ι
1141 2959 1337 3029 (Joan.
1368 2975 1457 3013 xm
1486 3000 1500 3025 ,
1530 2958 1597 3013 10
1622 2958 1661 3027 ).
1707 2958 1877 3012 Semel
1918 2968 1989 3013 est

412 3053 545 3122 quod
572 3054 717 3105 habet
749 3062 1035 3117 auctorem,
1058 3052 1211 3106 semel
1232 3061 1303 3103 est
1327 3051 1460 3121 quod
1484 3051 1665 3103 veritas
1690 3050 1880 3118 ﬁrmat.

485 3143 573 3196 57.
616 3144 750 3197 Anc.
780 3142 1055 3210 respondit
1078 3158 1090 3192 :
1114 3140 1413 3207 Baptismus
1436 3140 1485 3192 in
1513 3140 1728 3194 nomine
1750 3140 1921 3193 Patris
1936 3148 1992 3195 et

417 3233 533 3305 Filii
589 3241 644 3286 et
700 3232 930 3299 Spiritus
976 3230 1141 3285 sancti
1190 3229 1454 3284 Christum
1509 3229 1667 3283 habet
1717 3240 1987 3287 auctorem

415 3324 638 3396 (Matth.
662 3340 857 3385 xxvtu.
888 3324 1034 3390 19),
1082 3338 1185 3375 non
1234 3322 1524 3391 quemlibet
1572 3321 1839 3377 hominem
1882 3341 1894 3376 :
1936 3331 1992 3384 et

413 3416 655 3471 Christus
685 3413 767 3471 est
792 3416 984 3471 veritas
1003 3456 1018 3480 ,
1054 3430 1156 3468 non
1184 3415 1401 3482 quilibet
1430 3415 1607 3467 homo.

482 3507 710 3561 CAPUT
737 3505 903 3560 XXV.
928 3536 1000 3546 —
1025 3506 1112 3559 58.
1144 3505 1326 3558 PETIL.
1361 3504 1493 3557 dixit
1521 3523 1532 3555 :
1570 3503 1707 3557 Nam
1738 3522 1852 3557 cum
1876 3521 1990 3559 reus

414 3600 547 3668 falsa
577 3600 858 3651 committas
877 3639 892 3664 ,
922 3598 993 3651 bis
1021 3597 1281 3667 Baptisnza
1308 3613 1397 3665 cgo
1428 3614 1525 3649 non
1556 3597 1688 3665 facio
1706 3640 1719 3663 ,
1753 3598 1889 3669 quod
1914 3615 1992 3653 se-

414 3691 513 3744 mel
540 3692 646 3761 ipse
669 3708 767 3744 non
792 3690 937 3762 facis.

484 3784 571 3839 59.
618 3785 750 3838 Atto.
781 3782 1093 3851 respondit:
1136 3781 1259 3846 Nec.
1286 3796 1406 3835 reos
1445 3797 1541 3835 nos
1582 3782 1810 3850 probas;
1852 3789 1905 3837 et
1945 3782 1990 3837 si

414 3891 538 3928 reus
566 3876 828 3943 baptismo
857 3874 988 3928 falso
1016 3873 1277 3941 baptizat,
1308 3888 1409 3925 non
1444 3871 1636 3925 habent
1675 3888 1856 3927 verum
1894 3872 1993 3926 Ba-

415 3968 665 4035 ptismnm
691 4008 705 4030 ,
731 3974 989 4035 quotquot
1019 3964 1086 4018 ab
1113 3964 1191 4025 eis
1216 3963 1548 4033 baptizantur
1567 4005 1581 4026 ,
1619 3963 1707 4031 qui
1734 3965 1873 4031 apud
1898 3977 1991 4016 vos

417 4077 519 4112 non
550 4058 721 4113 solum
748 4057 1047 4122 manifesti,
1077 4056 1170 4110 sed
1202 4056 1357 4108 etiam
1389 4055 1579 4107 occulti
1604 4055 1711 4122 jam
1740 4055 1815 4108 rei
1846 4063 1989 4111 sunt.

415 4152 469 4206 Si
495 4152 634 4208 cnim
658 4167 768 4207 rem
797 4150 889 4204 Dei
917 4149 1046 4214 dat,
1077 4148 1165 4217 qui
1206 4147 1529 4215 Baptismmn
1567 4145 1688 4201 dat:
1726 4160 1845 4199 cum
1882 4146 1990 4215 jam

417 4245 525 4299 Deo
551 4258 675 4298 reus
701 4251 781 4297 est
807 4284 820 4305 ,
855 4239 1121 4311 quomodo
1152 4254 1261 4291 rem
1294 4239 1382 4292 Dei
1414 4237 1540 4301 dat,
1573 4237 1615 4292 si
1651 4252 1773 4290 rcus
1808 4253 1989 4291 verum

417 4335 743 4404 Baptismum
768 4348 873 4387 non
902 4330 1028 4383 dat?
1055 4329 1157 4383 Sed
1186 4330 1325 4383 enim
1349 4332 1369 4360 ¹
1397 4330 1715 4397 exspectatis
1740 4338 1794 4381 nt
1820 4336 1873 4382 et
1903 4343 1994 4381 vo-

420 4424 498 4479 cis
530 4439 652 4478 rcus
679 4424 748 4477 sit
766 4464 780 4482 .
807 4422 955 4491 quasi
982 4420 1122 4489 quod
1147 4420 1363 4475 daturus
1392 4430 1472 4474 est
1500 4430 1732 4473 vestrum
1759 4419 1847 4473 sit.

485 4516 661 4572 CAPU
682 4516 710 4568 Γ
737 4513 926 4569 XXVI.
952 4545 1023 4555 —-
1052 4513 1138 4568 60.
1186 4513 1368 4567 Ρετιι..
1402 4513 1539 4567 dixit
1576 4532 1587 4561 :
1630 4511 1768 4564 Nunt
1794 4513 1840 4565 si
1868 4512 1995 4566 veris

419 4608 551 4679 falsa
582 4608 882 4675 permiscens
907 4646 921 4669 ,
966 4604 1143 4659 iisdem
1182 4620 1313 4671 swpe
1345 4602 1561 4673 vestigiis
1597 4618 1765 4657 verum
1796 4602 1995 4671 falsitas

417 4702 660 4753 imitatur.
688 4699 777 4754 Sic
800 4742 815 4764 ,
843 4698 916 4752 sic
947 4698 1197 4750 hominem
1230 4694 1435 4752 simulat
1467 4704 1661 4747 naturte
1691 4694 1887 4763 pictura
1916 4710 1994 4751 ve-

418 4809 528 4843 runt
552 4832 566 4853 ,
594 4806 705 4858 qua:
726 4788 976 4843 coloribus
997 4787 1231 4857 exprimit
1259 4787 1415 4857 falsas
1436 4785 1589 4853 facies
1608 4784 1844 4838 veritatis.
1884 4784 1993 4847 Sic,

416 4884 485 4935 sic
502 4881 694 4949 speculi
713 4882 847 4938 nitor
865 4880 1057 4933 vultum
1072 4878 1227 4949 rapit,
1246 4887 1300 4933 ut
1322 4885 1511 4930 revocet
1531 4875 1702 4929 oculos
1722 4876 1958 4931 intuentis
1980 4890 1997 4927 :

415 4976 507 5034 sic.
532 4975 605 5028 sic
629 4972 776 5039 offert
803 4971 1035 5041 proprios
1055 4968 1358 5024 venientibus
1381 4968 1569 5034 vultus,
1596 4978 1652 5020 ut
1672 4968 1784 5034 ipsa
1804 4968 1996 5020 sibimet

418 5066 626 5119 invicem
655 5067 809 5136 facies
832 5063 1072 5117 venientis
1094 5070 1360 5116 occurrat:
1389 5070 1679 5129 tantumque
1698 5060 1825 5113 valet
1845 5075 1996 5111 mun-

418 5158 483 5209 da
514 5153 782 5227 fallacia’,
812 5163 867 5209 ut
891 5153 992 5222 ipsi
1017 5170 1088 5215 se,
1112 5153 1197 5221 qui
1222 5152 1476 5221 pervident
1503 5152 1658 5217 oculi,
1683 5152 1823 5221 quasi
1848 5151 1900 5202 in
1922 5149 2000 5202 al-

419 5261 523 5301 tero
547 5263 654 5301 sese
678 5254 999 5317 cognoscant.
1029 5242 1154 5315 Ipsa
1178 5258 1373 5312 quoque
1408 5241 1585 5295 umbra
1620 5257 1734 5293 cum
1772 5240 1960 5292 steterit
1981 5278 1995 5301 ,

411 5336 663 5409 imagines
703 5336 924 5407 geminat
968 5350 1151 5403 magna
1190 5349 1255 5387 ea:
1294 5342 1436 5401 parte
1479 5330 1737 5385 mendacio
1772 5328 1998 5382 dividens

412 5423 972 5494 unitatem.Numquid
994 5424 1105 5478 ideo
1134 5440 1301 5479 verum
1324 5432 1427 5485 est,
1459 5424 1578 5493 quia
1614 5422 1776 5490 ﬁgura
1814 5419 1997 5471 utenti-

487 5648 502 5675 ‘
529 5653 599 5694 Er.
629 5658 677 5697 et
699 5657 826 5703 ιον..
854 5647 1054 5700 dimissi.
1084 5658 1202 5701 Αιιι..
1238 5644 1445 5695 Λὶι·ἱι.ἱιιι.
1480 5645 1647 5691 Verius
1674 5650 1775 5689 Mss.
1797 5676 1808 5695 ,
1838 5638 1995 5689 divisi.

486 5708 505 5737 ¹
526 5720 639 5758 Αιιι..
666 5711 706 5759 si
730 5713 873 5761 enim.
900 5721 1024 5761 λιες..
1049 5709 1115 5757 sic
1134 5709 1273 5757 enim.

487 5767 507 5799 ⁸
529 5770 935 5890 {immunda
954 5772 1162 5835 βιιιριίίτι.
1190 5778 1239 5817 Al
1268 5780 1391 5825 vss,
1417 5766 1595 5815 uacula
1616 5764 1681 5825 (id
1709 5772 1799 5823 ρει,
1816 5762 2001 5825 Speculi

487 5847 537 5880 ιιι⁴
566 5845 598 5890 ι)
646 5850 671 5877 ιι
714 5846 837 5881 una.

421 5845 598 5894 eamut)
625 5845 837 5890 μιιιτιτια.

1258 394 1524 449 CONTRA
1571 391 1902 446 LITTERAS
1943 390 2303 455 PETILIANI.
2344 394 2401 448 S.
2433 395 2797 451 AUGUSTINI

3582 396 3689 453 980

2114 511 2233 559 tur.”
2275 507 2376 561 Sed
2405 511 2545 563 aliud
2582 521 2653 565 est
2693 511 2940 564 hominem
2981 512 3214 581 pingere,
3246 510 3389 563 aliud
3428 522 3687 579 generare.

2115 596 2254 650 Nam
2294 601 2403 667 quis
2444 602 2574 668 patri
2614 600 2747 668 ﬁlios
2776 602 3029 669 exoptanli
3066 601 3220 666 falsos
3258 601 3401 669 ﬁngit
3430 601 3692 669 infantes?

2111 701 2198 741 aut
2242 693 2351 758 quis
2405 694 2609 757 pictura'
2646 694 2902 746 mendacio
2954 710 3090 746 veros
3131 694 3351 747 hmredes
3396 696 3692 763 exspectet?

2114 779 2350 849 Profecto
2377 784 2615 836 (lenientis
2648 792 2716 835 est
2738 785 2912 849 animi,
2937 784 3141 839 dimisso
3168 799 3225 837 eo
3249 784 3381 853 quod
3404 801 3571 837 verum
3595 795 3687 847 est,

2110 886 2280 923 amare
2310 873 2571 939 picturam.

2182 962 2267 1014 6f.
2302 964 2434 1017 Avo.
2469 964 2741 1030 respondit
2772 982 2785 1017 :
2820 964 2962 1017 Itane
3001 980 3103 1016 non
3132 963 3440 1028 erubescis,
3472 965 3683 1017 etiamsi

2110 1053 2160 1105 in
2211 1052 2422 1109 homine
2481 1055 2821 1110 fallacissimo
2872 1056 3065 1119 fuerit,
3121 1057 3446 1125 Baptismum
3488 1057 3683 1112 Christi

2110 1142 2393 1197 falsitatem
2426 1147 2655 1200 vocare?
2686 1147 2839 1200 Absit
2880 1148 3091 1216 quidem
3125 1157 3181 1200 ut
3218 1147 3539 1201 dominicum
3571 1147 3685 1201 fru-

2110 1241 2343 1285 mentum
2373 1235 2512 1304 quod
2543 1250 2639 1305 per
2670 1244 2837 1290 totum
2869 1252 3050 1304 agrum
3076 1277 3089 1301 ,
3122 1237 3171 1289 id
3215 1246 3292 1290 est
3315 1279 3329 1299 ,
3363 1237 3502 1289 hunc
3532 1254 3689 1291 mun-

2109 1322 2256 1388 dum,
2286 1340 2450 1393 usque
2475 1325 2540 1378 ad
2568 1342 2814 1389 messem,
2842 1326 2890 1379 id
2920 1337 3021 1387 est,
3050 1342 3213 1395 usque
3242 1327 3292 1380 in
3324 1327 3480 1381 linem
3506 1328 3687 1381 szt'cnli

2110 1416 2246 1470 inter
2275 1418 2471 1471 zizania
2498 1433 2743 1473 crescere
2769 1419 2974 1487 jussum
3002 1428 3078 1472 est
3108 1418 3321 1488 (Matth.
3355 1435 3469 1483 xm,
3496 1420 3685 1483 25-50,

2108 1508 2323 1578 56-45),
2348 1511 2539 1563 vestris
2566 1509 2857 1564 maledictis
2882 1510 3143 1563 interiisse
3168 1508 3437 1563 credatur.
3465 1509 3689 1562 Verum-

2110 1609 2283 1654 tamen
2318 1610 2369 1653 et
2411 1603 2459 1654 in
2508 1602 2636 1670 ipsis
2667 1601 2881 1655 zizaniis
2903 1644 2915 1663 ,
2948 1617 3064 1669 qua:
3096 1617 3263 1671 usque
3293 1602 3342 1653 in
3378 1600 3533 1653 linem
3579 1618 3685 1655 non

2107 1690 2300 1759 eolligi,
2334 1691 2425 1743 sed
2459 1692 2669 1763 tolerari
2712 1701 2971 1760 prmccpta
3001 1701 3121 1743 sunt
3142 1733 3155 1755 ,
3188 1702 3242 1743 et
3269 1691 3318 1743 in
3364 1691 3474 1758 ipsa
3508 1692 3685 1760 palea,

2106 1794 2223 1848 qua:
2257 1782 2462 1833 nonnisi
2511 1782 2697 1835 ultimo
2724 1782 3016 1835 ventilabro
3059 1790 3163 1833 tota
3197 1782 3527 1849 separabitur
3560 1779 3682 1846 (Μ.

2106 1884 2183 1932 ιιι,
2218 1868 2353 1937 12);
2397 1869 2554 1923 audet
2593 1870 2815 1939 quisque
2844 1871 3021 1925 dicere
3051 1870 3237 1923 falsum
3269 1886 3385 1924 esse
3416 1870 3686 1938 Baptisma

2105 1960 2248 2029 quod
2280 1962 2330 2014 in
2376 1962 2590 2015 nomine
2623 1962 2793 2016 Patris
2826 1973 2878 2016 et
2910 1962 3025 2016 Filii
3055 1971 3110 2015 et
3138 1962 3365 2030 Spiritus
3396 1963 3561 2015 sancti
3592 1963 3688 2016 da-

2112 2060 2197 2103 tur
2247 2061 2301 2104 et
2354 2053 2629 2105 sumitur?
2683 2049 2827 2119 Quos
2884 2052 3188 2107 testimonio
3239 2053 3629 2121 gravidatarum
3667 2055 3683 2085 ⁸

2106 2140 2419 2194 feminarum
2464 2143 2770 2206 convictos,
2815 2144 2898 2198 vel
2941 2144 3171 2213 collegas
3217 2144 3297 2197 vel
3343 2143 3685 2214 presbyteros

2104 2242 2311 2286 vestros
2370 2232 2436 2285 ah
2492 2233 2695 2287 honore
2746 2232 3010 2302 deponitis
3061 2234 3528 2303 (quandoquidem
3582 2236 3682 2287 ista

2102 2322 2344 2392 exempla
2377 2323 2571 2394 ubique
2602 2340 2705 2376 non
2733 2324 2977 2393 desunt),
3010 2340 3210 2393 qmero,
3240 2335 3518 2391 antequam
3549 2341 3685 2378 coa-

2101 2413 2486 2480 vincerentur,
2536 2423 2712 2469 utrum
2768 2414 2981 2467 fallaces
3031 2414 3263 2479 fuerint,
3313 2430 3377 2467 an
3422 2415 3685 2469 veraces?

2102 2504 2470 2573 Respondebis
2513 2505 2693 2573 utique
2718 2548 2732 2570 ,
2765 2503 3023 2558 Fallaces.
3068 2503 3177 2558 Cur
3215 2519 3341 2573 ergo
3370 2520 3550 2557 verum
3583 2505 3684 2556 Ba-

2102 2597 2351 2664 ptismnm
2381 2605 2432 2649 et
2461 2596 2748 2659 habebant,
2781 2605 2835 2649 et
2863 2595 3102 2648 dabant?
3130 2594 3241 2648 Cur
3267 2595 3315 2646 in
3343 2595 3421 2648 eis
3450 2594 3679 2648 divinam

2101 2687 2378 2740 veritatem
2411 2703 2515 2741 non
2546 2687 2919 2756 corrumpebat
2948 2687 3175 2740 humana
3206 2684 3455 2739 fallacia?
3497 2685 3683 2740 Nonne

2101 2778 2378 2831 verissime
2408 2778 2661 2847 scriptum
2693 2786 2769 2831 est
2790 2818 2804 2842 ,
2850 2776 3068 2832 Sanctus
3107 2777 3239 2829 enim
3266 2765 3490 2844 Spiritus
3528 2776 3682 2828 disci-

2102 2868 2256 2937 plinte
2299 2868 2505 2938 effugiet
2545 2870 2718 2936 ﬁctum
2747 2868 2911 2937 (Sep.
2942 2884 2987 2931 ι,
3018 2866 3131 2937 5)?
3174 2866 3351 2920 Fictos
3396 2882 3521 2935 ergo
3551 2866 3681 2919 istos

2099 2975 2218 3013 cum
2249 2969 2464 3014 sanctus
2492 2958 2719 3029 Spiritus
2749 2957 2984 3028 fugeret,
3018 2974 3113 3011 cur
3138 2956 3275 3028 apud
3303 2972 3396 3010 eos
3427 2957 3681 3025 Baptismi

2098 3051 2293 3104 veritas
2324 3058 2459 3113 erat,
2488 3050 2588 3103 nisi
2617 3049 2737 3119 quia
2763 3047 2992 3117 Spiritus
3021 3056 3236 3101 sanctus
3268 3047 3496 3100 hominis
3526 3044 3681 3099 falla-

2097 3141 2234 3195 ciam
2255 3181 2269 3202 ,
2314 3157 2418 3194 non
2449 3141 2722 3194 veritatem
2754 3138 3079 3193 Sacramenti
3124 3137 3394 3206 fugiebat?
3438 3136 3601 3189 Porro
3633 3136 3680 3189 si

2097 3240 2151 3286 et
2177 3229 2392 3285 fallaces
2423 3230 2618 3283 habent
2644 3230 2972 3298 Baptisntum
3003 3242 3209 3291 verum,
3234 3227 3324 3296 qui
3356 3227 3455 3279 hoc
3481 3225 3682 3278 habent

2097 3322 2240 3393 quod
2273 3338 2491 3377 veraces
2517 3324 2537 3353 ¹
2562 3321 2755 3375 habent
2794 3320 2814 3374 'l
2868 3319 3019 3375 Unde
3062 3330 3111 3372 te
3152 3326 3360 3386 oportet
3403 3304 3683 3369 advertere

2100 3426 2403 3470 Sermonem
2458 3421 2603 3466 tuum
2655 3412 2830 3481 potius
2886 3424 3004 3463 esse
3056 3409 3339 3478 pigmentis
3390 3406 3683 3476 puerilibus

2098 3504 2390 3561 coloratum
2428 3521 2439 3555 :
2482 3512 2534 3554 et
2582 3502 2701 3554 ideo
2740 3500 2829 3568 qui
2878 3500 3120 3567 neglecto
3149 3498 3309 3552 verbo
3338 3498 3456 3550 vivo
3483 3498 3503 3528 ³
3545 3496 3683 3549 fucis

2100 3595 2290 3648 talibus
2335 3593 2662 3654 delectatur,
2712 3591 2823 3658 ipse
2871 3599 3011 3642 amat
3068 3604 3167 3659 pro
3224 3589 3445 3642 veritate
3502 3589 3681 3657 pietu-

2100 3702 2230 3739 ram.

2170 3773 2392 3835 CAPUT
2430 3772 2644 3831 XXVII.
2670 3802 2741 3813 —
2767 3772 2855 3827 62.
2884 3772 3069 3826 PETIL.
3098 3772 3231 3825 dixit
3261 3789 3272 3823 :
3308 3771 3368 3823 At
3395 3771 3528 3823 enim
3554 3770 3687 3825 dicit

2100 3867 2357 3938 apostolus
2386 3867 2580 3921 Paulus
2605 3908 2618 3930 ,
2650 3883 2669 3917 ι
2704 3864 2845 3918 Unus
2875 3863 3035 3928 Deus,
3075 3879 3176 3915 una
3203 3862 3356 3930 ﬁdes.
3382 3878 3538 3914 unum
3571 3860 3682 3913 Ba-

2100 3961 2283 4027 ptisma
2315 3977 2333 4008 ι
2370 3956 2580 4028 (Ephes.
2610 3972 2680 4017 tv,
2709 3956 2796 4025 5).
2833 3955 3001 4010 Unum
3046 3972 3136 4007 nos
3180 3954 3514 4023 proﬁtentur;
3560 3970 3685 4006 nam

2100 4061 2288 4102 certum
2312 4056 2384 4100 est
2406 4064 2487 4100 eos
2510 4047 2595 4116 qui
2621 4045 2722 4098 duo
2746 4046 3055 4109 existimant,
3080 4044 3319 4096 insanire.

2175 4139 2262 4193 63.
2293 4138 2426 4192 Anc.
2460 4135 2735 4205 respondit
2765 4153 2778 4187 :
2826 4135 2880 4188 In
2912 4150 3005 4189 vos
3035 4125 3344 4189 ista'dicitis
3365 4173 3378 4195 ,
3410 4130 3502 4185 sed
3535 4132 3682 4185 insa-

2103 4230 2298 4285 niendo
2325 4229 2562 4283 nescitis.
2595 4227 2674 4282 Illi
2705 4228 2846 4281 enim
2879 4227 3060 4282 dicunt
3088 4225 3192 4278 duo
3224 4223 3558 4293 baptismata,
3586 4224 3682 4293 qui

2101 4320 2245 4374 aliud
2276 4320 2578 4374 existimant
2618 4318 2812 4371 habere
2846 4316 3022 4383 justus
3044 4357 3057 4380 ,
3088 4314 3228 4368 aliud
3258 4316 3466 4383 iniquos
3492 4332 3505 4379 ;
3556 4329 3681 4367 cum

2103 4428 2275 4481 neque
2317 4413 2535 4465 istorum
2569 4424 2738 4478 neque
2784 4409 2989 4461 illorum
3033 4408 3135 4472 sit,
3168 4408 3261 4461 sed
3307 4409 3375 4461 sit
3402 4406 3591 4462 Christi
3625 4408 3684 4462 in

2102 4504 2344 4571 utrisque
2372 4515 2529 4553 unum
2557 4516 2570 4562 ;
2614 4499 2855 4568 quamvis
2885 4499 2981 4567 ipsi
3012 4514 3115 4552 non
3144 4500 3247 4552 sint
3277 4515 3468 4561 unum,
3502 4498 3592 4552 sed
3626 4499 3684 4553 id

2103 4594 2243 4664 quod
2272 4604 2351 4647 est
2382 4607 2565 4653 unum,
2596 4591 2681 4644 isti
2715 4591 2941 4645 habeant
2968 4590 3034 4644 ad
3069 4592 3292 4645 salutem
3313 4634 3327 4655 ,
3358 4591 3429 4644 illi
3459 4590 3522 4645 ad
3556 4606 3684 4660 per-

2104 4687 2313 4741 niciem.

2174 4776 2397 4835 CAPUT
2446 4775 2679 4831 XXVIII.
2722 4804 2791 4814 --
2829 4774 2915 4828 GI».
2960 4775 3141 4829 PETIL.
3184 4774 3357 4826 dixit:
3397 4774 3579 4826 Verum
3625 4783 3686 4825 ut

2105 4871 2296 4940 aliquid
2324 4885 2637 4937 comparem,
2669 4867 2821 4919 solent
2846 4867 3093 4936 geminum
3125 4865 3280 4918 videri
3310 4865 3533 4934 furiosis,
3565 4863 3688 4915 licet

2106 4961 2256 5014 nubes
2296 4960 2509 5014 ccerulea
2549 4974 2684 5025 satpe
2722 4965 3005 5017 concurrat,
3040 4956 3241 5024 ejusque
3284 4955 3486 5006 decolor
3528 4952 3688 5023 facies

2105 5051 2370 5119 splendore
2402 5065 2655 5119 percussa,
2700 5047 2819 5099 dum
2846 5047 2975 5099 radii
3006 5047 3126 5119 solis
3154 5046 3213 5097 ab
3239 5045 3409 5097 eadem
3451 5044 3685 5106 redeunt,

2106 5145 2250 5214 quasi
2277 5143 2507 5213 proprios
2534 5141 2704 5193 radios
2733 5140 2953 5193 emittere
2986 5118 3211 5191 videatur
3240 5152 3255 5189 :
3286 5137 3379 5200 sic,
3406 5137 3474 5189 sic
3504 5136 3555 5186 in
3584 5134 3693 5200 ﬁde

2107 5234 2433 5302 Baptismatis
2458 5232 2600 5284 aliud
2622 5241 2691 5285 est
2716 5246 2937 5301 qua’rere
2962 5230 3220 5299 imagines,
3247 5228 3386 5282 aliud
3414 5242 3692 5297 agnoscere

2108 5327 2381 5379 veritatem.

2180 5419 2266 5472 63.
2299 5419 2429 5471 Anc.
2462 5415 2734 5484 respondit
2765 5434 2776 5468 :
2810 5412 2941 5480 Quid
2971 5413 3222 5481 loqueris,
3256 5412 3478 5481 qtncso?
3508 5409 3691 5478 Quan-

2175 5637 2187 5666 ¹
2221 5642 2283 5683 tta
2304 5635 2350 5681 in
2374 5638 2478 5681 Mss.
2509 5637 2561 5679 Αι
2584 5631 2631 5679 in
2657 5628 2815 5687 editis,
2840 5624 3173 5691 gravidarmn.

2174 5700 2190 5728 ¹
2217 5695 2525 5743 Floriaeensis
2578 5694 2764 5745 codex.
2819 5686 2901 5751 q'ui
2963 5689 3049 5737 hoc
3108 5686 3244 5736 habet
3300 5688 3427 5747 quod
3473 5698 3667 5736 veraces

2109 5758 2474 5822 (:vgirannensis
2491 5788 2503 5807 .
2528 5752 2721 5822 quiihoc
2746 5750 2882 5822 habet
2914 5752 3037 5812 quod
3079 5762 3170 5798 non
3213 5762 3417 5798 veraces.

2181 5822 2197 5847 ³
2224 5827 2285 5870 lta
2310 5826 2397 5866 Mss
2436 5826 2485 5865 At
2516 5813 2647 5873 editi,
2670 5813 2807 5863 t‘erl‘u
2835 5826 2954 5863 vero.
