4028 6202
254 408 352 462 illi
1588 392 1787 448 LlBER
1826 393 2197 451 SECUNDUS.

251 528 325 582 do
344 525 522 581 nubes
569 523 796 578 merulea
842 520 1020 576 radios
1062 518 1191 575 solis
1231 529 1479 587 percussa
1522 512 1830 584 repercutit.

256 616 508 686 nmuquid
540 615 753 670 furiosis
778 613 928 682 quasi
971 611 1097 687 duo.
1115 609 1257 665 soles
1285 615 1582 677 apparent,
1629 620 1692 658 ac
1731 618 1835 657 non

252 708 504 762 omnibus
527 706 614 773 qui
643 702 958 758 intuentur?
984 700 1115 757 Cum
1146 709 1322 753 autem
1353 698 1568 754 furiosis
1598 698 1669 752 ita
1692 695 1837 757 video

255 809 376 860 tur,
420 797 555 850 solis
600 795 729 863 ipsis
757 792 984 848 videtur.
1033 790 1137 846 Sed
1182 792 1226 846 si
1273 790 1553 845 molestum
1600 802 1704 841 non
1757 793 1839 840 est

251 887 392 958 quod
435 887 736 948 admoneo,
768 884 888 943 vide
929 884 1107 953 potius
1149 896 1216 937 ne
1259 880 1394 935 forte
1425 880 1543 934 talia
1576 879 1753 932 dicere
1783 885 1839 933 et

250 981 329 1035 sic
379 978 524 1049 loqui
571 977 826 1030 furiosum
873 976 959 1032 sit.
1012 973 1214 1041 Nempe
1257 982 1431 1028 tamen
1460 972 1475 1002 ί
1507 969 1610 1024 hoc
1654 968 1837 1022 dicere

253 1070 467 1124 voluisti
493 1109 507 1131 ,
536 1070 712 1137 justus
741 1066 936 1120 habere
966 1064 1240 1118 veritatem
1269 1060 1524 1130 Baptismi
1550 1102 1564 1123 ,
1613 1058 1836 1126 injustos

250 1168 428 1213 autem
461 1158 745 1228 imaginem
776 1173 790 1210 ι
821 1155 865 1211 si
899 1155 968 1209 ita
995 1164 1108 1215 est,
1142 1152 1313 1208 audeo
1342 1152 1520 1207 dicere
1546 1150 1833 1221 imaginem

253 1251 416 1305 fuisse
459 1249 511 1302 in
557 1248 648 1317 illo
673 1255 852 1302 vestro
878 1244 989 1317 (τι),
1019 1246 1104 1299 cui
1150 1260 1253 1297 non
1294 1244 1453 1305 Deus,
1496 1241 1592 1296 sed
1621 1239 1832 1311 quidam

249 1342 442 1396 Comes
473 1338 549 1410 (b)
591 1347 704 1394 erat
734 1338 873 1392 Deus
904 1354 917 1389 :
951 1337 1227 1391 veritatem
1267 1343 1442 1389 autem
1472 1333 1556 1387 vel
1586 1333 1639 1386 in
1674 1340 1724 1386 te
1749 1331 1832 1385 vel

252 1436 303 1484 in
336 1432 430 1486 illo
473 1432 563 1500 qui
606 1430 706 1485 hoc
736 1430 790 1485 in
828 1445 946 1485 eum
990 1429 1261 1498 eleganter
1299 1426 1512 1487 emisit,
1544 1423 1757 1496 quando
1783 1424 1831 1479 ei

248 1521 413 1583 dixit,
443 1519 540 1575 Cui
568 1521 760 1575 Comes
799 1528 882 1574 est
910 1519 1065 1573 Deus.
1118 1518 1185 1571 Et
1213 1516 1498 1571 discernite
1538 1516 1656 1571 illos
1696 1529 1831 1584 quos

249 1615 478 1680 uterque
505 1610 820 1683 baptizavit,
852 1617 907 1663 et
949 1609 1000 1662 in
1041 1608 1159 1663 aliis
1183 1607 1472 1676 approbato
1501 1605 1829 1675 Baptismum

248 1712 461 1765 verum,
491 1701 558 1754 ab
584 1699 701 1752 aliis
730 1709 905 1752 autem
933 1696 1196 1752 excludite
1226 1696 1508 1766 imaginem
1531 1736 1545 1761 ,
1577 1705 1631 1749 et.
1658 1695 1826 1747 intro-

245 1791 426 1846 ducite
452 1789 747 1843 veritatem.

317 1879 545 1936 CAPUT
589 1878 781 1935 XXIX.
810 1908 880 1918 -—
908 1877 995 1933 66.
1033 1878 1215 1931 PETIL.
1259 1875 1390 1930 dixit
1430 1892 1443 1927 :
1478 1874 1584 1930 Sed
1626 1881 1677 1927 ut
1723 1873 1829 1927 lucc

246 1972 450 2024 minora
493 1969 813 2031 discurram;
858 1966 1099 2036 numquid
1137 1967 1229 2036 jus
1275 1966 1432 2029 dicit,
1481 1964 1567 2035 qui
1611 1979 1712 2016 non
1756 1973 1829 2016 est

243 2065 405 2118 curia:
449 2064 770 2133 magistratus
792 2101 804 2125 ,
846 2070 933 2113 aut
971 2059 1024 2113 id
1052 2058 1186 2125 quod
1217 2058 1399 2110 dixerit
1438 2057 1529 2127 jus
1571 2060 1677 2116 'est,
1715 2070 1828 2107 cum

246 2157 432 2230 privati
457 2170 672 2226 persona
702 2151 903 2223 publica
938 2153 1064 2220 jura
1094 2149 1391 2221 perturbet?
1434 2147 1514 2200 An
1542 2163 1640 2200 non
1668 2145 1829 2216 magis

246 2264 365 2300 reus
390 2261 492 2298 non
520 2242 669 2296 modo
699 2259 798 2295 non
826 2240 1067 2312 prodest;
1100 2239 1190 2294 sed
1218 2255 1331 2291 cum
1356 2254 1412 2293 eo
1442 2237 1575 2308 quod
1603 2237 1824 2305 conﬁcit,

248 2334 488 2409 [σίδαι-ἕης
517 2333 767 2387 obtinetur
791 2333 811 2363 ⁸
832 2332 859 2386 ?

318 2428 406 2482 67.
440 2427 577 2482 Atto.
607 2422 884 2495 respondit
912 2441 930 2481 :
969 2422 1103 2489 Quid
1127 2464 1142 2490 ,
1174 2421 1218 2476 si
1265 2422 1366 2476 iste
1408 2421 1639 2490 privatus
1669 2430 1827 2490 atque

250 2517 491 2572 falsarios
530 2516 701 2585 legem
752 2514 1088 2584 imperatoris
1133 2513 1291 2567 alicui
1334 2512 1466 2566 det?
1514 2527 1691 2564 nonne
1740 2512 1828 2565 ille

258 2624 365 2661 rum
411 2606 696 2661 contulerit
726 2621 846 2662 cum
890 2605 968 2660 eis
1011 2604 1098 2675 qni
1144 2602 1281 2657 hanc
1323 2602 1536 2661 habent,
1578 2611 1631 2654 et
1660 2600 1825 2668 ipsam

248 2713 365 2754 esse
395 2696 694 2758 invenerit,
744 2711 848 2747 non
894 2692 1119 2748 attendit
1156 2707 1185 2746 a
1231 2707 1336 2760 quo
1383 2690 1681 2760 acceperit,
1731 2692 1825 2744 sed

248 2789 367 2858 quid
395 2785 731 2853 acceperit?
791 2784 1061 2840 Falsarius
1112 2784 1309 2853 quippe
1355 2779 1566 2851 quando
1617 2795 1680 2834 ex
1731 2794 1825 2835 sua

249 2878 472 2933 falsitate
496 2877 588 2931 dat
616 2876 835 2946 aliquid,
875 2876 1062 2929 falsum
1093 2884 1175 2930 est
1204 2892 1216 2926 :
1250 2872 1460 2943 quando
1487 2879 1662 2924 autem
1692 2870 1825 2925 alie-

248 2986 369 3023 num
401 2982 585 3024 verum
616 2966 684 3021 ab
708 2966 887 3036 aliquo
913 2965 1087 3031 datur,
1115 2963 1323 3018 etiamsi
1350 2978 1378 3014 a
1411 2961 1622 3015 faISario
1644 2959 1822 3027 detur,

246 3060 485 3130 quamvis
528 3058 619 3113 ille
646 3073 811 3112 verax
841 3073 944 3111 non
976 3055 1081 3121 sit,
1114 3052 1298 3109 verum
1341 3061 1425 3109 est
1464 3063 1639 3105 tamen
1681 3049 1825 3121 quod

244 3151 417 3211 datur.

311 3240 541 3299 CAPUT
583 3239 754 3296 XXX.
792 3270 867 3281 —-
903 3238 992 3292 68.
1025 3238 1211 3292 PETIL.
1240 3235 1416 3290 dixit:
1450 3234 1551 3287 Aut
1592 3232 1635 3288 si
1678 3232 1821 3305 quis-

243 3349 390 3402 quam
430 3330 658 3385 carmina
699 3328 971 3384 sacerdotis
1016 3326 1297 3379 memoriter
1337 3333 1535 3387 teneat,
1580 3321 1823 3389 numquid

243 3425 357 3476 inde
384 3421 622 3481 sacerdos
654 3430 755 3484 est,
784 3419 917 3489 quod
961 3434 1044 3471 ore
1085 3415 1331 3485 sacrilego
1359 3429 1559 3466 carmen
1602 3410 1821 3482 publicat

243 3513 510 3574 sacerdotis
531 3512 555 3564 ?

308 3606 398 3660 69.
440 3607 574 3659 AUC.
606 3600 885 3671 respondit
915 3618 927 3652 :
962 3598 1035 3652 ιω
1082 3595 1222 3653 istud
1266 3595 1433 3659 dicis,
1466 3593 1617 3664 quasi
1660 3591 1820 3646 modo

242 3709 539 3762 quaeramus
568 3692 686 3762 quis
715 3691 785 3746 sit
810 3705 971 3744 verus
1010 3686 1293 3748 sacerdos,
1333 3694 1386 3739 et
1429 3700 1533 3738 non
1582 3682 1727 3752 quid-
1752 3683 1820 3736 sit

243 3800 424 3839 verum
450 3784 741 3853 Baptisma.
774 3781 844 3838 Ut
880 3781 1021 3857 enim
1067 3780 1137 3834 sit
1186 3778 1409 3847 quisque
1435 3790 1594 3828 verus
1638 3787 1819 3827 sacer-

241 3876 353 3940 dos,
405 3883 617 3945 oportet
664 3882 722 3928 ut
768 3888 873 3927 non
920 3870 1034 3925 solo
1058 3871 1425 3929 Sacramenta,
1473 3863 1568 3919 sed
1615 3862 1818 3932 justitia

241 3981 447 4036 qumpte
489 3963 735 4017 induatur
756 4004 769 4025 ,
801 3962 937 4015 sient
967 3959 1219 4027 scriptum
1256 3963 1338 4012 est
1366 3973 1379 4009 :
1410 3953 1707 4010 Sacerdotes
1745 3951 1820 4006 tui

238 4056 513 4108 induantur
531 4053 731 4124 justitia
754 4048 1221 4116 (Psal.cxx1u,9).
1243 4046 1342 4113 Qui
1369 4055 1545 4099 autem
1572 4043 1687 4099 solo
1713 4042 1815 4097 Sa-

238 4154 510 4199 cramento
552 4141 803 4197 sacerdos
842 4149 956 4207 est,
988 4139 1123 4193 sicut
1161 4137 1260 4192 fuit
1303 4134 1534 4205 pontifex
1562 4132 1810 4204 Caiphas,

236 4242 547 4304 persecutor
592 4222 745 4287 lllllllS
790 4240 845 4285 et
890 4228 1152 4285 verissimi
1200 4227 1531 4290 sacerdotis;
1575 4223 1818 4295 quamvis

238 4327 343 4395 ipse
367 4342 475 4380 non
507 4324 580 4380 sit
604 4339 785 4388 verax,
814 4321 953 4391 quod
983 4321 1074 4374 dat
1103 4331 1281 4374 tamen
1311 4333 1494 4373 verum
1527 4324 1609 4371 est
1636 4315 1680 4369 si
1709 4330 1815 4369 non

236 4418 315 4472 det
347 4432 506 4472 suum
527 4457 543 4482 ,
572 4414 665 4469 sed
694 4414 785 4468 Dei
819 4432 833 4467 :
866 4416 1003 4468 sicut
1028 4411 1094 4465 de
1120 4412 1234 4479 ipso
1262 4410 1458 4478 Caipha
1487 4406 1683 4461 dictum
1712 4412 1814 4472 est,

237 4506 347 4561 Iloc
376 4517 549 4560 autem
580 4522 680 4559 non
707 4522 739 4557 a
768 4521 820 4558 se
848 4504 996 4565 dixit,
1027 4502 1114 4556 sed
1138 4517 1249 4553 cum
1271 4507 1396 4553 esset
1424 4498 1669 4567 pontifex,
1700 4506 1819 4565 pro-

234 4599 453 4663 phetarit
486 4593 663 4665 (Joan.
692 4610 786 4660 x1,
814 4592 972 4647 49-51
1000 4632 1015 4658 ,
1042 4600 1088 4644 et
1112 4605 1271 4651 xvm,
1299 4589 1411 4656 M).
1440 4588 1505 4641 Et
1531 4596 1726 4648 tamen,
1762 4592 1819 4638 ut

234 4701 297 4740 eo
321 4700 538 4754 quoque
564 4683 722 4737 simili
753 4693 869 4736 utar
894 4681 1034 4752 quod
1063 4680 1175 4749 ipse
1201 4677 1444 4746 posuisti,
1476 4677 1519 4729 si
1546 4675 1728 4729 audias
1748 4674 1817 4729 ab

231 4775 409 4842 aliquo
447 4772 535 4827 vel
576 4772 796 4841 profano
827 4785 1037 4838 precem
1078 4766 1370 4822 sacerdotis
1406 4764 1579 4818 verbis
1615 4773 1669 4817 et
1697 4778 1814 4833 my-

232 4864 412 4920 steriis
451 4862 773 4933 evangelicis
800 4860 1186 4915 conformatum
1210 4857 1268 4922 ‘;
1309 4852 1563 4924 numquid
1594 4861 1741 4922 poles
1765 4853 1815 4908 ei

229 4961 433 5020 dicere,
461 4955 579 5010 Non
611 4963 694 5010 est
720 4968 874 5017 vera,
902 4952 1143 5022 quamvis
1181 4951 1294 5018 ipse
1321 4964 1425 5003 non
1456 4947 1624 5000 solum
1660 4961 1816 5001 verus

230 5060 334 5100 non
365 5045 466 5111 sit,
492 5044 588 5100 sed
617 5043 777 5099 etiam
806 5042 986 5095 nullus
1012 5040 1261 5094 sacerdos
1292 5039 1401 5092 sit?
1441 5053 1562 5093 cum
1599 5045 1814 5105 aposto«

224 5140 310 5193 lus
340 5136 539 5192 Paulus
561 5134 828 5205 quoddam
868 5132 1230 5188 testimonium
1253 5145 1437 5185 verum
1465 5144 1586 5184 esse
1619 5127 1817 5181 dixerit

225 5227 501 5283 Cretensis
523 5227 708 5281 nescio
733 5224 884 5293 cujus
910 5223 1183 5293 propheta:
1204 5262 1219 5286 ,
1245 5222 1332 5292 qui
1364 5221 1500 5274 inter
1525 5217 1813 5288 prophetas

227 5317 328 5373 Dei
374 5334 481 5373 non
522 5315 974 5386 computabatur:
1007 5312 1082 5366 ait
1122 5312 1285 5376 enim,
1328 5310 1470 5365 Dixit
1511 5310 1717 5375 quidam
1751 5322 1814 5361 ea:

291 5514 309 5543 ¹
338 5511 482 5568 aditi,
515 5523 687 5573 nempe
723 5522 850 5573 cum.
879 5503 1177 5573 poneinnius
1197 5512 1305 5555 ttss.
1326 5538 1340 5564 ,
1365 5517 1532 5568 nempe
1571 5510 1744 5555 tamen.

288 5575 310 5605 ί
330 5574 405 5621 sic
425 5581 529 5621 uss.
556 5580 611 5621 Αι
627 5567 768 5628 editi,
791 5567 987 5621 obtinet.

289 5634 312 5666 ³
336 5634 471 5687 Editi.
495 5632 846 5693 conﬁrmatam.
871 5638 980 5681 uss.
1009 5642 1142 5687 vero,
1168 5628 1528 5690 conformatum.

283 5695 363 5818 tt;
382 5703 550 5806 as”

309 5755 360 5820 ο)
383 5755 529 5807 cauto.

3420 411 3526 467 28‘}

1946 508 2072 577 ipsis
2097 511 2334 581 proprius
2376 530 2548 568 eorum
2578 504 2845 585 propheta,
2879 517 3133 575 Cretenses
3159 540 3353 590 semper
3384 544 3525 579 uicu—

1947 599 2124 667 duces,
2168 603 2316 656 mala:
2360 604 2562 671 bestiae,
2606 618 2795 662 ventres
2840 611 3019 681 pigri:
3050 615 3386 669 testimonium
3433 618 3528 670 hoc

1947 707 2116 747 verum
2138 703 2216 747 est
2246 694 2368 765 (Tit.
2399 712 2450 758 ι,
2481 696 2572 758 l2,
2600 698 2726 768 15).
2754 699 2812 754 Si
2838 717 2963 771 ergo
2992 703 3278 773 Apostolus
3297 747 3311 769 ,
3344 709 3525 761 nescio

1946 784 2097 854 cujus
2124 787 2432 858 alienigena:
2481 792 2801 861 testimonio,
2851 795 2970 863 quia
3018 811 3197 852 verum
3243 801 3526 868 comperit.

1946 877 2104 929 etiam
2154 878 2267 947 ipse
2309 889 2586 935 attestatus
2629 894 2743 948 est;
2794 900 3014 939 curuos
3056 888 3192 956 apud
3231 890 3528 958 quemlibet

1948 969 2304 1024 invenerimus
2342 971 2477 1040 quod
2504 970 2699 1027 Chriszi
2740 984 2822 1028 est
2844 1017 2859 1041 ,
2887 986 2940 1029 et
2969 992 3149 1031 verum
3182 988 3263 1033 est
3289 980 3447 1034 etiam
3472 983 3520 1036 si

1946 1060 2033 1115 ille
2058 1061 2195 1132 apud
2226 1077 2380 1131 quem
2408 1062 2673 1119 invenitur
2703 1081 2983 1132 pervorsus
3013 1079 3065 1121 et
3098 1067 3254 1123 fallax
3279 1079 3381 1135 est,
3415 1085 3521 1124 nou

1945 1149 2293 1205 discernimus
2317 1153 2498 1206 vitium
2545 1154 2684 1224 quod
2739 1155 2895 1209 homo
2942 1157 3118 1223 habet,
3164 1167 3213 1213 et
3246 1161 3520 1213 veritatem

1943 1258 2100 1312 quam
2126 1259 2233 1298 non
2261 1259 2441 1313 suam,
2472 1245 2566 1300 sed
2596 1245 2685 1300 Dei
2722 1246 2919 1310 habet;
2963 1256 3017 1302 et
3045 1247 3301 1315 dicimus,
3327 1249 3520 1303 Sacra-

1943 1343 2178 1390 mentum
2213 1335 2315 1390 hoc
2340 1351 2525 1390 verum
2563 1347 2678 1401 est;
2723 1338 2860 1392 sicut
2909 1338 2994 1391 ille.
3034 1339 3129 1404 ait,
3163 1339 3521 1393 Testimonium

1941 1427 2035 1479 hoc
2076 1442 2245 1480 verum
2287 1427 2401 1482 est?
2442 1426 2704 1497 Numquid
2748 1429 2868 1484 ideo
2907 1430 3150 1493 dicimus,
3194 1431 3361 1485 Etiam
3410 1432 3522 1499 ipse

1942 1515 2102 1570 homo
2144 1532 2302 1571 verax
2347 1528 2466 1581 eSt;
2514 1519 2635 1587 quia
2681 1518 3370 1581 dicimus,.Sacramentum
3417 1519 3521 1574 hoc

1944 1620 2128 1660 verum
2156 1617 2235 1662 est
2254 1608 2277 1659 ?
2299 1606 2445 1661 Sicut
2469 1616 2522 1660 et
2544 1606 2847 1675 Apostolus,
2876 1610 3124 1678 numquid
3151 1610 3269 1664 ideo
3292 1610 3522 1680 prophe-

1942 1705 2046 1751 tam
2075 1699 2221 1753 illum
2255 1699 2393 1753 inter
2418 1698 2711 1768 Prophetas
2740 1701 2830 1754 Dei
2857 1702 3199 1769 computavit,
3232 1704 3351 1771 quia
3377 1702 3516 1771 quod

1941 1787 1991 1841 iu
2030 1804 2095 1844 eo
2122 1806 2301 1845 verum
2331 1791 2562 1855 invenit,
2591 1805 2773 1843 verum
2805 1805 2924 1847 esse
2953 1791 3219 1845 ﬁrmavit?
3263 1790 3518 1846 Similiter

1942 1880 2078 1934 idem
2104 1881 2375 1950 apostolus
2421 1896 2542 1934 cum
2579 1881 2717 1949 apud
2758 1881 2994 1935 Athenas
3037 1891 3179 1936 esset
3224 1883 3359 1936 inter
3398 1897 3518 1938 aras

1939 1972 2240 2026 dmmonum
2271 1972 2643 2028 animadvertit
2666 1988 2814 2025 aram
2844 1974 3147 2042 quamdam,
3179 1974 3229 2027 in
3254 1989 3356 2042 qua
3382 1975 3518 2027 scri-

1942 2071 2084 2132 ptum
2117 2070 2231 2116 erat
2253 2104 2267 2126 ,
2296 2060 2481 2133 Ignoto
2509 2061 2635 2115 Deo.
2685 2062 2754 2116 Et
2781 2061 2882 2115 hoc
2911 2063 3265 2117 testimonium
3294 2063 3361 2117 ad
3400 2063 3521 2119 illos

1941 2155 1990 2206 in
2020 2151 2234 2208 Christo
2259 2153 2599 2210 :edilicaudos
2627 2155 2932 2223 assumpsit,
2965 2154 3035 2208 ita
3067 2166 3123 2208 ut
3152 2154 3255 2209 hoc
3284 2171 3520 2210 comme-

1940 2252 2173 2299 moraret
2216 2243 2265 2296 in
2296 2258 2545 2299 sermone
2583 2258 2712 2310 suo,
2741 2252 2899 2313 atque
2941 2244 3325 2314 subjungeret:
3359 2243 3518 2309 Quem

1934 2350 2025 2388 vos
2072 2334 2358 2404 ignorantes
2403 2334 2588 2400 colitis,
2639 2335 2772 2388 hunc
2817 2333 2954 2388 vobis
3000 2351 3091 2387 uos
3136 2336 3517 2388 annuntiamus.

1937 2423 2199 2494 Numquid
2227 2424 2344 2492 quia
2372 2425 2451 2479 vel
2474 2425 2611 2479 inter
2647 2423 2906 2478 idolorum
2944 2438 3065 2478 aras
3087 2424 3221 2479 vela
3248 2424 3519 2495 sacrilegis

1938 2526 2170 2585 erectam
2214 2532 2359 2570 aram
2403 2517 2544 2570 illam
2588 2517 2817 2586 reperit,
2861 2525 3138 2586 propterea
3178 2516 3318 2586 quod
3359 2518 3410 2570 in
3455 2533 3517 2571 ea

1939 2626 2121 2663 verum
2153 2618 2268 2664 erat
2290 2610 2558 2664 damnavit
2585 2618 2675 2663 aut
2701 2609 2935 2679 respuit;
2965 2619 3051 2662 aut
3082 2620 3299 2678 propter
3327 2624 3515 2663 verum

1936 2701 2076 2771 quod
2121 2701 2172 2754 iu
2215 2716 2275 2755 ea
2321 2701 2538 2770 legerat,
2574 2700 2732 2754 etiam
2776 2701 3046 2770 sacrilegia
3074 2684 3400 2770 Paganorum
3428 2717 3517 2756 se-

1936 2788 2127 2844 ctanda
2180 2804 2300 2844 esse
2359 2790 2665 2859 persuasit?
2721 2790 3118 2859 Consequenter
3170 2801 3346 2846 autem
3393 2806 3513 2846 cum

1936 2879 2107 2949 ipsum
2137 2880 2295 2933 etiam
2330 2878 2608 2933 Dominum
2637 2878 2740 2933 illis
2771 2880 3006 2948 ignotum
3029 2919 3043 2943 ,
3074 2878 3172 2931 sibi
3208 2888 3382 2934 autem
3414 2894 3514 2934 no-

1937 2980 2071 3035 tum,
2103 2971 2261 3027 etiam
2293 2970 2502 3024 illorum
2535 2970 2757 3033 notitiae,
2802 2970 2939 3023 sicut
2975 2983 3267 3038 congruere
3304 2968 3513 3036 judica-

1934 3061 2043 3124 bat,
2071 3061 2339 3116 insinuare
2361 3060 2536 3120 vellet.
2567 3060 2641 3113 ait
2671 3059 2807 3114 inter
2830 3068 3020 3113 caetera
3050 3078 3063 3113 :
3092 3058 3157 3112 Et
3184 3060 3382 3129 quidem
3411 3076 3513 3113 non

1934 3158 2084 3227 longe
2125 3157 2341 3226 positum
2387 3155 2448 3207 ab
2500 3169 2794 3223 unoquoque
2838 3162 3104 3217 nostrum;
3150 3153 3204 3206 in
3247 3153 3338 3206 illo
3380 3153 3515 3206 enim

1932 3250 2160 3314 vivimus,
2192 3258 2239 3302 et
2269 3264 2543 3312 movemur,
2576 3257 2621 3300 et
2649 3238 2853 3309 sumus,
2871 3247 3000 3299 sicut
3026 3254 3072 3298 et
3099 3245 3305 3316 quidam
3331 3260 3514 3299 secun-

1932 3340 2051 3393 dum
2082 3355 2166 3392 vos
2213 3337 2444 3391 dixerunt
2490 3334 2624 3407 (Act.
2653 3350 2764 3389 xvtt
2782 3376 2795 3397 ,
2818 3334 2889 3389 25
2908 3376 2921 3397 ,
2949 3334 3017 3387 27
3038 3375 3051 3398 ,
3074 3333 3202 3406 28).
3251 3333 3513 3403 Numquid

1931 3430 2090 3487 etiam
2120 3430 2239 3495 hic,
2281 3429 2401 3499 quia
2448 3414 2663 3482 invenit-
2691 3425 2830 3496 apud
2878 3426 3164 3495 sacrilegos
3211 3415 3511 3480 testimonia

1931 3520 2168 3575 veritatis
2191 3561 2205 3581 ,
2235 3529 2325 3573 aut
2350 3530 2565 3588 promer
2592 3517 2691 3571 ista
2739 3517 2859 3571 illos
2898 3517 3227 3587 approbavit,
3251 3524 3344 3570 aut
3385 3531 3513 3586 pro-

1930 3621 2048 3682 pter
2085 3612 2202 3665 illos
2231 3611 2327 3665 iSta
2360 3609 2672 3665 damnavit?
2712 3608 2821 3664 Vos
2849 3616 3027 3664 autem
3071 3622 3293 3664 necesse
3332 3618 3416 3662 est
3456 3617 3523 3666 ut

1929 3720 2142 3776 semper
2170 3704 2359 3759 erretis
2378 3744 2394 3765 ,
2436 3701 2685 3771 quamdiu
2721 3709 2937 3771 propter
2966 3701 3241 3754 hominum
3268 3701 3389 3753 vitia
3421 3700 3511 3754 Dei

1928 3794 2269 3849 Sacramenta
2294 3793 2520 3856 violatis,
2545 3800 2636 3844 aut
2660 3805 2757 3843 nos
2787 3799 3004 3858 propter
3026 3790 3117 3843 Dei
3144 3789 3508 3851 Sacramenta,

1928 3900 2047 3953 qua:
2074 3884 2125 3937 in
2158 3882 2311 3935 vobis
2338 3881 2540 3934 violare
2577 3879 2842 3939 nolumus,
2875 3879 3033 3932 etiam
3063 3877 3224 3932 vestri
3254 3877 3511 3931 schisma-

1930 3975 1999 4031 tis
2028 3972 2364 4042 sacrilegium
2389 3984 2661 4025 assumere
2691 3968 2904 4038 putatis.
3136 3953 3149 3959 “

1999 4062 2223 4120 CAPUT
2270 4060 2463 4115 XXXI.
2506 4090 2578 4100 —
2615 4058 2704 4115 70.
2752 4057 2935 4113 Ρετιι..
2968 4057 3100 4112 dixit
3129 4075 3142 4109 :
3174 4057 3350 4111 Omnis
3378 4059 3508 4111 enim

1930 4166 2148 4228 potestas
2175 4172 2236 4210 ea;
2267 4153 2370 4207 Deo
2396 4161 2470 4212 est
2498 4152 2675 4222 (Rom.
2706 4167 2833 4214 xm,
2870 4150 2944 4219 l),
2976 4167 3076 4203 non
3104 4150 3157 4202 in
3183 4149 3383 4203 homine
3412 4165 3507 4218 po-

1929 4249 2118 4302 testatis
2146 4248 2161 4278 ¹
2190 4263 2208 4300 :
2237 4247 2366 4299 sicut
2392 4234 2581 4297 ‘Pontio
2610 4241 2779 4294 Pilato
2803 4239 3057 4311 respondit
3082 4238 3329 4294 Dominus
3356 4238 3507 4292 Iesus

1930 4338 2175 4401 Christus,
2212 4354 2231 4387 ι
2269 4334 2387 4388 Non
2417 4332 2620 4386 haberes
2663 4332 2714 4385 in
2762 4347 2839 4385 me
2882 4341 3208 4402 potestatem,
3239 4331 3337 4384 nisi
3380 4342 3506 4385 esset

1928 4430 2017 4482 tibi
2055 4429 2270 4499 desuper
2306 4426 2424 4478 data
2459 4443 2477 4475 ι
2510 4421 2685 4494 (Joan.
2717 4438 2827 4489 XIX,
2859 4422 2970 4491 ll).
3015 4421 3080 4474 Et
3104 4422 3285 4476 iterum
3314 4421 3507 4475 dicente

1925 4519 2157 4581 Joanne,
2188 4535 2206 4568 ι
2241 4513 2360 4568 Νοη
2401 4521 2557 4585 potest
2598 4513 2744 4565 homo
2788 4515 2952 4582 facere
2990 4511 3294 4581 quidquam,
3336 4512 3432 4565 nisi
3460 4512 3506 4565 ei

1928 4610 2101 4663 datum
2132 4608 2282 4679 fuerit
2311 4605 2374 4658 de
2396 4604 2519 4658 caelo
2550 4623 2569 4656 ι
2600 4601 2709 4675 (Id.
2739 4618 2814 4667 ιιι,
2843 4601 2956 4671 27).
2986 4601 3121 4656 Doce
3144 4602 3319 4673 igitur,
3349 4603 3506 4655 tradi-

1928 4709 2025 4762 tor,
2055 4696 2330 4753 simulandi
2360 4695 2596 4766 mysteria
2620 4693 2822 4762 quando
2852 4694 3103 4763 acceperis
3131 4703 3442 4763 potestatem.

1998 4791 2086 4845 7i.
2129 4790 2261 4844 Acc.
2308 4785 2581 4857 respondit
2618 4802 2632 4839 :
2677 4784 2756 4839 Tu
2800 4784 2935 4839 doce
2985 4785 3175 4853 potius,
3229 4787 3506 4840 universus

1926 4882 2070 4936 orbis
2101 4891 2359 4934 terrarum
2386 4919 2401 4944 ,
2428 4893 2534 4947 quo
2563 4874 2751 4929 diliusa
2788 4883 2870 4930 est
2910 4874 3190 4928 haereditas
3215 4874 3412 4931 Christi
3450 4886 3505 4931 et

1927 4973 2015 5027 illa
2062 4980 2140 5025 tot
2183 4970 2417 5040 gentium
2460 4966 2740 5022 multitudo
2765 5006 2780 5032 ,
2813 4965 2900 5019 ubi
2942 4966 3180 5034 Apostoli
3234 4966 3505 5021 Ecclesias

1924 5062 2295 5125 fundaverunt,
2322 5058 2537 5129 quando
2566 5055 2861 5127 baptizandi
2888 5055 3125 5111 amiserit
3158 5065 3500 5126 potestatem.

1923 5154 2200 5225 Nunquam
2224 5150 2439 5206 docebis
2468 5167 2483 5202 :
2513 5164 2618 5203 non
2659 5149 2828 5203 solum
2856 5147 2974 5216 quia
2998 5161 3091 5203 eos
3121 5147 3459 5201 calumniaris
3486 5188 3502 5213 ,

1923 5262 2028 5300 non
2077 5245 2238 5299 doces
2283 5241 2612 5305 traditores;
2663 5238 2757 5294 sed
2804 5238 2925 5308 quia
2975 5238 3181 5291 etiamsi
3231 5236 3498 5300 docueris,

1922 5351 2027 5390 non
2062 5342 2234 5404 potest
2274 5330 2636 5401 quorumlibet
2663 5328 2920 5383 malorum
2953 5327 3123 5382 scelus
3147 5365 3163 5390 ,
3205 5326 3317 5379 sive
3345 5326 3496 5394 igno—

1923 5437 2093 5483 torum
2111 5469 2125 5493 ,
2153 5427 2262 5480 sive
2288 5424 2546 5478 fallaciam
2570 5464 2584 5486 ,
2611 5424 2724 5477 sive
2754 5430 2811 5476 ιιι
2839 5421 3037 5475 zizania
3062 5419 3145 5473 vel
3179 5419 3325 5484 palea
3369 5416 3502 5471 ιυΙθυ

1922 5521 2233 5583 randorum,
2265 5528 2504 5573 evertere
2531 5516 2789 5586 promissa
2821 5515 2946 5579 Dei,
2977 5523 3032 5567 ut
3059 5526 3160 5566 non
3209 5510 3260 5564 in
3291 5512 3499 5566 semine

1922 5612 2148 5667 Abrahae
2186 5609 2562 5666 benedicantur
2591 5623 2778 5663 omnes
2815 5617 2999 5677 gentes
3029 5624 3038 5657 :
3072 5603 3333 5673 aquibus
3366 5618 3494 5672 pro-

1987 5747 1999 5777 '
2028 5744 2338 5795 Floriacensis
2359 5742 2535 5801 codex,
2552 5737 2755 5791 nomine.
