4028 6202
534 400 635 452 283
1341 451 1350 459 .

533 513 704 566 missis
737 523 824 559 vos
850 505 1050 558 alienos
1086 499 1290 560 facilis,
1321 497 1408 566 qui
1441 511 1561 550 cum
1586 494 1831 550 omnibus
1865 489 2113 560 gentibus

530 601 955 659 eonnnuniouem
987 595 1203 649 unitatis
1234 591 1428 646 habere
1459 605 1560 643 non
1589 588 1766 641 vultis.

601 691 824 746 CAPUT
858 687 1073 742 XXXII.
1118 716 1184 724 —
1227 683 1314 737 72.
1361 683 1543 736 Ρετιι..
1592 679 1765 733 dixit:
1803 675 1937 729 Licet
1985 674 2116 726 enim

532 806 686 842 inium
712 789 773 838 sit
801 785 1135 853 Baptismum,
1165 780 1320 832 tribus
1352 785 1514 830 tamen
1559 785 1630 827 est
1671 772 1909 843 gradibus
1935 783 2113 821 conse-

529 890 742 934 cratum.
789 867 935 928 Dedit
974 889 1156 942 aquam
1181 869 1406 923 Joannes
1451 867 1558 920 sine
1603 863 1802 916 nomine
1826 858 2111 922 Trinitatis,

529 973 654 1023 sicut
700 970 806 1036 ipse
845 966 1098 1036 professus
1129 970 1198 1014 est
1241 960 1413 1011 dicens
1452 973 1469 1010 :
1507 975 1524 1006 ‹
1563 954 1674 1026 Ego
1713 969 1798 1006 vos
1837 951 2035 1020 baptizo
2062 950 2116 1002 in

530 1076 660 1130 aqua
687 1055 986 1129 paenitet-uice
1011 1070 1028 1106 :
1055 1053 1184 1105 alius
1220 1050 1378 1104 veniet
1403 1048 1488 1117 qui
1528 1047 1708 1115 fortior
1738 1060 1816 1097 me
1841 1052 1943 1108 est,
1969 1042 2115 1110 cujus

531 1172 629 1208 non
654 1170 762 1205 sum
786 1153 967 1221 dignus
990 1146 1329 1201 calceamenta
1369 1152 1608 1212 portare;
1646 1140 1755 1208 ipse
1779 1154 1866 1191 vos
1890 1135 2118 1205 baptizat

532 1249 580 1298 in
609 1245 806 1313 Spiritu
828 1252 1001 1295 sancto
1023 1249 1067 1291 et
1087 1239 1202 1308 igne
1234 1256 1251 1287 ι
1286 1234 1501 1303 (Matth.
1525 1249 1602 1297 ιιι,
1634 1231 1744 1302 ll).
1772 1229 1926 1283 Dedit
1950 1228 2115 1298 Spiri-
2137 1234 2154 1249 ‘

533 1350 636 1390 tmn
664 1346 890 1389 sanctum
918 1333 1146 1388 Christus
1167 1373 1179 1392 ,
1217 1330 1343 1383 sicut
1387 1326 1629 1396 scriptum
1677 1333 1748 1376 est
1777 1339 1794 1376 :
1827 1341 1844 1373 ‹
1883 1321 2118 1376 Sibilavit

532 1431 581 1482 in
613 1430 790 1496 [aciem
821 1442 1010 1488 eorum,
1038 1434 1083 1476 et
1118 1423 1266 1483 dixit,
1301 1420 1524 1488 Accipite
1555 1417 1806 1488 Spiritum
1839 1424 2065 1468 sanctum
2094 1433 2111 1464 ι

541 1522 718 1591 (Jomt.
749 1536 812 1572 xx
833 1560 845 1579 ,
879 1518 994 1585 1‘2).
1027 1515 1239 1586 Ipseque
1269 1513 1399 1582 ignis
1432 1510 1728 1564 I’araclctus
1757 1506 2116 1575 crepitantibus

533 1614 751 1683 ﬂammis
777 1611 1043 1663 ardescens
1074 1609 1122 1660 in
1150 1605 1414 1674 Apostolos
1443 1602 1744 1671 supervenit.
1777 1599 1820 1653 0
1849 1616 1963 1651 vera
1991 1598 2120 1649 divi~

534 1713 664 1760 nitas
691 1749 702 1767 ,
736 1722 847 1775 qua:
875 1703 1146 1755 accemlcre
1175 1703 1277 1752 visa
1305 1707 1377 1750 est
1403 1740 1415 1761 ,
1459 1713 1559 1748 non
1588 1696 1793 1756 ardere,
1833 1693 1960 1745 sicut
1991 1691 2117 1742 scri-

535 1812 672 1864 ptum
704 1809 775 1850 est
812 1814 828 1848 :
858 1817 874 1847 ι
914 1795 1102 1847 ("actus
1143 1803 1211 1844 est
1241 1791 1402 1844 subito
1431 1791 1492 1841 de
1539 1786 1660 1840 cirlo
1700 1802 1851 1838 sonus
1883 1795 2118 1850 tanquam

533 1892 577 1940 vi
610 1905 792 1957 magna
837 1886 1045 1953 spiritus
1082 1883 1297 1949 ferretur
1323 1922 1335 1944 ,
1385 1890 1430 1932 et
1462 1877 1664 1946 replevit
1712 1885 1866 1928 totam
1915 1874 2118 1926 domum

533 1983 614 2033 ubi
662 1989 802 2032 erant
845 1978 1072 2032 sedentes
1114 1973 1342 2041 Apostoli
1418 1971 1481 2023 Et
1515 1971 1631 2022 visae
1677 1977 1792 2020 sunt
1840 1965 2120 2017 distribqu

535 2075 720 2144 lingua:
755 2082 991 2140 tanquam
1018 2068 1166 2138 ignis,
1192 2066 1316 2117 sedit
1346 2074 1511 2116 au'eru
1541 2077 1693 2129 super
1722 2073 2120 2126 unumquemque

535 2181 740 2227 eorum;
790 2172 833 2214 et
864 2159 1043 2229 repleti
1070 2167 1184 2212 sunt
1216 2172 1385 2209 omnes
1418 2153 1616 2217 Spiritu
1652 2160 1845 2212 sancto,
1879 2158 1922 2201 et
1954 2164 2118 2215 cazpe-

535 2266 651 2308 ruut
695 2253 833 2322 loqui
880 2252 1032 2304 variis
1074 2249 1279 2318 linguis,
1327 2247 1451 2297 sicut
1486 2243 1708 2312 Spiritus
1736 2249 1940 2293 sanctus
1968 2237 2118 2306 dabat

535 2346 786 2414 eloquium
817 2343 885 2394 eis
920 2361 936 2390 ι
972 2339 1104 2411 (det.
1132 2355 1166 2392 ιι
1188 2380 1200 2401 ,
1231 2336 1374 2404 2-4).
1411 2333 1485 2386 Tu
1518 2349 1629 2385 vero
1650 2374 1662 2394 ,
1695 2340 1981 2400 persecutor
2001 2370 2014 2393 ,
2045 2331 2120 2382 vel

537 2453 717 2505 nquam
751 2433 1056 2503 pmnitentia:
1098 2448 1197 2483 non
1237 2428 1386 2480 [iubes
1408 2468 1420 2488 ,
1451 2426 1534 2495 qui
1571 2441 1671 2476 non
1698 2422 1915 2475 Joannis
1945 2421 2116 2486 occisi,

537 2526 624 2578 sed
671 2523 907 2577 occisoris
960 2520 1178 2574 Herodis
1228 2519 1407 2571 retines
1460 2523 1770 2583 potestatem.
1819 2512 1897 2566 Tu
1945 2513 2117 2580 igitur,

458 2664 462 2668 .
540 2618 783 2679 traditur,
820 2615 1069 2684 Spiritum
1098 2621 1326 2664 sanctan
1357 2607 1543 2662 Christi
1585 2622 1684 2658 non
1716 2604 1865 2656 [tabes
1897 2619 1913 2656 :
1943 2603 2122 2655 etenim

513 2708 687 2784 ⁷ιηονιί
734 2705 962 2759 Christus
1007 2712 1079 2757 est
1123 2702 1357 2762 traditus,
1406 2717 1504 2751 non
1547 2696 1614 2749 ad
1659 2704 1865 2747 mortem
1913 2693 2121 2746 tradidit

541 2799 789 2850 Christus.
842 2795 953 2848 Tibi
983 2794 1112 2864 ignis
1155 2793 1207 2844 in
1247 2791 1429 2860 spiritu
1459 2788 1599 2859 apud
1634 2787 1822 2854 inferos
1852 2785 1998 2837 vivax
2027 2792 2118 2848 est,

540 2889 626 2960 qui
669 2888 854 2958 jejunis
880 2885 1104 2957 apicibus
1133 2894 1371 2943 castitatis,
1401 2881 1622 2932 membra
1653 2888 1738 2930 tua
1769 2893 1855 2945 per
1882 2875 2124 2928 sceculum

539 2982 708 3051 amore
738 2979 920 3044 valeat,
961 2994 1062 3031 non
1090 2977 1279 3044 finire;
1310 2974 1432 3026 sicut
1459 2974 1701 3040 scriptum
1728 2981 1799 3023 est
1831 2970 1892 3023 de
1923 2985 2124 3021 reorum

494 3099 497 3101 ·
541 3075 591 3126 in
618 3074 816 3141 inferno
845 3069 1095 3139 supplicio
1117 3109 1130 3130 ,
1170 3087 1184 3117 ι
1220 3065 1364 3136 Ignis
1392 3081 1564 3116 eorum
1592 3079 1690 3115 non
1721 3063 2065 3131 exstinguetur
2099 3079 2117 3112 ι

543 3161 695 3231 (Isai.
717 3177 854 3223 un,
877 3159 990 3229 9.1).

615 3255 700 3306 75.
736 3253 868 3308 Acc.
914 3249 1185 3320 respondit
1216 3266 1228 3300 ε
1273 3248 1351 3302 Tu
1382 3263 1440 3301 es
1485 3245 1572 3300 ille
1612 3245 1900 3299 maledicus
1938 3245 2122 3297 convi-

542 3346 730 3406 ciator,
783 3360 886 3395 non
935 3343 1197 3396 veridicos
1239 3341 1551 3410 disputator.
1613 3337 1796 3392 Nonne
1843 3337 2126 3407 aliquando

543 3436 756 3490 desines
785 3435 904 3488 talia
936 3434 1134 3498 dicere,
1163 3449 1279 3502 qua:
1311 3432 1355 3486 si
1386 3448 1488 3485 non
1522 3431 1730 3499 probas,
1764 3429 1829 3483 ad
1859 3431 2123 3483 neminem

549 3524 846 3593 pertinent;
871 3526 913 3578 si
942 3535 1116 3578 autem
1151 3523 1365 3592 probas,
1400 3521 1465 3575 ad
1497 3521 1746 3575 unitatem
1779 3520 1924 3574 orbis
1952 3530 2123 3573 terra-

549 3638 685 3682 rum,
719 3637 834 3690 qua:
867 3622 915 3673 iu
939 3619 1137 3672 sanctis
1166 3629 1410 3687 tanquam
1461 3619 1512 3672 in
1540 3616 1818 3671 frumentis
1857 3624 1959 3676 est,
2005 3630 2122 3666 om-

550 3713 673 3763 nino
705 3729 806 3763 non
835 3709 1132 3778 pertinent?
1159 3709 1211 3763 Si
1247 3709 1449 3776 placeat
1497 3717 1547 3760 et
1579 3707 1730 3759 nobis
1778 3722 1871 3774 pro
1909 3704 2123 3758 maledi-

543 3803 640 3856 ciis
669 3802 941 3856 maledicta
961 3815 1236 3868 reponere,
1257 3813 1538 3868 possumus
1567 3808 1619 3852 et
1643 3813 1738 3850 nos
1769 3798 1904 3850 forte
1929 3797 2126 3849 diserte

543 3894 851 3949 conviciari.
879 3893 1162 3946 Possumus
1187 3900 1239 3945 et
1256 3907 1350 3944 nos
1371 3890 1571 3954 dicere,
1592 3886 1963 3959 Crepitautibus
1987 3890 2126 3956 ﬂant.

547 3989 638 4043 mis
665 4005 680 4042 :
708 3986 799 4041 sed
823 3985 966 4038 nullo
997 3984 1153 4037 modo
1183 3982 1309 4036 mihi
1341 3991 1493 4034 sonat
1522 3982 1740 4043 diserte,
1765 3981 1903 4045 quod
1935 3980 2127 4032 dicitur

548 4080 742 4148 inepte.
781 4077 1069 4130 Possumus
1095 4084 1146 4128 et
1197 4088 1293 4126 nos
1315 4072 1510 4134 dicere,
1552 4070 1750 4140 chunis
1789 4070 2016 4140 apicibus
2056 4086 2126 4123 a2-

546 4168 877 4224 stuans:sed
916 4165 1232 4232 scriptorum
1266 4172 1565 4216 nostrorum
1631 4163 1806 4228 apices
1856 4162 2122 4224 nolumus,

547 4276 666 4313 cum
695 4259 761 4310 ab
789 4259 964 4324 aliquo
994 4272 1123 4307 sano
1172 4255 1435 4322 leguntur,
1469 4270 1496 4304 a
1543 4268 1701 4307 sueco
1751 4254 2025 4319 gravitatis
2051 4253 2127 4322 je—

545 4350 700 4416 junos
726 4347 972 4416 iudicari,
1005 4355 1056 4398 et
1084 4345 1252 4412 ipsum
1288 4345 1336 4396 in
1383 4345 1461 4398 eis
1487 4344 1610 4398 dum
1654 4344 1809 4397 nullis
1849 4346 2128 4398 sententiis

549 4439 762 4494 utilibus
829 4439 1098 4508 pa-citur,
1153 4451 1550 4504 supervacaneo
1615 4435 1856 4489 laborare
1899 4436 2124 4504 jejunio.

553 4533 685 4585 lii-ce
709 4531 826 4584 dico
870 4528 1335 4582 Circumcelliones
1380 4536 1614 4592 vestros,
1667 4542 1770 4580 non
1816 4528 2129 4594 crepitanti-

550 4626 667 4688 bus,
701 4623 789 4675 sed
824 4620 1272 4692 pra-.cipitantibus
1317 4618 1544 4672 ﬂammis
1583 4616 1778 4671 furoris
1817 4619 2025 4672 ardere.
2074 4617 2130 4671 Si

551 4715 910 4784 responderis,
945 4713 1077 4780 Quid
1131 4712 1194 4765 ad
1243 4711 1377 4764 nos?
1411 4727 1504 4764 cur
1524 4720 1577 4764 ct
1624 4721 1674 4763 tu
1705 4727 1824 4764 cum
1871 4711 2132 4779 objeceris

549 4825 683 4878 quos
713 4808 962 4880 volueris,
995 4823 1097 4858 non
1127 4805 1355 4858 vicissim
1381 4804 1582 4865 audies,
1614 4803 1674 4856 Et.
1697 4819 1793 4858 nos
1826 4803 2130 4857 nescimus?

550 4904 604 4956 Si
638 4899 994 4969 responderis,
1026 4897 1138 4951 Non
1168 4897 1435 4966 probatis;
1468 4913 1564 4950 cur
1591 4912 1693 4950 non
1721 4897 1810 4951 tibi
1843 4897 1989 4950 orbis
2023 4907 2130 4950 ter-

553 5009 727 5048 rarum
760 4991 1076 5059 respondeat
1111 4990 1364 5054 vicissim,
1396 4989 1504 5045 Nec
1527 5005 1620 5042 vos
1669 4988 1938 5058 probatis?
1987 4988 2134 5042 Paci-

551 5102 762 5140 scanmr
810 5097 956 5152 ergo,
1005 5082 1049 5136 si
1077 5083 1264 5150 placet,
1295 5093 1350 5134 ut
1397 5097 1493 5136 nec
1523 5090 1576 5135 tu
1606 5081 1759 5135 nobis
1799 5081 1965 5134 malos
1994 5080 2132 5148 obji-

550 5179 658 5232 cias
689 5191 820 5246 quos
875 5185 1025 5244 putas
1065 5186 1294 5236 nostros,
1345 5187 1442 5227 nec
1488 5174 1634 5227 vobis
1665 5188 1763 5242 ego
1804 5181 2028 5242 vestros.
2064 5172 2133 5227 Ita

553 5269 754 5323 videbis
794 5267 892 5320 hoc
940 5275 1094 5336 pacto
1146 5275 1249 5318 tam
1295 5265 1438 5332 justo
1487 5264 1675 5332 placito
1717 5274 1876 5332 atque
1905 5266 2132 5328 lirmato,

555 5383 564 5415 ι
592 5364 678 5415 ἰιιὶΙ
720 5373 769 5413 te
803 5360 996 5414 habere
1029 5358 1169 5428 quod
1197 5356 1414 5426 obiicias
1436 5356 1625 5409 semini
1668 5355 1894 5408 Abrahae
1925 5356 1974 5408 iu
2022 5374 2135 5408 (ml-

555 5457 705 5508 nibus
732 5451 995 5523 gentibus.
1026 5448 1182 5517 Atqui
1213 5464 1310 5516 ego
1341 5446 1432 5499 tibi
1466 5446 1618 5514 plane
1646 5447 1856 5499 invenio
1888 5461 2132 5515 magnum

555 5549 690 5614 quod
723 5546 966 5614 objiciam
1003 5562 1015 5596 :
1044 5541 1150 5597 Cur
1193 5555 1285 5593 vos
1315 5556 1438 5609 ergo
1484 5538 1643 5606 impie
1680 5539 1968 5605 separastis
1997 5555 2024 5592 a
2053 5555 2136 5592 se-

558 5639 695 5689 mine
739 5637 982 5698 Abraha',
1029 5632 1168 5702 quod
1215 5641 1294 5683 est
1328 5633 1375 5683 iu
1415 5630 1659 5683 omnibus
1704 5629 1984 5697 gentibus?
2027 5629 2136 5683 Hoc

556 5735 704 5780 certe
729 5725 1169 5792 queinzulmodum
1194 5722 1468 5783 defendas,
1497 5737 1598 5774 non
1633 5720 1814 5774 habes.
1848 5721 2137 5790 Purgamus

558 5817 697 5872 enim
744 5832 840 5869 nos
884 5819 1090 5884 utrique
1138 5831 1165 5867 a
1195 5813 1506 5867 criminibus
1550 5811 1736 5866 alienis
1773 5829 1783 5863 :
1821 5812 1917 5866 hoc
1961 5824 2135 5868 autem

1447 379 1714 436 CONTRA
1759 373 2092 432 er'runas
2133 371 2489 437 PETILIANI,
2523 375 2580 429 s.
2624 374 2987 431 aucusrm

3703 377 3809 433 9.84

2227 489 2365 554 quod
2395 489 2641 541 omnibus
2667 489 2907 558 gentibus
2938 504 3054 559 qua:
3087 489 3135 541 in
3186 489 3388 542 semine
3434 489 3659 543 Abrahae
3716 493 3809 546 be-

2225 576 2540 632 nedicuntur
2569 594 2673 632 non
2704 578 3127 644 communicatis,
3178 586 3232 632 et
3279 594 3528 648 magnum
3573 582 3803 647 crimen,

2224 679 2325 734 est,
2359 687 2462 724 non
2495 671 2845 740 quorumdam
2886 684 3139 735 vestrum,
3173 671 3267 726 sed
3297 674 3554 726 omnium.

2295 764 2381 818 74.
2412 764 2476 818 Et
2526 775 2700 819 tamen
2757 766 2957 828 nosti‘,
3014 774 3066 818 et
3113 779 3501 819 commemoras
3549 764 3806 836 Spiritum

2225 863 2464 908 sanctum
2520 855 2587 908 ita
2645 856 2873 921 venisse,
2921 863 2981 909 ut
3025 855 3099 908 illi
3141 870 3275 924 quos
3302 865 3429 911 tunc
3471 857 3805 926 impleverat,

2225 942 2416 1013 linguis
2443 944 2688 998 omnibus
2716 946 3056 1014 loquerentur
3089 964 3102 998 :
3131 945 3255 1015 quid
3287 947 3386 1000 sibi
3429 947 3638 1001 volebat
3679 949 3807 1003 illud

2224 1034 2433 1103 signum
2459 1045 2617 1104 atque
2661 1036 2994 1107 prodigium?
3033 1037 3143 1091 Cur
3191 1038 3350 1092 modo
3388 1039 3456 1092 ita
3497 1039 3654 1094 datur
3681 1041 3798 1110 Spi-

2225 1125 2359 1178 ritus
2385 1136 2620 1191 sanctus,
2665 1136 2721 1181 ut
2757 1144 2912 1183 nemo
2949 1129 3032 1183 cui
3063 1129 3696 1201 daturlinguisomuibus
3724 1143 3801 1186 to-

2223 1217 2310 1285 qui
2344 1218 2528 1285 possit,
2561 1219 2660 1272 nisi
2691 1221 2811 1288 quia
2839 1235 3024 1274 omnes
3053 1229 3238 1290 gentes
3262 1222 3576 1284 credituros.
3616 1239 3679 1278 ac
3723 1224 3799 1278 sic

2225 1306 2276 1359 in
2309 1309 2554 1362 omnibus
2583 1311 2774 1379 linguis
2803 1310 3034 1365 futurum
3087 1312 3454 1382 Evangelium,
3506 1313 3633 1368 illud
3679 1324 3802 1369 tunc

2225 1398 2536 1453 miraculum
2588 1401 2974 1470 portendebat?
3003 1403 3152 1471 Quod
3190 1414 3244 1458 et
3290 1405 3342 1458 in
3393 1405 3603 1459 Psolmo
3658 1417 3802 1459 t:mto

2224 1499 2345 1543 ante
2375 1492 2682 1560 prrcdictum
2713 1503 2793 1546 est
2825 1512 2838 1547 :
2876 1493 2992 1547 Non
3015 1506 3130 1548 sunt
3157 1497 3370 1565 loquela:
3416 1513 3569 1562 neque
3615 1515 3801 1550 sermo-

2225 1599 2330 1649 nes,
2373 1600 2584 1653 quorum
2630 1601 2728 1637 non
2758 1585 3033 1638 audiantur
3057 1603 3195 1639 voces
3219 1604 3407 1640 eorum.
3451 1588 3562 1641 lloc
3592 1599 3805 1656 promer

2225 1686 2317 1726 eos
2358 1673 2555 1727 dictmn
2603 1684 2703 1740 est,
2733 1677 2820 1744 qui
2859 1676 3058 1744 Spiritu
3107 1686 3292 1731 saneto
3339 1688 3557 1746 accepto
3613 1679 3804 1746 linguis

2224 1771 2377 1816 erant
2405 1765 2652 1819 omnibus
2687 1765 2928 1819 locuturi.
2961 1765 3063 1820 Sed
3114 1767 3232 1835 quia
3273 1766 3496 1834 idipsum
3548 1767 3600 1820 in
3633 1769 3802 1820 omni-

2226 1852 2322 1906 bus
2350 1855 2594 1922 gentibus
2637 1867 2690 1910 ct
2719 1857 2910 1926 linguis
2946 1855 3177 1910 futurum
3228 1844 3568 1926 Evangelium
3597 1867 3651 1912 et
3680 1872 3804 1912 cor-

2227 1961 2322 2012 pus
2350 1946 2542 2000 Cbristi
2585 1962 2679 2015 per
2711 1957 2875 2001 totum
2908 1948 3088 2002 orbem
3119 1957 3379 2002 terrarum
3413 1949 3601 2017 linguis
3633 1951 3802 2002 onmi-

2225 2035 2322 2090 bus
2384 2049 2788 2106 personaturum
2864 2040 3220 2110 significabat,
3287 2049 3502 2095 secutus
3571 2043 3646 2094 ait
3689 2059 3700 2093 :
3740 2040 3805 2094 In

2225 2144 2420 2184 onmem
2449 2141 2632 2185 terram
2659 2134 2808 2186 exivit
2834 2151 2986 2187 sonus
3013 2150 3206 2198 eorum,
3234 2143 3278 2188 et
3304 2135 3356 2188 in
3386 2135 3511 2204 lines
3534 2136 3666 2188 orbis
3707 2145 3806 2192 ter-

2224 2237 2296 2274 ra:
2315 2222 2460 2275 verba
2481 2241 2671 2277 eorum.
2721 2225 2855 2278 llinc
2883 2225 2940 2278 lit
2980 2235 3036 2278 ut
3086 2226 3322 2280 Ecclesia
3374 2242 3495 2281 vera
3535 2229 3804 2281 neminem

2226 2310 2403 2366 lateat.
2450 2312 2600 2368 Unde
2629 2323 2710 2367 est
2738 2314 2864 2368 illud
2912 2315 3051 2383 quod
3084 2316 3135 2368 in
3166 2315 3450 2385 Evangelio
3478 2317 3593 2386 ipse
3624 2317 3755 2370 dicit
3790 2335 3802 2369 :

2229 2394 2348 2455 Non
2387 2413 2546 2471 potest
2588 2405 2761 2459 civitas
2813 2405 3050 2458 abscondi
3091 2422 3244 2474 super
3276 2415 3489 2458 montem
3539 2408 3809 2460 constituta

2231 2493 2441 2566 (Matt/1.
2469 2511 2518 2556 v,
2556 2496 2664 2562 14).
2702 2496 2930 2566 Ideoque
2970 2497 3021 2551 in
3066 2498 3252 2552 eodem
3289 2499 3492 2567 psalmo
3538 2502 3804 2555 connecti-

2231 2595 2332 2650 tur,
2371 2584 2431 2637 In
2455 2585 2559 2638 sole
2585 2587 2751 2650 posuit
2775 2587 3151 2641 tabernaculum
3188 2605 3357 2652 suum,
3386 2587 3437 2642 id
3461 2599 3560 2653 est,
3592 2589 3642 2642 in
3691 2606 3778 2644 ma

2229 2675 2563 2733 nil'estatione
2591 2696 2604 2731 :
2636 2679 2772 2733 sicut
2817 2680 2868 2732 in
2924 2680 3225 2749 Regnorum
3286 2681 3435 2734 libris
3476 2681 3700 2750 legimus
3723 2682 3810 2735 di-

2228 2777 2392 2834 ctum,
2420 2770 2568 2834 Quod
2588 2781 2639 2824 tu
2661 2773 2709 2824 in
2737 2772 2931 2825 occulto
2953 2771 3134 2839 fecisti,
3170 2772 3375 2839 patieris
3395 2772 3444 2824 in
3463 2774 3564 2825 sole
3590 2773 3652 2839 (II
3681 2773 3807 2842 lleg.

2229 2875 2323 2924 xu,
2360 2859 2470 2927 12).
2497 2859 2563 2914 Et
2593 2862 2697 2931 ipse
2723 2873 2961 2932 tanquam
2987 2879 3202 2930 sponsus
3228 2865 3498 2931 procedens
3543 2865 3604 2916 de
3648 2865 3812 2916 tlmla-

2230 2967 2311 3003 mo
2352 2954 2770 3005 suo:e.csultavit
2822 2963 2874 3006 ut
2921 2956 3062 3024 gigas
3108 2955 3175 3007 ad
3220 2957 3516 3008 currendum
3567 2957 3737 3019 viam;
3785 2975 3816 3009 a

2228 3059 2422 3095 summo
2449 3043 2570 3096 caelo
2597 3046 2811 3112 (gressio
2839 3047 2945 3116 ejus
2973 3063 2990 3099 :
3017 3061 3142 3100 ecce
3183 3047 3345 3100 habes
3387 3047 3664 3100 adventum
3707 3047 3815 3099 Do-

2231 3134 2358 3187 mini
2377 3134 2427 3187 in
2457 3150 2637 3189 carne.
2660 3134 2728 3190 Et
2749 3153 2984 3191 occursus
3002 3134 3108 3208 ejus
3134 3155 3290 3208 usque
3311 3140 3377 3191 ad
3401 3156 3644 3192 summum
3667 3140 3782 3206 ejus
3804 3157 3821 3192 :

2231 3239 2355 3279 ecce
2384 3225 2545 3280 babes
2564 3230 3002 3283 resurrectionem
3020 3240 3072 3284 et
3101 3231 3487 3284 ascensionem.
3511 3229 3618 3282 Nec
3645 3231 3821 3297 estqui

2231 3334 2284 3371 se
2303 3317 2574 3372 abscondat
2595 3337 2625 3372 a
2647 3322 2811 3374 calore
2836 3323 2943 3384 eius
2971 3321 3138 3390 (I’sal.
3165 3338 3314 3385 xvul,
3335 3319 3455 3391 4-7)
3482 3336 3630 3374 :ccce
3649 3322 3823 3374 habes

2231 3407 2512 3463 adventum
2545 3411 2771 3480 Spiritus
2799 3411 2985 3472 sancti,
3017 3426 3172 3479 quem
3203 3413 3252 3464 in
3285 3413 3474 3480 linguis
3505 3411 3670 3480 igneis
3721 3414 3820 3464 mi-

2231 3501 2317 3563 sit,
2350 3509 2408 3553 ut
2438 3501 2701 3554 fervorem
2733 3500 3002 3554 charitatis
3048 3502 3372 3565 ostenderet,
3422 3518 3578 3570 quam
3639 3504 3823 3570 prole-

2193 3621 2195 3623 -
2231 3601 2316 3645 cto
2346 3606 2450 3646 non
2483 3591 2636 3644 habet
2663 3592 2748 3660 qui
2775 3607 2893 3644 cum
2928 3591 3159 3644 Ecclesia
3185 3608 3301 3660 quae
3335 3592 3385 3643 in
3413 3593 3664 3646 omnibus
3719 3595 3820 3646 lin.

2229 3682 2344 3750 guis
2391 3692 2492 3746 est,
2545 3696 2647 3736 non
2703 3691 2877 3736 servat
2927 3683 3179 3735 unitatem
3227 3682 3443 3751 spiritus
3499 3683 3551 3736 in
3604 3684 3826 3740 vinculo

2233 3773 2396 3841 pacis.

2306 3867 2392 3921 75.
2425 3865 2540 3921 Jam
2569 3880 2695 3920 vero
2723 3865 2864 3934 quod
2886 3879 3047 3919 unum
3071 3864 3282 3934 quidem
3335 3865 3662 3932 Baptismqu
3704 3883 3823 3920 csse

2237 3959 2418 4012 dixisti
2448 3957 2664 4028 (Ep/tes.
2696 3974 2767 4023 1v,
2793 3958 2872 4028 5),
2904 3957 2996 4011 sed
3027 3967 3200 4010 tamen
3225 3956 3389 4010 tribus
3410 3957 3655 4026 gradibus
3689 3974 3824 4012 con-

2232 4060 2518 4112 secratum,
2554 4049 2770 4117 ipsaque
2803 4050 2898 4101 tria
2929 4049 3004 4102 sic
3035 4048 3274 4116 personis
3301 4047 3522 4116 singulis
3564 4047 3818 4116 disperti-

2235 4149 2317 4192 tus
2347 4154 2404 4194 es
2433 4182 2447 4204 ,
2478 4150 2536 4192 ut
2564 4155 2754 4208 aquam
2782 4138 2991 4202 Joanni,
3026 4137 3276 4206 Spiritum
3319 4147 3557 4190 sanctum
3591 4137 3823 4190 Domino

2233 4231 2357 4286 Jesu
2401 4230 2646 4292 Christo,
2689 4239 2740 4283 et
2784 4230 2957 4298 ignem
3007 4231 3216 4282 tertium
3265 4229 3538 4282 Paraclcto
3590 4229 3824 4297 desuper

2237 4324 2397 4376 misso
2430 4321 2692 4381 trilmeris,
2722 4329 2948 4388 quiantus
2976 4335 3127 4372 error
3155 4321 3223 4372 sit
3256 4336 3535 4389 parumper
3578 4320 3819 4374 adverte.

2237 4414 2314 4466 Eo
2343 4416 2533 4482 quippe
2549 4411 2735 4464 ductus
2761 4427 2819 4463 es
2845 4419 2902 4463 ut
2933 4411 2999 4462 ita
3027 4411 3274 4476 sentires,
3318 4411 3437 4479 quia
3464 4410 3700 4463 Joannes
3725 4412 3816 4472 ait,

2238 4503 2348 4572 Ego
2369 4504 2567 4572 quidem
2597 4502 2795 4568 baptizo
2823 4503 2870 4553 in
2897 4517 3026 4570 aqua
3056 4501 3180 4570 :qui
3215 4511 3381 4554 autem
3407 4511 3516 4570 post
3541 4519 3617 4552 me
3661 4503 3817 4564 venit,

2238 4598 2401 4665 major
2451 4612 2529 4648 me
2583 4603 2651 4648 est
2666 4613 2684 4659 ;
2712 4594 2818 4662 ipse
2860 4609 2944 4646 vos
2996 4593 3214 4660 baptizat
3259 4593 3311 4644 in
3341 4593 3536 4662 Spiritu
3571 4605 3748 4645 sancto
3779 4604 3820 4644 et

2238 4690 2341 4758 igni
2374 4687 2584 4754 (illattlt.
2617 4703 2691 4751 ιιι,
2731 4688 2834 4757 ll).
2889 4685 2996 4738 Nec
3034 4684 3375 4739 considerare
3422 4685 3654 4747 voluisti,
3716 4703 3818 4738 non

2241 4782 2338 4835 tria
2372 4781 2538 4834 tribus
2565 4780 2864 4849 singillatim
2909 4793 3028 4832 esse
3069 4787 3332 4846 eoaptata,
3366 4794 3555 4846 aquam
3606 4778 3817 4838 .loanui,

2240 4875 2490 4944 Spiritum
2534 4874 2766 4937 Christo,
2800 4874 2971 4941 ignem
3014 4873 3314 4936 Paracleto;
3358 4872 3452 4926 sed
3493 4873 3590 4925 tria
3615 4871 3734 4927 ha-c
3759 4871 3824 4925 ad

2241 4969 2374 5023 duos
2425 4969 2596 5036 potius
2649 4966 2934 5034 pertinere,
2990 4980 3150 5017 unum
3201 4965 3264 5019 ad
3313 4965 3592 5029 Joannem,
3626 4976 3680 5018 et
3722 4965 3825 5018 duo

2242 5073 2432 5117 ca-tera
2465 5061 2528 5113 ad
2573 5061 2870 5114 Dominum.
2916 5057 3098 5128 Neque
3134 5061 3275 5112 enim
3319 5058 3518 5112 dictum
3561 5068 3664 5121 est,
3717 5058 3826 5126 ligo

2244 5155 2454 5223 quidem
2483 5170 2573 5206 vos
2602 5148 2807 5220 baptizo
2835 5152 2883 5203 in
2915 5165 3081 5220 aqua;
3115 5151 3200 5219 qui
3241 5160 3415 5204 autem
3448 5161 3565 5219 post
3597 5167 3681 5205 me
3736 5165 3826 5204 ve-

2246 5248 2338 5308 nit,
2371 5247 2538 5315 major
2565 5261 2647 5299 me
2677 5253 2779 5307 est,
2805 5244 2955 5312 cnjus
2987 5260 3088 5297 non
3111 5259 3226 5297 sum
3255 5243 3444 5312 dignus
3465 5243 3825 5296 ealceaineuta

2246 5348 2476 5406 portare,
2509 5337 2619 5403 ipse
2649 5350 2738 5389 vos
2770 5334 2996 5403 baptizat
3041 5334 3091 5387 in
3131 5335 3326 5403 Spiritu
3357 5342 3570 5396 sancto;
3616 5333 3703 5401 qui
3733 5348 3826 5382 au-

2247 5441 2349 5484 tem
2405 5437 2524 5499 post
2570 5431 2714 5482 illum
2762 5437 3016 5482 venturus
3061 5436 3142 5481 est
3194 5426 3515 5488 Paracletus,
3574 5426 3683 5491 ipse
3739 5438 3828 5476 rus

2247 5521 2474 5592 baptizat
2499 5522 2548 5573 in
2574 5523 2691 5589 igne
2725 5537 2737 5570 :
2773 5519 2887 5583 sed,
2924 5518 3031 5589 ligo
3075 5518 3296 5586 quidem,
3324 5517 3509 5584 inquit,
3565 5517 3614 5567 in
3659 5529 3826 5582 aqua;

2247 5617 2329 5684 qui
2375 5622 2535 5666 autem
2586 5623 2694 5681 post
2734 5629 2810 5665 me
2861 5612 3009 5674 venit,
3064 5613 3112 5663 in
3163 5611 3358 5679 Spiritu
3410 5620 3582 5664 sancto
3635 5609 3824 5676 eligui.

2317 5821 2326 5848 ¹
2357 5825 2420 5865 tta
2445 5823 2548 5863 Mss.
2581 5823 2630 5862 λι
2653 5813 2784 5872 editi,
2810 5819 2977 5862 etcum
2997 5823 3134 5860 nosti.
