4024 6196
224 427 326 483 285

230 549 402 609 Unum
429 546 526 604 sibi
554 546 752 612 tribuit,
781 546 856 600 illi
883 545 1006 600 duo.
1034 544 1192 599 V'ides
1216 560 1342 614 ergo
1362 541 1805 627 quemadmodum

227 653 278 696 te
326 638 506 693 fefellit
559 650 830 691 numerus.
873 634 1063 691 Adhuc
1111 634 1326 690 attende
1360 654 1372 689 :
1404 649 1568 688 unum
1628 631 1806 687 dixiSti

228 732 548 802 Baptismum
579 729 749 785 tribus
778 728 1028 799 gradibus
1071 735 1461 793 consecratum,
1493 741 1650 796 aqua,
1682 725 1804 795 Spi-

224 821 327 875 ritu
357 828 561 884 saneto,
587 828 641 874 et
667 819 769 889 igni
792 835 806 884 ;
831 827 885 873 et
898 828 1020 897 tres
1066 832 1321 888 personas
1364 832 1461 887 per
1485 816 1689 885 singula
1715 830 1806 883 po-

223 914 391 974 suisti,
442 910 699 965 Joannem
728 909 795 965 ad
842 925 1053 979 aquam,
1086 908 1356 964 Christum
1402 908 1468 962 ad
1519 907 1802 975 Spiritum,

224 1003 551 1059 Paracletum
588 1002 652 1055 ad
683 1003 875 1072 ignem.
906 1001 961 1058 Si
982 1016 1109 1072 ergo
1137 1015 1271 1071 aqua
1298 998 1518 1055 Joannis
1562 996 1629 1052 ad
1655 1011 1806 1051 eum-

223 1093 340 1148 dem
366 1093 596 1161 pertinet
623 1091 774 1161 eujus
803 1091 977 1147 unitas
1012 1089 1434 1155 commendatur,
1467 1104 1570 1143 non
1601 1087 1803 1143 debue-

222 1193 342 1238 runt
370 1181 626 1252 baptizari
662 1183 882 1251 jubente
902 1181 1063 1237 Paulo
1085 1181 1330 1253 apostolo
1355 1195 1487 1250 quos
1530 1193 1805 1249 compere-

221 1285 301 1329 rat
329 1274 623 1342 baptizatos
651 1290 679 1328 a
707 1272 912 1328 Joanne
945 1292 957 1328 :
983 1273 1093 1344 jam
1124 1274 1263 1327 enim
1309 1271 1574 1327 habebant
1612 1285 1801 1340 aquam

217 1366 281 1419 atl
310 1366 576 1427 entndem,
633 1366 771 1418 sicut
817 1365 973 1426 dicis,
1026 1365 1351 1433 Btptismum
1400 1365 1800 1434 pertinentem:

219 1458 448 1512 restabat
502 1468 558 1511 ut
607 1455 861 1527 Spiritum
890 1466 955 1511 et.
986 1457 1161 1527 ignem
1196 1458 1522 1526 acciperent,
1553 1456 1674 1526 quia
1702 1453 1802 1509 de-

218 1550 426 1605 fuerant
451 1549 664 1614 Joanni,
697 1559 754 1603 ut
786 1549 1145 1618 compleretur
1192 1549 1494 1619 Baptismus
1527 1548 1714 1613 tribus,
1746 1553 1805 1600 ut

216 1641 435 1704 asseris,
463 1639 712 1710 gradibus
740 1648 1103 1695 consecratus.
1149 1637 1280 1694 Cum
1326 1654 1453 1694 vero
1488 1638 1803 1693 auctoritttte

214 1729 655 1800 apostolieajussi
694 1738 820 1783 sunt
861 1729 1138 1799 baptizari,
1184 1729 1313 1784 satis
1348 1729 1671 1784 declaratum
1722 1738 1804 1783 est

213 1837 406 1891 aquam
451 1822 588 1875 illam
636 1820 858 1876 Joannis
907 1836 1011 1875 nou
1049 1820 1317 1890 pertinere
1358 1820 1424 1875 ad
1471 1820 1800 1888 Baptismum

213 1911 433 1978 Christi,
464 1912 554 1968 sed
587 1927 681 1982 pro
710 1913 1010 1969 necessario
1041 1921 1286 1983 tempore
1312 1911 1532 1967 alterius
1556 1911 1802 1981 dipensa-

212 2003 373 2058 tionis
402 2004 580 2058 fuisse.
1458 2006 1465 2011 '

281 2096 375 2149 76.
411 2096 706 2160 Postremo,
733 2095 856 2165 quid
890 2096 981 2150 tibi
1009 2095 1178 2150 visum
1207 2103 1309 2159 est,
1337 2103 1395 2149 nt
1423 2109 1544 2149 cum
1572 2098 1799 2166 probare

211 2187 475 2241 voluisses
496 2186 748 2253 Spiritum
772 2196 1011 2240 sanctum
1034 2202 1062 2240 a
1081 2186 1299 2241 Christo
1325 2185 1526 2250 datum,
1569 2194 1624 2241 et
1647 2186 1799 2240 adlu-

209 2277 422 2331 bnisses
449 2293 513 2331 ex
550 2278 833 2346 Evaugelio
862 2277 1245 2343 testimonium,
1278 2275 1417 2347 quod
1458 2291 1741 2345 resurgens
1768 2293 1796 2330 a

210 2369 439 2421 mortuis
482 2368 769 2423 insol'tlavit
816 2368 869 2423 in
928 2366 1114 2423 faciem
1167 2368 1543 2436 discipulorum
1590 2367 1795 2435 dicens,

207 2458 438 2524 Accipite
458 2459 692 2527 spiritum
717 2468 947 2511 sanctum
981 2457 1159 2529 (Joan.
1190 2474 1277 2521 xx,
1312 2458 1422 2527 1‘2);
1467 2468 1626 2528 atque
1670 2460 1796 2514 ulti-

208 2564 351 2601 mum
388 2548 537 2600 illum
567 2547 742 2617 ignem
770 2547 858 2616 qui
895 2563 1014 2602 cum
1046 2535 1314 2616 Baptismo
1351 2550 1653 2604 nominatus
1695 2560 1797 2612 est,

208 2640 251 2692 iu
280 2638 493 2707 linguis
522 2639 688 2706 igneis
717 2653 834 2708 qua:
856 2638 1132 2694 Paracleto
1152 2640 1395 2694 veniente
1420 2639 1799 2694 demonstrata:

207 2742 323 2786 sunt
360 2730 532 2785 velles
561 2730 865 2795 ostendere,
895 2730 1072 2784 dixisti
1101 2731 1141 2794 ¹,
1164 2729 1381 2800 Ipseque
1404 2731 1537 2801 ignis
1562 2730 1802 2784 Paracle-

209 2832 280 2875 ttts
300 2821 673 2891 crepitantibus
705 2821 926 2890 ﬂammis
950 2822 1212 2875 ardescens
1250 2821 1304 2874 in
1335 2822 1600 2890 Apostolus
1625 2839 1801 2892 super-

208 2915 333 2967 venit
374 2928 394 2966 :
423 2910 574 2981 quasi
600 2911 737 2964 alius
785 2912 854 2965 sit
883 2911 1114 2979 Spiritus
1158 2920 1396 2975 sanctus,
1445 2928 1601 2980 quem
1654 2912 1799 2966 dedit

210 3002 532 3057 insufﬂando
564 3000 615 3054 in
645 2999 831 3054 faciem
868 2999 1272 3071 discipulorum,
1303 3010 1356 3054 et
1400 3000 1535 3053 alius
1562 3002 1649 3070 qui
1682 3009 1799 3069 post

210 3094 317 3163 ejus
346 3108 629 3146 ascensum
655 3093 705 3145 in
731 3091 1013 3161 Apostolos
1034 3090 1357 3160 supervenit.
1382 3090 1643 3159 Numquid
1673 3107 1798 3161 ergo

211 3186 311 3239 duo
363 3193 490 3237 sunt
540 3181 769 3252 Spiritus
809 3182 1017 3236 sancti?
1043 3181 1172 3249 Quis
1193 3181 1295 3235 hoc
1316 3182 1748 3236 dementissimns
1775 3184 1794 3213 ¹

211 3274 443 3329 dixerit?
508 3272 624 3343 Ipse
689 3272 867 3343 itaque
916 3272 1158 3325 Christus
1225 3271 1472 3326 eumdem
1538 3271 1792 3340 Spiritum

212 3377 454 3419 szmctum
481 3363 646 3428 dedit,
670 3364 782 3418 sive
831 3362 1150 3418 iusufllando
1177 3363 1228 3415 in
1274 3362 1460 3418 faciem
1511 3363 1797 3431 discipulo-

212 3472 348 3521 rum,
382 3456 495 3509 sive
523 3454 903 3523 desupereum
926 3454 1012 3509 die
1051 3454 1394 3510 Penteeustes
1424 3463 1567 3509 certa
1618 3471 1800 3507 sacra-

213 3548 376 3601 menti
404 3544 868 3601 commendatione
888 3544 908 3575 ³
935 3544 1216 3599 mittendo.
1245 3544 1492 3609 Proinde,
1521 3560 1624 3598 non
1647 3543 1801 3598 Chri-

214 3647 325 3691 stus
353 3635 611 3704 Spiritum
659 3642 904 3689 sauetum
952 3634 1119 3698 dedit,
1151 3643 1201 3689 et
1254 3634 1427 3704 ignem
1470 3634 1794 3696 Paracletns,

215 3735 269 3779 ut
293 3726 447 3796 quasi
490 3725 848 3795 compleretur
901 3723 1041 3793 quod
1087 3725 1284 3778 dictum
1315 3732 1451 3787 erat,
1497 3722 1562 3776 In
1594 3724 1795 3793 Spiritu

215 3826 387 3870 sancto
422 3825 469 3869 ct
495 3816 600 3887 igni
627 3831 643 3869 :
673 3815 767 3869 sed
799 3814 939 3869 idem
972 3814 1087 3884 ipse
1120 3813 1364 3868 Christus
1391 3812 1643 3881 Spiritum
1671 3829 1794 3865 san-

216 3918 353 3960 etum
385 3906 551 3970 dedit,
581 3920 737 3976 quem
768 3906 819 3958 iu
842 3913 984 3959 terra
1011 3904 1214 3972 positus
1242 3917 1340 3956 suo
1372 3902 1519 3967 flatu,
1562 3902 1616 3955 in
1660 3903 1799 3957 cmlo

218 4008 389 4052 autem
421 3999 627 4067 positus
662 3996 855 4066 linguis
905 3996 1075 4065 igneis
1112 3994 1516 4049 demonstravit.
1562 3993 1801 4064 Namque

218 4097 269 4142 ut
294 4089 509 4143 noveris
534 4103 637 4142 non
679 4096 804 4143 tunc
838 4088 1114 4156 impletum
1144 4101 1263 4140 esse
1283 4085 1426 4156 quod
1455 4086 1654 4139 dictum
1692 4096 1798 4150 est,

217 4176 330 4248 Ipse
358 4194 446 4232 vos
474 4178 697 4247 baptizat
721 4180 774 4231 in
824 4169 1034 4248 Spiritu.
1054 4186 1251 4242 sancto,
1279 4175 1493 4246 quando
1523 4177 1602 4231 eis
1621 4176 1800 4232 sufﬂa-

218 4270 288 4325 vit
312 4272 368 4324 in
402 4270 621 4334 faciem;
656 4279 710 4324 nt
732 4270 841 4340 jam
876 4285 979 4323 non
1013 4269 1062 4322 iu
1094 4269 1303 4337 spiritu,
1332 4267 1424 4322 sed
1457 4268 1509 4321 in
1556 4268 1675 4337 igne
1705 4269 1801 4323 ha-

218 4360 445 4428 ptizandi
474 4369 697 4415 venturo
742 4360 1017 4414 Paracleto
1075 4358 1413 4422 viderentur;
1458 4358 1801 4415 reminiscere

218 4450 600 4519 apertissimam
645 4449 996 4519 Seripturam,
1046 4458 1101 4504 et
1150 4449 1271 4503 vide
1295 4448 1419 4518 quid
1459 4448 1538 4503 eis
1578 4448 1797 4518 dlxerit,

217 4541 442 4608 quando-
473 4542 586 4610 ipse
635 4542 887 4596 Dominus
929 4541 1167 4595 ascendit
1219 4541 1271 4594 in
1313 4541 1504 4594 etelum
1532 4559 1543 4593 :
1574 4539 1802 4596 Joannes

218 4631 409 4699 quidem
437 4631 707 4701 baptizavit
731 4649 899 4703 aqua;
930 4648 1015 4685 vos
1036 4640 1206 4684 autem
1245 4629 1622 4700 baptizabimiui
1672 4630 1799 4701 Spi-

218 4723 310 4776 ritu
334 4733 537 4787 sancto,
567 4741 711 4794 quem
740 4724 989 4795 recepturi
1025 4724 1140 4777 estis
1168 4739 1267 4776 non
1313 4731 1422 4790 post
1462 4723 1646 4777 multos
1695 4724 1801 4777 dies

221 4815 305 4869 hos
326 4817 394 4868 ad
422 4814 745 4870 Pentecosten
790 4817 925 4884 (Act.
954 4831 991 4880 l,
1027 4814 1103 4885 5).
1155 4813 1292 4881 Quid
1342 4813 1442 4869 hoc
1494 4814 1800 4870 testimonio

219 4908 447 4964 clarius?
476 4908 775 4964 Secundum
820 4918 994 4964 autem
1031 4922 1246 4962 sensum
1298 4914 1440 4959 tuum
1482 4904 1661 4960 dicere
1715 4905 1802 4961 de-

278 5090 291 5120 ί
320 5089 467 5146 editi,
496 5087 563 5147 ad
587 5084 806 5136 uitiatum
828 5085 963 5136 illum
995 5084 1173 5147 ignem,
1214 5081 1299 5147 qui
1321 5095 1430 5134 eum
1460 5082 1698 5147 nuptismo
1719 5096 1801 5133 no-

216 5149 419 5199 minatus
442 5143 577 5198 estin
599 5147 772 5211 linquis
789 5147 959 5211 igneis,
977 5143 1086 5211 qua?
1101 5143 1362 5211 _I’(_1t’t_lClt’I0
1384 5143 1592 5195 veniente
1607 5143 1801 5194 demon-

216 5218 377 5261 strata:
397 5218 527 5269 sunt,
565 5206 705 5261 velles
726 5206 1013 5260 ostendere?
1050 5206 1230 5258 Dixisti
1258 5219 1403 5264 emm,
1459 5214 1670 5269 Ipseque,
1698 5214 1795 5269 etc.

217 5279 307 5321 nec
329 5272 473 5322 aliter
497 5268 743 5321 habebant
764 5279 871 5320 Mss.
914 5271 1004 5320 Sed
1030 5268 1238 5332 postulat
1260 5282 1437 5318 sensus
1458 5268 1514 5318 ut
1552 5268 1671 5325 loco,
1696 5268 1762 5319 ad
1782 5302 1797 5327 ,

219 5344 436 5399 leuatur,
456 5335 597 5399 ataue
626 5345 643 5382 :
674 5332 853 5399 deinde
892 5331 1145 5399 emendata
1169 5344 1341 5399 vocum
1377 5331 1765 5399 interiunctione
1784 5364 1799 5388 ,

216 5390 269 5442 ac
288 5395 487 5455 deleto,
508 5390 665 5457 enim;
689 5394 909 5457 legatur,
941 5393 1084 5445 velles
1105 5392 1354 5444 ostendere
1370 5427 1386 5454 ,
1422 5390 1628 5451 dixisti,
1674 5401 1800 5453 Ipse-

216 5469 440 5521 ‘fW-
581 5516 659 5521 _-
1085 5514 1160 5521 _.
1289 5513 1311 5521 -
1724 5512 1777 5521 ..

277 5520 298 5548 ³
325 5513 442 5565 miti
464 5533 477 5565 :
504 5516 617 5578 Quis
640 5516 728 5569 hoc
754 5515 849 5568 nisi
887 5513 1311 5567 dementissimus?
1349 5512 1645 5571 Particulam,
1682 5512 1793 5569 ubi,

217 5581 463 5640 superﬂuo
505 5581 714 5630 additam
756 5584 1020 5631 observant.
1081 5579 1437 5635 Lovauienses,
1493 5583 1710 5640 Annotat.
1753 5579 1797 5623 it

218 5637 342 5704 tuine
367 5640 522 5691 locum
549 5651 599 5693 et
619 5644 666 5690 in
686 5641 770 5692 lib.
792 5644 824 5692 ὅ
845 5644 907 5691 de
934 5641 1167 5704 Baptismo
1190 5647 1355 5704 contra
1381 5639 1666 5704 tmnatistas,
1690 5651 1795 5699 cap.

222 5700 290 5750 l0.
316 5704 455 5753 Abest
483 5717 658 5753 revera
683 5717 709 5751 a
736 5706 911 5753 nostris
935 5700 1079 5752 etiam
1105 5701 1456 5761 uianuscriptis.

253 5764 299 5828 .3
325 5775 442 5821 Am,
469 5766 603 5815 circa
641 5763 928 5828 sacramenti
963 5760 1434 5828 conuttendationem.
1478 5766 1550 5808 Er.
1581 5768 1631 5808 et
1666 5767 1794 5814 ων..

219 5824 654 5895 εἱιιςημιενωιιεηιὶ
678 5824 1149 5877 (οηηηιήιιαιὶοιιρηι.
1195 5825 1494 5886 castigantur
1519 5835 1580 5872 ex
1632 5835 1797 5870 manu-

219 5897 325 5949 scri;
344 5894 419 5936 tis.

1543 427 1737 482 Llllliil
1779 423 2154 481 SECUNDUS.

3398 432 3501 487 286

1921 539 2034 594 bnit
2068 540 2339 596 :Joannes
2389 542 2601 613 quidem
2646 544 2929 614 baptizavit
2971 560 3142 616 aqua;
3194 561 3288 599 vos
3323 557 3499 603 autem

1916 630 2163 702 baptizati
2185 633 2313 687 estis
2339 632 2539 703 Spiritu
2573 645 2775 701 sancto,
2800 636 3014 706 quando
3044 636 3192 690 vobis
3233 637 3283 690 in
3310 636 3499 692 faciem

1914 723 2139 788 sufﬂavi,
2170 733 2223 778 et
2249 725 2503 794 deinceps
2532 726 2928 797 baptizabimiui
2957 727 3007 780 in
3034 726 3175 797 igne,
3204 742 3362 798 quem
3397 740 3496 783 ac-

1913 814 2117 883 cepturi
2145 815 2275 869 estis
2303 830 2405 869 non
2448 825 2567 885 post
2603 817 2798 872 multos
2840 817 2956 872 dies
2978 817 3076 870 hos
3103 833 3119 871 :
3145 828 3201 871 ut
3248 816 3493 875 videlicet

1912 905 2308 975 complerentur
2335 914 2444 960 tres
2465 906 2538 961 illi
2558 908 2774 977 gradus,
2800 908 2993 979 quibus
3022 908 3157 962 dicis
3204 926 3365 963 unum
3399 911 3493 965 Ba-

1912 996 2163 1064 ptismum
2189 1007 2579 1052 consecratum.
2617 998 2687 1052 lta
2720 999 2776 1052 tit
2807 1010 2864 1054 ut
2911 999 3086 1056 adhuc
3130 1002 3341 1056 nescias
3367 1001 3493 1070 quid

1911 1086 2009 1140 sibi
2052 1086 2180 1141 velit
2206 1086 2346 1157 quod
2376 1087 2576 1142 dictum
2614 1098 2727 1154 est,
2760 1087 2880 1159 Ipse
2925 1104 3012 1142 vos
3036 1090 3254 1160 baptizat
3281 1092 3332 1145 in
3373 1092 3498 1156 Spi-

1909 1178 2011 1231 ritu
2036 1188 2212 1231 sancto
2237 1187 2283 1231 et
2298 1178 2429 1248 igni;
2451 1187 2506 1233 et
2528 1188 2729 1234 temere
2759 1180 2890 1234 velis
2910 1179 3105 1235 docere
3125 1181 3265 1250 quod
3299 1183 3494 1236 nescis.

1978 1267 2205 1322 CAPUT
2242 1267 2482 1322 XXXIII.
2506 1298 2577 1308 —
2604 1270 2692 1322 77.
2724 1269 2905 1323 Ρετιι..
2943 1269 3078 1324 dixit
3104 1287 3117 1321 :
3139 1270 3245 1324 Sed
3270 1281 3324 1323 ut
3349 1272 3495 1339 plene

1908 1359 2172 1413 discutiam
2225 1359 2545 1429 Baptismum
2585 1352 2863 1425 Trinitatis,
2912 1361 3039 1415 dixit
3078 1360 3334 1431 Apostolis
3387 1363 3494 1415 suis

1909 1447 2159 1504 Dominus
2205 1450 2480 1505 Christus:
2519 1468 2537 1502 ι
2577 1449 2657 1505 Ite
2684 1450 2935 1521 baptizata
2980 1461 3148 1522 gentes
3191 1452 3243 1505 in
3294 1453 3495 1505 nomine

1911 1541 2084 1596 Patris
2104 1552 2149 1597 et
2198 1542 2323 1598 Filii
2351 1554 2396 1598 et
2422 1544 2649 1615 Spiritus
2699 1544 2879 1607 sancti,
2925 1545 3157 1597 docentes
3193 1559 3277 1597 eas
3296 1559 3492 1597 servare

1908 1637 2077 1690 omnia
2104 1654 2426 1707 quaecumque
2444 1636 2630 1690 mando
2650 1636 2785 1689 vobis
2810 1636 3047 1704 1(Matth.
3072 1651 3254 1699 xxvtn,
3273 1634 3491 1702 19.20).

1912 1727 2074 1794 Quem
2104 1728 2274 1793 doces,
2303 1727 2549 1781 traditor?
2585 1743 2730 1796 quem
2758 1726 3103 1780 condemnas?
3134 1725 3294 1792 Quem
3319 1725 3488 1786 doces.

1909 1816 2162 1870 traditor?
2215 1833 2362 1887 quem
2419 1817 2648 1871 occidis?
2702 1815 2967 1871 Postremo
3013 1832 3159 1885 quem
3200 1815 3387 1870 doces?
3427 1833 3493 1869 an

1905 1923 2051 1975 quem
2077 1907 2254 1975 feceris
2280 1907 2626 1961 homicidam?
2649 1907 2915 1973 Quomodo
2964 1907 3119 1976 igitur
3157 1906 3386 1976 baptizas
3436 1925 3490 1961 in

1906 1998 2107 2052 nomine
2159 1996 2465 2052 Trinitatis?
2517 1996 2726 2050 Patrem
2778 1997 2944 2050 Deum
2987 1997 3152 2050 dicere
3201 2012 3300 2049 non
3329 2007 3492 2067 potes.

1905 2089 2046 2144 Nam
2074 2106 2187 2143 cum
2215 2090 2396 2143 dixerit
2426 2088 2671 2142 Dominus
2717 2087 2965 2154 Christus,
3025 2105 3043 2138 ‹
3078 2085 3221 2141 Beati
3264 2087 3489 2157 paciﬁci,

1903 2184 2021 2251 quia
2040 2182 2137 2251 lilii
2182 2180 2279 2235 Dei
2328 2180 2638 2235 vocabuntur
2670 2199 2689 2230 ι
2724 2178 2850 2249 (Id.
2877 2221 2893 2244 ,
2921 2195 2975 2243 v,
3008 2179 3040 2234 9
3068 2180 3086 2247 )
3116 2194 3134 2230 :
3166 2187 3219 2231 tu
3262 2179 3352 2248 qui
3404 2195 3490 2248 pa-

1904 2291 2007 2327 cem
2028 2275 2183 2327 animi
2206 2270 2305 2327 non
2334 2273 2505 2333 habes.
2537 2271 2699 2326 Deum
2721 2288 2821 2326 non
2846 2272 2998 2326 habes
3018 2280 3231 2343 patrem.
3259 2271 3485 2338 Quomo-

1903 2368 1968 2419 do
1985 2378 2147 2420 uu'em
2171 2367 2221 2419 in
2248 2366 2447 2419 nomine
2474 2364 2595 2419 Filii
2617 2366 2860 2435 baptizas,
2883 2365 2969 2435 qui
2999 2364 3159 2418 tradis
3180 2365 3366 2434 ipsum,
3398 2365 3487 2434 qui

1905 2456 2095 2511 Filium
2122 2456 2216 2510 Dei
2246 2472 2345 2510 non
2368 2455 2489 2510 ullis
2517 2455 2834 2524 passionibus
2856 2471 2946 2508 nec
2971 2454 3203 2508 crucibus
3223 2454 3439 2508 imitaris
3458 2454 3485 2508 .’

1907 2549 2168 2615 Quomodo
2207 2558 2374 2603 autem
2402 2547 2630 2618 baptizas
2659 2549 2711 2602 in
2756 2547 2955 2601 nomine
3001 2545 3228 2617 Spiritus
3280 2548 3487 2607 sancti.

1904 2656 2016 2692 cum
2044 2640 2267 2709 Spiritus
2288 2649 2491 2693 sanctus
2518 2641 2571 2694 in
2600 2638 2717 2693 illos
2745 2638 3011 2710 Apostolus
3039 2638 3244 2705 venerit,
3272 2639 3358 2706 qui
3382 2652 3487 2691 non

1906 2733 2107 2800 [iterant
2133 2731 2399 2784 traditores
2417 2731 2442 2783 ?
2486 2728 2611 2784 Cum
2649 2730 2803 2800 igitur
2830 2729 2966 2783 Deus
3004 2729 3140 2781 vobis
3169 2730 3361 2799 genitor
3384 2743 3489 2780 non

1902 2823 1987 2883 sit,
2014 2837 2106 2875 nec
2123 2837 2257 2892 aqua
2281 2820 2608 2891 Baptismatis
2626 2837 2737 2874 vere
2757 2821 3023 2873 nascimini
3042 2822 3085 2883 ';
3105 2836 3250 2873 nemo
3274 2829 3488 2874 vestrum

1906 2916 2100 2986 penitus
2131 2923 2280 2967 natus
2298 2922 2390 2976 est,
2424 2929 2514 2965 nec
2547 2922 2739 2982 patrem
2779 2911 2987 2975 habetis,
3024 2912 3191 2980 impii,
3241 2926 3332 2964 nec
3374 2926 3478 2962 ma-

1904 3016 2046 3060 trem.
2092 3005 2188 3058 Vos
2228 3022 2344 3075 ergo
2374 3003 2668 3073 hujusmodi
2696 3020 2794 3057 non
2825 3002 2976 3057 debeo
3008 3003 3288 3073 baptizare,
3317 3002 3406 3056 etsi
3432 3011 3485 3053 ut
3533 3056 3537 3060 _

1902 3115 2101 3153 carnem
2120 3096 2294 3150 ,Ιηάωὶ
2319 3097 2465 3167 quasi
2482 3096 2760 3165 baptizavit,
2792 3095 2974 3151 millies
3002 3110 3088 3147 vos
3117 3094 3328 3147 lavetis.’

1975 3191 2060 3244 78.
2091 3191 2222 3243 Aac.
2251 3187 2520 3257 respondit
2556 3206 2569 3239 :
2598 3186 2754 3241 Certe
2785 3201 3138 3257 proposueras
3182 3185 3340 3256 plene
3369 3184 3482 3237 dols-

1901 3289 2089 3335 eutere
2110 3278 2435 3349 Baptismum
2462 3277 2755 3341 Trinitatis,
2797 3286 2851 3332 et
2880 3277 3108 3333 intentos
3137 3292 3234 3329 nos
3263 3276 3485 3329 multum

1905 3370 2106 3425 leceras
2134 3387 2146 3422 :
2177 3369 2292 3433 sed,
2321 3368 2522 3422 scilicet
2542 3367 2681 3438 quod
2699 3368 2848 3423 vobis
2878 3367 3179 3423 facillimum
3197 3374 3298 3430 est,
3328 3381 3486 3436 quant

1903 3463 2008 3516 cito
2027 3472 2078 3515 te
2097 3460 2161 3513 ad
2191 3459 2349 3514 solita
2372 3458 2654 3513 maledicta
2682 3459 2907 3514 vertisti.
2938 3459 3047 3513 lloc
3065 3473 3249 3514 revera
3272 3461 3487 3529 copiose

1904 3553 2051 3607 facis.
2098 3550 2357 3620 Proponis
2387 3550 2528 3605 enim
2551 3551 2642 3605 tibi
2665 3565 2800 3621 quos
2828 3550 2929 3612 vis,
2963 3551 3014 3605 in
3040 3565 3173 3620 quos
3215 3549 3487 3604 inveharis

1902 3643 2275 3713 quantumvis:
2304 3642 2355 3695 in
2390 3657 2493 3712 qua
2537 3657 2726 3712 magna
2770 3641 3034 3697 sermonis
3075 3640 3352 3696 latitudine
3380 3655 3486 3693 uno

1906 3735 2222 3789 brevissimo
2256 3733 2422 3787 ve'rbo
2442 3733 2583 3802 quod
2612 3735 2824 3800 dicitur,
2854 3735 3048 3799 Proba,
3088 3735 3139 3788 iu
3162 3734 3490 3787 arctissimas

1904 3822 2190 3875 coarctaris
2207 3821 2499 3889 angustias.
2529 3820 2641 3873 lloe
2666 3821 2807 3873 enim
2840 3822 2931 3874 tibi
2957 3821 3084 3875 dicit
3112 3836 3296 3877 semen
3317 3821 3487 3874 Abra-

1907 3910 2009 3975 hae,
2035 3911 2085 3963 in
2112 3924 2218 3979 quo
2243 3923 2361 3962 cum
2395 3922 2581 3961 omnes
2610 3918 2795 3978 gentes
2825 3909 3230 3973 benedicuntur,
3268 3924 3373 3964 non
3398 3925 3493 3965 cu-

1906 4009 2025 4056 rant
2052 4015 2172 4055 eum
2201 4015 2230 4053 a
2263 4008 2313 4054 te
2364 3996 2775 4054 maledicuntur.
2805 3997 2910 4054 Sed
2942 4008 3114 4053 tamen
3143 4001 3263 4069 quia
3294 4000 3360 4055 de
3391 4000 3490 4054 Ba-

1908 4093 2100 4163 ptismo
2143 4090 2276 4161 agis,
2302 4106 2461 4161 quem
2512 4098 2639 4147 tunc
2689 4099 2844 4161 putas
2887 4105 3005 4146 esse
3042 4106 3243 4155 verum,
3271 4107 3394 4147 cum
3436 4093 3489 4149 iu

1907 4185 2121 4239 homine
2144 4183 2287 4252 justo
2305 4190 2405 4243 est,
2441 4183 2629 4237 falsum
2670 4191 2848 4237 autem
2878 4198 3002 4237 eum
3033 4182 3084 4236 in
3122 4181 3337 4238 homine
3386 4183 3489 4236 ini-

1905 4291 2011 4346 quo
2040 4285 2121 4330 est
2145 4293 2158 4327 :
2183 4289 2306 4329 ecce
2334 4283 2389 4329 et
2408 4288 2507 4344 ego
2543 4273 2835 4328 secundum
2866 4283 3008 4327 tuam
3041 4274 3280 4344 regulam
3303 4273 3347 4328 si
3375 4273 3489 4327 dis—

1905 4370 2099 4425 entiam
2134 4369 2459 4436 Baptismqu
2510 4366 2804 4432 Trinitatis,
2836 4366 3125 4437 copiosius,
3154 4377 3207 4419 ut
3238 4365 3485 4427 arbitror,

1907 4472 2095 4533 potero
2134 4460 2332 4526 dicere,
2374 4457 2516 4528 quod
2547 4473 2651 4512 non
2698 4458 2890 4514 haheat
2934 4459 3098 4514 Deum
3135 4458 3364 4521 Patrem,
3405 4459 3488 4512 cui

1904 4556 2098 4611 Comes
2124 4563 2207 4609 est
2228 4553 2367 4607 Deus
2397 4551 2509 4622 (a);
2540 4566 2640 4605 nec
2664 4550 2935 4606 Christum
2967 4566 3122 4606 suum
3152 4550 3354 4614 credat,
3386 4550 3486 4604 nisi

1908 4665 2004 4719 pro
2030 4665 2133 4719 quo
2165 4661 2352 4717 passus
2396 4653 2516 4710 est;
2552 4660 2650 4699 nec
2691 4642 2947 4713 Spiritum
2987 4652 3226 4697 sanctum
3275 4643 3486 4705 habeat,

1906 4743 1991 4811 qui
2035 4742 2188 4809 longe
2234 4739 2447 4794 diverso
2495 4737 2652 4792 modo
2702 4737 2890 4806 linguis
2922 4736 3088 4806 igneis
3133 4735 3485 4790 miserabilem
3544 4763 3548 4767 ‹

1906 4834 2138 4889 Africam
2168 4832 2422 4888 incendit.
2455 4830 2735 4899 Quomodo
2759 4844 2886 4899 ergo
2909 4828 3108 4881 habent
3135 4827 3483 4896 Baptismum,

1908 4936 1997 4980 aut
2031 4924 2297 4995 quomodo
2325 4922 2451 4977 dunt
2482 4924 2502 4953 ²
2534 4922 2584 4976 in
2619 4921 2831 4975 nomine
2859 4920 3029 4974 l’atris
3058 4928 3112 4973 et
3147 4918 3265 4972 Filii
3296 4928 3348 4973 et
3371 4917 3491 4987 Spi-

1909 5022 2042 5074 ritus
2071 5018 2240 5071 sam-ti
2260 5022 2279 5067 ’ἐ
2310 5018 2465 5070 Certe
2489 5014 2599 5084 jam
2624 5012 2866 5067 advertis
2893 5025 3048 5081 posse
3074 5011 3124 5064 in
3154 5009 3367 5063 homine
3391 5009 3487 5062 ini-

1909 5128 2012 5181 quo
2036 5125 2175 5170 esse,
2212 5109 2288 5161 vel
2315 5109 2381 5162 ab
2416 5108 2627 5161 homine
2649 5107 2829 5175 iniquo
2856 5105 2968 5159 dari
2993 5104 3340 5174 Baptismum,
3382 5114 3486 5154 non

1909 5203 2170 5274 iniquum,
2213 5202 2304 5255 soil
2347 5201 2544 5269 justum
2577 5209 2631 5253 et
2669 5214 2887 5260 verum;
2924 5213 3026 5250 non
3058 5197 3178 5266 quia
3216 5196 3354 5249 illius
3384 5202 3489 5259 est,

1909 5294 2000 5349 sed
2028 5294 2149 5365 quia
2181 5293 2273 5348 Dei
2291 5301 2390 5346 est.
2444 5291 2509 5344 Et
2538 5305 2638 5360 ego
2667 5289 2756 5343 tibi
2788 5288 2978 5343 (le-isto
3010 5286 3137 5341 nihil
3165 5284 3491 5346 calumnior;

1909 5386 2048 5457 quod
2082 5396 2133 5439 tu
2161 5385 2228 5439 de
2261 5382 2440 5437 nescio
2466 5380 2655 5451 quibus
2700 5379 2814 5433 orhi
2857 5388 3115 5431 terrarum
3162 5375 3337 5429 facere
3386 5390 3489 5426 non

1908 5493 2107 5544 Cessas,
2137 5485 2209 5542 ct,
2228 5475 2365 5546 quod
2387 5485 2468 5528 est
2498 5471 2899 5534 intolerabilius,
2918 5485 3015 5525 nce
3042 5470 3107 5525 de
3133 5467 3261 5537 ipsis
3290 5466 3491 5536 aliquid

1971 5638 1985 5667 ί
2014 5634 2327 5684 t‘loriaceusis
2343 5630 2519 5689 codex,
2543 5642 2657 5680 vera
2673 5627 2940 5681 nasrintiui.
2965 5626 3356 5692 (zygiranneusis,
3380 5638 3491 5678 rara

1906 5710 2216 5813 ηηξιίίῖιξῑιέέη
2244 5755 2328 5805 dat
2358 5768 2373 5805 :
2401 5756 2447 5803 in
2472 5754 2652 5817 quibus
2675 5760 2836 5803 tamen
2877 5752 3029 5801 altera
3072 5757 3207 5812 [‘arte
3231 5747 3493 5802 sententia:

1907 5819 2115 5881 legitur,
2134 5819 2306 5867 habent
2347 5816 2652 5881 raptisgnum.

1973 5878 2047 5944 ζα)
2072 5889 2090 5925 \
2106 5880 2182 5928 ide
2199 5894 2274 5942 sui
2291 5893 2360 5939 ra,
2388 5893 2432 5927 n.
