4028 6202
489 5053 505 5087 Ι

572 432 673 486 287

570 547 784 616 probas.
833 544 962 598 Illud
995 560 1121 598 vero
1169 545 1347 598 nescio
1391 545 1656 614 quomodo
1693 545 1902 599 tolerari
1959 545 2140 613 possit,

572 639 710 707 quod
739 654 842 689 non
875 638 1044 690 solum
1075 636 1375 691 hominibus
1398 638 1594 690 sanctis
1623 637 1688 692 de
1718 637 2019 690 hominibus
2045 636 2141 689 ini-

571 730 688 795 quis
712 727 1140 790 ealnmniamiui;
1169 727 1263 780 sed
1290 728 1444 781 etiam
1471 729 1566 795 ipsi
1598 737 1782 781 sancto
1815 728 2142 795 Baptismati,

567 819 707 886 quod
753 817 806 870 in
831 817 1067 886 quolibet
1096 818 1274 886 iniquo
1311 832 1529 870 necesse
1549 825 1628 870 est
1676 827 1732 870 ιιι
1777 825 2014 870 sanctum
2056 817 2142 880 sit,

568 908 770 959 crimen
802 923 865 960 ex
897 909 1212 976 contagione
1245 917 1578 976 peccatorum
1620 907 1890 960 hominum
1927 922 2134 974 compa-

562 1002 718 1065 ratis,
765 1011 820 1053 Ill
851 1001 953 1055 tale
983 1001 1169 1055 dicatis
1195 1016 1314 1054 esse
1351 999 1638 1068 Baptisma,
1689 1000 1858 1067 qualis
1890 1009 1967 1053 est
1991 1000 2077 1052 ille
2117 1013 2145 1051 a

567 1109 671 1159 quo
705 1093 945 1157 habetur,
976 1094 1054 1146 vel
1085 1092 1259 1151 datur,
1296 1092 1379 1146 vel
1417 1092 1664 1146 sumitur.
1725 1092 1890 1144 Porro
1936 1091 1979 1144 si
2030 1091 2146 1142 talis

567 1184 635 1234 sit
669 1183 826 1237 homo
852 1183 1021 1252 qualis
1047 1182 1210 1237 fuerit
1239 1184 1325 1237 ille
1351 1197 1471 1236 cum
1494 1199 1601 1252 quo
1620 1183 1825 1236 accedit
1851 1182 1915 1236 ad
1939 1192 2142 1246 sancta,

565 1287 616 1328 et
653 1278 769 1328 [alia
800 1277 928 1328 fiunt
960 1278 1068 1343 ipsa
1101 1276 1442 1330 Sacramenta
1473 1274 1656 1343 quales
1684 1275 1882 1329 fuerint
1905 1275 2146 1328 homines

567 1369 618 1420 ιιι
645 1369 970 1436 quibussuitt
993 1385 1006 1431 ;
1034 1367 1229 1422 sufficit
1257 1368 1451 1423 sanctis
1480 1367 1780 1420 hominibus
1807 1367 1871 1418 ad
1899 1367 2143 1420 solatium

570 1477 686 1512 eum
717 1470 902 1513 sancto
924 1460 1194 1528 Baptismo
1219 1461 1570 1514 communiter
1596 1475 1623 1511 a
1652 1459 1800 1514 vobis
1824 1458 2008 1512 falsum
2036 1461 2145 1513 cri-

568 1563 687 1602 men
717 1551 901 1604 audire
933 1565 946 1601 :
975 1564 1069 1602 vos
1088 1559 1291 1603 tantum
1316 1550 1490 1603 videte
1506 1549 1948 1619 quemadmodqu
1969 1559 2146 1604 vestro

567 1653 659 1692 ere
700 1639 1045 1702 damnemini,
1100 1641 1143 1693 si
1190 1649 1244 1694 et
1295 1640 1457 1694 sobrii
1508 1641 1667 1695 vestri
1719 1657 1785 1695 ex
1833 1642 2148 1711 contagione

564 1729 896 1784 ebriosorum
929 1742 1222 1786 vestrorum
1250 1731 1447 1787 ebriosi
1493 1742 1648 1795 sunt,
1698 1743 1751 1787 et
1776 1734 2147 1788 misericordes

572 1821 726 1872 vestri
755 1837 818 1875 ex
843 1830 1114 1889 raptorum
1137 1823 1450 1891 contagione
1477 1832 1719 1891 raptores
1745 1835 1884 1890 sunt,
1917 1833 1968 1879 et
1997 1824 2148 1892 quid-

567 1914 692 1979 quid
749 1915 886 1982 apud
921 1931 1014 1968 vos
1047 1917 1097 1968 in
1146 1916 1302 1968 malis
1354 1916 1656 1969 hominibus
1701 1917 1986 1982 invenitur,
2047 1918 2147 1972 hoc

565 2001 825 2072 coguntur
864 2021 982 2059 esse
1024 2007 1110 2076 qui
1131 2021 1233 2060 non
1266 2015 1425 2071 sunt;
1492 2017 1545 2059 et
1585 2008 1696 2073 ipse
1749 2007 2048 2075 Baptismus
2095 2009 2143 2062 itt

565 2095 810 2149 omnilms
837 2096 1122 2152 immundis
1155 2098 1345 2151 vestris
1370 2089 1671 2151 immundus
1701 2107 1803 2164 est,
1847 2107 1901 2152 et
1947 2115 2040 2168 pro
2071 2101 2150 2168 ip-

565 2186 676 2236 sius
695 2187 1038 2241 immunditi:e
1059 2187 1360 2242 diversitate
1385 2188 1627 2242 diversus
1656 2198 1756 2252 est,
1800 2190 1842 2242 si
1874 2191 1989 2243 talis
2028 2206 2147 2245 esse

563 2277 770 2345 cogitur
799 2279 968 2346 qualis
1003 2287 1085 2333 est
1126 2280 1213 2334 ille
1252 2295 1280 2332 a
1322 2295 1427 2348 quo
1471 2279 1696 2333 habetur
1733 2289 1784 2333 et
1817 2279 1991 2334 datur.
2024 2282 2148 2336 Ilaec

566 2370 744 2438 utique
776 2370 902 2424 falsa
933 2381 1074 2434 sunt,
1125 2381 1179 2425 et
1216 2371 1334 2426 ideo
1363 2372 1513 2425 nobis
1534 2372 1662 2425 nihil
1690 2371 1902 2437 obsuttt,
1930 2388 2048 2426 cum
2081 2388 2145 2427 ea

565 2459 743 2512 dicitis
774 2461 825 2513 in
849 2475 965 2520 nos.
997 2477 1095 2516 nec
1116 2463 1379 2528 reSpit-itis
1407 2476 1499 2515 vos
1523 2481 1536 2515 :
1561 2462 1710 2516 vobis
1735 2471 1911 2516 autem
1931 2463 2143 2530 obsunt,

565 2549 685 2616 quia
717 2565 834 2602 cum
857 2566 917 2603 ea
947 2551 1072 2604 falsa
1104 2551 1298 2615 dicitis,
1327 2553 1377 2605 in
1409 2567 1504 2604 nos
1537 2568 1638 2604 non
1665 2551 1877 2617 eadunt,
1911 2553 2002 2606 sed
2025 2555 2146 2622 quia

565 2654 624 2690 ea
657 2655 776 2692 vera
804 2643 1016 2708 putatis.
1052 2642 1102 2694 in
1127 2657 1220 2695 vos
1245 2643 1503 2696 recidunt.

635 2731 862 2786 CAPUT
892 2733 1131 2786 XXXIV.
1157 2763 1228 2773 ~—
1253 2734 1340 2788 79.
1374 2734 1556 2787 Ρετιι..
1583 2733 1748 2786 dixit:
1784 2733 1920 2785 Nam
1961 2734 2005 2787 si
2033 2735 2146 2789 illos

562 2821 818 2889 Apostolis
863 2822 1003 2874 licuit
1052 2823 1340 2892 baptizare.
1386 2840 1510 2891 quos
1554 2825 1856 2892 ptenitentiw
1899 2824 2145 2892 baptismo

566 2912 786 2965 Ioannes
836 2913 1079 2978 abluerat,
1126 2914 1249 2967 mihi
1295 2930 1380 2966 vos
1427 2913 1686 2984 baptizare
1729 2915 1997 2984 sacrilegos
2045 2932 2144 2968 non

560 3002 720 3055 licebit
739 3004 764 3056 ?

640 3097 726 3148 80.
758 3097 889 3149 Anc.
915 3097 1186 3164 respondit
1215 3115 1224 3147 :
1252 3095 1351 3149 Ubi
1380 3107 1614 3166 estergo
1631 3097 1769 3164 quod
1811 3113 1965 3166 snpra
1995 3098 2144 3151 dixe-

563 3197 685 3244 ras,
729 3199 832 3237 non
877 3185 1037 3236 alium
1091 3185 1409 3252 baptismum
1483 3186 1646 3240 fuisse
1692 3187 1941 3250 Joannis,
1984 3189 2142 3241 alium

558 3275 753 3328 cht-isti
777 3317 790 3339 ,
829 3275 919 3330 sed
945 3293 1104 3329 unum
1138 3277 1461 3346 Baptismum
1509 3278 1674 3332 tribus
1713 3279 1965 3347 gradibus
2012 3295 2141 3334 con-

561 3371 846 3428 secratum,
895 3384 1119 3438 quorum
1151 3370 1306 3422 trium
1349 3370 1605 3438 graduum
1654 3386 1842 3439 aquam
1886 3372 2138 3437 Joannes,

558 3459 810 3525 Spiritum
833 3458 1097 3524 Christus,
1122 3461 1296 3528 ignem
1326 3460 1635 3514 Paraeletus
1664 3461 1842 3514 dedit?
1884 3463 1987 3516 Cur
2015 3479 2141 3531 ergo

557 3563 745 3616 aquam
784 3550 1143 3616 repetiverunt
1166 3551 1400 3618 Apostoli
1434 3552 1483 3603 in
1516 3552 1592 3604 eis
1620 3552 1810 3620 quibus
1833 3552 1941 3618 jam
1973 3553 2138 3607 Joan-

561 3653 654 3690 nes
675 3653 863 3706 aquam
885 3638 1105 3692 dederat
1135 3640 1486 3708 pertinentem
1511 3640 1577 3694 ad
1610 3657 1768 3694 unum
1816 3641 2138 3711 Ilaptismum

559 3728 726 3782 tribus
751 3728 1000 3797 gradibus
1040 3731 1446 3784 consecratum?
1489 3730 1677 3786 Cernis
1703 3741 1846 3786 certe
1873 3749 2028 3801 quam
2072 3735 2140 3788 sit

557 3821 932 3885 necessarium,
968 3831 1022 3874 ιιι
1051 3821 1181 3875 sciat
1209 3822 1430 3890 quisque
1456 3823 1594 3892 quod
1627 3825 1875 3892 loquitur.

627 3911 852 3966 CAPUT
881 3911 1096 3965 XXXV.
1124 3941 1195 3952 —-
1223 3913 1310 3967 8|.
1355 3913 1538 3967 Ρετιι.
1577 3915 1709 3968 dixit
1741 3933 1753 3968 :
1787 3915 1961 3985 Neque
2006 3917 2138 3969 enim

557 4005 781 4072 Spiritus
801 4014 1003 4058 sanctus
1028 4007 1078 4057 in
1109 4021 1403 4074 quemquam
1433 4023 1609 4059 manus
1628 4007 1944 4076 impositione
1972 4008 2140 4075 ponti—

555 4095 664 4162 ficis
695 4096 873 4163 poterit
900 4096 1073 4160 inseri,
1099 4096 1195 4149 nisi
1223 4112 1352 4165 aqua
1384 4111 1524 4164 parce
1565 4099 1878 4150 conscientiie
1919 4113 2134 4166 prterea-

554 4187 673 4238 serit
702 4187 1005 4255 generatrix.

599 4274 689 4328 8‘2.
723 4277 854 4329 Anc.
872 4274 1143 4342 rcSpondit
1181 4294 1193 4328 :
1213 4275 1266 4327 In
1283 4275 1363 4328 his
1379 4274 1559 4343 paucis
1579 4275 1752 4329 verbis
1774 4277 1877 4329 tuis
1893 4277 1997 4331 duo
2014 4288 2136 4332 sunt

553 4378 784 4416 errores.
830 4365 891 4415 Et
916 4380 1050 4415 unus
1077 4364 1288 4432 quidem
1333 4364 1398 4418 ad
1448 4368 1792 4434 qucestioncm
1841 4384 1958 4437 qua:
1999 4369 2136 4424 inter

555 4467 654 4504 nos
682 4452 980 4514 discutitur,
1032 4470 1136 4506 non
1165 4453 1316 4508 valde
1351 4457 1600 4523 pertinet,
1647 4457 1736 4509 sed
1768 4465 1818 4511 te
1855 4459 2134 4525 imperitia:

552 4542 810 4611 coarguit.
853 4542 983 4596 Nam
1013 4543 1062 4597 in
1090 4554 1300 4597 centum
1333 4546 1514 4615 viginti
1543 4546 1784 4601 homines
1812 4549 1927 4602 sine
1953 4549 2131 4616 cujus-

552 4649 710 4701 quam
743 4648 930 4686 manus
964 4634 1319 4702 impositione,
1352 4636 1401 4688 in
1443 4636 1745 4690 Cornelium
1782 4652 1908 4691 vero
1933 4639 2132 4708 Centu-

555 4723 754 4776 rionem
785 4732 836 4776 et
876 4738 970 4778 eos
997 4725 1084 4792 qui
1117 4739 1234 4778 cum
1283 4725 1370 4778 illo
1409 4735 1580 4789 erant,
1623 4726 1779 4779 etiam
1825 4728 2133 4796 priusquam

555 4813 967 4878 Itaptizarcntur,
993 4814 1220 4883 Spiritus
1246 4823 1461 4868 sanctus
1488 4816 1700 4869 advenit
1729 4817 1860 4886 (Act.
1895 4833 1931 4882 ι,
1967 4819 2051 4881 iii;
2072 4834 2129 4881 ιι,

552 4906 585 4958 4
611 4921 624 4966 ;
654 4914 696 4956 et
729 4920 780 4967 κ,
812 4905 926 4974 lii).
957 4905 1107 4958 Alter
1135 4915 1308 4958 autem
1341 4921 1492 4959 error
1523 4905 1573 4958 in
1604 4906 1684 4960 bis
1713 4907 1885 4960 verbis
1918 4908 2018 4961 tuis
2052 4917 2132 4961 to-

554 5008 656 5049 tam
676 5011 885 5050 c;-.usam
906 5007 1128 5054 vestram
1147 4999 1354 5066 penitus
1377 4998 1605 5068 perimit.
1623 4999 1761 5053 Dicis
1779 5000 1918 5054 enim
1940 5015 2130 5069 aquant

555 5104 700 5157 purae
732 5087 1071 5142 conscientia:
1104 5087 1404 5158 praecedere
1439 5099 1685 5158 oportere
1722 5091 2127 5159 generatrieem,

551 5192 606 5233 ut
647 5181 875 5250 Spiritus
917 5191 1130 5234 sanctus
1158 5190 1532 5251 consequatur.
1581 5183 1807 5237 Proinde
1831 5191 1919 5235 aut
1958 5183 2130 5235 omnis

552 5290 683 5340 aqua
717 5273 764 5325 in
796 5271 1008 5324 nomine
1040 5272 1209 5324 Patris
1233 5271 1422 5325 etFilii
1455 5283 1501 5325 et
1535 5273 1760 5339 Spiritus
1804 5274 1965 5326 sancti
2004 5289 2132 5327 cott-

551 5371 750 5418 secrata
781 5377 924 5431 pnrte
953 5362 1291 5416 conscientia:
1313 5370 1414 5423 est,
1449 5379 1549 5415 non
1585 5375 1797 5431 propter
1825 5379 1915 5416 eos
1938 5379 1964 5414 a
2008 5364 2128 5432 qui-

553 5455 649 5507 bus
677 5454 1036 5519 ministratur,
1071 5453 1152 5506 vel
1183 5470 1209 5505 a
1242 5455 1430 5524 quibus
1467 5455 1738 5523 accipitur,
1779 5454 1869 5507 sed
1919 5465 2129 5522 propter

550 5545 698 5601 illum
729 5547 815 5617 qui
844 5546 983 5600 hunc
1013 5546 1336 5616 Baptismttm
1357 5547 1726 5601 immaculatus
1749 5546 1972 5599 instituit
2001 5565 2012 5598 :
2041 5556 2130 5599 aut

551 5641 593 5690 si
621 5654 808 5708 aquam
843 5652 985 5707 pura:
1015 5637 1354 5692 conscientia:
1397 5654 1499 5691 tton
1531 5637 1650 5691 facit
1695 5638 1790 5690 nisi
1839 5653 1963 5705 pttra
1997 5653 2126 5691 cou-

553 5729 768 5781 scicntia
815 5741 866 5784 et
915 5728 1260 5784 ministrantis
1310 5728 1558 5787 hominis.
1589 5739 1638 5780 et
1679 5728 1968 5790 sumentis;
2007 5728 2128 5798 quid

551 5819 703 5886 agitis
733 5819 798 5872 de
826 5819 886 5871 iis
909 5836 1038 5888 quos
1062 5821 1306 5874 invenitis
1334 5819 1400 5871 ab
1430 5821 1506 5873 eis
1550 5820 1855 5888 baptizatos,
1882 5821 1967 5888 qui
2001 5837 2131 5874 non-

1429 429 1699 484 CONTRA
1743 429 2078 484 LITTER.\S
2119 429 2476 498 PETII.l.-\.\I,
2520 432 2576 488 S.
2620 436 2985 495 AUGUSTINI

3736 457 3840 512 288

2257 548 2379 602 dum
2408 552 2597 618 proditi
2624 557 3000 616 conscientiam
3033 564 3355 620 maculosam
3377 570 3632 638 gerebant
3656 593 3669 628 :
3702 591 3841 646 prat-

2255 643 2434 737 scrlittt
2465 646 2507 697 si
2541 646 2677 700 inter
2705 649 2835 704 istos
2876 651 3164 723 baptizatos
3194 657 3382 728 aliquis
3423 665 3631 730 existat,
3662 643 3748 737 qni
3783 687 3838 726 se

2255 730 2484 787 fateatur
2511 738 2702 792 malam
2734 756 2852 796 cum
2887 743 3240 814 baptizaretur
3281 750 3531 810 habuisse
3559 730 3836 816 Conscien-

2257 826 2402 887 tiam,
2433 828 2570 895 quod
2604 845 2697 897 per
2727 832 2868 885 illaut
2889 836 3032 891 forte
3051 841 3384 896 oceasionem
3413 845 3476 898 ad
3500 848 3708 918 aliquod
3741 854 3833 904 lla-

2255 915 2437 984 gitium
2495 923 2772 986 pervenire
2814 926 3102 983 voluissrt‘?
3130 931 3260 986 Cum
3306 949 3434 1005 ergo
3474 915 3624 992 vobis
3674 941 3829 998 fuerit

2257 1007 2666 1072 manifestatum,
2711 1029 2807 1068 nec
2835 1015 2978 1070 illum
3021 1022 3108 1088 qui
3151 1023 3486 1088 ministravit,
3540 1047 3636 1085 nec
3684 1034 3827 1087 illtun

2254 1095 2340 1162 qtti
2371 1099 2930 1170 accepitBaptismum,
2958 1125 3138 1176 puram
3159 1111 3406 1170 habuisse
3426 1123 3826 1192 conscientimn,

2254 1185 2427 1238 denuo
2447 1188 2816 1257 baptizandttm
2848 1212 2966 1252 esse
2992 1203 3318 1257 censebitis?
3357 1206 3693 1280 Nequaquam
3731 1185 3827 1268 hoc

2253 1274 2510 1344 dicturus,
2539 1297 2866 1353 nequaquam
2898 1287 3129 1344 facturus
3152 1307 3230 1347 es.
3285 1274 3533 1365 Baptismi
3558 1274 3705 1372 ergo
3736 1323 3827 1374 plt—

2255 1367 2382 1421 ritas
2402 1384 2430 1422 a
2453 1372 2679 1438 puritate
2702 1378 2779 1429 vel
2813 1378 3140 1436 itnmtmditia
3169 1389 3528 1455 conscientia},
3559 1367 3670 1450 sive
3697 1367 3824 1450 dan-

2255 1457 2321 1512 tis
2347 1460 2458 1514 sive
2487 1463 2812 1533 accipientis,
2843 1472 3058 1525 omnino
3099 1474 3344 1530 distincta
3377 1490 3477 1535 est.
3512 1485 3660 1539 Anile
3699 1505 3823 1557 ergo

2248 1547 2358 1615 jam
2419 1549 2598 1606 dicere
2648 1570 2793 1623 purzn
2841 1563 3177 1619 conscientia:
3229 1568 3388 1624 fuisse
3446 1547 3820 1642 fratttlatoretit,

2255 1645 2543 1704 raptorem,
2575 1645 2894 1713 pupillorum
2913 1658 2964 1703 et
2983 1653 3253 1709 viduarmn
3280 1651 3672 1729 Oppressot'cm,
3703 1685 3828 1720 mn-

2250 1724 2516 1795 jugiorum
2567 1746 2963 1805 separatorem,
3031 1745 3466 1810 patrimoniorum
3531 1756 3824 1810 alienorum

2257 1817 2600 1886 proditorem,
2637 1825 2985 1895 venditorem,
3028 1833 3430 1912 divisorem(a).
3480 1844 3629 1897 Aude
3668 1849 3825 1902 etiam

2253 1907 2431 1964 dicere
2452 1926 2596 1979 pura:
2617 1919 2955 1974 conscientia:
2982 1922 3144 1978 fuisse
3166 1927 3300 1992 illos,
3328 1907 3461 1998 quos
3480 1934 3671 1990 talibus
3701 1947 3832 1991 tem-

2255 2002 2469 2094 poribus
2496 2004 2727 2061 defuisse
2748 2009 2959 2065 difficile
2985 2023 3067 2067 est
3100 2033 3111 2067 :
3142 2017 3184 2068 si
3213 2019 3298 2086 qui
3330 2021 3465 2075 forte
3491 2040 3593 2076 non
3619 2037 3830 2094 propter

2252 2089 2544 2158 Christum,
2589 2113 2684 2151 nec
2713 2111 2927 2169 propter
2957 2108 3115 2159 vitam
3157 2117 3430 2176 icti-ruam,
3473 2116 3564 2168 sed
3618 2129 3829 2187 propter

2254 2183 2514 2238 amicitias
2537 2195 2774 2244 terrenas
2800 2196 3176 2263 conciliandas,
3211 2209 3264 2253 et
3300 2183 3629 2271 cupiditates
3664 2183 3828 2262 terre-

2255 2289 2350 2326 nas
2379 2278 2676 2345 satiandas,
2722 2284 2789 2338 ab
2836 2286 2926 2338 illo
2971 2296 3026 2340 ut.
3080 2289 3467 2358 baptizareatur
3506 2300 3828 2354 ambicrunt.

2257 2363 2421 2419 Porro
2449 2369 2493 2421 si
2525 2369 2621 2423 bos
2653 2387 2795 2439 pura:
2821 2377 3160 2434 conscientia:
3191 2380 3351 2436 fuisse
3394 2403 3495 2440 non
3543 2390 3714 2444 audes
3754 2393 3831 2445 di-

2255 2469 2409 2521 cere;
2447 2457 2490 2510 si
2518 2474 2651 2528 quos
2676 2476 2740 2515 ex
2758 2479 2822 2517 eo
2848 2482 3071 2521 numero
3101 2474 3363 2539 repereris
3408 2475 3724 2545 baptizatos,
3765 2483 3828 2536 da

2254 2545 2332 2598 eis
2373 2563 2530 2616 quam
2575 2567 2679 2606 non
2711 2568 3029 2625 acceperunt
3057 2576 3244 2629 aquam
3287 2581 3433 2634 pura:
3453 2573 3826 2627 conscientiae:

2253 2637 2394 2704 quod
2421 2640 2463 2692 si
2497 2656 2602 2695 non
2637 2643 2782 2710 facis,
2816 2647 2998 2704 desine
3031 2651 3285 2708 adversus
3316 2672 3414 2710 nos
3451 2659 3651 2728 jactare
3689 2665 3829 2732 quod

2255 2744 2359 2780 non
2393 2732 2549 2794 nosti,
2579 2749 2644 2787 ne
2676 2738 2881 2806 cogaris
2907 2739 3163 2796 adversus
3190 2760 3284 2798 nos
3329 2751 3648 2816 respondere
3688 2754 3827 2821 quod

2256 2818 2414 2872 nosti.

2323 2908 2548 2966 CAPUT
2590 2913 2827 2969 XXXVI.
2892 2948 2957 2957 ——
2990 2920 3076 2976 8'5.
3117 2923 3297 2978 Ρετιι..
3333 2926 3617 2996 dixitzQai
3659 2933 3832 3001 utique

2255 2999 2476 3068 Spiritus
2503 3014 2703 3056 sanctus
2749 3007 2799 3058 in
2826 3023 2909 3061 vos
2931 3011 3094 3064 venire
3123 3030 3220 3065 non
3251 3018 3433 3083 potuit,
3462 3035 3583 3087 quos
3619 3037 3719 3072 non
3750 2999 3833 3074 Vvet

2255 3092 2555 3154 pmnitentiw
2582 3094 2860 3163 baptismus
2900 3099 3091 3164 abluit;
3130 3104 3218 3156 sed
3244 3109 3548 3172 pernitendo,
3590 3118 3729 3179 quod
3759 3128 3835 3164 ee-

2252 3197 2360 3232 rum
2389 3192 2478 3243 est,
2508 3201 2638 3253 aqua
2660 3187 2840 3254 polluit
2859 3190 3134 3244 traditoris.

2323 3275 2410 3329 84.
2448 3279 2578 3332 Aco.
2609 3281 2883 3349 reSpondit
2920 3284 3262 3342 :Traditores
3287 3290 3497 3358 quidem
3529 3309 3631 3347 non
3653 3295 3833 3348 solum

2252 3382 2348 3421 nos
2379 3385 2483 3422 non
2529 3373 2785 3439 probatis,
2836 3376 2928 3431 sed
2975 3395 3071 3433 nec
3117 3393 3291 3448 patres
3320 3385 3478 3437 vestri
3509 3395 3687 3452 patres
3744 3403 3836 3440 no-

2249 3467 2390 3512 stros
2412 3461 2635 3528 probare
2659 3475 2976 3531 [νιιιιετιιιιιε
3029 3471 3187 3537 quisi
3217 3472 3420 3540 probati
3463 3487 3640 3528 essent
3663 3517 3684 3540 ,
3733 3494 3834 3530 non

2251 3549 2428 3618 utique
2483 3561 2656 3619 patres
2696 3557 2859 3608 nostri
2913 3569 3127 3624 essent,
3176 3563 3464 3616 secundum
3515 3576 3657 3618 tuam
3717 3584 3778 3621 su
3813 3597 3836 3609 -

2247 3641 2510 3708 perierem
2565 3646 2952 3711 asset-tionem,
3025 3664 3249 3716 quorum
3313 3669 3416 3705 non
3464 3670 3722 3713 essemus
3767 3660 3836 3712 fa-

2245 3737 2328 3780 cta
2378 3730 2560 3782 sectati
2613 3749 2624 3783 :
2682 3748 2779 3786 nec
2828 3742 3001 3789 tamen
3066 3751 3281 3807 propter
3329 3757 3422 3795 eos
3475 3759 3502 3796 a
3552 3752 3836 3803 consortio

2245 3819 2616 3875 divellerentur
2657 3825 2888 3889 unitatis,
2939 3837 2991 3881 et
3034 3845 3062 3883 a
3100 3831 3300 3887 semine
3342 3835 3570 3889 Abrabar
3616 3839 3665 3891 in
3734 3857 3834 3910 quo

2248 3913 2630 3968 benedicuntur
2654 3931 2837 3971 omnes
2868 3927 3052 3988 gentes
3095 3921 3256 3994 (Gen.
3279 3940 3412 3986 χχιι,
3446 3927 3558 3996 18).
3604 3929 3833 3986 \‘erum-

2251 4014 2423 4058 tamen
2479 4007 2521 4059 si
2573 4007 2672 4060 alia
2729 4017 2811 4063 est
2871 4026 3002 4078 aqua
3057 4013 3271 4074 Christi.
3315 4025 3366 4069 et
3413 4017 3513 4069 alia
3565 4029 3647 4072 est
3696 4036 3831 4090 aqua

2246 4095 2534 4161 traditoris,
2561 4098 2680 4166 quia
2712 4114 2814 4152 non
2863 4100 2961 4155 fuit
3000 4104 3221 4158 traditor
3255 4105 3524 4172 Christus;
3575 4123 3669 4161 cur
3726 4127 3828 4164 non

2243 4187 2343 4238 alia
2398 4188 2465 4240 sit
2510 4203 2644 4258 aqua
2695 4191 2922 4253 Christi,
2979 4203 3031 4247 et
3097 4195 3195 4248 alia
3243 4198 3310 4249 sit
3368 4212 3501 4266 aqua
3553 4203 3824 4266 raptoris,

2242 4277 2365 4347 quia
2415 4294 2513 4335 nec
2560 4292 2740 4348 raptor
2769 4283 2946 4354 utique
2987 4285 3080 4339 fttit
3113 4286 3398 4343 Christus?
3441 4289 3652 4358 Baptiza
3699 4309 3825 4363 ergo

2245 4376 2296 4418 ιιι
2328 4377 2445 4436 post
2482 4382 2749 4438 raptorem
2781 4383 2924 4426 tuum
2952 4415 2965 4437 ,
3006 4385 3058 4427 et
3104 4376 3381 4445 baptizabo
3409 4394 3507 4448 ego
3552 4392 3673 4448 post
3718 4393 3824 4436 tra-

2242 4457 2467 4514 ditorem
2501 4475 2597 4513 nec
2639 4477 2812 4514 meum
2846 4478 2943 4516 nec
2980 4473 3159 4530 tuum;
3214 4475 3305 4519 aut
3347 4467 3389 4520 si
3441 4469 3642 4521 chartis
3698 4487 3824 4541 pro-

2244 4551 2362 4604 latis
2390 4553 2715 4607 crcdendutn
2761 4563 2874 4618 est,
2917 4564 2970 4610 et
3001 4572 3180 4610 meum
3236 4569 3288 4613 et
3325 4569 3504 4626 tuum;
3541 4563 3582 4614 si
3642 4574 3819 4617 autem

2243 4642 2764 4698 eommunioniorbis
2788 4653 3047 4698 terrarum
3074 4647 3243 4716 magis
3263 4665 3422 4718 quam
3449 4651 3580 4719 parti
3605 4653 3817 4717 Donati,

2243 4744 2346 4781 non
2383 4745 2582 4798 meum,
2627 4732 2719 4785 sed
2755 4741 2918 4786 tuum.
2950 4735 3165 4790 Meliore
3195 4753 3323 4792 vero
3355 4748 3408 4793 et
3435 4741 3651 4795 saniore
3692 4759 3816 4796 sen-

2243 4819 2438 4884 tentia,
2475 4821 2596 4889 quia
2638 4823 2926 4876 secundum
2985 4827 3330 4894 apostolicam
3361 4845 3578 4891 vocem,
3639 4848 3807 4886 unus—

2242 4911 2358 4978 quis
2382 4925 2464 4978 pte
2510 4918 2748 4965 nostrum
2779 4914 3053 4984 proprium
3081 4931 3215 4971 onus
3246 4919 3477 4988 portabit
3507 4920 3707 4990 (Galea.
3746 4939 3818 4987 ιι,

2240 5000 2308 5071 5)
2337 5018 2349 5061 ;
2384 5015 2481 5055 nec
2512 5001 2598 5056 ille
2625 5012 2807 5070 raptor
2830 5014 3003 5059 vester
3023 5017 3125 5071 est,
3157 5019 3417 5078 quotquot
3440 5027 3545 5065 non
3572 5014 3703 5066 estis
3734 5031 3820 5066 ra-

2241 5101 2440 5160 ptores,
2475 5108 2574 5146 nec
2610 5095 2887 5162 quisquam
2921 5097 3144 5152 traditor
3193 5110 3284 5154 ant
3313 5112 3494 5156 noster
3521 5115 3611 5157 aut
3644 5117 3820 5158 vester

2241 5192 2321 5236 est
2340 5224 2353 5246 ,
2381 5193 2638 5252 quotquot
2666 5201 2767 5236 non
2797 5202 2978 5241 sumus
3024 5189 3319 5249 tradituros.
3363 5192 3428 5245 Et
3451 5192 3570 5247 ideo
3599 5209 3699 5247 nos
3727 5210 3816 5248 su-

2241 5291 2359 5328 tnus
2409 5275 2654 5329 catholici
2686 5319 2696 5339 ,
2727 5278 2813 5346 qui
2844 5279 3135 5333 secundum
3170 5282 3321 5335 istam
3355 5287 3672 5337 sententiam
3706 5303 3815 5338 non

2239 5366 2534 5420 deserimus
2559 5369 2815 5422 unitatem
2845 5389 2856 5423 :
2891 5387 2982 5425 vos
3013 5387 3142 5425 vero
3170 5372 3402 5428 hrcretici
3423 5415 3439 5439 ,
3488 5376 3575 5444 qui
3605 5390 3820 5445 promer

2239 5461 2590 5530 quorumdam
2621 5462 2892 5516 hominum
2915 5465 3135 5517 erimina
3161 5481 3252 5518 seu
3285 5482 3405 5519 vera
3425 5482 3515 5519 seu
3534 5467 3686 5529 falsa,
3714 5484 3821 5521 non

2241 5555 2400 5606 vultis
2431 5562 2615 5607 tenere
2649 5571 2766 5604 cum
2797 5553 3020 5607 Abraba‘.
3045 5557 3599 5611 setttinecharitatem.

2311 5643 2534 5696 CAPUT
2568 5643 2823 5696 XXXVII.
2855 5674 2924 5682 -—
2954 5647 3035 5700 85.
3077 5646 3258 5701 l‘ETtL.
3290 5648 3419 5701 dixit
3452 5667 3464 5700 :
3496 5649 3602 5704 Sed
3634 5659 3683 5701 ut
3711 5651 3818 5702 inec

2307 5825 2378 5888 (α)
2404 5833 2622 5887 Optatum
2646 5827 2985 5880 titidonianum.
