  <div class='ocr_page' id='page_1' title='image "/cluster/home/n/w/nwhite01/storage/ocr_20150623/43/hvd.32044096580659/150.png"; bbox 0 0 4028 6202; ppageno 0'>
   <div class='ocr_carea' id='block_1_1' title="bbox 155 282 268 339">
    <p class='ocr_par' dir='ltr' id='par_1_1' title="bbox 155 282 268 339">
     <span class='ocr_line' id='line_1_1' title="bbox 155 282 268 339; baseline -0.018 1"><span class='ocrx_word' id='word_1_1' title='bbox 155 282 268 339; x_wconf 68' lang='grc' dir='ltr'><strong><em>ιδθ</em></strong></span> 
     </span>
    </p>
   </div>
   <div class='ocr_carea' id='block_1_2' title="bbox 159 383 1732 463">
    <p class='ocr_par' dir='ltr' id='par_1_2' title="bbox 159 383 1732 463">
     <span class='ocr_line' id='line_1_2' title="bbox 159 383 1732 463; baseline -0.013 -12"><span class='ocrx_word' id='word_1_2' title='bbox 159 401 223 451; x_wconf 77' lang='lat' dir='ltr'><strong><em>ob</em></strong></span> <span class='ocrx_word' id='word_1_3' title='bbox 243 393 501 463; x_wconf 82' lang='lat' dir='ltr'><strong><em>Apostolis</em></strong></span> <span class='ocrx_word' id='word_1_4' title='bbox 526 393 661 463; x_wconf 86' lang='lat' dir='ltr'><strong><em>facta</em></strong></span> <span class='ocrx_word' id='word_1_5' title='bbox 690 387 1012 458; x_wconf 74' lang='lat' dir='ltr'><strong><em>prwluceant,</em></strong></span> <span class='ocrx_word' id='word_1_6' title='bbox 1043 400 1212 438; x_wconf 69' lang='lat' dir='ltr'><strong><em>eorum</em></strong></span> <span class='ocrx_word' id='word_1_7' title='bbox 1234 383 1423 436; x_wconf 83' lang='lat' dir='ltr'><strong><em>actibus</em></strong></span> <span class='ocrx_word' id='word_1_8' title='bbox 1450 383 1732 441; x_wconf 84' lang='lat' dir='ltr'><strong><em>edocemar,</em></strong></span> 
     </span>
    </p>
   </div>
   <div class='ocr_carea' id='block_1_3' title="bbox 160 472 1740 551">
    <p class='ocr_par' dir='ltr' id='par_1_3' title="bbox 160 472 1740 551">
     <span class='ocr_line' id='line_1_3' title="bbox 160 472 1740 551; baseline -0.012 -10"><span class='ocrx_word' id='word_1_9' title='bbox 160 489 291 542; x_wconf 83' lang='lat' dir='ltr'><strong><em>sicut</em></strong></span> <span class='ocrx_word' id='word_1_10' title='bbox 311 484 557 551; x_wconf 85' lang='lat' dir='ltr'><strong><em>scriptum</em></strong></span> <span class='ocrx_word' id='word_1_11' title='bbox 595 490 711 533; x_wconf 89' lang='lat' dir='ltr'><strong><em>est:</em></strong></span> <span class='ocrx_word' id='word_1_12' title='bbox 746 496 765 529; x_wconf 72' lang='grc' dir='ltr'><strong><em>ι</em></strong></span> <span class='ocrx_word' id='word_1_13' title='bbox 803 475 1017 529; x_wconf 90' lang='lat' dir='ltr'><strong><em>Factum</em></strong></span> <span class='ocrx_word' id='word_1_14' title='bbox 1063 484 1133 527; x_wconf 89' lang='lat' dir='ltr'><strong><em>est</em></strong></span> <span class='ocrx_word' id='word_1_15' title='bbox 1180 484 1346 526; x_wconf 85' lang='lat' dir='ltr'><strong><em>autem</em></strong></span> <span class='ocrx_word' id='word_1_16' title='bbox 1388 473 1507 525; x_wconf 89' lang='lat' dir='ltr'><strong><em>dum</em></strong></span> <span class='ocrx_word' id='word_1_17' title='bbox 1556 472 1740 539; x_wconf 76' lang='lat' dir='ltr'><strong><em>Apollo</em></strong></span> 
     </span>
    </p>
   </div>
   <div class='ocr_carea' id='block_1_4' title="bbox 161 561 1741 636">
    <p class='ocr_par' dir='ltr' id='par_1_4' title="bbox 161 561 1741 636">
     <span class='ocr_line' id='line_1_4' title="bbox 161 561 1741 636; baseline -0.01 -8"><span class='ocrx_word' id='word_1_18' title='bbox 161 585 292 629; x_wconf 75' lang='lat' dir='ltr'><strong><em>esset</em></strong></span> <span class='ocrx_word' id='word_1_19' title='bbox 318 571 566 634; x_wconf 77' lang='lat' dir='ltr'><strong><em>Corinthi,</em></strong></span> <span class='ocrx_word' id='word_1_20' title='bbox 596 568 793 622; x_wconf 89' lang='lat' dir='ltr'><strong><em>Paulus</em></strong></span> <span class='ocrx_word' id='word_1_21' title='bbox 827 565 1180 636; x_wconf 74' lang='lat' dir='ltr'><strong><em>perambulatis</em></strong></span> <span class='ocrx_word' id='word_1_22' title='bbox 1204 565 1539 633; x_wconf 71' lang='lat' dir='ltr'><strong><em>superioribus</em></strong></span> <span class='ocrx_word' id='word_1_23' title='bbox 1581 561 1741 631; x_wconf 87' lang='lat' dir='ltr'><strong><em>parti-</em></strong></span> 
     </span>
    </p>
   </div>
   <div class='ocr_carea' id='block_1_5' title="bbox 162 653 1743 731">
    <p class='ocr_par' dir='ltr' id='par_1_5' title="bbox 162 653 1743 731">
     <span class='ocr_line' id='line_1_5' title="bbox 162 653 1743 731; baseline -0.009 -13"><span class='ocrx_word' id='word_1_24' title='bbox 162 667 262 718; x_wconf 78' lang='lat' dir='ltr'><strong><em>bus</em></strong></span> <span class='ocrx_word' id='word_1_25' title='bbox 288 662 419 718; x_wconf 90' lang='lat' dir='ltr'><strong><em>venit</em></strong></span> <span class='ocrx_word' id='word_1_26' title='bbox 465 660 741 731; x_wconf 76' lang='lat' dir='ltr'><strong><em>Ephesum.</em></strong></span> <span class='ocrx_word' id='word_1_27' title='bbox 772 656 978 710; x_wconf 85' lang='lat' dir='ltr'><strong><em>Etcum</em></strong></span> <span class='ocrx_word' id='word_1_28' title='bbox 1012 656 1277 710; x_wconf 78' lang='lat' dir='ltr'><strong><em>invenisset</em></strong></span> <span class='ocrx_word' id='word_1_29' title='bbox 1318 654 1563 723; x_wconf 86' lang='lat' dir='ltr'><strong><em>quosdam</em></strong></span> <span class='ocrx_word' id='word_1_30' title='bbox 1590 653 1743 706; x_wconf 57' lang='lat' dir='ltr'><strong><em>discio</em></strong></span> 
     </span>
    </p>
   </div>
   <div class='ocr_carea' id='block_1_6' title="bbox 168 745 1743 825">
    <p class='ocr_par' dir='ltr' id='par_1_6' title="bbox 168 745 1743 825">
     <span class='ocr_line' id='line_1_6' title="bbox 168 745 1743 825; baseline -0.01 -14"><span class='ocrx_word' id='word_1_31' title='bbox 168 758 341 825; x_wconf 85' lang='lat' dir='ltr'><strong><em>pulos,</em></strong></span> <span class='ocrx_word' id='word_1_32' title='bbox 371 753 499 807; x_wconf 74' lang='lat' dir='ltr'><strong><em>dixit</em></strong></span> <span class='ocrx_word' id='word_1_33' title='bbox 527 752 630 804; x_wconf 89' lang='lat' dir='ltr'><strong><em>illis</em></strong></span> <span class='ocrx_word' id='word_1_34' title='bbox 662 767 681 804; x_wconf 90' lang='lat'><strong><em>:</em></strong></span> <span class='ocrx_word' id='word_1_35' title='bbox 713 749 774 805; x_wconf 90' lang='lat' dir='ltr'><strong><em>Si</em></strong></span> <span class='ocrx_word' id='word_1_36' title='bbox 806 749 1055 818; x_wconf 85' lang='lat' dir='ltr'><strong><em>Spiritum</em></strong></span> <span class='ocrx_word' id='word_1_37' title='bbox 1076 758 1304 801; x_wconf 84' lang='lat' dir='ltr'><strong><em>sanctum</em></strong></span> <span class='ocrx_word' id='word_1_38' title='bbox 1331 745 1592 813; x_wconf 85' lang='lat' dir='ltr'><strong><em>accepistis</em></strong></span> <span class='ocrx_word' id='word_1_39' title='bbox 1634 760 1743 797; x_wconf 87' lang='lat' dir='ltr'><strong><em>cre-</em></strong></span> 
     </span>
    </p>
   </div>
   <div class='ocr_carea' id='block_1_7' title="bbox 165 835 1746 906">
    <p class='ocr_par' dir='ltr' id='par_1_7' title="bbox 165 835 1746 906">
     <span class='ocr_line' id='line_1_7' title="bbox 165 835 1746 906; baseline -0.009 -7"><span class='ocrx_word' id='word_1_40' title='bbox 165 847 343 899; x_wconf 78' lang='lat' dir='ltr'><strong><em>dentes</em></strong></span> <span class='ocrx_word' id='word_1_41' title='bbox 360 844 389 896; x_wconf 79' lang='lat'><strong><em>.’</em></strong></span> <span class='ocrx_word' id='word_1_42' title='bbox 408 844 470 895; x_wconf 75' lang='lat' dir='ltr'><strong><em>At</em></strong></span> <span class='ocrx_word' id='word_1_43' title='bbox 496 842 574 894; x_wconf 84' lang='lat' dir='ltr'><strong><em>illi</em></strong></span> <span class='ocrx_word' id='word_1_44' title='bbox 599 840 832 893; x_wconf 73' lang='lat' dir='ltr'><strong><em>dixerunt</em></strong></span> <span class='ocrx_word' id='word_1_45' title='bbox 860 854 878 891; x_wconf 91' lang='lat'><strong><em>:</em></strong></span> <span class='ocrx_word' id='word_1_46' title='bbox 906 837 1011 892; x_wconf 85' lang='lat' dir='ltr'><strong><em>Sed</em></strong></span> <span class='ocrx_word' id='word_1_47' title='bbox 1037 854 1192 906; x_wconf 85' lang='lat' dir='ltr'><strong><em>neque</em></strong></span> <span class='ocrx_word' id='word_1_48' title='bbox 1213 837 1257 889; x_wconf 90' lang='lat' dir='ltr'><strong><em>si</em></strong></span> <span class='ocrx_word' id='word_1_49' title='bbox 1281 844 1350 889; x_wconf 86' lang='lat' dir='ltr'><strong><em>est</em></strong></span> <span class='ocrx_word' id='word_1_50' title='bbox 1381 835 1603 903; x_wconf 79' lang='lat' dir='ltr'><strong><em>Spiritus</em></strong></span> <span class='ocrx_word' id='word_1_51' title='bbox 1629 848 1746 886; x_wconf 88' lang='lat' dir='ltr'><strong><em>san-</em></strong></span> 
     </span>
    </p>
   </div>
   <div class='ocr_carea' id='block_1_8' title="bbox 167 921 1746 1000">
    <p class='ocr_par' dir='ltr' id='par_1_8' title="bbox 167 921 1746 1000">
     <span class='ocr_line' id='line_1_8' title="bbox 167 921 1746 1000; baseline -0.009 -11"><span class='ocrx_word' id='word_1_52' title='bbox 167 948 283 989; x_wconf 80' lang='lat' dir='ltr'><strong><em>ctus</em></strong></span> <span class='ocrx_word' id='word_1_53' title='bbox 300 934 607 987; x_wconf 81' lang='lat' dir='ltr'><strong><em>audivimus.</em></strong></span> <span class='ocrx_word' id='word_1_54' title='bbox 631 929 870 1000; x_wconf 71' lang='lat' dir='ltr'><strong><em>Dixitque</em></strong></span> <span class='ocrx_word' id='word_1_55' title='bbox 902 925 1131 993; x_wconf 79' lang='lat' dir='ltr'><strong><em>Paulus:</em></strong></span> <span class='ocrx_word' id='word_1_56' title='bbox 1157 924 1218 980; x_wconf 86' lang='lat' dir='ltr'><strong><em>In</em></strong></span> <span class='ocrx_word' id='word_1_57' title='bbox 1242 942 1339 996; x_wconf 91' lang='lat' dir='ltr'><strong><em>quo</em></strong></span> <span class='ocrx_word' id='word_1_58' title='bbox 1363 942 1480 994; x_wconf 87' lang='lat' dir='ltr'><strong><em>ergo</em></strong></span> <span class='ocrx_word' id='word_1_59' title='bbox 1509 921 1746 993; x_wconf 75' lang='lat' dir='ltr'><strong><em>baptizati</em></strong></span> 
     </span>
    </p>
   </div>
   <div class='ocr_carea' id='block_1_9' title="bbox 171 1012 1749 1091">
    <p class='ocr_par' dir='ltr' id='par_1_9' title="bbox 171 1012 1749 1091">
     <span class='ocr_line' id='line_1_9' title="bbox 171 1012 1749 1091; baseline -0.008 -13"><span class='ocrx_word' id='word_1_60' title='bbox 171 1028 290 1080; x_wconf 82' lang='lat' dir='ltr'><strong><em>estis</em></strong></span> <span class='ocrx_word' id='word_1_61' title='bbox 308 1024 334 1077; x_wconf 67' lang='lat'><strong><em>.9</em></strong></span> <span class='ocrx_word' id='word_1_62' title='bbox 359 1022 425 1075; x_wconf 76' lang='lat' dir='ltr'><strong><em>Et</em></strong></span> <span class='ocrx_word' id='word_1_63' title='bbox 450 1021 814 1091; x_wconf 89' lang='lat' dir='ltr'><strong><em>responderunt</em></strong></span> <span class='ocrx_word' id='word_1_64' title='bbox 835 1019 1054 1072; x_wconf 78' lang='lat' dir='ltr'><strong><em>dicentes</em></strong></span> <span class='ocrx_word' id='word_1_65' title='bbox 1078 1033 1096 1070; x_wconf 90' lang='lat'><strong><em>:</em></strong></span> <span class='ocrx_word' id='word_1_66' title='bbox 1114 1015 1331 1070; x_wconf 76' lang='lat' dir='ltr'><strong><em>Joannis</em></strong></span> <span class='ocrx_word' id='word_1_67' title='bbox 1354 1013 1633 1083; x_wconf 87' lang='lat' dir='ltr'><strong><em>Baptismo.</em></strong></span> <span class='ocrx_word' id='word_1_68' title='bbox 1664 1012 1749 1065; x_wconf 81' lang='lat' dir='ltr'><strong><em>Ait</em></strong></span> 
     </span>
    </p>
   </div>
   <div class='ocr_carea' id='block_1_10' title="bbox 173 1104 1751 1178">
    <p class='ocr_par' dir='ltr' id='par_1_10' title="bbox 173 1104 1751 1178">
     <span class='ocr_line' id='line_1_10' title="bbox 173 1104 1751 1178; baseline -0.008 -11"><span class='ocrx_word' id='word_1_69' title='bbox 173 1125 341 1167; x_wconf 85' lang='lat' dir='ltr'><strong><em>autem</em></strong></span> <span class='ocrx_word' id='word_1_70' title='bbox 387 1110 584 1164; x_wconf 80' lang='lat' dir='ltr'><strong><em>Paulus</em></strong></span> <span class='ocrx_word' id='word_1_71' title='bbox 613 1125 633 1163; x_wconf 90' lang='lat'><strong><em>:</em></strong></span> <span class='ocrx_word' id='word_1_72' title='bbox 660 1107 885 1162; x_wconf 80' lang='lat' dir='ltr'><strong><em>Joannes</em></strong></span> <span class='ocrx_word' id='word_1_73' title='bbox 930 1107 1195 1178; x_wconf 81' lang='lat' dir='ltr'><strong><em>baptizavit</em></strong></span> <span class='ocrx_word' id='word_1_74' title='bbox 1219 1105 1463 1176; x_wconf 86' lang='lat' dir='ltr'><strong><em>baptismo</em></strong></span> <span class='ocrx_word' id='word_1_75' title='bbox 1506 1104 1751 1174; x_wconf 83' lang='lat' dir='ltr'><strong><em>pceniten-</em></strong></span> 
     </span>
    </p>
   </div>
   <div class='ocr_carea' id='block_1_11' title="bbox 175 1194 1750 1274">
    <p class='ocr_par' dir='ltr' id='par_1_11' title="bbox 175 1194 1750 1274">
     <span class='ocr_line' id='line_1_11' title="bbox 175 1194 1750 1274; baseline -0.008 -16"><span class='ocrx_word' id='word_1_76' title='bbox 175 1208 279 1269; x_wconf 79' lang='lat' dir='ltr'><strong><em>tite,</em></strong></span> <span class='ocrx_word' id='word_1_77' title='bbox 310 1204 444 1274; x_wconf 85' lang='lat' dir='ltr'><strong><em>plebi</em></strong></span> <span class='ocrx_word' id='word_1_78' title='bbox 472 1204 663 1264; x_wconf 89' lang='lat' dir='ltr'><strong><em>dicens,</em></strong></span> <span class='ocrx_word' id='word_1_79' title='bbox 700 1200 753 1252; x_wconf 90' lang='lat' dir='ltr'><strong><em>in</em></strong></span> <span class='ocrx_word' id='word_1_80' title='bbox 778 1216 887 1252; x_wconf 89' lang='lat' dir='ltr'><strong><em>eum</em></strong></span> <span class='ocrx_word' id='word_1_81' title='bbox 913 1200 998 1267; x_wconf 85' lang='lat' dir='ltr'><strong><em>qui</em></strong></span> <span class='ocrx_word' id='word_1_82' title='bbox 1022 1206 1258 1250; x_wconf 85' lang='lat' dir='ltr'><strong><em>venturus</em></strong></span> <span class='ocrx_word' id='word_1_83' title='bbox 1286 1206 1407 1250; x_wconf 81' lang='lat' dir='ltr'><strong><em>esset</em></strong></span> <span class='ocrx_word' id='word_1_84' title='bbox 1434 1204 1542 1265; x_wconf 88' lang='lat' dir='ltr'><strong><em>post</em></strong></span> <span class='ocrx_word' id='word_1_85' title='bbox 1586 1194 1750 1263; x_wconf 87' lang='lat' dir='ltr'><strong><em>ipsum</em></strong></span> 
     </span>
    </p>
   </div>
   <div class='ocr_carea' id='block_1_12' title="bbox 176 1285 1754 1354">
    <p class='ocr_par' dir='ltr' id='par_1_12' title="bbox 176 1285 1754 1354">
     <span class='ocr_line' id='line_1_12' title="bbox 176 1285 1754 1354; baseline -0.007 -9"><span class='ocrx_word' id='word_1_86' title='bbox 176 1304 229 1345; x_wconf 79' lang='lat' dir='ltr'><strong><em>ut</em></strong></span> <span class='ocrx_word' id='word_1_87' title='bbox 260 1293 540 1354; x_wconf 80' lang='lat' dir='ltr'><strong><em>crederent,</em></strong></span> <span class='ocrx_word' id='word_1_88' title='bbox 583 1290 677 1342; x_wconf 84' lang='lat' dir='ltr'><strong><em>hoc</em></strong></span> <span class='ocrx_word' id='word_1_89' title='bbox 701 1298 791 1352; x_wconf 75' lang='lat' dir='ltr'><strong><em>est,</em></strong></span> <span class='ocrx_word' id='word_1_90' title='bbox 820 1285 1064 1341; x_wconf 76' lang='lat' dir='ltr'><strong><em>inlesum</em></strong></span> <span class='ocrx_word' id='word_1_91' title='bbox 1087 1286 1337 1339; x_wconf 80' lang='lat' dir='ltr'><strong><em>Christum</em></strong></span> <span class='ocrx_word' id='word_1_92' title='bbox 1366 1285 1632 1337; x_wconf 86' lang='lat' dir='ltr'><strong><em>Dominum</em></strong></span> <span class='ocrx_word' id='word_1_93' title='bbox 1663 1298 1754 1335; x_wconf 88' lang='lat' dir='ltr'><strong><em>no-</em></strong></span> 
     </span>
    </p>
   </div>
   <div class='ocr_carea' id='block_1_13' title="bbox 177 1370 1755 1447">
    <p class='ocr_par' dir='ltr' id='par_1_13' title="bbox 177 1370 1755 1447">
     <span class='ocr_line' id='line_1_13' title="bbox 177 1370 1755 1447; baseline -0.008 -12"><span class='ocrx_word' id='word_1_94' title='bbox 177 1393 356 1435; x_wconf 85' lang='lat' dir='ltr'><strong><em>strum.</em></strong></span> <span class='ocrx_word' id='word_1_95' title='bbox 402 1381 518 1447; x_wconf 82' lang='lat' dir='ltr'><strong><em>Quo</em></strong></span> <span class='ocrx_word' id='word_1_96' title='bbox 544 1379 741 1443; x_wconf 84' lang='lat' dir='ltr'><strong><em>audito,</em></strong></span> <span class='ocrx_word' id='word_1_97' title='bbox 789 1377 1028 1447; x_wconf 75' lang='lat' dir='ltr'><strong><em>baptizati</em></strong></span> <span class='ocrx_word' id='word_1_98' title='bbox 1065 1385 1180 1428; x_wconf 90' lang='lat' dir='ltr'><strong><em>sunt</em></strong></span> <span class='ocrx_word' id='word_1_99' title='bbox 1226 1375 1278 1427; x_wconf 91' lang='lat' dir='ltr'><strong><em>in</em></strong></span> <span class='ocrx_word' id='word_1_100' title='bbox 1315 1373 1513 1426; x_wconf 87' lang='lat' dir='ltr'><strong><em>nomine</em></strong></span> <span class='ocrx_word' id='word_1_101' title='bbox 1549 1370 1755 1424; x_wconf 87' lang='lat' dir='ltr'><strong><em>Domini</em></strong></span> 
     </span>
    </p>
   </div>
   <div class='ocr_carea' id='block_1_14' title="bbox 179 1463 1755 1535">
    <p class='ocr_par' dir='ltr' id='par_1_14' title="bbox 179 1463 1755 1535">
     <span class='ocr_line' id='line_1_14' title="bbox 179 1463 1755 1535; baseline -0.008 -11"><span class='ocrx_word' id='word_1_102' title='bbox 179 1473 338 1525; x_wconf 80' lang='lat' dir='ltr'><strong><em>nostri</em></strong></span> <span class='ocrx_word' id='word_1_103' title='bbox 384 1469 510 1524; x_wconf 84' lang='lat' dir='ltr'><strong><em>Jesu</em></strong></span> <span class='ocrx_word' id='word_1_104' title='bbox 540 1468 743 1522; x_wconf 79' lang='lat' dir='ltr'><strong><em>Christi.</em></strong></span> <span class='ocrx_word' id='word_1_105' title='bbox 791 1466 856 1520; x_wconf 87' lang='lat' dir='ltr'><strong><em>Et</em></strong></span> <span class='ocrx_word' id='word_1_106' title='bbox 906 1483 1020 1518; x_wconf 87' lang='lat' dir='ltr'><strong><em>cum</em></strong></span> <span class='ocrx_word' id='word_1_107' title='bbox 1060 1464 1374 1535; x_wconf 82' lang='lat' dir='ltr'><strong><em>imposuisset</em></strong></span> <span class='ocrx_word' id='word_1_108' title='bbox 1424 1463 1525 1516; x_wconf 91' lang='lat' dir='ltr'><strong><em>illis</em></strong></span> <span class='ocrx_word' id='word_1_109' title='bbox 1576 1476 1755 1513; x_wconf 88' lang='lat' dir='ltr'><strong><em>manus</em></strong></span> 
     </span>
    </p>
   </div>
   <div class='ocr_carea' id='block_1_15' title="bbox 181 1551 1758 1627">
    <p class='ocr_par' dir='ltr' id='par_1_15' title="bbox 181 1551 1758 1627">
     <span class='ocr_line' id='line_1_15' title="bbox 181 1551 1758 1627; baseline -0.006 -15"><span class='ocrx_word' id='word_1_110' title='bbox 181 1560 402 1624; x_wconf 82' lang='lat' dir='ltr'><strong><em>Paulus,</em></strong></span> <span class='ocrx_word' id='word_1_111' title='bbox 425 1560 556 1613; x_wconf 81' lang='lat' dir='ltr'><strong><em>venit</em></strong></span> <span class='ocrx_word' id='word_1_112' title='bbox 581 1557 803 1627; x_wconf 78' lang='lat' dir='ltr'><strong><em>Spiritus</em></strong></span> <span class='ocrx_word' id='word_1_113' title='bbox 828 1567 1029 1609; x_wconf 85' lang='lat' dir='ltr'><strong><em>sanctus</em></strong></span> <span class='ocrx_word' id='word_1_114' title='bbox 1048 1571 1198 1626; x_wconf 83' lang='lat' dir='ltr'><strong><em>super</em></strong></span> <span class='ocrx_word' id='word_1_115' title='bbox 1223 1554 1356 1607; x_wconf 89' lang='lat' dir='ltr'><strong><em>illos.</em></strong></span> <span class='ocrx_word' id='word_1_116' title='bbox 1403 1551 1758 1622; x_wconf 86' lang='lat' dir='ltr'><strong><em>Loquebantur</em></strong></span> 
     </span>
    </p>
   </div>
   <div class='ocr_carea' id='block_1_16' title="bbox 183 1628 1758 1719">
    <p class='ocr_par' dir='ltr' id='par_1_16' title="bbox 183 1628 1758 1719">
     <span class='ocr_line' id='line_1_16' title="bbox 183 1628 1758 1719; baseline -0.006 -15"><span class='ocrx_word' id='word_1_117' title='bbox 183 1661 351 1704; x_wconf 85' lang='lat' dir='ltr'><strong><em>autem</em></strong></span> <span class='ocrx_word' id='word_1_118' title='bbox 393 1650 545 1703; x_wconf 90' lang='lat' dir='ltr'><strong><em>variis</em></strong></span> <span class='ocrx_word' id='word_1_119' title='bbox 575 1648 779 1719; x_wconf 88' lang='lat' dir='ltr'><strong><em>linguis,</em></strong></span> <span class='ocrx_word' id='word_1_120' title='bbox 812 1662 856 1700; x_wconf 87' lang='lat' dir='ltr'><strong><em>et</em></strong></span> <span class='ocrx_word' id='word_1_121' title='bbox 882 1645 1266 1717; x_wconf 87' lang='lat' dir='ltr'><strong><em>prophetabant.</em></strong></span> <span class='ocrx_word' id='word_1_122' title='bbox 1307 1628 1377 1697; x_wconf 76' lang='grc' dir='ltr'><strong><em>Εἱ</em></strong></span> <span class='ocrx_word' id='word_1_123' title='bbox 1419 1653 1559 1696; x_wconf 83' lang='lat' dir='ltr'><strong><em>erant</em></strong></span> <span class='ocrx_word' id='word_1_124' title='bbox 1589 1657 1758 1695; x_wconf 90' lang='lat' dir='ltr'><strong><em>omnes</em></strong></span> 
     </span>
    </p>
   </div>
   <div class='ocr_carea' id='block_1_17' title="bbox 182 1730 1761 1810">
    <p class='ocr_par' dir='ltr' id='par_1_17' title="bbox 182 1730 1761 1810">
     <span class='ocr_line' id='line_1_17' title="bbox 182 1730 1761 1810; baseline -0.006 -17"><span class='ocrx_word' id='word_1_125' title='bbox 182 1741 277 1793; x_wconf 76' lang='lat' dir='ltr'><strong><em>viri</em></strong></span> <span class='ocrx_word' id='word_1_126' title='bbox 306 1742 413 1810; x_wconf 84' lang='lat' dir='ltr'><strong><em>fere</em></strong></span> <span class='ocrx_word' id='word_1_127' title='bbox 439 1738 701 1791; x_wconf 85' lang='lat' dir='ltr'><strong><em>duodecim</em></strong></span> <span class='ocrx_word' id='word_1_128' title='bbox 729 1754 748 1787; x_wconf 77' lang='grc' dir='ltr'><strong><em>ι</em></strong></span> <span class='ocrx_word' id='word_1_129' title='bbox 782 1735 916 1807; x_wconf 79' lang='lat' dir='ltr'><strong><em>(Act.</em></strong></span> <span class='ocrx_word' id='word_1_130' title='bbox 952 1751 1061 1797; x_wconf 77' lang='lat' dir='ltr'><strong><em>xu,</em></strong></span> <span class='ocrx_word' id='word_1_131' title='bbox 1098 1733 1239 1804; x_wconf 68' lang='lat'><strong><em>1-7).</em></strong></span> <span class='ocrx_word' id='word_1_132' title='bbox 1268 1732 1329 1788; x_wconf 88' lang='lat' dir='ltr'><strong><em>Si</em></strong></span> <span class='ocrx_word' id='word_1_133' title='bbox 1356 1733 1509 1804; x_wconf 85' lang='lat' dir='ltr'><strong><em>igitur</em></strong></span> <span class='ocrx_word' id='word_1_134' title='bbox 1537 1730 1613 1784; x_wconf 87' lang='lat' dir='ltr'><strong><em>illi</em></strong></span> <span class='ocrx_word' id='word_1_135' title='bbox 1645 1739 1761 1784; x_wconf 84' lang='lat' dir='ltr'><strong><em>sunt</em></strong></span> 
     </span>
    </p>
   </div>
   <div class='ocr_carea' id='block_1_18' title="bbox 182 1825 1759 1900">
    <p class='ocr_par' dir='ltr' id='par_1_18' title="bbox 182 1825 1759 1900">
     <span class='ocr_line' id='line_1_18' title="bbox 182 1825 1759 1900; baseline -0.008 -15"><span class='ocrx_word' id='word_1_136' title='bbox 182 1831 423 1900; x_wconf 78' lang='lat' dir='ltr'><strong><em>baptizati</em></strong></span> <span class='ocrx_word' id='word_1_137' title='bbox 443 1868 460 1894; x_wconf 92' lang='lat'><strong><em>,</em></strong></span> <span class='ocrx_word' id='word_1_138' title='bbox 489 1839 544 1881; x_wconf 88' lang='lat' dir='ltr'><strong><em>ut</em></strong></span> <span class='ocrx_word' id='word_1_139' title='bbox 574 1828 823 1896; x_wconf 81' lang='lat' dir='ltr'><strong><em>Spiritum</em></strong></span> <span class='ocrx_word' id='word_1_140' title='bbox 848 1836 1076 1879; x_wconf 86' lang='lat' dir='ltr'><strong><em>sanctum</em></strong></span> <span class='ocrx_word' id='word_1_141' title='bbox 1100 1825 1394 1895; x_wconf 85' lang='lat' dir='ltr'><strong><em>reciperent,</em></strong></span> <span class='ocrx_word' id='word_1_142' title='bbox 1420 1839 1510 1876; x_wconf 91' lang='lat' dir='ltr'><strong><em>cur</em></strong></span> <span class='ocrx_word' id='word_1_143' title='bbox 1534 1837 1633 1875; x_wconf 89' lang='lat' dir='ltr'><strong><em>non</em></strong></span> <span class='ocrx_word' id='word_1_144' title='bbox 1652 1837 1759 1884; x_wconf 87' lang='lat' dir='ltr'><strong><em>vos,</em></strong></span> 
     </span>
    </p>
   </div>
   <div class='ocr_carea' id='block_1_19' title="bbox 184 1912 1764 1987">
    <p class='ocr_par' dir='ltr' id='par_1_19' title="bbox 184 1912 1764 1987">
     <span class='ocr_line' id='line_1_19' title="bbox 184 1912 1764 1987; baseline -0.009 -11"><span class='ocrx_word' id='word_1_145' title='bbox 184 1923 225 1976; x_wconf 87' lang='lat' dir='ltr'><strong><em>si</em></strong></span> <span class='ocrx_word' id='word_1_146' title='bbox 250 1930 489 1975; x_wconf 88' lang='lat' dir='ltr'><strong><em>sanctum</em></strong></span> <span class='ocrx_word' id='word_1_147' title='bbox 509 1919 657 1973; x_wconf 75' lang='lat' dir='ltr'><strong><em>cultis</em></strong></span> <span class='ocrx_word' id='word_1_148' title='bbox 674 1916 924 1987; x_wconf 83' lang='lat' dir='ltr'><strong><em>Spiritum</em></strong></span> <span class='ocrx_word' id='word_1_149' title='bbox 943 1933 1155 1982; x_wconf 87' lang='lat' dir='ltr'><strong><em>sumere,</em></strong></span> <span class='ocrx_word' id='word_1_150' title='bbox 1184 1924 1293 1983; x_wconf 76' lang='lat' dir='ltr'><strong><em>post</em></strong></span> <span class='ocrx_word' id='word_1_151' title='bbox 1319 1924 1479 1970; x_wconf 82' lang='lat' dir='ltr'><strong><em>vestra</em></strong></span> <span class='ocrx_word' id='word_1_152' title='bbox 1503 1912 1764 1967; x_wconf 86' lang='lat' dir='ltr'><strong><em>mendacia</em></strong></span> 
     </span>
    </p>
   </div>
   <div class='ocr_carea' id='block_1_20' title="bbox 185 2002 1761 2080">
    <p class='ocr_par' dir='ltr' id='par_1_20' title="bbox 185 2002 1761 2080">
     <span class='ocr_line' id='line_1_20' title="bbox 185 2002 1761 2080; baseline -0.009 -13"><span class='ocrx_word' id='word_1_153' title='bbox 185 2028 354 2067; x_wconf 74' lang='lat' dir='ltr'><strong><em>verant</em></strong></span> <span class='ocrx_word' id='word_1_154' title='bbox 379 2010 631 2080; x_wconf 84' lang='lat' dir='ltr'><strong><em>percipitis</em></strong></span> <span class='ocrx_word' id='word_1_155' title='bbox 660 2007 965 2062; x_wconf 85' lang='lat' dir='ltr'><strong><em>novitatem?</em></strong></span> <span class='ocrx_word' id='word_1_156' title='bbox 993 2006 1092 2072; x_wconf 82' lang='lat' dir='ltr'><strong><em>Qui</em></strong></span> <span class='ocrx_word' id='word_1_157' title='bbox 1135 2006 1179 2060; x_wconf 89' lang='lat' dir='ltr'><strong><em>si</em></strong></span> <span class='ocrx_word' id='word_1_158' title='bbox 1221 2005 1350 2060; x_wconf 89' lang='lat' dir='ltr'><strong><em>male</em></strong></span> <span class='ocrx_word' id='word_1_159' title='bbox 1380 2004 1474 2057; x_wconf 91' lang='lat' dir='ltr'><strong><em>hoc</em></strong></span> <span class='ocrx_word' id='word_1_160' title='bbox 1520 2002 1761 2072; x_wconf 83' lang='lat' dir='ltr'><strong><em>facimus,</em></strong></span> 
     </span>
    </p>
   </div>
   <div class='ocr_carea' id='block_1_21' title="bbox 188 2094 1765 2175">
    <p class='ocr_par' dir='ltr' id='par_1_21' title="bbox 188 2094 1765 2175">
     <span class='ocr_line' id='line_1_21' title="bbox 188 2094 1765 2175; baseline -0.009 -16"><span class='ocrx_word' id='word_1_161' title='bbox 188 2123 341 2175; x_wconf 84' lang='lat' dir='ltr'><strong><em>quare</em></strong></span> <span class='ocrx_word' id='word_1_162' title='bbox 384 2121 478 2159; x_wconf 86' lang='lat' dir='ltr'><strong><em>nos</em></strong></span> <span class='ocrx_word' id='word_1_163' title='bbox 515 2102 779 2172; x_wconf 67' lang='lat' dir='ltr'><strong><em>queritis?</em></strong></span> <span class='ocrx_word' id='word_1_164' title='bbox 807 2111 892 2154; x_wconf 89' lang='lat' dir='ltr'><strong><em>aut</em></strong></span> <span class='ocrx_word' id='word_1_165' title='bbox 921 2109 1052 2154; x_wconf 87' lang='lat' dir='ltr'><strong><em>certe</em></strong></span> <span class='ocrx_word' id='word_1_166' title='bbox 1079 2100 1122 2153; x_wconf 88' lang='lat' dir='ltr'><strong><em>si</em></strong></span> <span class='ocrx_word' id='word_1_167' title='bbox 1149 2100 1339 2151; x_wconf 74' lang='lat' dir='ltr'><strong><em>crimen</em></strong></span> <span class='ocrx_word' id='word_1_168' title='bbox 1386 2105 1498 2160; x_wconf 89' lang='lat' dir='ltr'><strong><em>est,</em></strong></span> <span class='ocrx_word' id='word_1_169' title='bbox 1543 2094 1765 2147; x_wconf 85' lang='lat' dir='ltr'><strong><em>Paulum</em></strong></span> 
     </span>
    </p>
   </div>
   <div class='ocr_carea' id='block_1_22' title="bbox 193 2187 1769 2267">
    <p class='ocr_par' dir='ltr' id='par_1_22' title="bbox 193 2187 1769 2267">
     <span class='ocr_line' id='line_1_22' title="bbox 193 2187 1769 2267; baseline -0.01 -15"><span class='ocrx_word' id='word_1_170' title='bbox 193 2199 423 2267; x_wconf 82' lang='lat' dir='ltr'><strong><em>primitus</em></strong></span> <span class='ocrx_word' id='word_1_171' title='bbox 452 2197 812 2257; x_wconf 85' lang='lat' dir='ltr'><strong><em>condemnate;</em></strong></span> <span class='ocrx_word' id='word_1_172' title='bbox 833 2193 919 2264; x_wconf 86' lang='lat' dir='ltr'><strong><em>qui</em></strong></span> <span class='ocrx_word' id='word_1_173' title='bbox 948 2193 1119 2261; x_wconf 89' lang='lat' dir='ltr'><strong><em>utique</em></strong></span> <span class='ocrx_word' id='word_1_174' title='bbox 1146 2189 1339 2243; x_wconf 87' lang='lat' dir='ltr'><strong><em>Paulus</em></strong></span> <span class='ocrx_word' id='word_1_175' title='bbox 1365 2187 1498 2255; x_wconf 89' lang='lat' dir='ltr'><strong><em>quod</em></strong></span> <span class='ocrx_word' id='word_1_176' title='bbox 1516 2188 1629 2256; x_wconf 89' lang='lat' dir='ltr'><strong><em>jam</em></strong></span> <span class='ocrx_word' id='word_1_177' title='bbox 1657 2189 1769 2256; x_wconf 86' lang='lat' dir='ltr'><strong><em>fue-</em></strong></span> 
     </span>
    </p>
   </div>
   <div class='ocr_carea' id='block_1_23' title="bbox 193 2274 1768 2351">
    <p class='ocr_par' dir='ltr' id='par_1_23' title="bbox 193 2274 1768 2351">
     <span class='ocr_line' id='line_1_23' title="bbox 193 2274 1768 2351; baseline -0.009 -11"><span class='ocrx_word' id='word_1_178' title='bbox 193 2299 267 2340; x_wconf 87' lang='lat' dir='ltr'><strong><em>rat</em></strong></span> <span class='ocrx_word' id='word_1_179' title='bbox 290 2286 474 2351; x_wconf 85' lang='lat' dir='ltr'><strong><em>abluit,</em></strong></span> <span class='ocrx_word' id='word_1_180' title='bbox 504 2300 594 2338; x_wconf 93' lang='lat' dir='ltr'><strong><em>nos</em></strong></span> <span class='ocrx_word' id='word_1_181' title='bbox 618 2294 787 2336; x_wconf 88' lang='lat' dir='ltr'><strong><em>autem</em></strong></span> <span class='ocrx_word' id='word_1_182' title='bbox 810 2284 862 2335; x_wconf 88' lang='lat' dir='ltr'><strong><em>in</em></strong></span> <span class='ocrx_word' id='word_1_183' title='bbox 889 2281 1026 2334; x_wconf 87' lang='lat' dir='ltr'><strong><em>vobis</em></strong></span> <span class='ocrx_word' id='word_1_184' title='bbox 1053 2278 1190 2350; x_wconf 86' lang='lat' dir='ltr'><strong><em>quod</em></strong></span> <span class='ocrx_word' id='word_1_185' title='bbox 1228 2278 1451 2331; x_wconf 88' lang='lat' dir='ltr'><strong><em>nondum</em></strong></span> <span class='ocrx_word' id='word_1_186' title='bbox 1485 2286 1558 2329; x_wconf 89' lang='lat' dir='ltr'><strong><em>est</em></strong></span> <span class='ocrx_word' id='word_1_187' title='bbox 1603 2274 1768 2344; x_wconf 89' lang='lat' dir='ltr'><strong><em>bapti-</em></strong></span> 
     </span>
    </p>
   </div>
   <div class='ocr_carea' id='block_1_24' title="bbox 196 2362 1764 2438">
    <p class='ocr_par' dir='ltr' id='par_1_24' title="bbox 196 2362 1764 2438">
     <span class='ocr_line' id='line_1_24' title="bbox 196 2362 1764 2438; baseline -0.009 -9"><span class='ocrx_word' id='word_1_188' title='bbox 196 2392 383 2429; x_wconf 74' lang='lat' dir='ltr'><strong><em>zamus.</em></strong></span> <span class='ocrx_word' id='word_1_189' title='bbox 416 2372 536 2426; x_wconf 71' lang='lat' dir='ltr'><strong><em>Non</em></strong></span> <span class='ocrx_word' id='word_1_190' title='bbox 566 2374 697 2426; x_wconf 88' lang='lat' dir='ltr'><strong><em>enim</em></strong></span> <span class='ocrx_word' id='word_1_191' title='bbox 722 2388 825 2437; x_wconf 89' lang='lat' dir='ltr'><strong><em>vos,</em></strong></span> <span class='ocrx_word' id='word_1_192' title='bbox 862 2382 916 2424; x_wconf 85' lang='lat' dir='ltr'><strong><em>ut</em></strong></span> <span class='ocrx_word' id='word_1_193' title='bbox 943 2385 1076 2438; x_wconf 64' lang='lat' dir='ltr'><strong><em>saepe</em></strong></span> <span class='ocrx_word' id='word_1_194' title='bbox 1090 2369 1203 2438; x_wconf 90' lang='lat' dir='ltr'><strong><em>jam</em></strong></span> <span class='ocrx_word' id='word_1_195' title='bbox 1227 2367 1466 2431; x_wconf 78' lang='lat' dir='ltr'><strong><em>diximus,</em></strong></span> <span class='ocrx_word' id='word_1_196' title='bbox 1499 2381 1612 2419; x_wconf 86' lang='lat' dir='ltr'><strong><em>vero</em></strong></span> <span class='ocrx_word' id='word_1_197' title='bbox 1650 2362 1764 2416; x_wconf 87' lang='lat' dir='ltr'><strong><em>Ba-</em></strong></span> 
     </span>
    </p>
   </div>
   <div class='ocr_carea' id='block_1_25' title="bbox 201 2457 1769 2536">
    <p class='ocr_par' dir='ltr' id='par_1_25' title="bbox 201 2457 1769 2536">
     <span class='ocr_line' id='line_1_25' title="bbox 201 2457 1769 2536; baseline -0.005 -18"><span class='ocrx_word' id='word_1_198' title='bbox 201 2469 424 2535; x_wconf 82' lang='lat' dir='ltr'><strong><em>ptismate</em></strong></span> <span class='ocrx_word' id='word_1_199' title='bbox 454 2465 678 2536; x_wconf 86' lang='lat' dir='ltr'><strong><em>tingitis,</em></strong></span> <span class='ocrx_word' id='word_1_200' title='bbox 720 2465 808 2517; x_wconf 84' lang='lat' dir='ltr'><strong><em>sed</em></strong></span> <span class='ocrx_word' id='word_1_201' title='bbox 834 2464 976 2517; x_wconf 89' lang='lat' dir='ltr'><strong><em>inani</em></strong></span> <span class='ocrx_word' id='word_1_202' title='bbox 1021 2459 1259 2516; x_wconf 86' lang='lat' dir='ltr'><strong><em>vocabulo</em></strong></span> <span class='ocrx_word' id='word_1_203' title='bbox 1297 2459 1418 2531; x_wconf 92' lang='lat' dir='ltr'><strong><em>falsi</em></strong></span> <span class='ocrx_word' id='word_1_204' title='bbox 1459 2457 1769 2529; x_wconf 86' lang='lat' dir='ltr'><strong><em>baptismatis</em></strong></span> 
     </span>
    </p>
   </div>
   <div class='ocr_carea' id='block_1_26' title="bbox 198 2558 477 2628">
    <p class='ocr_par' dir='ltr' id='par_1_26' title="bbox 198 2558 477 2628">
     <span class='ocr_line' id='line_1_26' title="bbox 198 2558 477 2628; baseline 0.007 -20"><span class='ocrx_word' id='word_1_205' title='bbox 198 2558 477 2628; x_wconf 77' lang='lat' dir='ltr'><strong><em>infamatis.</em></strong></span> 
     </span>
    </p>
   </div>
   <div class='ocr_carea' id='block_1_27' title="bbox 136 2636 1772 2713">
    <p class='ocr_par' dir='ltr' id='par_1_27' title="bbox 136 2636 1772 2713">
     <span class='ocr_line' id='line_1_27' title="bbox 136 2636 1772 2713; baseline -0.01 -9"><span class='ocrx_word' id='word_1_206' title='bbox 136 2645 143 2649; x_wconf 73' lang='grc'><strong>’</strong></span> <span class='ocrx_word' id='word_1_207' title='bbox 264 2647 355 2703; x_wconf 79' lang='grc'><strong><em>86.</em></strong></span> <span class='ocrx_word' id='word_1_208' title='bbox 394 2648 533 2701; x_wconf 73' lang='lat' dir='ltr'><strong><em>Are.</em></strong></span> <span class='ocrx_word' id='word_1_209' title='bbox 581 2644 896 2713; x_wconf 87' lang='lat' dir='ltr'><strong><em>respondit:</em></strong></span> <span class='ocrx_word' id='word_1_210' title='bbox 930 2641 1286 2696; x_wconf 88' lang='lat' dir='ltr'><strong><em>Paulum-non</em></strong></span> <span class='ocrx_word' id='word_1_211' title='bbox 1317 2651 1649 2701; x_wconf 83' lang='lat' dir='ltr'><strong><em>accusamus,</em></strong></span> <span class='ocrx_word' id='word_1_212' title='bbox 1681 2636 1772 2705; x_wconf 92' lang='lat' dir='ltr'><strong><em>qui</em></strong></span> 
     </span>
    </p>
   </div>
   <div class='ocr_carea' id='block_1_28' title="bbox 200 2726 1771 2813">
    <p class='ocr_par' dir='ltr' id='par_1_28' title="bbox 200 2726 1771 2813">
     <span class='ocr_line' id='line_1_28' title="bbox 200 2726 1771 2813; baseline -0.009 -20"><span class='ocrx_word' id='word_1_213' title='bbox 200 2738 341 2792; x_wconf 87' lang='lat' dir='ltr'><strong><em>dedit</em></strong></span> <span class='ocrx_word' id='word_1_214' title='bbox 372 2736 674 2791; x_wconf 89' lang='lat' dir='ltr'><strong><em>hominibus</em></strong></span> <span class='ocrx_word' id='word_1_215' title='bbox 700 2734 1028 2804; x_wconf 86' lang='lat' dir='ltr'><strong><em>Baptismum</em></strong></span> <span class='ocrx_word' id='word_1_216' title='bbox 1057 2731 1259 2813; x_wconf 63' lang='lat' dir='ltr'><strong><em>Christj</em></strong></span> <span class='ocrx_word' id='word_1_217' title='bbox 1278 2770 1293 2797; x_wconf 92' lang='lat'><strong><em>,</em></strong></span> <span class='ocrx_word' id='word_1_218' title='bbox 1320 2729 1440 2799; x_wconf 88' lang='lat' dir='ltr'><strong><em>quia</em></strong></span> <span class='ocrx_word' id='word_1_219' title='bbox 1469 2742 1575 2782; x_wconf 88' lang='lat' dir='ltr'><strong><em>non</em></strong></span> <span class='ocrx_word' id='word_1_220' title='bbox 1604 2726 1771 2780; x_wconf 87' lang='lat' dir='ltr'><strong><em>babe-</em></strong></span> 
     </span>
    </p>
   </div>
   <div class='ocr_carea' id='block_1_29' title="bbox 201 2821 1771 2897">
    <p class='ocr_par' dir='ltr' id='par_1_29' title="bbox 201 2821 1771 2897">
     <span class='ocr_line' id='line_1_29' title="bbox 201 2821 1771 2897; baseline -0.006 -14"><span class='ocrx_word' id='word_1_221' title='bbox 201 2830 325 2883; x_wconf 81' lang='lat' dir='ltr'><strong><em>bant</em></strong></span> <span class='ocrx_word' id='word_1_222' title='bbox 358 2827 687 2897; x_wconf 83' lang='lat' dir='ltr'><strong><em>Baptismum</em></strong></span> <span class='ocrx_word' id='word_1_223' title='bbox 709 2824 924 2889; x_wconf 90' lang='lat' dir='ltr'><strong><em>Christi,</em></strong></span> <span class='ocrx_word' id='word_1_224' title='bbox 949 2823 1043 2878; x_wconf 90' lang='lat' dir='ltr'><strong><em>sed</em></strong></span> <span class='ocrx_word' id='word_1_225' title='bbox 1070 2822 1390 2893; x_wconf 81' lang='lat' dir='ltr'><strong><em>baptismum</em></strong></span> <span class='ocrx_word' id='word_1_226' title='bbox 1418 2821 1657 2886; x_wconf 79' lang='lat' dir='ltr'><strong><em>Joannis,</em></strong></span> <span class='ocrx_word' id='word_1_227' title='bbox 1682 2834 1771 2874; x_wconf 86' lang='lat' dir='ltr'><strong><em>se-</em></strong></span> 
     </span>
    </p>
   </div>
   <div class='ocr_carea' id='block_1_30' title="bbox 199 2911 1776 2987">
    <p class='ocr_par' dir='ltr' id='par_1_30' title="bbox 199 2911 1776 2987">
     <span class='ocr_line' id='line_1_30' title="bbox 199 2911 1776 2987; baseline -0.006 -14"><span class='ocrx_word' id='word_1_228' title='bbox 199 2920 430 2973; x_wconf 84' lang='lat' dir='ltr'><strong><em>cundum</em></strong></span> <span class='ocrx_word' id='word_1_229' title='bbox 473 2920 705 2987; x_wconf 90' lang='lat' dir='ltr'><strong><em>ipsorum</em></strong></span> <span class='ocrx_word' id='word_1_230' title='bbox 746 2916 1177 2985; x_wconf 79' lang='lat' dir='ltr'><strong><em>reSponsionem;</em></strong></span> <span class='ocrx_word' id='word_1_231' title='bbox 1219 2915 1307 2984; x_wconf 87' lang='lat' dir='ltr'><strong><em>qui</em></strong></span> <span class='ocrx_word' id='word_1_232' title='bbox 1349 2913 1689 2983; x_wconf 77' lang='lat' dir='ltr'><strong><em>interrogati,</em></strong></span> <span class='ocrx_word' id='word_1_233' title='bbox 1720 2911 1776 2965; x_wconf 89' lang='lat' dir='ltr'><strong><em>in</em></strong></span> 
     </span>
    </p>
   </div>
   <div class='ocr_carea' id='block_1_31' title="bbox 199 3001 1774 3080">
    <p class='ocr_par' dir='ltr' id='par_1_31' title="bbox 199 3001 1774 3080">
     <span class='ocr_line' id='line_1_31' title="bbox 199 3001 1774 3080; baseline -0.006 -16"><span class='ocrx_word' id='word_1_234' title='bbox 199 3026 306 3079; x_wconf 77' lang='lat' dir='ltr'><strong><em>quo</em></strong></span> <span class='ocrx_word' id='word_1_235' title='bbox 336 3008 582 3080; x_wconf 79' lang='lat' dir='ltr'><strong><em>baptizati</em></strong></span> <span class='ocrx_word' id='word_1_236' title='bbox 608 3018 785 3063; x_wconf 85' lang='lat' dir='ltr'><strong><em>essent</em></strong></span> <span class='ocrx_word' id='word_1_237' title='bbox 808 3046 824 3071; x_wconf 91' lang='lat'><strong><em>,</em></strong></span> <span class='ocrx_word' id='word_1_238' title='bbox 856 3004 1278 3076; x_wconf 87' lang='lat' dir='ltr'><strong><em>responderunt,</em></strong></span> <span class='ocrx_word' id='word_1_239' title='bbox 1319 3004 1587 3073; x_wconf 84' lang='lat' dir='ltr'><strong><em>Baptismo</em></strong></span> <span class='ocrx_word' id='word_1_240' title='bbox 1609 3001 1774 3057; x_wconf 86' lang='lat' dir='ltr'><strong><em>Joan-</em></strong></span> 
     </span>
    </p>
   </div>
   <div class='ocr_carea' id='block_1_32' title="bbox 202 3090 1776 3168">
    <p class='ocr_par' dir='ltr' id='par_1_32' title="bbox 202 3090 1776 3168">
     <span class='ocr_line' id='line_1_32' title="bbox 202 3090 1776 3168; baseline -0.006 -14"><span class='ocrx_word' id='word_1_241' title='bbox 202 3102 286 3154; x_wconf 85' lang='lat' dir='ltr'><strong><em>nis</em></strong></span> <span class='ocrx_word' id='word_1_242' title='bbox 313 3117 326 3151; x_wconf 93' lang='lat'><strong>:</strong></span> <span class='ocrx_word' id='word_1_243' title='bbox 359 3100 446 3168; x_wconf 88' lang='lat' dir='ltr'><strong><em>qui</em></strong></span> <span class='ocrx_word' id='word_1_244' title='bbox 476 3098 540 3152; x_wconf 88' lang='lat' dir='ltr'><strong><em>ad</em></strong></span> <span class='ocrx_word' id='word_1_245' title='bbox 567 3097 892 3167; x_wconf 85' lang='lat' dir='ltr'><strong><em>Baptismum</em></strong></span> <span class='ocrx_word' id='word_1_246' title='bbox 921 3094 1115 3151; x_wconf 86' lang='lat' dir='ltr'><strong><em>Christi</em></strong></span> <span class='ocrx_word' id='word_1_247' title='bbox 1137 3109 1240 3155; x_wconf 86' lang='lat' dir='ltr'><strong><em>non</em></strong></span> <span class='ocrx_word' id='word_1_248' title='bbox 1263 3094 1510 3163; x_wconf 84' lang='lat' dir='ltr'><strong><em>pertinet,</em></strong></span> <span class='ocrx_word' id='word_1_249' title='bbox 1534 3107 1633 3148; x_wconf 89' lang='lat' dir='ltr'><strong><em>nec</em></strong></span> <span class='ocrx_word' id='word_1_250' title='bbox 1659 3090 1776 3162; x_wconf 87' lang='lat' dir='ltr'><strong><em>ejus</em></strong></span> 
     </span>
    </p>
   </div>
   <div class='ocr_carea' id='block_1_33' title="bbox 203 3185 1777 3260">
    <p class='ocr_par' dir='ltr' id='par_1_33' title="bbox 203 3185 1777 3260">
     <span class='ocr_line' id='line_1_33' title="bbox 203 3185 1777 3260; baseline -0.004 -15"><span class='ocrx_word' id='word_1_251' title='bbox 203 3207 327 3260; x_wconf 80' lang='lat' dir='ltr'><strong><em>pars</em></strong></span> <span class='ocrx_word' id='word_1_252' title='bbox 356 3191 462 3244; x_wconf 81' lang='lat' dir='ltr'><strong><em>ulla</em></strong></span> <span class='ocrx_word' id='word_1_253' title='bbox 491 3191 571 3246; x_wconf 87' lang='lat' dir='ltr'><strong><em>vel</em></strong></span> <span class='ocrx_word' id='word_1_254' title='bbox 600 3190 793 3260; x_wconf 76' lang='lat' dir='ltr'><strong><em>gradus</em></strong></span> <span class='ocrx_word' id='word_1_255' title='bbox 817 3196 901 3243; x_wconf 83' lang='lat' dir='ltr'><strong><em>est</em></strong></span> <span class='ocrx_word' id='word_1_256' title='bbox 923 3206 936 3243; x_wconf 90' lang='lat'>:</span> <span class='ocrx_word' id='word_1_257' title='bbox 957 3187 1189 3257; x_wconf 83' lang='lat' dir='ltr'><strong><em>alioquin</em></strong></span> <span class='ocrx_word' id='word_1_258' title='bbox 1219 3197 1310 3242; x_wconf 90' lang='lat' dir='ltr'><strong><em>aut</em></strong></span> <span class='ocrx_word' id='word_1_259' title='bbox 1340 3196 1463 3241; x_wconf 87' lang='lat' dir='ltr'><strong><em>tunc</em></strong></span> <span class='ocrx_word' id='word_1_260' title='bbox 1489 3185 1777 3240; x_wconf 85' lang='lat' dir='ltr'><strong><em>iterabatur</em></strong></span> 
     </span>
    </p>
   </div>
   <div class='ocr_carea' id='block_1_34' title="bbox 198 3274 1779 3350">
    <p class='ocr_par' dir='ltr' id='par_1_34' title="bbox 198 3274 1779 3350">
     <span class='ocr_line' id='line_1_34' title="bbox 198 3274 1779 3350; baseline -0.003 -16"><span class='ocrx_word' id='word_1_261' title='bbox 198 3296 341 3350; x_wconf 82' lang='lat' dir='ltr'><strong><em>aqua</em></strong></span> <span class='ocrx_word' id='word_1_262' title='bbox 400 3281 650 3349; x_wconf 87' lang='lat' dir='ltr'><strong><em>Baptismi</em></strong></span> <span class='ocrx_word' id='word_1_263' title='bbox 710 3278 941 3345; x_wconf 80' lang='lat' dir='ltr'><strong><em>Christi,</em></strong></span> <span class='ocrx_word' id='word_1_264' title='bbox 998 3287 1089 3332; x_wconf 88' lang='lat' dir='ltr'><strong><em>aut</em></strong></span> <span class='ocrx_word' id='word_1_265' title='bbox 1135 3278 1177 3331; x_wconf 87' lang='lat' dir='ltr'><strong><em>si</em></strong></span> <span class='ocrx_word' id='word_1_266' title='bbox 1232 3277 1531 3348; x_wconf 88' lang='lat' dir='ltr'><strong><em>Baptismus</em></strong></span> <span class='ocrx_word' id='word_1_267' title='bbox 1583 3274 1779 3330; x_wconf 89' lang='lat' dir='ltr'><strong><em>Christi</em></strong></span> 
     </span>
    </p>
   </div>
   <div class='ocr_carea' id='block_1_35' title="bbox 202 3365 1780 3439">
    <p class='ocr_par' dir='ltr' id='par_1_35' title="bbox 202 3365 1780 3439">
     <span class='ocr_line' id='line_1_35' title="bbox 202 3365 1780 3439; baseline -0.003 -16"><span class='ocrx_word' id='word_1_268' title='bbox 202 3382 333 3425; x_wconf 88' lang='lat' dir='ltr'><strong><em>tunc</em></strong></span> <span class='ocrx_word' id='word_1_269' title='bbox 369 3385 463 3438; x_wconf 88' lang='lat' dir='ltr'><strong><em>per</em></strong></span> <span class='ocrx_word' id='word_1_270' title='bbox 496 3369 625 3424; x_wconf 86' lang='lat' dir='ltr'><strong><em>duas</em></strong></span> <span class='ocrx_word' id='word_1_271' title='bbox 665 3383 828 3439; x_wconf 85' lang='lat' dir='ltr'><strong><em>aquas</em></strong></span> <span class='ocrx_word' id='word_1_272' title='bbox 872 3366 1261 3437; x_wconf 83' lang='lat' dir='ltr'><strong><em>perﬁciebatur,</em></strong></span> <span class='ocrx_word' id='word_1_273' title='bbox 1301 3366 1476 3421; x_wconf 89' lang='lat' dir='ltr'><strong><em>minus</em></strong></span> <span class='ocrx_word' id='word_1_274' title='bbox 1514 3365 1780 3435; x_wconf 84' lang='lat' dir='ltr'><strong><em>perlectus</em></strong></span> 
     </span>
    </p>
   </div>
   <div class='ocr_carea' id='block_1_36' title="bbox 199 3455 1779 3530">
    <p class='ocr_par' dir='ltr' id='par_1_36' title="bbox 199 3455 1779 3530">
     <span class='ocr_line' id='line_1_36' title="bbox 199 3455 1779 3530; baseline -0.004 -14"><span class='ocrx_word' id='word_1_275' title='bbox 199 3474 280 3516; x_wconf 67' lang='lat' dir='ltr'><strong><em>est</em></strong></span> <span class='ocrx_word' id='word_1_276' title='bbox 329 3461 510 3525; x_wconf 77' lang='lat' dir='ltr'><strong><em>modo,</em></strong></span> <span class='ocrx_word' id='word_1_277' title='bbox 559 3460 679 3530; x_wconf 89' lang='lat' dir='ltr'><strong><em>quia</em></strong></span> <span class='ocrx_word' id='word_1_278' title='bbox 733 3476 837 3514; x_wconf 90' lang='lat' dir='ltr'><strong><em>non</em></strong></span> <span class='ocrx_word' id='word_1_279' title='bbox 874 3459 1028 3513; x_wconf 88' lang='lat' dir='ltr'><strong><em>datur</em></strong></span> <span class='ocrx_word' id='word_1_280' title='bbox 1077 3459 1163 3513; x_wconf 88' lang='lat' dir='ltr'><strong><em>illa</em></strong></span> <span class='ocrx_word' id='word_1_281' title='bbox 1212 3472 1331 3527; x_wconf 83' lang='lat' dir='ltr'><strong><em>quae</em></strong></span> <span class='ocrx_word' id='word_1_282' title='bbox 1384 3472 1479 3527; x_wconf 89' lang='lat' dir='ltr'><strong><em>per</em></strong></span> <span class='ocrx_word' id='word_1_283' title='bbox 1522 3455 1779 3511; x_wconf 85' lang='lat' dir='ltr'><strong><em>Joannem</em></strong></span> 
     </span>
    </p>
   </div>
   <div class='ocr_carea' id='block_1_37' title="bbox 200 3548 1783 3623">
    <p class='ocr_par' dir='ltr' id='par_1_37' title="bbox 200 3548 1783 3623">
     <span class='ocr_line' id='line_1_37' title="bbox 200 3548 1783 3623; baseline -0.003 -15"><span class='ocrx_word' id='word_1_284' title='bbox 200 3554 437 3608; x_wconf 77' lang='lat' dir='ltr'><strong><em>dabatur</em></strong></span> <span class='ocrx_word' id='word_1_285' title='bbox 462 3570 476 3604; x_wconf 89' lang='lat'>:</span> <span class='ocrx_word' id='word_1_286' title='bbox 498 3553 764 3623; x_wconf 90' lang='lat' dir='ltr'><strong><em>quodlibet</em></strong></span> <span class='ocrx_word' id='word_1_287' title='bbox 786 3562 963 3606; x_wconf 86' lang='lat' dir='ltr'><strong><em>autem</em></strong></span> <span class='ocrx_word' id='word_1_288' title='bbox 996 3551 1184 3605; x_wconf 90' lang='lat' dir='ltr'><strong><em>horum</em></strong></span> <span class='ocrx_word' id='word_1_289' title='bbox 1219 3550 1436 3620; x_wconf 86' lang='lat' dir='ltr'><strong><em>impium</em></strong></span> <span class='ocrx_word' id='word_1_290' title='bbox 1480 3559 1534 3603; x_wconf 91' lang='lat' dir='ltr'><strong><em>et</em></strong></span> <span class='ocrx_word' id='word_1_291' title='bbox 1564 3548 1783 3604; x_wconf 87' lang='lat' dir='ltr'><strong><em>sacrile-</em></strong></span> 
     </span>
    </p>
   </div>
   <div class='ocr_carea' id='block_1_38' title="bbox 200 3638 1783 3714">
    <p class='ocr_par' dir='ltr' id='par_1_38' title="bbox 200 3638 1783 3714">
     <span class='ocr_line' id='line_1_38' title="bbox 200 3638 1783 3714; baseline -0.003 -17"><span class='ocrx_word' id='word_1_292' title='bbox 200 3659 332 3714; x_wconf 75' lang='lat' dir='ltr'><strong><em>gum</em></strong></span> <span class='ocrx_word' id='word_1_293' title='bbox 372 3653 452 3697; x_wconf 86' lang='lat' dir='ltr'><strong><em>est</em></strong></span> <span class='ocrx_word' id='word_1_294' title='bbox 470 3644 688 3713; x_wconf 86' lang='lat' dir='ltr'><strong><em>opinari.</em></strong></span> <span class='ocrx_word' id='word_1_295' title='bbox 719 3642 872 3698; x_wconf 87' lang='lat' dir='ltr'><strong><em>Dedit</em></strong></span> <span class='ocrx_word' id='word_1_296' title='bbox 893 3657 1022 3710; x_wconf 77' lang='lat' dir='ltr'><strong><em>ergo</em></strong></span> <span class='ocrx_word' id='word_1_297' title='bbox 1052 3642 1244 3697; x_wconf 88' lang='lat' dir='ltr'><strong><em>Paulus</em></strong></span> <span class='ocrx_word' id='word_1_298' title='bbox 1271 3641 1593 3711; x_wconf 88' lang='lat' dir='ltr'><strong><em>Baptismum</em></strong></span> <span class='ocrx_word' id='word_1_299' title='bbox 1632 3638 1783 3694; x_wconf 83' lang='lat' dir='ltr'><strong><em>Chri-</em></strong></span> 
     </span>
    </p>
   </div>
   <div class='ocr_carea' id='block_1_39' title="bbox 202 3728 1782 3805">
    <p class='ocr_par' dir='ltr' id='par_1_39' title="bbox 202 3728 1782 3805">
     <span class='ocr_line' id='line_1_39' title="bbox 202 3728 1782 3805; baseline -0.003 -16"><span class='ocrx_word' id='word_1_300' title='bbox 202 3738 270 3789; x_wconf 79' lang='lat' dir='ltr'><strong><em>sti</em></strong></span> <span class='ocrx_word' id='word_1_301' title='bbox 314 3734 403 3790; x_wconf 89' lang='lat' dir='ltr'><strong><em>cis</em></strong></span> <span class='ocrx_word' id='word_1_302' title='bbox 450 3735 537 3804; x_wconf 88' lang='lat' dir='ltr'><strong><em>qui</em></strong></span> <span class='ocrx_word' id='word_1_303' title='bbox 583 3751 687 3790; x_wconf 92' lang='lat' dir='ltr'><strong><em>non</em></strong></span> <span class='ocrx_word' id='word_1_304' title='bbox 737 3734 1059 3805; x_wconf 83' lang='lat' dir='ltr'><strong><em>Baptismum</em></strong></span> <span class='ocrx_word' id='word_1_305' title='bbox 1107 3733 1300 3788; x_wconf 78' lang='lat' dir='ltr'><strong><em>Christi</em></strong></span> <span class='ocrx_word' id='word_1_306' title='bbox 1346 3733 1646 3797; x_wconf 83' lang='lat' dir='ltr'><strong><em>habebant,</em></strong></span> <span class='ocrx_word' id='word_1_307' title='bbox 1687 3728 1782 3785; x_wconf 88' lang='lat' dir='ltr'><strong><em>sed</em></strong></span> 
     </span>
    </p>
   </div>
   <div class='ocr_carea' id='block_1_40' title="bbox 202 3826 1639 3883">
    <p class='ocr_par' dir='ltr' id='par_1_40' title="bbox 202 3826 1639 3883">
     <span class='ocr_line' id='line_1_40' title="bbox 202 3826 1639 3883; baseline -0.017 0"><span class='ocrx_word' id='word_1_308' title='bbox 202 3826 455 3883; x_wconf 72' lang='lat' dir='ltr'><strong><em>Joannis.</em></strong></span> <span class='ocrx_word' id='word_1_309' title='bbox 1628 3874 1639 3882; x_wconf 31' lang='grc' dir='ltr'><strong>ν</strong></span> 
     </span>
    </p>
   </div>
   <div class='ocr_carea' id='block_1_41' title="bbox 276 3907 1783 3987">
    <p class='ocr_par' dir='ltr' id='par_1_41' title="bbox 276 3907 1783 3987">
     <span class='ocr_line' id='line_1_41' title="bbox 276 3907 1783 3987; baseline -0.006 -14"><span class='ocrx_word' id='word_1_310' title='bbox 276 3919 381 3973; x_wconf 84' lang='grc'><strong><em>87.</em></strong></span> <span class='ocrx_word' id='word_1_311' title='bbox 404 3918 511 3971; x_wconf 78' lang='lat' dir='ltr'><strong><em>Cur</em></strong></span> <span class='ocrx_word' id='word_1_312' title='bbox 533 3926 705 3973; x_wconf 86' lang='lat' dir='ltr'><strong><em>autem</em></strong></span> <span class='ocrx_word' id='word_1_313' title='bbox 736 3917 829 3972; x_wconf 89' lang='lat' dir='ltr'><strong><em>illo</em></strong></span> <span class='ocrx_word' id='word_1_314' title='bbox 857 3927 1095 3987; x_wconf 85' lang='lat' dir='ltr'><strong><em>tempore</em></strong></span> <span class='ocrx_word' id='word_1_315' title='bbox 1126 3914 1454 3969; x_wconf 89' lang='lat' dir='ltr'><strong><em>necessarius</em></strong></span> <span class='ocrx_word' id='word_1_316' title='bbox 1494 3909 1649 3965; x_wconf 83' lang='lat' dir='ltr'><strong><em>luerit</em></strong></span> <span class='ocrx_word' id='word_1_317' title='bbox 1688 3907 1783 3964; x_wconf 81' lang='lat' dir='ltr'><strong><em>ba-</em></strong></span> 
     </span>
    </p>
   </div>
   <div class='ocr_carea' id='block_1_42' title="bbox 205 4005 1782 4080">
    <p class='ocr_par' dir='ltr' id='par_1_42' title="bbox 205 4005 1782 4080">
     <span class='ocr_line' id='line_1_42' title="bbox 205 4005 1782 4080; baseline -0.006 -15"><span class='ocrx_word' id='word_1_318' title='bbox 205 4011 443 4080; x_wconf 82' lang='lat' dir='ltr'><strong><em>ptismus</em></strong></span> <span class='ocrx_word' id='word_1_319' title='bbox 468 4007 680 4064; x_wconf 83' lang='lat' dir='ltr'><strong><em>Joannis</em></strong></span> <span class='ocrx_word' id='word_1_320' title='bbox 700 4051 714 4074; x_wconf 90' lang='lat'><strong><em>,</em></strong></span> <span class='ocrx_word' id='word_1_321' title='bbox 750 4010 839 4079; x_wconf 89' lang='lat' dir='ltr'><strong><em>qui</em></strong></span> <span class='ocrx_word' id='word_1_322' title='bbox 869 4024 1007 4063; x_wconf 90' lang='lat' dir='ltr'><strong><em>nunc</em></strong></span> <span class='ocrx_word' id='word_1_323' title='bbox 1031 4008 1139 4078; x_wconf 90' lang='lat' dir='ltr'><strong><em>jam</em></strong></span> <span class='ocrx_word' id='word_1_324' title='bbox 1166 4005 1498 4062; x_wconf 89' lang='lat' dir='ltr'><strong><em>necessarius</em></strong></span> <span class='ocrx_word' id='word_1_325' title='bbox 1527 4017 1633 4057; x_wconf 89' lang='lat' dir='ltr'><strong><em>non</em></strong></span> <span class='ocrx_word' id='word_1_326' title='bbox 1661 4011 1742 4056; x_wconf 88' lang='lat' dir='ltr'><strong><em>est</em></strong></span> <span class='ocrx_word' id='word_1_327' title='bbox 1767 4042 1782 4066; x_wconf 93' lang='lat'><strong><em>,</em></strong></span> 
     </span>
    </p>
   </div>
   <div class='ocr_carea' id='block_1_43' title="bbox 202 4093 1787 4167">
    <p class='ocr_par' dir='ltr' id='par_1_43' title="bbox 202 4093 1787 4167">
     <span class='ocr_line' id='line_1_43' title="bbox 202 4093 1787 4167; baseline -0.005 -14"><span class='ocrx_word' id='word_1_328' title='bbox 202 4111 258 4153; x_wconf 81' lang='lat' dir='ltr'><strong><em>et</em></strong></span> <span class='ocrx_word' id='word_1_329' title='bbox 284 4099 422 4153; x_wconf 82' lang='lat' dir='ltr'><strong><em>alibi</em></strong></span> <span class='ocrx_word' id='word_1_330' title='bbox 446 4098 691 4165; x_wconf 80' lang='lat' dir='ltr'><strong><em>diximus,</em></strong></span> <span class='ocrx_word' id='word_1_331' title='bbox 717 4108 771 4153; x_wconf 89' lang='lat' dir='ltr'><strong><em>et</em></strong></span> <span class='ocrx_word' id='word_1_332' title='bbox 800 4114 940 4153; x_wconf 90' lang='lat' dir='ltr'><strong><em>nunc</em></strong></span> <span class='ocrx_word' id='word_1_333' title='bbox 963 4099 1027 4151; x_wconf 87' lang='lat' dir='ltr'><strong><em>ad</em></strong></span> <span class='ocrx_word' id='word_1_334' title='bbox 1049 4114 1159 4152; x_wconf 90' lang='lat' dir='ltr'><strong><em>rem</em></strong></span> <span class='ocrx_word' id='word_1_335' title='bbox 1186 4112 1305 4167; x_wconf 83' lang='lat' dir='ltr'><strong><em>quae</em></strong></span> <span class='ocrx_word' id='word_1_336' title='bbox 1332 4096 1468 4149; x_wconf 89' lang='lat' dir='ltr'><strong><em>inter</em></strong></span> <span class='ocrx_word' id='word_1_337' title='bbox 1494 4108 1590 4148; x_wconf 87' lang='lat' dir='ltr'><strong><em>nos</em></strong></span> <span class='ocrx_word' id='word_1_338' title='bbox 1614 4093 1787 4161; x_wconf 77' lang='lat' dir='ltr'><strong><em>agitur</em></strong></span> 
     </span>
    </p>
   </div>
   <div class='ocr_carea' id='block_1_44' title="bbox 203 4181 1785 4260">
    <p class='ocr_par' dir='ltr' id='par_1_44' title="bbox 203 4181 1785 4260">
     <span class='ocr_line' id='line_1_44' title="bbox 203 4181 1785 4260; baseline -0.008 -15"><span class='ocrx_word' id='word_1_339' title='bbox 203 4208 316 4245; x_wconf 90' lang='lat' dir='ltr'><strong><em>non</em></strong></span> <span class='ocrx_word' id='word_1_340' title='bbox 384 4190 637 4260; x_wconf 86' lang='lat' dir='ltr'><strong><em>pertinet;</em></strong></span> <span class='ocrx_word' id='word_1_341' title='bbox 690 4190 790 4244; x_wconf 89' lang='lat' dir='ltr'><strong><em>nisi</em></strong></span> <span class='ocrx_word' id='word_1_342' title='bbox 840 4188 1205 4244; x_wconf 87' lang='lat' dir='ltr'><strong><em>tantunnnodo</em></strong></span> <span class='ocrx_word' id='word_1_343' title='bbox 1250 4195 1307 4240; x_wconf 90' lang='lat' dir='ltr'><strong><em>ut</em></strong></span> <span class='ocrx_word' id='word_1_344' title='bbox 1356 4184 1594 4238; x_wconf 88' lang='lat' dir='ltr'><strong><em>videatur</em></strong></span> <span class='ocrx_word' id='word_1_345' title='bbox 1646 4181 1785 4251; x_wconf 90' lang='lat' dir='ltr'><strong><em>quod</em></strong></span> 
     </span>
    </p>
   </div>
   <div class='ocr_carea' id='block_1_45' title="bbox 202 4271 1785 4349">
    <p class='ocr_par' dir='ltr' id='par_1_45' title="bbox 202 4271 1785 4349">
     <span class='ocr_line' id='line_1_45' title="bbox 202 4271 1785 4349; baseline -0.008 -13"><span class='ocrx_word' id='word_1_346' title='bbox 202 4282 440 4336; x_wconf 79' lang='lat' dir='ltr'><strong><em>Joannis</em></strong></span> <span class='ocrx_word' id='word_1_347' title='bbox 486 4280 775 4349; x_wconf 87' lang='lat' dir='ltr'><strong><em>baptismus</em></strong></span> <span class='ocrx_word' id='word_1_348' title='bbox 818 4280 955 4333; x_wconf 89' lang='lat' dir='ltr'><strong><em>alius</em></strong></span> <span class='ocrx_word' id='word_1_349' title='bbox 991 4278 1104 4343; x_wconf 79' lang='lat' dir='ltr'><strong><em>fuit,</em></strong></span> <span class='ocrx_word' id='word_1_350' title='bbox 1153 4277 1350 4331; x_wconf 86' lang='lat' dir='ltr'><strong><em>Christi</em></strong></span> <span class='ocrx_word' id='word_1_351' title='bbox 1394 4284 1570 4329; x_wconf 91' lang='lat' dir='ltr'><strong><em>autem</em></strong></span> <span class='ocrx_word' id='word_1_352' title='bbox 1611 4271 1785 4326; x_wconf 76' lang='lat' dir='ltr'><strong><em>alius:</em></strong></span> 
     </span>
    </p>
   </div>
   <div class='ocr_carea' id='block_1_46' title="bbox 202 4369 1790 4440">
    <p class='ocr_par' dir='ltr' id='par_1_46' title="bbox 202 4369 1790 4440">
     <span class='ocr_line' id='line_1_46' title="bbox 202 4369 1790 4440; baseline -0.006 -13"><span class='ocrx_word' id='word_1_353' title='bbox 202 4376 357 4429; x_wconf 81' lang='lat' dir='ltr'><strong><em>sicut</em></strong></span> <span class='ocrx_word' id='word_1_354' title='bbox 387 4373 522 4425; x_wconf 87' lang='lat' dir='ltr'><strong><em>alius</em></strong></span> <span class='ocrx_word' id='word_1_355' title='bbox 549 4372 645 4426; x_wconf 79' lang='lat' dir='ltr'><strong><em>fuit</em></strong></span> <span class='ocrx_word' id='word_1_356' title='bbox 672 4372 759 4425; x_wconf 91' lang='lat' dir='ltr'><strong><em>ille</em></strong></span> <span class='ocrx_word' id='word_1_357' title='bbox 788 4372 1078 4440; x_wconf 87' lang='lat' dir='ltr'><strong><em>baptismus</em></strong></span> <span class='ocrx_word' id='word_1_358' title='bbox 1102 4410 1117 4431; x_wconf 92' lang='lat'><strong><em>,</em></strong></span> <span class='ocrx_word' id='word_1_359' title='bbox 1162 4369 1215 4423; x_wconf 89' lang='lat' dir='ltr'><strong><em>in</em></strong></span> <span class='ocrx_word' id='word_1_360' title='bbox 1242 4383 1348 4438; x_wconf 88' lang='lat' dir='ltr'><strong><em>quo</em></strong></span> <span class='ocrx_word' id='word_1_361' title='bbox 1376 4377 1551 4437; x_wconf 82' lang='lat' dir='ltr'><strong><em>patres</em></strong></span> <span class='ocrx_word' id='word_1_362' title='bbox 1579 4374 1790 4418; x_wconf 87' lang='lat' dir='ltr'><strong><em>nostros</em></strong></span> 
     </span>
    </p>
   </div>
   <div class='ocr_carea' id='block_1_47' title="bbox 202 4452 1790 4533">
    <p class='ocr_par' dir='ltr' id='par_1_47' title="bbox 202 4452 1790 4533">
     <span class='ocr_line' id='line_1_47' title="bbox 202 4452 1790 4533; baseline -0.007 -15"><span class='ocrx_word' id='word_1_363' title='bbox 202 4465 342 4517; x_wconf 83' lang='lat' dir='ltr'><strong><em>dicit</em></strong></span> <span class='ocrx_word' id='word_1_364' title='bbox 370 4462 653 4533; x_wconf 79' lang='lat' dir='ltr'><strong><em>Apostolus</em></strong></span> <span class='ocrx_word' id='word_1_365' title='bbox 678 4460 970 4532; x_wconf 84' lang='lat' dir='ltr'><strong><em>baptizatos</em></strong></span> <span class='ocrx_word' id='word_1_366' title='bbox 996 4460 1047 4514; x_wconf 92' lang='lat' dir='ltr'><strong><em>in</em></strong></span> <span class='ocrx_word' id='word_1_367' title='bbox 1080 4458 1220 4513; x_wconf 88' lang='lat' dir='ltr'><strong><em>nube</em></strong></span> <span class='ocrx_word' id='word_1_368' title='bbox 1240 4470 1293 4512; x_wconf 88' lang='lat' dir='ltr'><strong><em>et</em></strong></span> <span class='ocrx_word' id='word_1_369' title='bbox 1322 4459 1373 4511; x_wconf 90' lang='lat' dir='ltr'><strong><em>in</em></strong></span> <span class='ocrx_word' id='word_1_370' title='bbox 1401 4456 1554 4522; x_wconf 87' lang='lat' dir='ltr'><strong><em>mari,</em></strong></span> <span class='ocrx_word' id='word_1_371' title='bbox 1578 4452 1790 4524; x_wconf 86' lang='lat' dir='ltr'><strong><em>quando</em></strong></span> 
     </span>
    </p>
   </div>
   <div class='ocr_carea' id='block_1_48' title="bbox 200 4545 1787 4626">
    <p class='ocr_par' dir='ltr' id='par_1_48' title="bbox 200 4545 1787 4626">
     <span class='ocr_line' id='line_1_48' title="bbox 200 4545 1787 4626; baseline -0.01 -14"><span class='ocrx_word' id='word_1_372' title='bbox 200 4574 303 4625; x_wconf 83' lang='lat' dir='ltr'><strong><em>per</em></strong></span> <span class='ocrx_word' id='word_1_373' title='bbox 332 4553 551 4626; x_wconf 59' lang='lat' dir='ltr'><strong><em>hloysen</em></strong></span> <span class='ocrx_word' id='word_1_374' title='bbox 580 4552 815 4608; x_wconf 79' lang='lat' dir='ltr'><strong><em>Rubrum</em></strong></span> <span class='ocrx_word' id='word_1_375' title='bbox 841 4567 986 4606; x_wconf 88' lang='lat' dir='ltr'><strong><em>mare</em></strong></span> <span class='ocrx_word' id='word_1_376' title='bbox 1015 4551 1333 4606; x_wconf 88' lang='lat' dir='ltr'><strong><em>transierunt</em></strong></span> <span class='ocrx_word' id='word_1_377' title='bbox 1362 4547 1406 4618; x_wconf 75' lang='lat' dir='ltr'><strong><em>(l</em></strong></span> <span class='ocrx_word' id='word_1_378' title='bbox 1424 4547 1540 4602; x_wconf 86' lang='lat' dir='ltr'><strong><em>Cor.</em></strong></span> <span class='ocrx_word' id='word_1_379' title='bbox 1560 4563 1612 4609; x_wconf 75' lang='grc' dir='ltr'><strong><em>χ,</em></strong></span> <span class='ocrx_word' id='word_1_380' title='bbox 1639 4547 1689 4610; x_wconf 75' lang='grc'><strong><em>1,</em></strong></span> <span class='ocrx_word' id='word_1_381' title='bbox 1708 4545 1787 4615; x_wconf 77' lang='grc'><strong><em>2).</em></strong></span> 
     </span>
    </p>
   </div>
   <div class='ocr_carea' id='block_1_49' title="bbox 201 4638 1791 4713">
    <p class='ocr_par' dir='ltr' id='par_1_49' title="bbox 201 4638 1791 4713">
     <span class='ocr_line' id='line_1_49' title="bbox 201 4638 1791 4713; baseline -0.008 -11"><span class='ocrx_word' id='word_1_382' title='bbox 201 4648 315 4702; x_wconf 73' lang='lat' dir='ltr'><strong><em>Lex</em></strong></span> <span class='ocrx_word' id='word_1_383' title='bbox 346 4645 498 4698; x_wconf 84' lang='lat' dir='ltr'><strong><em>enim</em></strong></span> <span class='ocrx_word' id='word_1_384' title='bbox 522 4653 575 4710; x_wconf 89' lang='lat' dir='ltr'><strong><em>et</em></strong></span> <span class='ocrx_word' id='word_1_385' title='bbox 599 4644 880 4713; x_wconf 62' lang='lat' dir='ltr'><strong><em>Prophetas</em></strong></span> <span class='ocrx_word' id='word_1_386' title='bbox 909 4656 1075 4712; x_wconf 86' lang='lat' dir='ltr'><strong><em>usque</em></strong></span> <span class='ocrx_word' id='word_1_387' title='bbox 1110 4641 1177 4694; x_wconf 86' lang='lat' dir='ltr'><strong><em>ad</em></strong></span> <span class='ocrx_word' id='word_1_388' title='bbox 1217 4640 1474 4694; x_wconf 88' lang='lat' dir='ltr'><strong><em>Joannem</em></strong></span> <span class='ocrx_word' id='word_1_389' title='bbox 1503 4638 1791 4706; x_wconf 76' lang='lat' dir='ltr'><strong><em>ltaptistam</em></strong></span> 
     </span>
    </p>
   </div>
   <div class='ocr_carea' id='block_1_50' title="bbox 198 4729 1789 4801">
    <p class='ocr_par' dir='ltr' id='par_1_50' title="bbox 198 4729 1789 4801">
     <span class='ocr_line' id='line_1_50' title="bbox 198 4729 1789 4801; baseline -0.006 -10"><span class='ocrx_word' id='word_1_390' title='bbox 198 4742 549 4791; x_wconf 80' lang='lat' dir='ltr'><strong><em>sacramenta</em></strong></span> <span class='ocrx_word' id='word_1_391' title='bbox 594 4733 860 4789; x_wconf 83' lang='lat' dir='ltr'><strong><em>habebant</em></strong></span> <span class='ocrx_word' id='word_1_392' title='bbox 904 4729 1311 4801; x_wconf 74' lang='lat' dir='ltr'><strong><em>pra-nuntianda</em></strong></span> <span class='ocrx_word' id='word_1_393' title='bbox 1358 4745 1472 4781; x_wconf 85' lang='lat' dir='ltr'><strong><em>rem</em></strong></span> <span class='ocrx_word' id='word_1_394' title='bbox 1520 4729 1789 4781; x_wconf 82' lang='lat' dir='ltr'><strong><em>futuram:</em></strong></span> 
     </span>
    </p>
   </div>
   <div class='ocr_carea' id='block_1_51' title="bbox 200 4819 1785 4893">
    <p class='ocr_par' dir='ltr' id='par_1_51' title="bbox 200 4819 1785 4893">
     <span class='ocr_line' id='line_1_51' title="bbox 200 4819 1785 4893; baseline -0.007 -12"><span class='ocrx_word' id='word_1_395' title='bbox 200 4825 386 4881; x_wconf 76' lang='lat' dir='ltr'><strong><em>nostri</em></strong></span> <span class='ocrx_word' id='word_1_396' title='bbox 427 4839 553 4879; x_wconf 85' lang='lat' dir='ltr'><strong><em>vero</em></strong></span> <span class='ocrx_word' id='word_1_397' title='bbox 595 4825 851 4893; x_wconf 88' lang='lat' dir='ltr'><strong><em>temporis</em></strong></span> <span class='ocrx_word' id='word_1_398' title='bbox 893 4823 1234 4878; x_wconf 78' lang='lat' dir='ltr'><strong><em>Sacramenta</em></strong></span> <span class='ocrx_word' id='word_1_399' title='bbox 1267 4819 1475 4872; x_wconf 73' lang='lat' dir='ltr'><strong><em>venisse</em></strong></span> <span class='ocrx_word' id='word_1_400' title='bbox 1508 4828 1785 4881; x_wconf 86' lang='lat' dir='ltr'><strong><em>testantur,</em></strong></span> 
     </span>
    </p>
   </div>
   <div class='ocr_carea' id='block_1_52' title="bbox 191 4908 1789 4988">
    <p class='ocr_par' dir='ltr' id='par_1_52' title="bbox 191 4908 1789 4988">
     <span class='ocr_line' id='line_1_52' title="bbox 191 4908 1789 4988; baseline -0.006 -17"><span class='ocrx_word' id='word_1_401' title='bbox 191 4917 351 4988; x_wconf 76' lang='lat' dir='ltr'><strong><em>quod</em></strong></span> <span class='ocrx_word' id='word_1_402' title='bbox 381 4916 472 4971; x_wconf 88' lang='lat' dir='ltr'><strong><em>illa</em></strong></span> <span class='ocrx_word' id='word_1_403' title='bbox 501 4925 781 4970; x_wconf 87' lang='lat' dir='ltr'><strong><em>venturum</em></strong></span> <span class='ocrx_word' id='word_1_404' title='bbox 802 4929 921 4970; x_wconf 86' lang='lat' dir='ltr'><strong><em>esse</em></strong></span> <span class='ocrx_word' id='word_1_405' title='bbox 944 4912 1320 4984; x_wconf 78' lang='lat' dir='ltr'><strong><em>praedicabant.</em></strong></span> <span class='ocrx_word' id='word_1_406' title='bbox 1352 4909 1584 4963; x_wconf 79' lang='lat' dir='ltr'><strong><em>Joannes</em></strong></span> <span class='ocrx_word' id='word_1_407' title='bbox 1614 4908 1789 4978; x_wconf 87' lang='lat' dir='ltr'><strong><em>itaque</em></strong></span> 
     </span>
    </p>
   </div>
   <div class='ocr_carea' id='block_1_53' title="bbox 195 5002 1793 5077">
    <p class='ocr_par' dir='ltr' id='par_1_53' title="bbox 195 5002 1793 5077">
     <span class='ocr_line' id='line_1_53' title="bbox 195 5002 1793 5077; baseline -0.003 -17"><span class='ocrx_word' id='word_1_408' title='bbox 195 5010 456 5063; x_wconf 74' lang='lat' dir='ltr'><strong><em>muniunt</em></strong></span> <span class='ocrx_word' id='word_1_409' title='bbox 490 5007 895 5077; x_wconf 67' lang='lat' dir='ltr'><strong><em>prteeedentium</em></strong></span> <span class='ocrx_word' id='word_1_410' title='bbox 925 5005 1200 5076; x_wconf 80' lang='lat' dir='ltr'><strong><em>proximus</em></strong></span> <span class='ocrx_word' id='word_1_411' title='bbox 1227 5002 1424 5057; x_wconf 86' lang='lat' dir='ltr'><strong><em>Christi</em></strong></span> <span class='ocrx_word' id='word_1_412' title='bbox 1453 5002 1793 5055; x_wconf 87' lang='lat' dir='ltr'><strong><em>annuntiator</em></strong></span> 
     </span>
    </p>
   </div>
   <div class='ocr_carea' id='block_1_54' title="bbox 195 5092 1793 5167">
    <p class='ocr_par' dir='ltr' id='par_1_54' title="bbox 195 5092 1793 5167">
     <span class='ocr_line' id='line_1_54' title="bbox 195 5092 1793 5167; baseline -0.004 -14"><span class='ocrx_word' id='word_1_413' title='bbox 195 5102 324 5155; x_wconf 74' lang='lat' dir='ltr'><strong><em>fuit.</em></strong></span> <span class='ocrx_word' id='word_1_414' title='bbox 375 5100 445 5153; x_wconf 82' lang='lat' dir='ltr'><strong><em>Et</em></strong></span> <span class='ocrx_word' id='word_1_415' title='bbox 474 5098 599 5167; x_wconf 88' lang='lat' dir='ltr'><strong><em>quia</em></strong></span> <span class='ocrx_word' id='word_1_416' title='bbox 628 5113 815 5152; x_wconf 77' lang='lat' dir='ltr'><strong><em>omnes</em></strong></span> <span class='ocrx_word' id='word_1_417' title='bbox 860 5097 1189 5167; x_wconf 82' lang='lat' dir='ltr'><strong><em>superiorum</em></strong></span> <span class='ocrx_word' id='word_1_418' title='bbox 1234 5106 1530 5164; x_wconf 83' lang='lat' dir='ltr'><strong><em>temporum</em></strong></span> <span class='ocrx_word' id='word_1_419' title='bbox 1567 5092 1697 5163; x_wconf 80' lang='lat' dir='ltr'><strong><em>justi</em></strong></span> <span class='ocrx_word' id='word_1_420' title='bbox 1739 5103 1793 5147; x_wconf 90' lang='lat' dir='ltr'><strong><em>et</em></strong></span> 
     </span>
    </p>
   </div>
   <div class='ocr_carea' id='block_1_55' title="bbox 193 5186 1791 5262">
    <p class='ocr_par' dir='ltr' id='par_1_55' title="bbox 193 5186 1791 5262">
     <span class='ocr_line' id='line_1_55' title="bbox 193 5186 1791 5262; baseline -0.003 -21"><span class='ocrx_word' id='word_1_421' title='bbox 193 5192 493 5262; x_wconf 68' lang='lat' dir='ltr'><strong><em>prnphetzc</em></strong></span> <span class='ocrx_word' id='word_1_422' title='bbox 516 5191 800 5260; x_wconf 87' lang='lat' dir='ltr'><strong><em>cupiebant</em></strong></span> <span class='ocrx_word' id='word_1_423' title='bbox 841 5190 1022 5244; x_wconf 89' lang='lat' dir='ltr'><strong><em>videre</em></strong></span> <span class='ocrx_word' id='word_1_424' title='bbox 1061 5188 1402 5257; x_wconf 88' lang='lat' dir='ltr'><strong><em>completum,</em></strong></span> <span class='ocrx_word' id='word_1_425' title='bbox 1450 5186 1589 5256; x_wconf 87' lang='lat' dir='ltr'><strong><em>quod</em></strong></span> <span class='ocrx_word' id='word_1_426' title='bbox 1640 5201 1791 5239; x_wconf 84' lang='lat' dir='ltr'><strong><em>reve-</em></strong></span> 
     </span>
    </p>
   </div>
   <div class='ocr_carea' id='block_1_56' title="bbox 189 5276 1791 5349">
    <p class='ocr_par' dir='ltr' id='par_1_56' title="bbox 189 5276 1791 5349">
     <span class='ocr_line' id='line_1_56' title="bbox 189 5276 1791 5349; baseline -0.004 -14"><span class='ocrx_word' id='word_1_427' title='bbox 189 5284 353 5336; x_wconf 79' lang='lat' dir='ltr'><strong><em>lantc</em></strong></span> <span class='ocrx_word' id='word_1_428' title='bbox 381 5279 591 5349; x_wconf 83' lang='lat' dir='ltr'><strong><em>Spiritu</em></strong></span> <span class='ocrx_word' id='word_1_429' title='bbox 631 5283 859 5334; x_wconf 83' lang='lat' dir='ltr'><strong><em>tutorum</em></strong></span> <span class='ocrx_word' id='word_1_430' title='bbox 899 5295 1018 5334; x_wconf 86' lang='lat' dir='ltr'><strong><em>esse</em></strong></span> <span class='ocrx_word' id='word_1_431' title='bbox 1045 5278 1359 5342; x_wconf 87' lang='lat' dir='ltr'><strong><em>cernebant;</em></strong></span> <span class='ocrx_word' id='word_1_432' title='bbox 1414 5277 1552 5331; x_wconf 84' lang='lat' dir='ltr'><strong><em>unde</em></strong></span> <span class='ocrx_word' id='word_1_433' title='bbox 1588 5286 1641 5331; x_wconf 86' lang='lat' dir='ltr'><strong><em>et</em></strong></span> <span class='ocrx_word' id='word_1_434' title='bbox 1680 5276 1791 5344; x_wconf 78' lang='lat' dir='ltr'><strong><em>ipse</em></strong></span> 
     </span>
    </p>
   </div>
   <div class='ocr_carea' id='block_1_57' title="bbox 189 5369 1793 5441">
    <p class='ocr_par' dir='ltr' id='par_1_57' title="bbox 189 5369 1793 5441">
     <span class='ocr_line' id='line_1_57' title="bbox 189 5369 1793 5441; baseline -0.006 -11"><span class='ocrx_word' id='word_1_435' title='bbox 189 5374 477 5430; x_wconf 70' lang='lat' dir='ltr'><strong><em>Dtrmiuus</em></strong></span> <span class='ocrx_word' id='word_1_436' title='bbox 500 5371 645 5434; x_wconf 84' lang='lat' dir='ltr'><strong><em>dicit,</em></strong></span> <span class='ocrx_word' id='word_1_437' title='bbox 675 5372 927 5439; x_wconf 81' lang='lat' dir='ltr'><strong><em>Quoniam</em></strong></span> <span class='ocrx_word' id='word_1_438' title='bbox 955 5372 1096 5425; x_wconf 86' lang='lat' dir='ltr'><strong><em>multi</em></strong></span> <span class='ocrx_word' id='word_1_439' title='bbox 1111 5372 1241 5441; x_wconf 84' lang='lat' dir='ltr'><strong><em>justi</em></strong></span> <span class='ocrx_word' id='word_1_440' title='bbox 1265 5380 1311 5424; x_wconf 90' lang='lat' dir='ltr'><strong><em>et</em></strong></span> <span class='ocrx_word' id='word_1_441' title='bbox 1341 5369 1597 5439; x_wconf 79' lang='lat' dir='ltr'><strong><em>propheta:</em></strong></span> <span class='ocrx_word' id='word_1_442' title='bbox 1620 5370 1793 5437; x_wconf 83' lang='lat' dir='ltr'><strong><em>cupie—</em></strong></span> 
     </span>
    </p>
   </div>
   <div class='ocr_carea' id='block_1_58' title="bbox 184 5460 1797 5528">
    <p class='ocr_par' dir='ltr' id='par_1_58' title="bbox 184 5460 1797 5528">
     <span class='ocr_line' id='line_1_58' title="bbox 184 5460 1797 5528; baseline -0.005 -9"><span class='ocrx_word' id='word_1_443' title='bbox 184 5473 317 5519; x_wconf 75' lang='lat' dir='ltr'><strong><em>mt</em></strong></span> <span class='ocrx_word' id='word_1_444' title='bbox 343 5461 521 5517; x_wconf 71' lang='lat' dir='ltr'><strong><em>videre</em></strong></span> <span class='ocrx_word' id='word_1_445' title='bbox 543 5478 655 5528; x_wconf 77' lang='lat' dir='ltr'><strong><em>qua:</em></strong></span> <span class='ocrx_word' id='word_1_446' title='bbox 676 5462 853 5515; x_wconf 75' lang='lat' dir='ltr'><strong><em>videtis</em></strong></span> <span class='ocrx_word' id='word_1_447' title='bbox 873 5506 887 5527; x_wconf 91' lang='lat'><strong><em>,</em></strong></span> <span class='ocrx_word' id='word_1_448' title='bbox 915 5472 959 5516; x_wconf 90' lang='lat' dir='ltr'><strong><em>et</em></strong></span> <span class='ocrx_word' id='word_1_449' title='bbox 986 5479 1084 5515; x_wconf 87' lang='lat' dir='ltr'><strong><em>non</em></strong></span> <span class='ocrx_word' id='word_1_450' title='bbox 1110 5461 1336 5515; x_wconf 85' lang='lat' dir='ltr'><strong><em>viderunt</em></strong></span> <span class='ocrx_word' id='word_1_451' title='bbox 1363 5477 1383 5525; x_wconf 92' lang='lat'><strong><em>;</em></strong></span> <span class='ocrx_word' id='word_1_452' title='bbox 1408 5470 1454 5513; x_wconf 88' lang='lat' dir='ltr'><strong><em>et</em></strong></span> <span class='ocrx_word' id='word_1_453' title='bbox 1482 5460 1659 5512; x_wconf 84' lang='lat' dir='ltr'><strong><em>audire</em></strong></span> <span class='ocrx_word' id='word_1_454' title='bbox 1685 5474 1797 5528; x_wconf 79' lang='lat' dir='ltr'><strong><em>qua:</em></strong></span> 
     </span>
    </p>
   </div>
   <div class='ocr_carea' id='block_1_59' title="bbox 181 5551 1797 5622">
    <p class='ocr_par' dir='ltr' id='par_1_59' title="bbox 181 5551 1797 5622">
     <span class='ocr_line' id='line_1_59' title="bbox 181 5551 1797 5622; baseline -0.004 -12"><span class='ocrx_word' id='word_1_455' title='bbox 181 5555 434 5619; x_wconf 70' lang='lat' dir='ltr'><strong><em>auditis,</em></strong></span> <span class='ocrx_word' id='word_1_456' title='bbox 485 5564 531 5606; x_wconf 86' lang='lat' dir='ltr'><strong><em>et</em></strong></span> <span class='ocrx_word' id='word_1_457' title='bbox 577 5569 676 5607; x_wconf 88' lang='lat' dir='ltr'><strong><em>non</em></strong></span> <span class='ocrx_word' id='word_1_458' title='bbox 732 5555 994 5607; x_wconf 84' lang='lat' dir='ltr'><strong><em>audierunt</em></strong></span> <span class='ocrx_word' id='word_1_459' title='bbox 1045 5551 1268 5622; x_wconf 77' lang='lat' dir='ltr'><strong><em>(Matth.</em></strong></span> <span class='ocrx_word' id='word_1_460' title='bbox 1315 5567 1441 5613; x_wconf 81' lang='lat' dir='ltr'><strong><em>xm,</em></strong></span> <span class='ocrx_word' id='word_1_461' title='bbox 1477 5552 1571 5620; x_wconf 87' lang='lat' dir='ltr'><strong><em>l7)</em></strong></span> <span class='ocrx_word' id='word_1_462' title='bbox 1613 5568 1626 5603; x_wconf 91' lang='lat'><strong>:</strong></span> <span class='ocrx_word' id='word_1_463' title='bbox 1675 5566 1797 5621; x_wconf 84' lang='lat' dir='ltr'><strong><em>pro-</em></strong></span> 
     </span>
    </p>
   </div>
   <div class='ocr_carea' id='block_1_60' title="bbox 178 5642 1793 5719">
    <p class='ocr_par' dir='ltr' id='par_1_60' title="bbox 178 5642 1793 5719">
     <span class='ocr_line' id='line_1_60' title="bbox 178 5642 1793 5719; baseline -0.003 -17"><span class='ocrx_word' id='word_1_464' title='bbox 178 5658 398 5719; x_wconf 76' lang='lat' dir='ltr'><strong><em>pterea</em></strong></span> <span class='ocrx_word' id='word_1_465' title='bbox 443 5644 676 5701; x_wconf 82' lang='lat' dir='ltr'><strong><em>Joannes</em></strong></span> <span class='ocrx_word' id='word_1_466' title='bbox 721 5646 945 5715; x_wconf 84' lang='lat' dir='ltr'><strong><em>amplius</em></strong></span> <span class='ocrx_word' id='word_1_467' title='bbox 986 5660 1141 5715; x_wconf 86' lang='lat' dir='ltr'><strong><em>quam</em></strong></span> <span class='ocrx_word' id='word_1_468' title='bbox 1189 5642 1443 5715; x_wconf 81' lang='lat' dir='ltr'><strong><em>prepheta</em></strong></span> <span class='ocrx_word' id='word_1_469' title='bbox 1476 5644 1648 5700; x_wconf 89' lang='lat' dir='ltr'><strong><em>dictus</em></strong></span> <span class='ocrx_word' id='word_1_470' title='bbox 1690 5654 1793 5713; x_wconf 84' lang='lat' dir='ltr'><strong><em>est,</em></strong></span> 
     </span>
    </p>
   </div>
   <div class='ocr_carea' id='block_1_61' title="bbox 1493 266 2103 325">
    <p class='ocr_par' dir='ltr' id='par_1_61' title="bbox 1493 266 2103 325">
     <span class='ocr_line' id='line_1_61' title="bbox 1493 266 2103 325; baseline -0.005 -1"><span class='ocrx_word' id='word_1_471' title='bbox 1493 269 1693 325; x_wconf 70' lang='lat' dir='ltr'><strong><em>LlliEll</em></strong></span> <span class='ocrx_word' id='word_1_472' title='bbox 1731 266 2103 325; x_wconf 71' lang='lat' dir='ltr'><strong><em>SECUNDUS.</em></strong></span> 
     </span>
    </p>
   </div>
   <div class='ocr_carea' id='block_1_62' title="bbox 3316 272 3422 329">
    <p class='ocr_par' dir='ltr' id='par_1_62' title="bbox 3316 272 3422 329">
     <span class='ocr_line' id='line_1_62' title="bbox 3316 272 3422 329; baseline 0.019 -3"><span class='ocrx_word' id='word_1_473' title='bbox 3316 272 3422 329; x_wconf 74' lang='grc'><strong><em>290</em></strong></span> 
     </span>
    </p>
   </div>
   <div class='ocr_carea' id='block_1_63' title="bbox 1848 378 3424 452">
    <p class='ocr_par' dir='ltr' id='par_1_63' title="bbox 1848 378 3424 452">
     <span class='ocr_line' id='line_1_63' title="bbox 1848 378 3424 452; baseline 0.004 -22"><span class='ocrx_word' id='word_1_474' title='bbox 1848 387 1903 432; x_wconf 89' lang='lat' dir='ltr'><strong><em>et</em></strong></span> <span class='ocrx_word' id='word_1_475' title='bbox 1944 380 1995 433; x_wconf 92' lang='lat' dir='ltr'><strong><em>in</em></strong></span> <span class='ocrx_word' id='word_1_476' title='bbox 2035 380 2172 433; x_wconf 88' lang='lat' dir='ltr'><strong><em>natis</em></strong></span> <span class='ocrx_word' id='word_1_477' title='bbox 2208 378 2486 433; x_wconf 80' lang='lat' dir='ltr'><strong><em>mulierum</em></strong></span> <span class='ocrx_word' id='word_1_478' title='bbox 2529 395 2633 432; x_wconf 83' lang='lat' dir='ltr'><strong><em>non</em></strong></span> <span class='ocrx_word' id='word_1_479' title='bbox 2676 379 2922 434; x_wconf 88' lang='lat' dir='ltr'><strong><em>habuisse</em></strong></span> <span class='ocrx_word' id='word_1_480' title='bbox 2960 381 3249 452; x_wconf 87' lang='lat' dir='ltr'><strong><em>majorem;</em></strong></span> <span class='ocrx_word' id='word_1_481' title='bbox 3300 384 3424 450; x_wconf 80' lang='lat' dir='ltr'><strong><em>quia</em></strong></span> 
     </span>
    </p>
   </div>
   <div class='ocr_carea' id='block_1_64' title="bbox 1851 470 3426 539">
    <p class='ocr_par' dir='ltr' id='par_1_64' title="bbox 1851 470 3426 539">
     <span class='ocr_line' id='line_1_64' title="bbox 1851 470 3426 539; baseline 0.005 -16"><span class='ocrx_word' id='word_1_482' title='bbox 1851 470 2113 538; x_wconf 81' lang='lat' dir='ltr'><strong><em>prioribus</em></strong></span> <span class='ocrx_word' id='word_1_483' title='bbox 2149 471 2305 539; x_wconf 89' lang='lat' dir='ltr'><strong><em>justis</em></strong></span> <span class='ocrx_word' id='word_1_484' title='bbox 2346 474 2696 539; x_wconf 76' lang='lat' dir='ltr'><strong><em>prmnuutiare</em></strong></span> <span class='ocrx_word' id='word_1_485' title='bbox 2742 483 2940 527; x_wconf 89' lang='lat' dir='ltr'><strong><em>tantum</em></strong></span> <span class='ocrx_word' id='word_1_486' title='bbox 2983 473 3254 529; x_wconf 78' lang='lat' dir='ltr'><strong><em>Christum</em></strong></span> <span class='ocrx_word' id='word_1_487' title='bbox 3295 490 3426 531; x_wconf 83' lang='lat' dir='ltr'><strong><em>eou-</em></strong></span> 
     </span>
    </p>
   </div>
   <div class='ocr_carea' id='block_1_65' title="bbox 1850 559 3426 631">
    <p class='ocr_par' dir='ltr' id='par_1_65' title="bbox 1850 559 3426 631">
     <span class='ocr_line' id='line_1_65' title="bbox 1850 559 3426 631; baseline 0.004 -18"><span class='ocrx_word' id='word_1_488' title='bbox 1850 574 2057 613; x_wconf 76' lang='lat' dir='ltr'><strong><em>ccssum</em></strong></span> <span class='ocrx_word' id='word_1_489' title='bbox 2085 570 2187 624; x_wconf 91' lang='lat' dir='ltr'><strong><em>est,</em></strong></span> <span class='ocrx_word' id='word_1_490' title='bbox 2229 559 2350 614; x_wconf 87' lang='lat' dir='ltr'><strong><em>huic</em></strong></span> <span class='ocrx_word' id='word_1_491' title='bbox 2374 571 2547 614; x_wconf 88' lang='lat' dir='ltr'><strong><em>autem</em></strong></span> <span class='ocrx_word' id='word_1_492' title='bbox 2572 570 2627 615; x_wconf 90' lang='lat' dir='ltr'><strong><em>et</em></strong></span> <span class='ocrx_word' id='word_1_493' title='bbox 2653 565 3006 631; x_wconf 70' lang='lat' dir='ltr'><strong><em>prmnuntiare</em></strong></span> <span class='ocrx_word' id='word_1_494' title='bbox 3031 565 3302 618; x_wconf 85' lang='lat' dir='ltr'><strong><em>absentem</em></strong></span> <span class='ocrx_word' id='word_1_495' title='bbox 3324 607 3338 625; x_wconf 88' lang='lat'><strong><em>,</em></strong></span> <span class='ocrx_word' id='word_1_496' title='bbox 3370 576 3426 620; x_wconf 87' lang='lat' dir='ltr'><strong><em>et</em></strong></span> 
     </span>
    </p>
   </div>
   <div class='ocr_carea' id='block_1_66' title="bbox 1851 650 3420 724">
    <p class='ocr_par' dir='ltr' id='par_1_66' title="bbox 1851 650 3420 724">
     <span class='ocr_line' id='line_1_66' title="bbox 1851 650 3420 724; baseline 0.003 -19"><span class='ocrx_word' id='word_1_497' title='bbox 1851 650 2030 706; x_wconf 86' lang='lat' dir='ltr'><strong><em>videre</em></strong></span> <span class='ocrx_word' id='word_1_498' title='bbox 2056 662 2390 720; x_wconf 66' lang='lat' dir='ltr'><strong><em>praesentem,</em></strong></span> <span class='ocrx_word' id='word_1_499' title='bbox 2419 662 2479 706; x_wconf 90' lang='lat' dir='ltr'><strong><em>ut</em></strong></span> <span class='ocrx_word' id='word_1_500' title='bbox 2507 653 2627 708; x_wconf 85' lang='lat' dir='ltr'><strong><em>huic</em></strong></span> <span class='ocrx_word' id='word_1_501' title='bbox 2650 654 2944 708; x_wconf 84' lang='lat' dir='ltr'><strong><em>inveniatur</em></strong></span> <span class='ocrx_word' id='word_1_502' title='bbox 2969 657 3199 724; x_wconf 88' lang='lat' dir='ltr'><strong><em>patuisse</em></strong></span> <span class='ocrx_word' id='word_1_503' title='bbox 3220 658 3235 687; x_wconf 89' lang='grc'>¹</span> <span class='ocrx_word' id='word_1_504' title='bbox 3278 657 3420 724; x_wconf 86' lang='lat' dir='ltr'><strong><em>quod</em></strong></span> 
     </span>
    </p>
   </div>
   <div class='ocr_carea' id='block_1_67' title="bbox 1852 742 3425 814">
    <p class='ocr_par' dir='ltr' id='par_1_67' title="bbox 1852 742 3425 814">
     <span class='ocr_line' id='line_1_67' title="bbox 1852 742 3425 814; baseline 0.003 -18"><span class='ocrx_word' id='word_1_505' title='bbox 1852 742 1926 796; x_wconf 87' lang='lat' dir='ltr'><strong><em>illi</em></strong></span> <span class='ocrx_word' id='word_1_506' title='bbox 1972 743 2267 811; x_wconf 87' lang='lat' dir='ltr'><strong><em>cupierunt.</em></strong></span> <span class='ocrx_word' id='word_1_507' title='bbox 2316 743 2382 797; x_wconf 88' lang='lat' dir='ltr'><strong><em>Et</em></strong></span> <span class='ocrx_word' id='word_1_508' title='bbox 2423 743 2542 797; x_wconf 86' lang='lat' dir='ltr'><strong><em>ideo</em></strong></span> <span class='ocrx_word' id='word_1_509' title='bbox 2584 754 2970 798; x_wconf 85' lang='lat' dir='ltr'><strong><em>sacramentum</em></strong></span> <span class='ocrx_word' id='word_1_510' title='bbox 3018 744 3261 814; x_wconf 82' lang='lat' dir='ltr'><strong><em>baptismi</em></strong></span> <span class='ocrx_word' id='word_1_511' title='bbox 3308 748 3425 814; x_wconf 84' lang='lat' dir='ltr'><strong><em>ejus</em></strong></span> 
     </span>
    </p>
   </div>
   <div class='ocr_carea' id='block_1_68' title="bbox 1853 834 3419 905">
    <p class='ocr_par' dir='ltr' id='par_1_68' title="bbox 1853 834 3419 905">
     <span class='ocr_line' id='line_1_68' title="bbox 1853 834 3419 905; baseline 0.001 -16"><span class='ocrx_word' id='word_1_512' title='bbox 1853 834 2025 889; x_wconf 87' lang='lat' dir='ltr'><strong><em>adhuc</em></strong></span> <span class='ocrx_word' id='word_1_513' title='bbox 2043 835 2109 889; x_wconf 88' lang='lat' dir='ltr'><strong><em>ad</em></strong></span> <span class='ocrx_word' id='word_1_514' title='bbox 2137 835 2626 903; x_wconf 67' lang='lat' dir='ltr'><strong><em>prasnuutiationem</em></strong></span> <span class='ocrx_word' id='word_1_515' title='bbox 2651 834 2844 890; x_wconf 86' lang='lat' dir='ltr'><strong><em>Christi</em></strong></span> <span class='ocrx_word' id='word_1_516' title='bbox 2873 837 3117 904; x_wconf 77' lang='lat' dir='ltr'><strong><em>pertinet,</em></strong></span> <span class='ocrx_word' id='word_1_517' title='bbox 3145 838 3237 890; x_wconf 85' lang='lat' dir='ltr'><strong><em>sed</em></strong></span> <span class='ocrx_word' id='word_1_518' title='bbox 3267 837 3419 905; x_wconf 88' lang='lat' dir='ltr'><strong><em>plane</em></strong></span> 
     </span>
    </p>
   </div>
   <div class='ocr_carea' id='block_1_69' title="bbox 1854 926 3427 996">
    <p class='ocr_par' dir='ltr' id='par_1_69' title="bbox 1854 926 3427 996">
     <span class='ocr_line' id='line_1_69' title="bbox 1854 926 3427 996; baseline 0 -15"><span class='ocrx_word' id='word_1_519' title='bbox 1854 926 2195 981; x_wconf 73' lang='lat' dir='ltr'><strong><em>novissimam</em></strong></span> <span class='ocrx_word' id='word_1_520' title='bbox 2226 943 2240 980; x_wconf 88' lang='lat'><strong>:</strong></span> <span class='ocrx_word' id='word_1_521' title='bbox 2267 926 2515 996; x_wconf 85' lang='lat' dir='ltr'><strong><em>quoniam</em></strong></span> <span class='ocrx_word' id='word_1_522' title='bbox 2546 941 2712 995; x_wconf 86' lang='lat' dir='ltr'><strong><em>usque</em></strong></span> <span class='ocrx_word' id='word_1_523' title='bbox 2750 926 2816 981; x_wconf 87' lang='lat' dir='ltr'><strong><em>ad</em></strong></span> <span class='ocrx_word' id='word_1_524' title='bbox 2860 927 3008 980; x_wconf 91' lang='lat' dir='ltr'><strong><em>illum</em></strong></span> <span class='ocrx_word' id='word_1_525' title='bbox 3044 926 3254 981; x_wconf 81' lang='lat' dir='ltr'><strong><em>fuerunt</em></strong></span> <span class='ocrx_word' id='word_1_526' title='bbox 3290 944 3427 996; x_wconf 73' lang='lat' dir='ltr'><strong><em>prte-</em></strong></span> 
     </span>
    </p>
   </div>
   <div class='ocr_carea' id='block_1_70' title="bbox 1856 1016 3429 1087">
    <p class='ocr_par' dir='ltr' id='par_1_70' title="bbox 1856 1016 3429 1087">
     <span class='ocr_line' id='line_1_70' title="bbox 1856 1016 3429 1087; baseline 0.001 -17"><span class='ocrx_word' id='word_1_527' title='bbox 1856 1017 2211 1070; x_wconf 88' lang='lat' dir='ltr'><strong><em>nuntiationes</em></strong></span> <span class='ocrx_word' id='word_1_528' title='bbox 2239 1016 2390 1085; x_wconf 88' lang='lat' dir='ltr'><strong><em>primi</em></strong></span> <span class='ocrx_word' id='word_1_529' title='bbox 2419 1016 2675 1071; x_wconf 82' lang='lat' dir='ltr'><strong><em>adventus</em></strong></span> <span class='ocrx_word' id='word_1_530' title='bbox 2702 1017 2909 1071; x_wconf 89' lang='lat' dir='ltr'><strong><em>Dmnini</em></strong></span> <span class='ocrx_word' id='word_1_531' title='bbox 2930 1057 2943 1080; x_wconf 94' lang='lat'><strong><em>,</em></strong></span> <span class='ocrx_word' id='word_1_532' title='bbox 2984 1018 3133 1087; x_wconf 88' lang='lat' dir='ltr'><strong><em>cujus</em></strong></span> <span class='ocrx_word' id='word_1_533' title='bbox 3174 1019 3429 1072; x_wconf 77' lang='lat' dir='ltr'><strong><em>adventus</em></strong></span> 
     </span>
    </p>
   </div>
   <div class='ocr_carea' id='block_1_71' title="bbox 1857 1108 3428 1176">
    <p class='ocr_par' dir='ltr' id='par_1_71' title="bbox 1857 1108 3428 1176">
     <span class='ocr_line' id='line_1_71' title="bbox 1857 1108 3428 1176; baseline 0.001 -13"><span class='ocrx_word' id='word_1_534' title='bbox 1857 1109 2016 1163; x_wconf 91' lang='lat' dir='ltr'><strong><em>modo</em></strong></span> <span class='ocrx_word' id='word_1_535' title='bbox 2043 1108 2466 1163; x_wconf 86' lang='lat' dir='ltr'><strong><em>anmmtiationes</em></strong></span> <span class='ocrx_word' id='word_1_536' title='bbox 2503 1118 2644 1174; x_wconf 84' lang='lat' dir='ltr'><strong><em>sunt,</em></strong></span> <span class='ocrx_word' id='word_1_537' title='bbox 2676 1109 2783 1176; x_wconf 85' lang='lat' dir='ltr'><strong><em>jam</em></strong></span> <span class='ocrx_word' id='word_1_538' title='bbox 2809 1123 2914 1162; x_wconf 90' lang='lat' dir='ltr'><strong><em>non</em></strong></span> <span class='ocrx_word' id='word_1_539' title='bbox 2942 1110 3428 1176; x_wconf 67' lang='lat' dir='ltr'><strong><em>prmuuutiationes.</em></strong></span> 
     </span>
    </p>
   </div>
   <div class='ocr_carea' id='block_1_72' title="bbox 1859 1197 3432 1262">
    <p class='ocr_par' dir='ltr' id='par_1_72' title="bbox 1859 1197 3432 1262">
     <span class='ocr_line' id='line_1_72' title="bbox 1859 1197 3432 1262; baseline -0.001 -9"><span class='ocrx_word' id='word_1_540' title='bbox 1859 1197 1964 1254; x_wconf 86' lang='lat' dir='ltr'><strong><em>Sed</em></strong></span> <span class='ocrx_word' id='word_1_541' title='bbox 2008 1199 2259 1253; x_wconf 87' lang='lat' dir='ltr'><strong><em>Dominus</em></strong></span> <span class='ocrx_word' id='word_1_542' title='bbox 2300 1197 2609 1252; x_wconf 89' lang='lat' dir='ltr'><strong><em>humilitatis</em></strong></span> <span class='ocrx_word' id='word_1_543' title='bbox 2653 1199 2789 1251; x_wconf 85' lang='lat' dir='ltr'><strong><em>viam</em></strong></span> <span class='ocrx_word' id='word_1_544' title='bbox 2827 1197 3025 1253; x_wconf 91' lang='lat' dir='ltr'><strong><em>docens</em></strong></span> <span class='ocrx_word' id='word_1_545' title='bbox 3053 1240 3066 1262; x_wconf 93' lang='lat'><strong><em>,</em></strong></span> <span class='ocrx_word' id='word_1_546' title='bbox 3100 1209 3432 1252; x_wconf 86' lang='lat' dir='ltr'><strong><em>sacramenta</em></strong></span> 
     </span>
    </p>
   </div>
   <div class='ocr_carea' id='block_1_73' title="bbox 1860 1288 3434 1359">
    <p class='ocr_par' dir='ltr' id='par_1_73' title="bbox 1860 1288 3434 1359">
     <span class='ocr_line' id='line_1_73' title="bbox 1860 1288 3434 1359; baseline -0.001 -16"><span class='ocrx_word' id='word_1_547' title='bbox 1860 1304 1978 1359; x_wconf 80' lang='lat' dir='ltr'><strong><em>quae</em></strong></span> <span class='ocrx_word' id='word_1_548' title='bbox 2009 1289 2093 1343; x_wconf 91' lang='lat' dir='ltr'><strong><em>hic</em></strong></span> <span class='ocrx_word' id='word_1_549' title='bbox 2121 1290 2322 1343; x_wconf 79' lang='lat' dir='ltr'><strong><em>invenit</em></strong></span> <span class='ocrx_word' id='word_1_550' title='bbox 2342 1288 2795 1359; x_wconf 65' lang='lat' dir='ltr'><strong><em>praenuntiationis</em></strong></span> <span class='ocrx_word' id='word_1_551' title='bbox 2822 1305 2931 1343; x_wconf 79' lang='lat' dir='ltr'><strong><em>sua:</em></strong></span> <span class='ocrx_word' id='word_1_552' title='bbox 2957 1290 3225 1358; x_wconf 86' lang='lat' dir='ltr'><strong><em>suscipere</em></strong></span> <span class='ocrx_word' id='word_1_553' title='bbox 3250 1289 3434 1359; x_wconf 75' lang='lat' dir='ltr'><strong><em>digna-</em></strong></span> 
     </span>
    </p>
   </div>
   <div class='ocr_carea' id='block_1_74' title="bbox 1861 1377 3436 1447">
    <p class='ocr_par' dir='ltr' id='par_1_74' title="bbox 1861 1377 3436 1447">
     <span class='ocr_line' id='line_1_74' title="bbox 1861 1377 3436 1447; baseline -0.001 -16"><span class='ocrx_word' id='word_1_554' title='bbox 1861 1385 1947 1431; x_wconf 90' lang='lat' dir='ltr'><strong><em>tus</em></strong></span> <span class='ocrx_word' id='word_1_555' title='bbox 1983 1387 2102 1445; x_wconf 89' lang='lat' dir='ltr'><strong><em>est,</em></strong></span> <span class='ocrx_word' id='word_1_556' title='bbox 2136 1393 2241 1431; x_wconf 90' lang='lat' dir='ltr'><strong><em>non</em></strong></span> <span class='ocrx_word' id='word_1_557' title='bbox 2278 1378 2344 1431; x_wconf 89' lang='lat' dir='ltr'><strong><em>ad</em></strong></span> <span class='ocrx_word' id='word_1_558' title='bbox 2380 1393 2490 1431; x_wconf 68' lang='lat' dir='ltr'><strong><em>sua:</em></strong></span> <span class='ocrx_word' id='word_1_559' title='bbox 2519 1378 2844 1447; x_wconf 80' lang='lat' dir='ltr'><strong><em>purgationis</em></strong></span> <span class='ocrx_word' id='word_1_560' title='bbox 2873 1377 3223 1446; x_wconf 82' lang='lat' dir='ltr'><strong><em>adjutorium,</em></strong></span> <span class='ocrx_word' id='word_1_561' title='bbox 3254 1378 3345 1432; x_wconf 89' lang='lat' dir='ltr'><strong><em>sed</em></strong></span> <span class='ocrx_word' id='word_1_562' title='bbox 3370 1377 3436 1430; x_wconf 83' lang='lat' dir='ltr'><strong><em>ad</em></strong></span> 
     </span>
    </p>
   </div>
   <div class='ocr_carea' id='block_1_75' title="bbox 1860 1467 3441 1538">
    <p class='ocr_par' dir='ltr' id='par_1_75' title="bbox 1860 1467 3441 1538">
     <span class='ocr_line' id='line_1_75' title="bbox 1860 1467 3441 1538; baseline -0.003 -14"><span class='ocrx_word' id='word_1_563' title='bbox 1860 1479 2057 1524; x_wconf 74' lang='lat' dir='ltr'><strong><em>nostra:</em></strong></span> <span class='ocrx_word' id='word_1_564' title='bbox 2086 1470 2294 1538; x_wconf 86' lang='lat' dir='ltr'><strong><em>pietatis</em></strong></span> <span class='ocrx_word' id='word_1_565' title='bbox 2324 1468 2622 1537; x_wconf 86' lang='lat' dir='ltr'><strong><em>exemplum</em></strong></span> <span class='ocrx_word' id='word_1_566' title='bbox 2653 1486 2666 1521; x_wconf 90' lang='lat'><strong>:</strong></span> <span class='ocrx_word' id='word_1_567' title='bbox 2700 1476 2757 1521; x_wconf 90' lang='lat' dir='ltr'><strong><em>ut</em></strong></span> <span class='ocrx_word' id='word_1_568' title='bbox 2779 1467 2980 1522; x_wconf 86' lang='lat' dir='ltr'><strong><em>scilicet</em></strong></span> <span class='ocrx_word' id='word_1_569' title='bbox 3011 1468 3316 1522; x_wconf 80' lang='lat' dir='ltr'><strong><em>ostenderet</em></strong></span> <span class='ocrx_word' id='word_1_570' title='bbox 3345 1482 3441 1520; x_wconf 88' lang='lat' dir='ltr'><strong><em>no-</em></strong></span> 
     </span>
    </p>
   </div>
   <div class='ocr_carea' id='block_1_76' title="bbox 1862 1557 3438 1627">
    <p class='ocr_par' dir='ltr' id='par_1_76' title="bbox 1862 1557 3438 1627">
     <span class='ocr_line' id='line_1_76' title="bbox 1862 1557 3438 1627; baseline -0.003 -13"><span class='ocrx_word' id='word_1_571' title='bbox 1862 1557 1946 1614; x_wconf 88' lang='lat' dir='ltr'><strong><em>bis</em></strong></span> <span class='ocrx_word' id='word_1_572' title='bbox 1973 1568 2165 1627; x_wconf 87' lang='lat' dir='ltr'><strong><em>quanta</em></strong></span> <span class='ocrx_word' id='word_1_573' title='bbox 2193 1558 2472 1613; x_wconf 88' lang='lat' dir='ltr'><strong><em>devotione</em></strong></span> <span class='ocrx_word' id='word_1_574' title='bbox 2500 1558 2771 1627; x_wconf 82' lang='lat' dir='ltr'><strong><em>suscipere</em></strong></span> <span class='ocrx_word' id='word_1_575' title='bbox 2790 1557 3046 1612; x_wconf 88' lang='lat' dir='ltr'><strong><em>debemus</em></strong></span> <span class='ocrx_word' id='word_1_576' title='bbox 3069 1573 3133 1611; x_wconf 85' lang='lat' dir='ltr'><strong><em>ea</em></strong></span> <span class='ocrx_word' id='word_1_577' title='bbox 3150 1573 3268 1626; x_wconf 79' lang='lat' dir='ltr'><strong><em>qua:</em></strong></span> <span class='ocrx_word' id='word_1_578' title='bbox 3291 1557 3438 1610; x_wconf 84' lang='lat' dir='ltr'><strong><em>illum</em></strong></span> 
     </span>
    </p>
   </div>
   <div class='ocr_carea' id='block_1_77' title="bbox 1860 1646 3442 1719">
    <p class='ocr_par' dir='ltr' id='par_1_77' title="bbox 1860 1646 3442 1719">
     <span class='ocr_line' id='line_1_77' title="bbox 1860 1646 3442 1719; baseline -0.002 -16"><span class='ocrx_word' id='word_1_579' title='bbox 1860 1649 1972 1719; x_wconf 88' lang='lat' dir='ltr'><strong><em>jam</em></strong></span> <span class='ocrx_word' id='word_1_580' title='bbox 1996 1649 2205 1704; x_wconf 82' lang='lat' dir='ltr'><strong><em>venisse</em></strong></span> <span class='ocrx_word' id='word_1_581' title='bbox 2232 1657 2490 1703; x_wconf 85' lang='lat' dir='ltr'><strong><em>testantur</em></strong></span> <span class='ocrx_word' id='word_1_582' title='bbox 2508 1690 2522 1714; x_wconf 91' lang='lat'><strong><em>,</em></strong></span> <span class='ocrx_word' id='word_1_583' title='bbox 2549 1646 2762 1718; x_wconf 86' lang='lat' dir='ltr'><strong><em>quando</em></strong></span> <span class='ocrx_word' id='word_1_584' title='bbox 2783 1648 2895 1716; x_wconf 88' lang='lat' dir='ltr'><strong><em>ipse</em></strong></span> <span class='ocrx_word' id='word_1_585' title='bbox 2923 1648 3197 1715; x_wconf 88' lang='lat' dir='ltr'><strong><em>suscipere</em></strong></span> <span class='ocrx_word' id='word_1_586' title='bbox 3218 1660 3325 1700; x_wconf 86' lang='lat' dir='ltr'><strong><em>non</em></strong></span> <span class='ocrx_word' id='word_1_587' title='bbox 3346 1646 3442 1700; x_wconf 85' lang='lat' dir='ltr'><strong><em>de-</em></strong></span> 
     </span>
    </p>
   </div>
   <div class='ocr_carea' id='block_1_78' title="bbox 1865 1738 3444 1810">
    <p class='ocr_par' dir='ltr' id='par_1_78' title="bbox 1865 1738 3444 1810">
     <span class='ocr_line' id='line_1_78' title="bbox 1865 1738 3444 1810; baseline -0.003 -14"><span class='ocrx_word' id='word_1_588' title='bbox 1865 1740 2110 1810; x_wconf 80' lang='lat' dir='ltr'><strong><em>dignatus</em></strong></span> <span class='ocrx_word' id='word_1_589' title='bbox 2130 1748 2212 1795; x_wconf 91' lang='lat' dir='ltr'><strong><em>est</em></strong></span> <span class='ocrx_word' id='word_1_590' title='bbox 2237 1756 2356 1809; x_wconf 66' lang='lat' dir='ltr'><strong><em>qua:</em></strong></span> <span class='ocrx_word' id='word_1_591' title='bbox 2377 1740 2521 1794; x_wconf 89' lang='lat' dir='ltr'><strong><em>illum</em></strong></span> <span class='ocrx_word' id='word_1_592' title='bbox 2544 1747 2823 1793; x_wconf 86' lang='lat' dir='ltr'><strong><em>venturum</em></strong></span> <span class='ocrx_word' id='word_1_593' title='bbox 2852 1738 3166 1808; x_wconf 76' lang='lat' dir='ltr'><strong><em>ﬁgurabant.</em></strong></span> <span class='ocrx_word' id='word_1_594' title='bbox 3194 1738 3263 1792; x_wconf 89' lang='lat' dir='ltr'><strong><em>Et</em></strong></span> <span class='ocrx_word' id='word_1_595' title='bbox 3280 1738 3444 1792; x_wconf 86' lang='lat' dir='ltr'><strong><em>Joan-</em></strong></span> 
     </span>
    </p>
   </div>
   <div class='ocr_carea' id='block_1_79' title="bbox 1868 1827 3441 1900">
    <p class='ocr_par' dir='ltr' id='par_1_79' title="bbox 1868 1827 3441 1900">
     <span class='ocr_line' id='line_1_79' title="bbox 1868 1827 3441 1900; baseline -0.002 -16"><span class='ocrx_word' id='word_1_596' title='bbox 1868 1844 1964 1884; x_wconf 87' lang='lat' dir='ltr'><strong><em>nes</em></strong></span> <span class='ocrx_word' id='word_1_597' title='bbox 1990 1844 2115 1900; x_wconf 79' lang='lat' dir='ltr'><strong><em>ergo</em></strong></span> <span class='ocrx_word' id='word_1_598' title='bbox 2144 1830 2384 1899; x_wconf 88' lang='lat' dir='ltr'><strong><em>quamvis</em></strong></span> <span class='ocrx_word' id='word_1_599' title='bbox 2424 1830 2694 1898; x_wconf 79' lang='lat' dir='ltr'><strong><em>proximus</em></strong></span> <span class='ocrx_word' id='word_1_600' title='bbox 2716 1870 2732 1894; x_wconf 93' lang='lat'><strong><em>,</em></strong></span> <span class='ocrx_word' id='word_1_601' title='bbox 2778 1838 2833 1882; x_wconf 90' lang='lat' dir='ltr'><strong><em>et</em></strong></span> <span class='ocrx_word' id='word_1_602' title='bbox 2877 1827 3012 1882; x_wconf 81' lang='lat' dir='ltr'><strong><em>infra</em></strong></span> <span class='ocrx_word' id='word_1_603' title='bbox 3044 1843 3207 1882; x_wconf 81' lang='lat' dir='ltr'><strong><em>unum</em></strong></span> <span class='ocrx_word' id='word_1_604' title='bbox 3244 1843 3441 1882; x_wconf 85' lang='lat' dir='ltr'><strong><em>annum</em></strong></span> 
     </span>
    </p>
   </div>
   <div class='ocr_carea' id='block_1_80' title="bbox 1868 1919 3448 1988">
    <p class='ocr_par' dir='ltr' id='par_1_80' title="bbox 1868 1919 3448 1988">
     <span class='ocr_line' id='line_1_80' title="bbox 1868 1919 3448 1988; baseline -0.001 -13"><span class='ocrx_word' id='word_1_605' title='bbox 1868 1928 2206 1987; x_wconf 63' lang='lat' dir='ltr'><strong><em>coaetaneus,</em></strong></span> <span class='ocrx_word' id='word_1_606' title='bbox 2243 1928 2417 1974; x_wconf 85' lang='lat' dir='ltr'><strong><em>tamen</em></strong></span> <span class='ocrx_word' id='word_1_607' title='bbox 2464 1934 2584 1974; x_wconf 88' lang='lat' dir='ltr'><strong><em>eum</em></strong></span> <span class='ocrx_word' id='word_1_608' title='bbox 2628 1919 2918 1988; x_wconf 84' lang='lat' dir='ltr'><strong><em>baptizaret</em></strong></span> <span class='ocrx_word' id='word_1_609' title='bbox 2953 1919 3184 1974; x_wconf 87' lang='lat' dir='ltr'><strong><em>venienti</em></strong></span> <span class='ocrx_word' id='word_1_610' title='bbox 3227 1919 3448 1988; x_wconf 71' lang='lat' dir='ltr'><strong><em>praeibat</em></strong></span> 
     </span>
    </p>
   </div>
   <div class='ocr_carea' id='block_1_81' title="bbox 1869 2009 3493 2080">
    <p class='ocr_par' dir='ltr' id='par_1_81' title="bbox 1869 2009 3493 2080">
     <span class='ocr_line' id='line_1_81' title="bbox 1869 2009 3493 2080; baseline -0.001 -16"><span class='ocrx_word' id='word_1_611' title='bbox 1869 2009 2118 2064; x_wconf 88' lang='lat' dir='ltr'><strong><em>Christo:</em></strong></span> <span class='ocrx_word' id='word_1_612' title='bbox 2151 2020 2366 2080; x_wconf 86' lang='lat' dir='ltr'><strong><em>propter</em></strong></span> <span class='ocrx_word' id='word_1_613' title='bbox 2405 2010 2505 2064; x_wconf 89' lang='lat' dir='ltr'><strong><em>hoc</em></strong></span> <span class='ocrx_word' id='word_1_614' title='bbox 2537 2009 2605 2064; x_wconf 88' lang='lat' dir='ltr'><strong><em>de</em></strong></span> <span class='ocrx_word' id='word_1_615' title='bbox 2640 2010 2731 2063; x_wconf 89' lang='lat' dir='ltr'><strong><em>illo</em></strong></span> <span class='ocrx_word' id='word_1_616' title='bbox 2770 2010 2967 2064; x_wconf 89' lang='lat' dir='ltr'><strong><em>dictum</em></strong></span> <span class='ocrx_word' id='word_1_617' title='bbox 2997 2019 3079 2064; x_wconf 89' lang='lat' dir='ltr'><strong><em>est</em></strong></span> <span class='ocrx_word' id='word_1_618' title='bbox 3101 2052 3119 2076; x_wconf 84' lang='lat'><strong><em>,</em></strong></span> <span class='ocrx_word' id='word_1_619' title='bbox 3148 2009 3278 2064; x_wconf 86' lang='lat' dir='ltr'><strong><em>Ecce</em></strong></span> <span class='ocrx_word' id='word_1_620' title='bbox 3304 2011 3445 2063; x_wconf 85' lang='lat' dir='ltr'><strong><em>mitto</em></strong></span> <span class='ocrx_word' id='word_1_621' title='bbox 3483 2024 3493 2031; x_wconf 88' lang='lat'><strong>&#39;</strong></span> 
     </span>
    </p>
   </div>
   <div class='ocr_carea' id='block_1_82' title="bbox 1871 2098 3446 2170">
    <p class='ocr_par' dir='ltr' id='par_1_82' title="bbox 1871 2098 3446 2170">
     <span class='ocr_line' id='line_1_82' title="bbox 1871 2098 3446 2170; baseline 0.001 -18"><span class='ocrx_word' id='word_1_622' title='bbox 1871 2098 2107 2169; x_wconf 87' lang='lat' dir='ltr'><strong><em>angelum</em></strong></span> <span class='ocrx_word' id='word_1_623' title='bbox 2134 2116 2298 2153; x_wconf 87' lang='lat' dir='ltr'><strong><em>meum</em></strong></span> <span class='ocrx_word' id='word_1_624' title='bbox 2325 2108 2441 2153; x_wconf 84' lang='lat' dir='ltr'><strong><em>ante</em></strong></span> <span class='ocrx_word' id='word_1_625' title='bbox 2461 2100 2643 2169; x_wconf 91' lang='lat' dir='ltr'><strong><em>faciem</em></strong></span> <span class='ocrx_word' id='word_1_626' title='bbox 2676 2110 2846 2167; x_wconf 84' lang='lat' dir='ltr'><strong><em>tuam,</em></strong></span> <span class='ocrx_word' id='word_1_627' title='bbox 2876 2102 2963 2168; x_wconf 90' lang='lat' dir='ltr'><strong><em>qui</em></strong></span> <span class='ocrx_word' id='word_1_628' title='bbox 2987 2101 3294 2170; x_wconf 75' lang='lat' dir='ltr'><strong><em>prtzparabit</em></strong></span> <span class='ocrx_word' id='word_1_629' title='bbox 3315 2102 3446 2154; x_wconf 87' lang='lat' dir='ltr'><strong><em>viam</em></strong></span> 
     </span>
    </p>
   </div>
   <div class='ocr_carea' id='block_1_83' title="bbox 1793 2189 3449 2263">
    <p class='ocr_par' dir='ltr' id='par_1_83' title="bbox 1793 2189 3449 2263">
     <span class='ocr_line' id='line_1_83' title="bbox 1793 2189 3449 2263; baseline 0.001 -21"><span class='ocrx_word' id='word_1_630' title='bbox 1793 2245 1804 2258; x_wconf 80' lang='lat'><em>_</em></span> <span class='ocrx_word' id='word_1_631' title='bbox 1873 2199 2029 2243; x_wconf 87' lang='lat' dir='ltr'><strong><em>tuam.</em></strong></span> <span class='ocrx_word' id='word_1_632' title='bbox 2060 2189 2128 2244; x_wconf 89' lang='lat' dir='ltr'><strong><em>Et</em></strong></span> <span class='ocrx_word' id='word_1_633' title='bbox 2154 2191 2266 2260; x_wconf 87' lang='lat' dir='ltr'><strong><em>ipse</em></strong></span> <span class='ocrx_word' id='word_1_634' title='bbox 2292 2190 2610 2260; x_wconf 66' lang='lat' dir='ltr'><strong><em>praedicabat</em></strong></span> <span class='ocrx_word' id='word_1_635' title='bbox 2636 2191 2839 2259; x_wconf 86' lang='lat' dir='ltr'><strong><em>dicens,</em></strong></span> <span class='ocrx_word' id='word_1_636' title='bbox 2868 2191 3013 2246; x_wconf 84' lang='lat' dir='ltr'><strong><em>Venit</em></strong></span> <span class='ocrx_word' id='word_1_637' title='bbox 3031 2193 3212 2263; x_wconf 86' lang='lat' dir='ltr'><strong><em>fortior</em></strong></span> <span class='ocrx_word' id='word_1_638' title='bbox 3239 2206 3320 2245; x_wconf 88' lang='lat' dir='ltr'><strong><em>me</em></strong></span> <span class='ocrx_word' id='word_1_639' title='bbox 3338 2204 3449 2261; x_wconf 85' lang='lat' dir='ltr'><strong><em>post</em></strong></span> 
     </span>
    </p>
   </div>
   <div class='ocr_carea' id='block_1_84' title="bbox 1873 2281 3453 2354">
    <p class='ocr_par' dir='ltr' id='par_1_84' title="bbox 1873 2281 3453 2354">
     <span class='ocr_line' id='line_1_84' title="bbox 1873 2281 3453 2354; baseline 0.001 -18"><span class='ocrx_word' id='word_1_640' title='bbox 1873 2299 1954 2337; x_wconf 87' lang='lat' dir='ltr'><strong><em>me</em></strong></span> <span class='ocrx_word' id='word_1_641' title='bbox 1987 2281 2251 2354; x_wconf 80' lang='lat' dir='ltr'><strong><em>(Malach.</em></strong></span> <span class='ocrx_word' id='word_1_642' title='bbox 2290 2298 2380 2349; x_wconf 79' lang='lat' dir='ltr'><strong><em>tu,</em></strong></span> <span class='ocrx_word' id='word_1_643' title='bbox 2414 2285 2466 2349; x_wconf 80' lang='lat' dir='ltr'><strong><em>l,</em></strong></span> <span class='ocrx_word' id='word_1_644' title='bbox 2493 2292 2540 2336; x_wconf 92' lang='lat' dir='ltr'><strong><em>et</em></strong></span> <span class='ocrx_word' id='word_1_645' title='bbox 2583 2282 2748 2336; x_wconf 82' lang='lat' dir='ltr'><strong><em>Marc.</em></strong></span> <span class='ocrx_word' id='word_1_646' title='bbox 2790 2299 2827 2347; x_wconf 85' lang='lat' dir='ltr'><strong><em>l,</em></strong></span> <span class='ocrx_word' id='word_1_647' title='bbox 2857 2282 2913 2348; x_wconf 73' lang='grc'><strong><em>2,</em></strong></span> <span class='ocrx_word' id='word_1_648' title='bbox 2952 2283 3040 2354; x_wconf 90' lang='grc'><strong><em>7).</em></strong></span> <span class='ocrx_word' id='word_1_649' title='bbox 3080 2283 3168 2339; x_wconf 87' lang='lat' dir='ltr'><strong><em>Sic</em></strong></span> <span class='ocrx_word' id='word_1_650' title='bbox 3196 2298 3323 2354; x_wconf 76' lang='lat' dir='ltr'><strong><em>ergo</em></strong></span> <span class='ocrx_word' id='word_1_651' title='bbox 3348 2286 3453 2338; x_wconf 83' lang='lat' dir='ltr'><strong><em>cir-</em></strong></span> 
     </span>
    </p>
   </div>
   <div class='ocr_carea' id='block_1_85' title="bbox 1875 2372 3451 2444">
    <p class='ocr_par' dir='ltr' id='par_1_85' title="bbox 1875 2372 3451 2444">
     <span class='ocr_line' id='line_1_85' title="bbox 1875 2372 3451 2444; baseline 0.001 -17"><span class='ocrx_word' id='word_1_652' title='bbox 1875 2372 2132 2427; x_wconf 89' lang='lat' dir='ltr'><strong><em>cumcisio</em></strong></span> <span class='ocrx_word' id='word_1_653' title='bbox 2167 2374 2338 2427; x_wconf 82' lang='lat' dir='ltr'><strong><em>octavi</em></strong></span> <span class='ocrx_word' id='word_1_654' title='bbox 2375 2372 2479 2428; x_wconf 90' lang='lat' dir='ltr'><strong><em>diei</em></strong></span> <span class='ocrx_word' id='word_1_655' title='bbox 2505 2389 2626 2442; x_wconf 85' lang='lat' dir='ltr'><strong><em>quae</em></strong></span> <span class='ocrx_word' id='word_1_656' title='bbox 2654 2374 2891 2444; x_wconf 85' lang='lat' dir='ltr'><strong><em>patribus</em></strong></span> <span class='ocrx_word' id='word_1_657' title='bbox 2916 2374 3037 2428; x_wconf 88' lang='lat' dir='ltr'><strong><em>data</em></strong></span> <span class='ocrx_word' id='word_1_658' title='bbox 3063 2382 3165 2439; x_wconf 87' lang='lat' dir='ltr'><strong><em>est,</em></strong></span> <span class='ocrx_word' id='word_1_659' title='bbox 3200 2390 3451 2444; x_wconf 60' lang='lat' dir='ltr'><strong><em>praenun-</em></strong></span> 
     </span>
    </p>
   </div>
   <div class='ocr_carea' id='block_1_86' title="bbox 1878 2465 3455 2535">
    <p class='ocr_par' dir='ltr' id='par_1_86' title="bbox 1878 2465 3455 2535">
     <span class='ocr_line' id='line_1_86' title="bbox 1878 2465 3455 2535; baseline 0 -16"><span class='ocrx_word' id='word_1_660' title='bbox 1878 2465 2040 2520; x_wconf 88' lang='lat' dir='ltr'><strong><em>tiabat</em></strong></span> <span class='ocrx_word' id='word_1_661' title='bbox 2060 2465 2489 2535; x_wconf 86' lang='lat' dir='ltr'><strong><em>justilicationem</em></strong></span> <span class='ocrx_word' id='word_1_662' title='bbox 2515 2473 2776 2531; x_wconf 89' lang='lat' dir='ltr'><strong><em>nostram,</em></strong></span> <span class='ocrx_word' id='word_1_663' title='bbox 2800 2465 2853 2519; x_wconf 91' lang='lat' dir='ltr'><strong><em>in</em></strong></span> <span class='ocrx_word' id='word_1_664' title='bbox 2875 2466 3309 2535; x_wconf 79' lang='lat' dir='ltr'><strong><em>exspoliationem</em></strong></span> <span class='ocrx_word' id='word_1_665' title='bbox 3334 2481 3455 2526; x_wconf 83' lang='lat' dir='ltr'><strong><em>ear-</em></strong></span> 
     </span>
    </p>
   </div>
   <div class='ocr_carea' id='block_1_87' title="bbox 1877 2555 3452 2625">
    <p class='ocr_par' dir='ltr' id='par_1_87' title="bbox 1877 2555 3452 2625">
     <span class='ocr_line' id='line_1_87' title="bbox 1877 2555 3452 2625; baseline -0.002 -15"><span class='ocrx_word' id='word_1_666' title='bbox 1877 2556 2075 2610; x_wconf 89' lang='lat' dir='ltr'><strong><em>nalium</em></strong></span> <span class='ocrx_word' id='word_1_667' title='bbox 2122 2555 2668 2625; x_wconf 88' lang='lat' dir='ltr'><strong><em>eoncnpiscentiarum</em></strong></span> <span class='ocrx_word' id='word_1_668' title='bbox 2712 2571 2807 2624; x_wconf 88' lang='lat' dir='ltr'><strong><em>per</em></strong></span> <span class='ocrx_word' id='word_1_669' title='bbox 2853 2557 3298 2611; x_wconf 88' lang='lat' dir='ltr'><strong><em>resurrectionem</em></strong></span> <span class='ocrx_word' id='word_1_670' title='bbox 3346 2557 3452 2609; x_wconf 83' lang='lat' dir='ltr'><strong><em>Do-</em></strong></span> 
     </span>
    </p>
   </div>
   <div class='ocr_carea' id='block_1_88' title="bbox 1878 2645 3455 2714">
    <p class='ocr_par' dir='ltr' id='par_1_88' title="bbox 1878 2645 3455 2714">
     <span class='ocr_line' id='line_1_88' title="bbox 1878 2645 3455 2714; baseline 0.001 -15"><span class='ocrx_word' id='word_1_671' title='bbox 1878 2645 2029 2712; x_wconf 90' lang='lat' dir='ltr'><strong><em>mini,</em></strong></span> <span class='ocrx_word' id='word_1_672' title='bbox 2055 2660 2172 2712; x_wconf 79' lang='lat' dir='ltr'><strong><em>quae</em></strong></span> <span class='ocrx_word' id='word_1_673' title='bbox 2196 2655 2314 2714; x_wconf 90' lang='lat' dir='ltr'><strong><em>post</em></strong></span> <span class='ocrx_word' id='word_1_674' title='bbox 2337 2646 2644 2714; x_wconf 84' lang='lat' dir='ltr'><strong><em>septimum,</em></strong></span> <span class='ocrx_word' id='word_1_675' title='bbox 2674 2645 2728 2699; x_wconf 91' lang='lat' dir='ltr'><strong><em>id</em></strong></span> <span class='ocrx_word' id='word_1_676' title='bbox 2754 2654 2836 2700; x_wconf 90' lang='lat' dir='ltr'><strong><em>est</em></strong></span> <span class='ocrx_word' id='word_1_677' title='bbox 2854 2645 3055 2700; x_wconf 85' lang='lat' dir='ltr'><strong><em>sabbati</em></strong></span> <span class='ocrx_word' id='word_1_678' title='bbox 3081 2646 3244 2712; x_wconf 86' lang='lat' dir='ltr'><strong><em>diem,</em></strong></span> <span class='ocrx_word' id='word_1_679' title='bbox 3267 2659 3455 2702; x_wconf 78' lang='lat' dir='ltr'><strong><em>octavo</em></strong></span> 
     </span>
    </p>
   </div>
   <div class='ocr_carea' id='block_1_89' title="bbox 1878 2736 3456 2808">
    <p class='ocr_par' dir='ltr' id='par_1_89' title="bbox 1878 2736 3456 2808">
     <span class='ocr_line' id='line_1_89' title="bbox 1878 2736 3456 2808; baseline 0.001 -17"><span class='ocrx_word' id='word_1_680' title='bbox 1878 2738 1986 2802; x_wconf 88' lang='lat' dir='ltr'><strong><em>die,</em></strong></span> <span class='ocrx_word' id='word_1_681' title='bbox 2013 2736 2066 2791; x_wconf 91' lang='lat' dir='ltr'><strong><em>id</em></strong></span> <span class='ocrx_word' id='word_1_682' title='bbox 2093 2746 2176 2792; x_wconf 87' lang='lat' dir='ltr'><strong><em>est</em></strong></span> <span class='ocrx_word' id='word_1_683' title='bbox 2209 2736 2478 2792; x_wconf 89' lang='lat' dir='ltr'><strong><em>dominico</em></strong></span> <span class='ocrx_word' id='word_1_684' title='bbox 2507 2737 2643 2791; x_wconf 84' lang='lat' dir='ltr'><strong><em>laeta</em></strong></span> <span class='ocrx_word' id='word_1_685' title='bbox 2682 2746 2798 2803; x_wconf 91' lang='lat' dir='ltr'><strong><em>est,</em></strong></span> <span class='ocrx_word' id='word_1_686' title='bbox 2844 2738 2934 2807; x_wconf 88' lang='lat' dir='ltr'><strong><em>qui</em></strong></span> <span class='ocrx_word' id='word_1_687' title='bbox 2973 2738 3088 2792; x_wconf 83' lang='lat' dir='ltr'><strong><em>dies</em></strong></span> <span class='ocrx_word' id='word_1_688' title='bbox 3126 2739 3312 2793; x_wconf 88' lang='lat' dir='ltr'><strong><em>tertius</em></strong></span> <span class='ocrx_word' id='word_1_689' title='bbox 3338 2747 3456 2808; x_wconf 89' lang='lat' dir='ltr'><strong><em>post</em></strong></span> 
     </span>
    </p>
   </div>
   <div class='ocr_carea' id='block_1_90' title="bbox 1879 2828 3454 2899">
    <p class='ocr_par' dir='ltr' id='par_1_90' title="bbox 1879 2828 3454 2899">
     <span class='ocr_line' id='line_1_90' title="bbox 1879 2828 3454 2899; baseline -0.003 -13"><span class='ocrx_word' id='word_1_690' title='bbox 1879 2831 2201 2899; x_wconf 87' lang='lat' dir='ltr'><strong><em>sepulturam</em></strong></span> <span class='ocrx_word' id='word_1_691' title='bbox 2241 2828 2356 2898; x_wconf 90' lang='lat' dir='ltr'><strong><em>ejus</em></strong></span> <span class='ocrx_word' id='word_1_692' title='bbox 2392 2828 2624 2884; x_wconf 88' lang='lat' dir='ltr'><strong><em>occurrit</em></strong></span> <span class='ocrx_word' id='word_1_693' title='bbox 2652 2844 2665 2880; x_wconf 94' lang='lat'><strong>:</strong></span> <span class='ocrx_word' id='word_1_694' title='bbox 2694 2828 2936 2883; x_wconf 88' lang='lat' dir='ltr'><strong><em>eamdem</em></strong></span> <span class='ocrx_word' id='word_1_695' title='bbox 2983 2836 3156 2883; x_wconf 87' lang='lat' dir='ltr'><strong><em>tamen</em></strong></span> <span class='ocrx_word' id='word_1_696' title='bbox 3209 2844 3454 2898; x_wconf 63' lang='lat' dir='ltr'><strong><em>premun-</em></strong></span> 
     </span>
    </p>
   </div>
   <div class='ocr_carea' id='block_1_91' title="bbox 1882 2918 3454 2978">
    <p class='ocr_par' dir='ltr' id='par_1_91' title="bbox 1882 2918 3454 2978">
     <span class='ocr_line' id='line_1_91' title="bbox 1882 2918 3454 2978; baseline -0.002 -1"><span class='ocrx_word' id='word_1_697' title='bbox 1882 2924 2098 2978; x_wconf 86' lang='lat' dir='ltr'><strong><em>tiantem</em></strong></span> <span class='ocrx_word' id='word_1_698' title='bbox 2125 2920 2583 2977; x_wconf 87' lang='lat' dir='ltr'><strong><em>circumcisionem</em></strong></span> <span class='ocrx_word' id='word_1_699' title='bbox 2607 2920 2782 2975; x_wconf 84' lang='lat' dir='ltr'><strong><em>carnis</em></strong></span> <span class='ocrx_word' id='word_1_700' title='bbox 2814 2919 2987 2974; x_wconf 80' lang='lat' dir='ltr'><strong><em>infans</em></strong></span> <span class='ocrx_word' id='word_1_701' title='bbox 3022 2918 3265 2974; x_wconf 89' lang='lat' dir='ltr'><strong><em>Christus</em></strong></span> <span class='ocrx_word' id='word_1_702' title='bbox 3300 2935 3454 2975; x_wconf 90' lang='lat' dir='ltr'><strong><em>acce-</em></strong></span> 
     </span>
    </p>
   </div>
   <div class='ocr_carea' id='block_1_92' title="bbox 1879 3007 3457 3084">
    <p class='ocr_par' dir='ltr' id='par_1_92' title="bbox 1879 3007 3457 3084">
     <span class='ocr_line' id='line_1_92' title="bbox 1879 3007 3457 3084; baseline -0.001 -18"><span class='ocrx_word' id='word_1_703' title='bbox 1879 3013 1977 3084; x_wconf 90' lang='lat' dir='ltr'><strong><em>pit.</em></strong></span> <span class='ocrx_word' id='word_1_704' title='bbox 2021 3011 2090 3066; x_wconf 90' lang='lat' dir='ltr'><strong><em>Et</em></strong></span> <span class='ocrx_word' id='word_1_705' title='bbox 2126 3009 2572 3081; x_wconf 89' lang='lat' dir='ltr'><strong><em>quemadmodum</em></strong></span> <span class='ocrx_word' id='word_1_706' title='bbox 2612 3009 2814 3065; x_wconf 85' lang='lat' dir='ltr'><strong><em>Pascha</em></strong></span> <span class='ocrx_word' id='word_1_707' title='bbox 2856 3011 2998 3080; x_wconf 90' lang='lat' dir='ltr'><strong><em>quod</em></strong></span> <span class='ocrx_word' id='word_1_708' title='bbox 3028 3007 3279 3069; x_wconf 50' lang='lat' dir='ltr'><strong><em>aQJudzeis</em></strong></span> <span class='ocrx_word' id='word_1_709' title='bbox 3319 3011 3457 3065; x_wconf 86' lang='lat' dir='ltr'><strong><em>cclc-</em></strong></span> 
     </span>
    </p>
   </div>
   <div class='ocr_carea' id='block_1_93' title="bbox 1881 3099 3457 3170">
    <p class='ocr_par' dir='ltr' id='par_1_93' title="bbox 1881 3099 3457 3170">
     <span class='ocr_line' id='line_1_93' title="bbox 1881 3099 3457 3170; baseline -0.004 -12"><span class='ocrx_word' id='word_1_710' title='bbox 1881 3102 2134 3158; x_wconf 87' lang='lat' dir='ltr'><strong><em>brabatur</em></strong></span> <span class='ocrx_word' id='word_1_711' title='bbox 2154 3101 2207 3155; x_wconf 88' lang='lat' dir='ltr'><strong><em>in</em></strong></span> <span class='ocrx_word' id='word_1_712' title='bbox 2233 3100 2498 3157; x_wconf 89' lang='lat' dir='ltr'><strong><em>occisione</em></strong></span> <span class='ocrx_word' id='word_1_713' title='bbox 2525 3099 2667 3170; x_wconf 82' lang='lat' dir='ltr'><strong><em>agni,</em></strong></span> <span class='ocrx_word' id='word_1_714' title='bbox 2690 3100 3077 3170; x_wconf 65' lang='lat' dir='ltr'><strong><em>pra-nuntiabat</em></strong></span> <span class='ocrx_word' id='word_1_715' title='bbox 3105 3100 3312 3154; x_wconf 83' lang='lat' dir='ltr'><strong><em>Domini</em></strong></span> <span class='ocrx_word' id='word_1_716' title='bbox 3340 3114 3457 3168; x_wconf 85' lang='lat' dir='ltr'><strong><em>pas-</em></strong></span> 
     </span>
    </p>
   </div>
   <div class='ocr_carea' id='block_1_94' title="bbox 1881 3189 3458 3256">
    <p class='ocr_par' dir='ltr' id='par_1_94' title="bbox 1881 3189 3458 3256">
     <span class='ocr_line' id='line_1_94' title="bbox 1881 3189 3458 3256; baseline -0.002 -9"><span class='ocrx_word' id='word_1_717' title='bbox 1881 3192 2086 3248; x_wconf 90' lang='lat' dir='ltr'><strong><em>sionem</em></strong></span> <span class='ocrx_word' id='word_1_718' title='bbox 2124 3201 2180 3247; x_wconf 91' lang='lat' dir='ltr'><strong><em>et</em></strong></span> <span class='ocrx_word' id='word_1_719' title='bbox 2222 3190 2610 3247; x_wconf 83' lang='lat' dir='ltr'><strong><em>transitumde</em></strong></span> <span class='ocrx_word' id='word_1_720' title='bbox 2653 3190 2756 3245; x_wconf 85' lang='lat' dir='ltr'><strong><em>hoc</em></strong></span> <span class='ocrx_word' id='word_1_721' title='bbox 2800 3190 2999 3245; x_wconf 89' lang='lat' dir='ltr'><strong><em>mundo</em></strong></span> <span class='ocrx_word' id='word_1_722' title='bbox 3035 3189 3103 3243; x_wconf 83' lang='lat' dir='ltr'><strong><em>ad</em></strong></span> <span class='ocrx_word' id='word_1_723' title='bbox 3143 3189 3375 3256; x_wconf 88' lang='lat' dir='ltr'><strong><em>Patrem,</em></strong></span> <span class='ocrx_word' id='word_1_724' title='bbox 3406 3199 3458 3244; x_wconf 87' lang='lat' dir='ltr'><strong><em>et</em></strong></span> 
     </span>
    </p>
   </div>
   <div class='ocr_carea' id='block_1_95' title="bbox 1883 3278 3458 3351">
    <p class='ocr_par' dir='ltr' id='par_1_95' title="bbox 1883 3278 3458 3351">
     <span class='ocr_line' id='line_1_95' title="bbox 1883 3278 3458 3351; baseline -0.002 -16"><span class='ocrx_word' id='word_1_725' title='bbox 1883 3282 2056 3351; x_wconf 87' lang='lat' dir='ltr'><strong><em>ipsum</em></strong></span> <span class='ocrx_word' id='word_1_726' title='bbox 2083 3292 2257 3337; x_wconf 86' lang='lat' dir='ltr'><strong><em>tamen</em></strong></span> <span class='ocrx_word' id='word_1_727' title='bbox 2286 3279 2489 3336; x_wconf 88' lang='lat' dir='ltr'><strong><em>Pascha</em></strong></span> <span class='ocrx_word' id='word_1_728' title='bbox 2527 3279 2669 3351; x_wconf 88' lang='lat' dir='ltr'><strong><em>quod</em></strong></span> <span class='ocrx_word' id='word_1_729' title='bbox 2695 3290 2812 3334; x_wconf 86' lang='lat' dir='ltr'><strong><em>erat</em></strong></span> <span class='ocrx_word' id='word_1_730' title='bbox 2839 3281 2891 3333; x_wconf 90' lang='lat' dir='ltr'><strong><em>in</em></strong></span> <span class='ocrx_word' id='word_1_731' title='bbox 2927 3278 3112 3335; x_wconf 87' lang='lat' dir='ltr'><strong><em>eadem</em></strong></span> <span class='ocrx_word' id='word_1_732' title='bbox 3137 3280 3458 3348; x_wconf 64' lang='lat' dir='ltr'><strong><em>praenuntia-</em></strong></span> 
     </span>
    </p>
   </div>
   <div class='ocr_carea' id='block_1_96' title="bbox 1884 3369 3461 3441">
    <p class='ocr_par' dir='ltr' id='par_1_96' title="bbox 1884 3369 3461 3441">
     <span class='ocr_line' id='line_1_96' title="bbox 1884 3369 3461 3441; baseline -0.003 -14"><span class='ocrx_word' id='word_1_733' title='bbox 1884 3375 2050 3439; x_wconf 86' lang='lat' dir='ltr'><strong><em>tione,</em></strong></span> <span class='ocrx_word' id='word_1_734' title='bbox 2072 3373 2211 3428; x_wconf 90' lang='lat' dir='ltr'><strong><em>idem</em></strong></span> <span class='ocrx_word' id='word_1_735' title='bbox 2233 3373 2488 3427; x_wconf 88' lang='lat' dir='ltr'><strong><em>Dominus</em></strong></span> <span class='ocrx_word' id='word_1_736' title='bbox 2503 3385 2622 3427; x_wconf 91' lang='lat' dir='ltr'><strong><em>cum</em></strong></span> <span class='ocrx_word' id='word_1_737' title='bbox 2648 3370 2919 3441; x_wconf 86' lang='lat' dir='ltr'><strong><em>discipulis</em></strong></span> <span class='ocrx_word' id='word_1_738' title='bbox 2944 3369 3231 3425; x_wconf 88' lang='lat' dir='ltr'><strong><em>celebravit</em></strong></span> <span class='ocrx_word' id='word_1_739' title='bbox 3249 3369 3461 3439; x_wconf 86' lang='lat' dir='ltr'><strong><em>quando</em></strong></span> 
     </span>
    </p>
   </div>
   <div class='ocr_carea' id='block_1_97' title="bbox 1885 3460 3461 3535">
    <p class='ocr_par' dir='ltr' id='par_1_97' title="bbox 1885 3460 3461 3535">
     <span class='ocr_line' id='line_1_97' title="bbox 1885 3460 3461 3535; baseline -0.003 -16"><span class='ocrx_word' id='word_1_740' title='bbox 1885 3464 1934 3519; x_wconf 90' lang='lat' dir='ltr'><strong><em>ei</em></strong></span> <span class='ocrx_word' id='word_1_741' title='bbox 1964 3473 2339 3535; x_wconf 76' lang='lat' dir='ltr'><strong><em>suggesserunt</em></strong></span> <span class='ocrx_word' id='word_1_742' title='bbox 2364 3462 2637 3527; x_wconf 90' lang='lat' dir='ltr'><strong><em>dicentes,</em></strong></span> <span class='ocrx_word' id='word_1_743' title='bbox 2673 3460 2771 3516; x_wconf 86' lang='lat' dir='ltr'><strong><em>Ubi</em></strong></span> <span class='ocrx_word' id='word_1_744' title='bbox 2794 3461 2868 3516; x_wconf 87' lang='lat' dir='ltr'><strong><em>vis</em></strong></span> <span class='ocrx_word' id='word_1_745' title='bbox 2894 3477 3127 3532; x_wconf 82' lang='lat' dir='ltr'><strong><em>paremus</em></strong></span> <span class='ocrx_word' id='word_1_746' title='bbox 3156 3460 3245 3515; x_wconf 84' lang='lat' dir='ltr'><strong><em>tibi</em></strong></span> <span class='ocrx_word' id='word_1_747' title='bbox 3272 3461 3461 3532; x_wconf 84' lang='lat' dir='ltr'><strong><em>pascha</em></strong></span> 
     </span>
    </p>
   </div>
   <div class='ocr_carea' id='block_1_98' title="bbox 1888 3552 3459 3629">
    <p class='ocr_par' dir='ltr' id='par_1_98' title="bbox 1888 3552 3459 3629">
     <span class='ocr_line' id='line_1_98' title="bbox 1888 3552 3459 3629; baseline -0.001 -20"><span class='ocrx_word' id='word_1_748' title='bbox 1888 3555 2098 3629; x_wconf 79' lang='lat' dir='ltr'><strong><em>(Matth.</em></strong></span> <span class='ocrx_word' id='word_1_749' title='bbox 2127 3572 2269 3622; x_wconf 76' lang='lat' dir='ltr'><strong><em>xxvi,</em></strong></span> <span class='ocrx_word' id='word_1_750' title='bbox 2300 3555 2423 3626; x_wconf 81' lang='lat' dir='ltr'><strong><em>l7)?</em></strong></span> <span class='ocrx_word' id='word_1_751' title='bbox 2448 3555 2524 3609; x_wconf 88' lang='lat' dir='ltr'><strong><em>sic</em></strong></span> <span class='ocrx_word' id='word_1_752' title='bbox 2548 3562 2604 3609; x_wconf 91' lang='lat' dir='ltr'><strong><em>et</em></strong></span> <span class='ocrx_word' id='word_1_753' title='bbox 2620 3554 2941 3623; x_wconf 86' lang='lat' dir='ltr'><strong><em>baptismum</em></strong></span> <span class='ocrx_word' id='word_1_754' title='bbox 2967 3552 3206 3619; x_wconf 87' lang='lat' dir='ltr'><strong><em>Joannis,</em></strong></span> <span class='ocrx_word' id='word_1_755' title='bbox 3230 3555 3319 3623; x_wconf 91' lang='lat' dir='ltr'><strong><em>qui</em></strong></span> <span class='ocrx_word' id='word_1_756' title='bbox 3343 3564 3459 3609; x_wconf 87' lang='lat' dir='ltr'><strong><em>erat</em></strong></span> 
     </span>
    </p>
   </div>
   <div class='ocr_carea' id='block_1_99' title="bbox 1887 3644 3455 3716">
    <p class='ocr_par' dir='ltr' id='par_1_99' title="bbox 1887 3644 3455 3716">
     <span class='ocr_line' id='line_1_99' title="bbox 1887 3644 3455 3716; baseline -0.002 -15"><span class='ocrx_word' id='word_1_757' title='bbox 1887 3647 1940 3702; x_wconf 88' lang='lat' dir='ltr'><strong><em>in</em></strong></span> <span class='ocrx_word' id='word_1_758' title='bbox 1970 3648 2205 3716; x_wconf 83' lang='lat' dir='ltr'><strong><em>proxima</em></strong></span> <span class='ocrx_word' id='word_1_759' title='bbox 2236 3646 2351 3715; x_wconf 86' lang='lat' dir='ltr'><strong><em>ejus</em></strong></span> <span class='ocrx_word' id='word_1_760' title='bbox 2378 3645 2818 3715; x_wconf 73' lang='lat' dir='ltr'><strong><em>prmnuntiatione</em></strong></span> <span class='ocrx_word' id='word_1_761' title='bbox 2838 3686 2854 3710; x_wconf 90' lang='lat'><strong><em>,</em></strong></span> <span class='ocrx_word' id='word_1_762' title='bbox 2881 3645 3040 3698; x_wconf 88' lang='lat' dir='ltr'><strong><em>etiam</em></strong></span> <span class='ocrx_word' id='word_1_763' title='bbox 3066 3644 3178 3715; x_wconf 87' lang='lat' dir='ltr'><strong><em>ipse</em></strong></span> <span class='ocrx_word' id='word_1_764' title='bbox 3203 3647 3455 3715; x_wconf 89' lang='lat' dir='ltr'><strong><em>suscepit.</em></strong></span> 
     </span>
    </p>
   </div>
   <div class='ocr_carea' id='block_1_100' title="bbox 1889 3731 3457 3796">
    <p class='ocr_par' dir='ltr' id='par_1_100' title="bbox 1889 3731 3457 3796">
     <span class='ocr_line' id='line_1_100' title="bbox 1889 3731 3457 3796; baseline -0.003 -7"><span class='ocrx_word' id='word_1_765' title='bbox 1889 3735 1995 3789; x_wconf 86' lang='lat' dir='ltr'><strong><em>Sed</em></strong></span> <span class='ocrx_word' id='word_1_766' title='bbox 2042 3736 2177 3789; x_wconf 77' lang='lat' dir='ltr'><strong><em>sicut</em></strong></span> <span class='ocrx_word' id='word_1_767' title='bbox 2218 3734 2360 3787; x_wconf 85' lang='lat' dir='ltr'><strong><em>aliud</em></strong></span> <span class='ocrx_word' id='word_1_768' title='bbox 2397 3742 2477 3787; x_wconf 89' lang='lat' dir='ltr'><strong><em>est</em></strong></span> <span class='ocrx_word' id='word_1_769' title='bbox 2524 3734 2699 3785; x_wconf 82' lang='lat' dir='ltr'><strong><em>carnis</em></strong></span> <span class='ocrx_word' id='word_1_770' title='bbox 2739 3732 3071 3786; x_wconf 87' lang='lat' dir='ltr'><strong><em>circumcisio</em></strong></span> <span class='ocrx_word' id='word_1_771' title='bbox 3116 3731 3457 3796; x_wconf 69' lang='lat' dir='ltr'><strong><em>Judzeorum,</em></strong></span> 
     </span>
    </p>
   </div>
   <div class='ocr_carea' id='block_1_101' title="bbox 1888 3822 3466 3893">
    <p class='ocr_par' dir='ltr' id='par_1_101' title="bbox 1888 3822 3466 3893">
     <span class='ocr_line' id='line_1_101' title="bbox 1888 3822 3466 3893; baseline -0.002 -13"><span class='ocrx_word' id='word_1_772' title='bbox 1888 3825 2032 3880; x_wconf 90' lang='lat' dir='ltr'><strong><em>aliud</em></strong></span> <span class='ocrx_word' id='word_1_773' title='bbox 2058 3835 2233 3879; x_wconf 79' lang='lat' dir='ltr'><strong><em>autem</em></strong></span> <span class='ocrx_word' id='word_1_774' title='bbox 2260 3823 2400 3893; x_wconf 88' lang='lat' dir='ltr'><strong><em>quod</em></strong></span> <span class='ocrx_word' id='word_1_775' title='bbox 2428 3831 2615 3877; x_wconf 86' lang='lat' dir='ltr'><strong><em>octavo</em></strong></span> <span class='ocrx_word' id='word_1_776' title='bbox 2643 3822 2729 3876; x_wconf 87' lang='lat' dir='ltr'><strong><em>die</em></strong></span> <span class='ocrx_word' id='word_1_777' title='bbox 2762 3822 3145 3890; x_wconf 77' lang='lat' dir='ltr'><strong><em>baptizatorum</em></strong></span> <span class='ocrx_word' id='word_1_778' title='bbox 3187 3838 3286 3878; x_wconf 81' lang='lat' dir='ltr'><strong><em>nos</em></strong></span> <span class='ocrx_word' id='word_1_779' title='bbox 3324 3824 3466 3878; x_wconf 87' lang='lat' dir='ltr'><strong><em>cele-</em></strong></span> 
     </span>
    </p>
   </div>
   <div class='ocr_carea' id='block_1_102' title="bbox 1889 3910 3465 3980">
    <p class='ocr_par' dir='ltr' id='par_1_102' title="bbox 1889 3910 3465 3980">
     <span class='ocr_line' id='line_1_102' title="bbox 1889 3910 3465 3980; baseline -0.001 -10"><span class='ocrx_word' id='word_1_780' title='bbox 1889 3916 2134 3979; x_wconf 88' lang='lat' dir='ltr'><strong><em>bramus;</em></strong></span> <span class='ocrx_word' id='word_1_781' title='bbox 2182 3921 2236 3967; x_wconf 93' lang='lat' dir='ltr'><strong><em>et</em></strong></span> <span class='ocrx_word' id='word_1_782' title='bbox 2267 3912 2409 3967; x_wconf 90' lang='lat' dir='ltr'><strong><em>aliud</em></strong></span> <span class='ocrx_word' id='word_1_783' title='bbox 2451 3920 2530 3967; x_wconf 90' lang='lat' dir='ltr'><strong><em>est</em></strong></span> <span class='ocrx_word' id='word_1_784' title='bbox 2571 3910 2772 3965; x_wconf 82' lang='lat' dir='ltr'><strong><em>Pascha</em></strong></span> <span class='ocrx_word' id='word_1_785' title='bbox 2807 3910 2945 3980; x_wconf 91' lang='lat' dir='ltr'><strong><em>quod</em></strong></span> <span class='ocrx_word' id='word_1_786' title='bbox 2974 3911 3147 3966; x_wconf 90' lang='lat' dir='ltr'><strong><em>adhuc</em></strong></span> <span class='ocrx_word' id='word_1_787' title='bbox 3173 3912 3244 3966; x_wconf 91' lang='lat' dir='ltr'><strong><em>illi</em></strong></span> <span class='ocrx_word' id='word_1_788' title='bbox 3270 3912 3336 3967; x_wconf 88' lang='lat' dir='ltr'><strong><em>de</em></strong></span> <span class='ocrx_word' id='word_1_789' title='bbox 3364 3928 3465 3969; x_wconf 78' lang='lat' dir='ltr'><strong><em>ove</em></strong></span> 
     </span>
    </p>
   </div>
   <div class='ocr_carea' id='block_1_103' title="bbox 1891 4003 3466 4077">
    <p class='ocr_par' dir='ltr' id='par_1_103' title="bbox 1891 4003 3466 4077">
     <span class='ocr_line' id='line_1_103' title="bbox 1891 4003 3466 4077; baseline -0.001 -16"><span class='ocrx_word' id='word_1_790' title='bbox 1891 4006 2157 4061; x_wconf 87' lang='lat' dir='ltr'><strong><em>celebrant</em></strong></span> <span class='ocrx_word' id='word_1_791' title='bbox 2177 4004 2275 4077; x_wconf 87' lang='lat' dir='ltr'><strong><em>(a),</em></strong></span> <span class='ocrx_word' id='word_1_792' title='bbox 2293 4003 2433 4059; x_wconf 88' lang='lat' dir='ltr'><strong><em>aliud</em></strong></span> <span class='ocrx_word' id='word_1_793' title='bbox 2454 4013 2629 4060; x_wconf 89' lang='lat' dir='ltr'><strong><em>autem</em></strong></span> <span class='ocrx_word' id='word_1_794' title='bbox 2652 4003 2792 4074; x_wconf 90' lang='lat' dir='ltr'><strong><em>quod</em></strong></span> <span class='ocrx_word' id='word_1_795' title='bbox 2814 4017 2910 4057; x_wconf 90' lang='lat' dir='ltr'><strong><em>nos</em></strong></span> <span class='ocrx_word' id='word_1_796' title='bbox 2936 4003 2988 4056; x_wconf 92' lang='lat' dir='ltr'><strong><em>in</em></strong></span> <span class='ocrx_word' id='word_1_797' title='bbox 3012 4018 3235 4071; x_wconf 86' lang='lat' dir='ltr'><strong><em>corpore</em></strong></span> <span class='ocrx_word' id='word_1_798' title='bbox 3262 4013 3316 4059; x_wconf 89' lang='lat' dir='ltr'><strong><em>et</em></strong></span> <span class='ocrx_word' id='word_1_799' title='bbox 3340 4018 3466 4059; x_wconf 87' lang='lat' dir='ltr'><strong><em>san-</em></strong></span> 
     </span>
    </p>
   </div>
   <div class='ocr_carea' id='block_1_104' title="bbox 1891 4092 3466 4165">
    <p class='ocr_par' dir='ltr' id='par_1_104' title="bbox 1891 4092 3466 4165">
     <span class='ocr_line' id='line_1_104' title="bbox 1891 4092 3466 4165; baseline -0.001 -15"><span class='ocrx_word' id='word_1_800' title='bbox 1891 4096 2049 4165; x_wconf 77' lang='lat' dir='ltr'><strong><em>guine</em></strong></span> <span class='ocrx_word' id='word_1_801' title='bbox 2098 4095 2303 4148; x_wconf 85' lang='lat' dir='ltr'><strong><em>Domini</em></strong></span> <span class='ocrx_word' id='word_1_802' title='bbox 2352 4094 2685 4161; x_wconf 87' lang='lat' dir='ltr'><strong><em>accipimus:</em></strong></span> <span class='ocrx_word' id='word_1_803' title='bbox 2726 4095 2804 4147; x_wconf 92' lang='lat' dir='ltr'><strong><em>sic</em></strong></span> <span class='ocrx_word' id='word_1_804' title='bbox 2850 4093 2985 4147; x_wconf 88' lang='lat' dir='ltr'><strong><em>alius</em></strong></span> <span class='ocrx_word' id='word_1_805' title='bbox 3034 4093 3132 4147; x_wconf 79' lang='lat' dir='ltr'><strong><em>fuit</em></strong></span> <span class='ocrx_word' id='word_1_806' title='bbox 3176 4092 3466 4163; x_wconf 88' lang='lat' dir='ltr'><strong><em>baptismus</em></strong></span> 
     </span>
    </p>
   </div>
   <div class='ocr_carea' id='block_1_105' title="bbox 1892 4183 3465 4253">
    <p class='ocr_par' dir='ltr' id='par_1_105' title="bbox 1892 4183 3465 4253">
     <span class='ocr_line' id='line_1_105' title="bbox 1892 4183 3465 4253; baseline -0.003 -11"><span class='ocrx_word' id='word_1_807' title='bbox 1892 4187 2112 4242; x_wconf 86' lang='lat' dir='ltr'><strong><em>Joannis</em></strong></span> <span class='ocrx_word' id='word_1_808' title='bbox 2133 4227 2149 4252; x_wconf 93' lang='lat'><strong><em>,</em></strong></span> <span class='ocrx_word' id='word_1_809' title='bbox 2179 4185 2315 4239; x_wconf 87' lang='lat' dir='ltr'><strong><em>alius</em></strong></span> <span class='ocrx_word' id='word_1_810' title='bbox 2341 4194 2424 4240; x_wconf 90' lang='lat' dir='ltr'><strong><em>est</em></strong></span> <span class='ocrx_word' id='word_1_811' title='bbox 2459 4184 2758 4253; x_wconf 82' lang='lat' dir='ltr'><strong><em>Baptismus</em></strong></span> <span class='ocrx_word' id='word_1_812' title='bbox 2781 4183 2997 4239; x_wconf 86' lang='lat' dir='ltr'><strong><em>Christi.</em></strong></span> <span class='ocrx_word' id='word_1_813' title='bbox 3031 4184 3137 4240; x_wconf 91' lang='lat' dir='ltr'><strong><em>lllis</em></strong></span> <span class='ocrx_word' id='word_1_814' title='bbox 3161 4188 3302 4240; x_wconf 87' lang='lat' dir='ltr'><strong><em>enim</em></strong></span> <span class='ocrx_word' id='word_1_815' title='bbox 3332 4200 3465 4241; x_wconf 89' lang='lat' dir='ltr'><strong><em>ven-</em></strong></span> 
     </span>
    </p>
   </div>
   <div class='ocr_carea' id='block_1_106' title="bbox 1895 4275 3469 4347">
    <p class='ocr_par' dir='ltr' id='par_1_106' title="bbox 1895 4275 3469 4347">
     <span class='ocr_line' id='line_1_106' title="bbox 1895 4275 3469 4347; baseline 0 -16"><span class='ocrx_word' id='word_1_816' title='bbox 1895 4286 2010 4331; x_wconf 87' lang='lat' dir='ltr'><strong><em>tura</em></strong></span> <span class='ocrx_word' id='word_1_817' title='bbox 2041 4277 2136 4331; x_wconf 78' lang='lat' dir='ltr'><strong><em>ista</em></strong></span> <span class='ocrx_word' id='word_1_818' title='bbox 2159 4275 2649 4346; x_wconf 69' lang='lat' dir='ltr'><strong><em>praenuntiabanlur</em></strong></span> <span class='ocrx_word' id='word_1_819' title='bbox 2678 4293 2690 4327; x_wconf 90' lang='lat'>:</span> <span class='ocrx_word' id='word_1_820' title='bbox 2724 4276 2839 4329; x_wconf 91' lang='lat' dir='ltr'><strong><em>istis</em></strong></span> <span class='ocrx_word' id='word_1_821' title='bbox 2863 4276 3124 4347; x_wconf 85' lang='lat' dir='ltr'><strong><em>completa</em></strong></span> <span class='ocrx_word' id='word_1_822' title='bbox 3157 4277 3242 4331; x_wconf 89' lang='lat' dir='ltr'><strong><em>illa</em></strong></span> <span class='ocrx_word' id='word_1_823' title='bbox 3279 4278 3469 4346; x_wconf 60' lang='lat' dir='ltr'><strong><em>praedi-</em></strong></span> 
     </span>
    </p>
   </div>
   <div class='ocr_carea' id='block_1_107' title="bbox 1894 4365 3471 4438">
    <p class='ocr_par' dir='ltr' id='par_1_107' title="bbox 1894 4365 3471 4438">
     <span class='ocr_line' id='line_1_107' title="bbox 1894 4365 3471 4438; baseline -0.001 -14"><span class='ocrx_word' id='word_1_824' title='bbox 1894 4379 2101 4425; x_wconf 88' lang='lat' dir='ltr'><strong><em>cantur.</em></strong></span> <span class='ocrx_word' id='word_1_825' title='bbox 2143 4370 2206 4423; x_wconf 80' lang='lat' dir='ltr'><strong><em>Et</em></strong></span> <span class='ocrx_word' id='word_1_826' title='bbox 2231 4368 2470 4437; x_wconf 82' lang='lat' dir='ltr'><strong><em>quamvis</em></strong></span> <span class='ocrx_word' id='word_1_827' title='bbox 2497 4367 2584 4421; x_wconf 86' lang='lat' dir='ltr'><strong><em>illa</em></strong></span> <span class='ocrx_word' id='word_1_828' title='bbox 2608 4365 2851 4421; x_wconf 87' lang='lat' dir='ltr'><strong><em>Christus</em></strong></span> <span class='ocrx_word' id='word_1_829' title='bbox 2878 4370 3176 4438; x_wconf 84' lang='lat' dir='ltr'><strong><em>acceperit;</em></strong></span> <span class='ocrx_word' id='word_1_830' title='bbox 3211 4370 3363 4425; x_wconf 91' lang='lat' dir='ltr'><strong><em>nobis</em></strong></span> <span class='ocrx_word' id='word_1_831' title='bbox 3394 4380 3471 4424; x_wconf 86' lang='lat' dir='ltr'><strong><em>ta-</em></strong></span> 
     </span>
    </p>
   </div>
   <div class='ocr_carea' id='block_1_108' title="bbox 1896 4458 3471 4530">
    <p class='ocr_par' dir='ltr' id='par_1_108' title="bbox 1896 4458 3471 4530">
     <span class='ocr_line' id='line_1_108' title="bbox 1896 4458 3471 4530; baseline -0.001 -14"><span class='ocrx_word' id='word_1_832' title='bbox 1896 4474 2017 4516; x_wconf 78' lang='lat' dir='ltr'><strong><em>men</em></strong></span> <span class='ocrx_word' id='word_1_833' title='bbox 2062 4458 2361 4515; x_wconf 88' lang='lat' dir='ltr'><strong><em>necessaria</em></strong></span> <span class='ocrx_word' id='word_1_834' title='bbox 2395 4473 2500 4511; x_wconf 89' lang='lat' dir='ltr'><strong><em>non</em></strong></span> <span class='ocrx_word' id='word_1_835' title='bbox 2536 4467 2689 4521; x_wconf 89' lang='lat' dir='ltr'><strong><em>sunt,</em></strong></span> <span class='ocrx_word' id='word_1_836' title='bbox 2717 4460 2838 4525; x_wconf 87' lang='lat' dir='ltr'><strong><em>quia</em></strong></span> <span class='ocrx_word' id='word_1_837' title='bbox 2877 4458 3051 4527; x_wconf 89' lang='lat' dir='ltr'><strong><em>ipsum</em></strong></span> <span class='ocrx_word' id='word_1_838' title='bbox 3093 4460 3182 4529; x_wconf 87' lang='lat' dir='ltr'><strong><em>qui</em></strong></span> <span class='ocrx_word' id='word_1_839' title='bbox 3223 4475 3316 4530; x_wconf 90' lang='lat' dir='ltr'><strong><em>per</em></strong></span> <span class='ocrx_word' id='word_1_840' title='bbox 3357 4460 3471 4514; x_wconf 75' lang='lat' dir='ltr'><strong><em>lucc</em></strong></span> 
     </span>
    </p>
   </div>
   <div class='ocr_carea' id='block_1_109' title="bbox 1896 4548 3467 4618">
    <p class='ocr_par' dir='ltr' id='par_1_109' title="bbox 1896 4548 3467 4618">
     <span class='ocr_line' id='line_1_109' title="bbox 1896 4548 3467 4618; baseline 0 -11"><span class='ocrx_word' id='word_1_841' title='bbox 1896 4551 2304 4607; x_wconf 86' lang='lat' dir='ltr'><strong><em>annuntiabatur</em></strong></span> <span class='ocrx_word' id='word_1_842' title='bbox 2352 4548 2672 4618; x_wconf 83' lang='lat' dir='ltr'><strong><em>accepimus.</em></strong></span> <span class='ocrx_word' id='word_1_843' title='bbox 2741 4548 2961 4604; x_wconf 80' lang='lat' dir='ltr'><strong><em>Recenti</em></strong></span> <span class='ocrx_word' id='word_1_844' title='bbox 3010 4562 3189 4606; x_wconf 88' lang='lat' dir='ltr'><strong><em>autem</em></strong></span> <span class='ocrx_word' id='word_1_845' title='bbox 3240 4552 3467 4607; x_wconf 87' lang='lat' dir='ltr'><strong><em>adventu</em></strong></span> 
     </span>
    </p>
   </div>
   <div class='ocr_carea' id='block_1_110' title="bbox 1898 4640 3469 4711">
    <p class='ocr_par' dir='ltr' id='par_1_110' title="bbox 1898 4640 3469 4711">
     <span class='ocr_line' id='line_1_110' title="bbox 1898 4640 3469 4711; baseline 0 -13"><span class='ocrx_word' id='word_1_846' title='bbox 1898 4641 2104 4699; x_wconf 87' lang='lat' dir='ltr'><strong><em>Domini</em></strong></span> <span class='ocrx_word' id='word_1_847' title='bbox 2130 4640 2369 4711; x_wconf 88' lang='lat' dir='ltr'><strong><em>quisquis</em></strong></span> <span class='ocrx_word' id='word_1_848' title='bbox 2397 4640 2481 4693; x_wconf 90' lang='lat' dir='ltr'><strong><em>illa</em></strong></span> <span class='ocrx_word' id='word_1_849' title='bbox 2509 4640 2817 4709; x_wconf 87' lang='lat' dir='ltr'><strong><em>accepisset,</em></strong></span> <span class='ocrx_word' id='word_1_850' title='bbox 2840 4654 2976 4709; x_wconf 92' lang='lat' dir='ltr'><strong><em>opus</em></strong></span> <span class='ocrx_word' id='word_1_851' title='bbox 3000 4641 3052 4696; x_wconf 93' lang='lat' dir='ltr'><strong><em>ei</em></strong></span> <span class='ocrx_word' id='word_1_852' title='bbox 3082 4652 3199 4696; x_wconf 84' lang='lat' dir='ltr'><strong><em>erat</em></strong></span> <span class='ocrx_word' id='word_1_853' title='bbox 3226 4653 3285 4698; x_wconf 90' lang='lat' dir='ltr'><strong><em>ut</em></strong></span> <span class='ocrx_word' id='word_1_854' title='bbox 3310 4645 3469 4699; x_wconf 88' lang='lat' dir='ltr'><strong><em>etiam</em></strong></span> 
     </span>
    </p>
   </div>
   <div class='ocr_carea' id='block_1_111' title="bbox 1898 4729 3469 4800">
    <p class='ocr_par' dir='ltr' id='par_1_111' title="bbox 1898 4729 3469 4800">
     <span class='ocr_line' id='line_1_111' title="bbox 1898 4729 3469 4800; baseline 0 -12"><span class='ocrx_word' id='word_1_855' title='bbox 1898 4735 1982 4789; x_wconf 85' lang='lat' dir='ltr'><strong><em>his</em></strong></span> <span class='ocrx_word' id='word_1_856' title='bbox 2010 4733 2332 4788; x_wconf 86' lang='lat' dir='ltr'><strong><em>imbueretur</em></strong></span> <span class='ocrx_word' id='word_1_857' title='bbox 2361 4748 2374 4784; x_wconf 89' lang='lat'><strong>:</strong></span> <span class='ocrx_word' id='word_1_858' title='bbox 2407 4730 2645 4800; x_wconf 88' lang='lat' dir='ltr'><strong><em>quisquis</em></strong></span> <span class='ocrx_word' id='word_1_859' title='bbox 2664 4744 2790 4783; x_wconf 85' lang='lat' dir='ltr'><strong><em>vero</em></strong></span> <span class='ocrx_word' id='word_1_860' title='bbox 2814 4729 2894 4784; x_wconf 91' lang='lat' dir='ltr'><strong><em>his</em></strong></span> <span class='ocrx_word' id='word_1_861' title='bbox 2915 4730 3150 4786; x_wconf 89' lang='lat' dir='ltr'><strong><em>imbutus</em></strong></span> <span class='ocrx_word' id='word_1_862' title='bbox 3174 4743 3335 4798; x_wconf 90' lang='lat' dir='ltr'><strong><em>esset,</em></strong></span> <span class='ocrx_word' id='word_1_863' title='bbox 3365 4749 3469 4788; x_wconf 89' lang='lat' dir='ltr'><strong><em>non</em></strong></span> 
     </span>
    </p>
   </div>
   <div class='ocr_carea' id='block_1_112' title="bbox 1898 4821 3062 4896">
    <p class='ocr_par' dir='ltr' id='par_1_112' title="bbox 1898 4821 3062 4896">
     <span class='ocr_line' id='line_1_112' title="bbox 1898 4821 3062 4896; baseline -0.003 -15"><span class='ocrx_word' id='word_1_864' title='bbox 1898 4840 2031 4896; x_wconf 88' lang='lat' dir='ltr'><strong><em>opus</em></strong></span> <span class='ocrx_word' id='word_1_865' title='bbox 2054 4834 2168 4879; x_wconf 91' lang='lat' dir='ltr'><strong><em>erat</em></strong></span> <span class='ocrx_word' id='word_1_866' title='bbox 2191 4833 2248 4877; x_wconf 91' lang='lat' dir='ltr'><strong><em>ut</em></strong></span> <span class='ocrx_word' id='word_1_867' title='bbox 2274 4833 2540 4877; x_wconf 86' lang='lat' dir='ltr'><strong><em>retrorsus</em></strong></span> <span class='ocrx_word' id='word_1_868' title='bbox 2571 4823 2622 4876; x_wconf 92' lang='lat' dir='ltr'><strong><em>in</em></strong></span> <span class='ocrx_word' id='word_1_869' title='bbox 2649 4821 2737 4876; x_wconf 86' lang='lat' dir='ltr'><strong><em>illa</em></strong></span> <span class='ocrx_word' id='word_1_870' title='bbox 2761 4831 3062 4890; x_wconf 78' lang='lat' dir='ltr'><strong><em>cogeretur.</em></strong></span> 
     </span>
    </p>
   </div>
   <div class='ocr_carea' id='block_1_113' title="bbox 1970 4913 3476 4984">
    <p class='ocr_par' dir='ltr' id='par_1_113' title="bbox 1970 4913 3476 4984">
     <span class='ocr_line' id='line_1_113' title="bbox 1970 4913 3476 4984; baseline -0.002 -11"><span class='ocrx_word' id='word_1_871' title='bbox 1970 4917 2058 4973; x_wconf 89' lang='lat'><strong><em>88.</em></strong></span> <span class='ocrx_word' id='word_1_872' title='bbox 2108 4916 2440 4984; x_wconf 87' lang='lat' dir='ltr'><strong><em>Quapropter</em></strong></span> <span class='ocrx_word' id='word_1_873' title='bbox 2465 4914 2626 4969; x_wconf 89' lang='lat' dir='ltr'><strong><em>nolite</em></strong></span> <span class='ocrx_word' id='word_1_874' title='bbox 2652 4913 2721 4969; x_wconf 88' lang='lat' dir='ltr'><strong><em>de</em></strong></span> <span class='ocrx_word' id='word_1_875' title='bbox 2760 4913 2982 4969; x_wconf 89' lang='lat' dir='ltr'><strong><em>Joannis</em></strong></span> <span class='ocrx_word' id='word_1_876' title='bbox 3010 4914 3271 4984; x_wconf 81' lang='lat' dir='ltr'><strong><em>baptismo</em></strong></span> <span class='ocrx_word' id='word_1_877' title='bbox 3294 4915 3476 4984; x_wconf 81' lang='lat' dir='ltr'><strong><em>caligi-</em></strong></span> 
     </span>
    </p>
   </div>
   <div class='ocr_carea' id='block_1_114' title="bbox 1900 5004 3479 5075">
    <p class='ocr_par' dir='ltr' id='par_1_114' title="bbox 1900 5004 3479 5075">
     <span class='ocr_line' id='line_1_114' title="bbox 1900 5004 3479 5075; baseline -0.003 -11"><span class='ocrx_word' id='word_1_878' title='bbox 1900 5024 2020 5064; x_wconf 91' lang='lat' dir='ltr'><strong><em>nem</em></strong></span> <span class='ocrx_word' id='word_1_879' title='bbox 2044 5006 2235 5069; x_wconf 78' lang='lat' dir='ltr'><strong><em>facere,</em></strong></span> <span class='ocrx_word' id='word_1_880' title='bbox 2264 5005 2413 5074; x_wconf 86' lang='lat' dir='ltr'><strong><em>cujus</em></strong></span> <span class='ocrx_word' id='word_1_881' title='bbox 2438 5019 2593 5058; x_wconf 86' lang='lat' dir='ltr'><strong><em>causa</em></strong></span> <span class='ocrx_word' id='word_1_882' title='bbox 2620 5014 2672 5058; x_wconf 89' lang='lat' dir='ltr'><strong><em>et</em></strong></span> <span class='ocrx_word' id='word_1_883' title='bbox 2701 5006 2837 5058; x_wconf 86' lang='lat' dir='ltr'><strong><em>ratio</em></strong></span> <span class='ocrx_word' id='word_1_884' title='bbox 2856 5004 2969 5059; x_wconf 89' lang='lat' dir='ltr'><strong><em>sive</em></strong></span> <span class='ocrx_word' id='word_1_885' title='bbox 2992 5005 3088 5059; x_wconf 89' lang='lat' dir='ltr'><strong><em>ista</em></strong></span> <span class='ocrx_word' id='word_1_886' title='bbox 3109 5007 3178 5060; x_wconf 86' lang='lat' dir='ltr'><strong><em>sit</em></strong></span> <span class='ocrx_word' id='word_1_887' title='bbox 3207 5021 3363 5075; x_wconf 86' lang='lat' dir='ltr'><strong><em>quam</em></strong></span> <span class='ocrx_word' id='word_1_888' title='bbox 3383 5023 3479 5060; x_wconf 74' lang='lat' dir='ltr'><strong><em>ex-</em></strong></span> 
     </span>
    </p>
   </div>
   <div class='ocr_carea' id='block_1_115' title="bbox 1900 5094 3476 5171">
    <p class='ocr_par' dir='ltr' id='par_1_115' title="bbox 1900 5094 3476 5171">
     <span class='ocr_line' id='line_1_115' title="bbox 1900 5094 3476 5171; baseline -0.004 -16"><span class='ocrx_word' id='word_1_889' title='bbox 1900 5099 2070 5171; x_wconf 90' lang='lat' dir='ltr'><strong><em>posui,</em></strong></span> <span class='ocrx_word' id='word_1_890' title='bbox 2093 5096 2202 5151; x_wconf 83' lang='lat' dir='ltr'><strong><em>sive</em></strong></span> <span class='ocrx_word' id='word_1_891' title='bbox 2219 5096 2318 5149; x_wconf 89' lang='lat' dir='ltr'><strong><em>alia</em></strong></span> <span class='ocrx_word' id='word_1_892' title='bbox 2342 5095 2527 5148; x_wconf 82' lang='lat' dir='ltr'><strong><em>melior</em></strong></span> <span class='ocrx_word' id='word_1_893' title='bbox 2546 5095 2843 5163; x_wconf 87' lang='lat' dir='ltr'><strong><em>certiorque</em></strong></span> <span class='ocrx_word' id='word_1_894' title='bbox 2860 5094 3128 5161; x_wconf 69' lang='lat' dir='ltr'><strong><em>reddatur,</em></strong></span> <span class='ocrx_word' id='word_1_895' title='bbox 3153 5095 3278 5149; x_wconf 79' lang='lat' dir='ltr'><strong><em>illud</em></strong></span> <span class='ocrx_word' id='word_1_896' title='bbox 3301 5105 3476 5150; x_wconf 86' lang='lat' dir='ltr'><strong><em>tamen</em></strong></span> 
     </span>
    </p>
   </div>
   <div class='ocr_carea' id='block_1_116' title="bbox 1901 5185 3472 5255">
    <p class='ocr_par' dir='ltr' id='par_1_116' title="bbox 1901 5185 3472 5255">
     <span class='ocr_line' id='line_1_116' title="bbox 1901 5185 3472 5255; baseline -0.002 -11"><span class='ocrx_word' id='word_1_897' title='bbox 1901 5190 2234 5244; x_wconf 71' lang='lat' dir='ltr'><strong><em>manifestum</em></strong></span> <span class='ocrx_word' id='word_1_898' title='bbox 2283 5196 2385 5252; x_wconf 88' lang='lat' dir='ltr'><strong><em>est,</em></strong></span> <span class='ocrx_word' id='word_1_899' title='bbox 2431 5186 2591 5239; x_wconf 88' lang='lat' dir='ltr'><strong><em>alium</em></strong></span> <span class='ocrx_word' id='word_1_900' title='bbox 2644 5185 2805 5240; x_wconf 86' lang='lat' dir='ltr'><strong><em>luisse</em></strong></span> <span class='ocrx_word' id='word_1_901' title='bbox 2858 5186 3176 5255; x_wconf 86' lang='lat' dir='ltr'><strong><em>baptismum</em></strong></span> <span class='ocrx_word' id='word_1_902' title='bbox 3224 5187 3472 5253; x_wconf 87' lang='lat' dir='ltr'><strong><em>Joannis,</em></strong></span> 
     </span>
    </p>
   </div>
   <div class='ocr_carea' id='block_1_117' title="bbox 1965 5421 2950 5483">
    <p class='ocr_par' dir='ltr' id='par_1_117' title="bbox 1965 5421 2950 5483">
     <span class='ocr_line' id='line_1_117' title="bbox 1965 5421 2950 5483; baseline -0.007 -7"><span class='ocrx_word' id='word_1_903' title='bbox 1965 5434 1980 5462; x_wconf 81' lang='grc'>¹</span> <span class='ocrx_word' id='word_1_904' title='bbox 2010 5435 2057 5476; x_wconf 85' lang='lat' dir='ltr'><strong><em>In</em></strong></span> <span class='ocrx_word' id='word_1_905' title='bbox 2083 5435 2206 5483; x_wconf 64' lang='lat' dir='ltr'><strong><em>uss,</em></strong></span> <span class='ocrx_word' id='word_1_906' title='bbox 2243 5433 2291 5474; x_wconf 91' lang='lat' dir='ltr'><strong><em>ut</em></strong></span> <span class='ocrx_word' id='word_1_907' title='bbox 2316 5423 2424 5473; x_wconf 88' lang='lat' dir='ltr'><strong><em>hinc</em></strong></span> <span class='ocrx_word' id='word_1_908' title='bbox 2446 5421 2712 5472; x_wconf 80' lang='lat' dir='ltr'><strong><em>inveniatur</em></strong></span> <span class='ocrx_word' id='word_1_909' title='bbox 2729 5422 2950 5480; x_wconf 79' lang='lat' dir='ltr'><strong><em>potuisse.</em></strong></span> 
     </span>
    </p>
   </div>
   <div class='ocr_carea' id='block_1_118' title="bbox 1970 5482 3480 5553">
    <p class='ocr_par' dir='ltr' id='par_1_118' title="bbox 1970 5482 3480 5553">
     <span class='ocr_line' id='line_1_118' title="bbox 1970 5482 3480 5553; baseline -0.004 -14"><span class='ocrx_word' id='word_1_910' title='bbox 1970 5490 2041 5553; x_wconf 92' lang='lat' dir='ltr'><strong><em>(a)</em></strong></span> <span class='ocrx_word' id='word_1_911' title='bbox 2067 5482 2372 5553; x_wconf 77' lang='lat' dir='ltr'><strong><em>Existimabat</em></strong></span> <span class='ocrx_word' id='word_1_912' title='bbox 2411 5483 2584 5553; x_wconf 61' lang='lat' dir='ltr'><strong><em>pascha</em></strong></span> <span class='ocrx_word' id='word_1_913' title='bbox 2604 5497 2665 5553; x_wconf 86' lang='lat' dir='ltr'><strong><em>_a_</em></strong></span> <span class='ocrx_word' id='word_1_914' title='bbox 2694 5484 2868 5552; x_wconf 73' lang='lat' dir='ltr'><strong><em>Judazis</em></strong></span> <span class='ocrx_word' id='word_1_915' title='bbox 2900 5496 3019 5553; x_wconf 77' lang='lat' dir='ltr'><strong><em>_p_er_</em></strong></span> <span class='ocrx_word' id='word_1_916' title='bbox 3038 5485 3206 5553; x_wconf 81' lang='lat' dir='ltr'><strong><em>orbem</em></strong></span> <span class='ocrx_word' id='word_1_917' title='bbox 3247 5482 3480 5553; x_wconf 66' lang='lat' dir='ltr'><strong><em>dispersis</em></strong></span> 
     </span>
    </p>
   </div>
   <div class='ocr_carea' id='block_1_119' title="bbox 1903 5543 3476 5605">
    <p class='ocr_par' dir='ltr' id='par_1_119' title="bbox 1903 5543 3476 5605">
     <span class='ocr_line' id='line_1_119' title="bbox 1903 5543 3476 5605; baseline -0.004 -3"><span class='ocrx_word' id='word_1_918' title='bbox 1903 5543 2056 5602; x_wconf 72' lang='lat' dir='ltr'><strong><em>adhuc</em></strong></span> <span class='ocrx_word' id='word_1_919' title='bbox 2074 5552 2178 5599; x_wconf 78' lang='lat' dir='ltr'><strong><em>ovis</em></strong></span> <span class='ocrx_word' id='word_1_920' title='bbox 2198 5545 2520 5597; x_wconf 87' lang='lat' dir='ltr'><strong><em>immolatione</em></strong></span> <span class='ocrx_word' id='word_1_921' title='bbox 2543 5544 2801 5601; x_wconf 73' lang='lat' dir='ltr'><strong><em>celebrari,</em></strong></span> <span class='ocrx_word' id='word_1_922' title='bbox 2822 5553 2874 5594; x_wconf 89' lang='lat' dir='ltr'><strong><em>ut</em></strong></span> <span class='ocrx_word' id='word_1_923' title='bbox 2900 5544 2982 5593; x_wconf 87' lang='lat' dir='ltr'><strong><em>lib.</em></strong></span> <span class='ocrx_word' id='word_1_924' title='bbox 3004 5546 3022 5592; x_wconf 86' lang='lat' dir='ltr'><strong><em>l</em></strong></span> <span class='ocrx_word' id='word_1_925' title='bbox 3047 5551 3248 5605; x_wconf 76' lang='lat' dir='ltr'><strong><em>Retract.</em></strong></span> <span class='ocrx_word' id='word_1_926' title='bbox 3266 5543 3368 5605; x_wconf 73' lang='lat' dir='ltr'><strong><em>mp.</em></strong></span> <span class='ocrx_word' id='word_1_927' title='bbox 3393 5543 3476 5596; x_wconf 82' lang='lat' dir='ltr'><strong><em>l0:</em></strong></span> 
     </span>
    </p>
   </div>
   <div class='ocr_carea' id='block_1_120' title="bbox 1904 5604 3481 5676">
    <p class='ocr_par' dir='ltr' id='par_1_120' title="bbox 1904 5604 3481 5676">
     <span class='ocr_line' id='line_1_120' title="bbox 1904 5604 3481 5676; baseline -0.003 -14"><span class='ocrx_word' id='word_1_928' title='bbox 1904 5615 1990 5663; x_wconf 81' lang='lat' dir='ltr'><strong><em>sed</em></strong></span> <span class='ocrx_word' id='word_1_929' title='bbox 2015 5611 2227 5676; x_wconf 70' lang='lat' dir='ltr'><strong><em>profecto</em></strong></span> <span class='ocrx_word' id='word_1_930' title='bbox 2250 5616 2379 5676; x_wconf 73' lang='lat' dir='ltr'><strong><em>Lege</em></strong></span> <span class='ocrx_word' id='word_1_931' title='bbox 2408 5608 2612 5676; x_wconf 62' lang='lat' dir='ltr'><strong><em>vetitum</em></strong></span> <span class='ocrx_word' id='word_1_932' title='bbox 2638 5615 2742 5676; x_wconf 79' lang='lat' dir='ltr'><strong><em>erat</em></strong></span> <span class='ocrx_word' id='word_1_933' title='bbox 2771 5612 2911 5676; x_wconf 76' lang='lat' dir='ltr'><strong><em>Deut.</em></strong></span> <span class='ocrx_word' id='word_1_934' title='bbox 2938 5618 3044 5676; x_wconf 62' lang='lat' dir='ltr'><strong><em>atri,</em></strong></span> <span class='ocrx_word' id='word_1_935' title='bbox 3067 5604 3125 5676; x_wconf 81' lang='lat'><strong><em>6_,</em></strong></span> <span class='ocrx_word' id='word_1_936' title='bbox 3151 5617 3214 5653; x_wconf 86' lang='lat' dir='ltr'><strong><em>ne</em></strong></span> <span class='ocrx_word' id='word_1_937' title='bbox 3238 5604 3411 5656; x_wconf 80' lang='lat' dir='ltr'><strong><em>Pascha</em></strong></span> <span class='ocrx_word' id='word_1_938' title='bbox 3434 5610 3481 5657; x_wconf 88' lang='lat' dir='ltr'><strong><em>iu</em></strong></span> 
     </span>
    </p>
   </div>
   <div class='ocr_carea' id='block_1_121' title="bbox 1905 5647 3295 5731">
    <p class='ocr_par' dir='ltr' id='par_1_121' title="bbox 1905 5647 3295 5731">
     <span class='ocr_line' id='line_1_121' title="bbox 1905 5647 3295 5731; baseline -0.009 -5"><span class='ocrx_word' id='word_1_939' title='bbox 2466 5647 2642 5731; x_wconf 57' lang='lat' dir='ltr'><strong><em>praeter</em></strong></span> <span class='ocrx_word' id='word_1_940' title='bbox 2660 5647 2929 5717; x_wconf 68' lang='lat' dir='ltr'><strong><em>Jerusalem</em></strong></span> <span class='ocrx_word' id='word_1_941' title='bbox 2953 5647 3295 5717; x_wconf 50' lang='lat' dir='ltr'><strong><em>mandaretur.</em></strong></span> 
     </span>
    </p>
   </div>
  </div>
