4028 6202
543 285 636 339 2m
1393 269 1664 324 CONTRA
1708 262 2043 320 l.lTTER.\S
2085 262 2435 324 PliTllJANl,
2480 266 2534 318 S.
2581 269 2944 325 AUGUSTI.“

545 398 700 450 alium
732 395 923 448 Christi
959 412 967 443 :
1001 400 1051 443 et
1099 389 1242 440 illum
1273 385 1493 439 Joannis
1522 383 1840 450 baptismum
1869 375 2108 446 appella-

549 498 655 540 tum
683 527 698 548 ,
729 483 869 554 quod
897 494 948 536 et
981 485 1198 534 istorum
1229 491 1360 547 quos
1390 471 1820 529 commemorasti
1849 467 2124 536 re5p0nsio

545 580 800 637 declarat,
831 584 883 628 et
909 588 1084 626 sermo
1111 571 1272 642 ipsius
1303 566 1530 628 Domini,
1557 565 1643 618 ubi
1673 565 1746 616 ait
1770 561 1990 620 Judtcis,
2021 559 2126 611 Ba-

547 672 756 737 ptismus
785 665 1001 718 Joannis
1031 664 1092 716 tle
1123 663 1244 715 caelo
1267 669 1361 721 est,
1394 676 1459 710 an
1480 674 1543 710 ea:
1572 654 1852 709 hominibus
1897 653 1914 719 (
1940 650 2124 703 Matth.

547 776 660 822 ιιιιι,
685 757 806 826 22$)?
835 757 937 810 Iste
967 765 1141 809 autem
1171 753 1469 822 Baptismus
1493 764 1594 802 non
1622 747 1813 800 dicitur
1838 742 2126 805 Caeciliani,

548 864 645 905 nec
693 848 913 909 Donati,
941 861 1039 901 nec
1079 842 1377 913 Augustini,
1408 855 1504 893 nec
1545 836 1805 899 Petiliani,
1833 833 1923 889 sed
1953 833 2131 901 Bapti-

548 957 691 994 smus
718 937 936 992 Christi.
967 936 1095 990 Nam
1119 936 1160 988 si
1185 932 1518 1002 impudentes
1545 944 1642 983 nos
1664 938 1837 998 putas,
1861 927 1981 996 quia
2013 934 2133 994 post

550 1045 646 1082 nos
674 1029 936 1082 neminem
967 1025 1209 1078 volumus
1234 1023 1484 1091 baptizari
1510 1062 1524 1086 ,
1558 1035 1678 1074 cum
1710 1017 1983 1071 videamus
2013 1023 2133 1083 post

549 1121 806 1174 Joannem
839 1119 998 1170 fuisse
1030 1115 1270 1167 homines
1313 1112 1604 1180 baptizatos
1631 1151 1645 1174 ,
1691 1109 1775 1176 qui
1827 1109 2008 1176 utique
2053 1104 2132 1158 in-

551 1210 979 1280 comparabilitc'r
1003 1206 1170 1276 major
1199 1215 1279 1258 est
1309 1204 1488 1265 nobis;
1520 1199 1772 1269 nttmquid
1807 1199 1943 1252 forte
1971 1196 2134 1251 Joan-

554 1319 646 1357 nes
675 1313 728 1357 et
766 1302 990 1372 Optatus
1018 1298 1249 1368 mquales
1277 1296 1428 1350 sunt?
1477 1294 1771 1348 Ridiculum
1796 1291 2002 1346 videtur
2032 1307 2046 1343 :
2079 1297 2130 1343 et

555 1407 728 1450 tamen
760 1405 882 1464 puto
913 1391 1053 1462 quod
1086 1406 1188 1444 non
1220 1405 1312 1444 eos
1334 1388 1584 1457 :cqnales,
1610 1386 1700 1439 sed
1729 1385 1982 1452 majorem
2013 1398 2132 1436 creo

553 1487 688 1540 datis
709 1485 975 1553 Optatum.
1010 1483 1135 1536 Post
1159 1481 1416 1536 Joannem
1443 1479 1636 1548 quippe
1658 1476 1943 1546 Apostolus
1964 1473 2134 1542 bapti-

553 1577 708 1636 zavit,
724 1591 820 1627 vos
835 1574 1099 1641 baptizare
1116 1581 1234 1640 post
1248 1570 1494 1638 Optatum
1514 1567 1775 1621 neminem
1795 1565 2017 1618 audetis.
2053 1565 2131 1616 An

551 1669 672 1736 quia
691 1666 910 1734 Optatus
929 1666 979 1717 in
996 1664 1197 1717 unitate
1214 1670 1384 1716 vestra
1407 1659 1505 1712 fuit
1520 1659 1542 1710 ?
1556 1657 1670 1712 iam
1685 1657 1784 1710 hoc
1800 1657 1987 1724 quibus
2009 1670 2135 1724 pra:-
2179 1681 2185 1688 -

551 1759 748 1812 cordiis
777 1756 1021 1811 sustineri
1056 1755 1221 1824 possit
1263 1754 1445 1821 ignoro
1471 1769 1481 1803 :
1505 1751 1546 1802 si
1578 1749 1778 1802 amicus
1812 1747 2033 1802 Comitis
2060 1744 2133 1817 (a)

553 1851 636 1903 cui
667 1850 859 1903 Comes
886 1855 1000 1901 erat
1028 1849 1184 1910 Deus,
1211 1846 1260 1896 in
1287 1843 1484 1896 unitate
1509 1841 1667 1893 fuisse
1688 1839 1899 1898 dicitur,
1925 1846 1978 1890 et
2003 1837 2136 1888 ami-

555 1958 650 1996 cus
680 1940 859 2011 sponsi
895 1946 1085 2007 pra-ter
1127 1935 1403 1990 unitatem.
1441 1931 1588 1996 Quod
1622 1931 1664 1983 si
1695 1929 1926 1982 Joannes
1957 1927 2133 1981 maxi-

539 2051 644 2090 ‘tue
672 2037 723 2088 in
755 2035 954 2087 unitate
980 2031 1098 2091 fuit,
1127 2038 1180 2082 et.
1209 2045 1310 2081 non
1338 2026 1508 2081 solum
1540 2024 1752 2092 Optato,
1777 2021 1870 2074 sed
1891 2019 2136 2073 omnibus

557 2126 714 2180 nobis
757 2133 811 2180 et
853 2123 1102 2177 omnibus
1131 2119 1283 2174 vobis
1310 2120 1462 2186 longe
1488 2114 1834 2170 excellentior
1871 2122 1925 2166 et
1969 2111 2137 2179 major

556 2219 680 2283 fuit,
711 2226 764 2271 et
795 2227 968 2270 tamen
998 2222 1117 2283 post
1137 2228 1257 2266 cum
1285 2210 1480 2265 Paulus
1505 2207 1777 2277 apostolus
1806 2205 2086 2275 baptizavit
2121 2223 2132 2258 :

555 2324 719 2377 quare
748 2321 842 2360 vos
872 2315 988 2374 post
1012 2304 1259 2374 Optatum
1301 2317 1404 2354 non
1433 2297 1743 2368 baptizatis?
1783 2297 1890 2350 Nisi
1919 2296 2053 2349 forte
2085 2297 2134 2349 in

556 2400 652 2454 bas
690 2398 956 2467 angustias
980 2412 1072 2448 vos
1097 2404 1330 2448 eoat-etut
1359 2392 1568 2446 thcilas
1597 2400 1769 2445 vestra
1797 2433 1810 2455 ,
1855 2399 1908 2442 ιιι
1947 2389 2136 2442 dicatis

555 2492 802 2560 Optatum
843 2489 971 2542 dare
1012 2488 1243 2556 potuisse
1282 2485 1538 2554 Spiritum
1567 2492 1806 2538 sanctum
1832 2525 1844 2548 ,
1879 2483 2135 2536 Joannem

558 2599 662 2636 non
694 2581 945 2651 potuisse.
980 2577 1132 2647 Quod
1174 2578 1217 2632 si
1261 2591 1366 2632 non
1393 2575 1568 2631 dicitis
1592 2617 1606 2642 ,
1641 2590 1706 2630 ne
1729 2576 1794 2630 ab
1826 2574 1952 2645 ipsis
1977 2575 2135 2627 etiam

559 2676 756 2728 insanis
780 2682 953 2727 vestra
980 2672 1216 2725 rideatur
1243 2670 1445 2724 insania
1475 2688 1487 2723 :
1510 2667 1633 2738 quid
1659 2667 1962 2737 reSponsuri
1984 2665 2133 2732 estis,

554 2785 648 2821 cur
693 2776 806 2836 post
845 2766 1098 2821 Joannem
1134 2761 1432 2833 baptizandi
1475 2762 1668 2815 fuerint
1704 2761 1945 2814 homines
1972 2802 1985 2824 ,
2019 2767 2138 2828 post

554 2859 802 2927 Optatum
843 2867 1016 2910 autem
1057 2868 1214 2907 nemo
1260 2851 1602 2920 baptizandus
1635 2851 1723 2914 sit,
1767 2851 1864 2902 nisi
1903 2849 2022 2918 quia
2064 2848 2135 2901 illi

557 2953 817 3016 Ιιιιςιίδιιιο
843 2948 1060 3001 Joannis
1083 2946 1288 2999 fuerant
1319 2943 1595 3012 baptizati;
1621 2943 1938 3011 quicumque
1959 2948 2134 2992 autern

554 3044 748 3096 Christi
778 3042 1046 3109 Biptistuo
1077 3038 1430 3106 baptizantur,
1464 3036 1574 3089 sive
1596 3050 1690 3103 per
1721 3033 1938 3087 Paulum
1969 3032 2138 3099 bapti-

557 3141 742 3184 zentur
769 3172 782 3195 ,
824 3130 934 3182 sive
979 3143 1071 3196 per
1098 3127 1368 3196 Optatum,
1404 3125 1534 3178 nihil
1562 3124 1723 3176 distat
1753 3124 1889 3176 inter
1916 3123 2134 3176 istorum

556 3232 611 3278 et
641 3223 848 3276 illorum
877 3221 1202 3289 Baptistnutn
1229 3261 1242 3283 ,
1275 3233 1395 3272 cum
1428 3227 1628 3270 tantum
1659 3217 1817 3270 distet
1844 3217 1978 3269 inter
2000 3215 2135 3268 Pau-

560 3316 666 3368 lum
713 3322 766 3368 et
808 3311 1092 3382 Optattnn?
1124 3311 1308 3364 Redite
1345 3325 1470 3381 ergo
1495 3352 1508 3376 ,
1559 3311 2018 3378 prtevaricatorcs,
2071 3307 2135 3361 ad

559 3421 650 3459 cor
679 3404 827 3477 (Isai.
858 3419 994 3463 XLVI,
1027 3403 1102 3470 8),
1127 3412 1176 3455 ct
1209 3402 1372 3456 nolite
1409 3417 1473 3456 ex
1517 3401 1788 3454 hominum
1820 3399 2057 3454 moribus
2085 3408 2138 3452 et

561 3497 711 3549 fictis
739 3495 913 3548 divina
955 3494 1295 3548 Sacramenta
1333 3508 1576 3560 pensare.
1612 3493 1703 3545 illa
1726 3492 1866 3544 cnim
1896 3507 1989 3559 per
2015 3505 2134 3543 cum

559 3597 740 3639 sancta
783 3596 904 3639 sunt
943 3585 1093 3651 cujus
1123 3594 1247 3637 sunt
1272 3585 1284 3614 ‘
1324 3603 1334 3636 :
1363 3583 1455 3636 sed
1483 3583 1642 3653 digne
1670 3591 1888 3636 tractata
1910 3580 2139 3634 afferunt

561 3680 880 3750 prteminm;
934 3677 1145 3747 iidignc
1196 3685 1371 3731 autem
1423 3686 1679 3741 tractata,
1732 3675 2009 3744 judicium.
2073 3673 2136 3727 Et

559 3776 796 3843 quamvis
820 3790 982 3827 unum
1007 3789 1108 3826 non
1134 3773 1236 3825 sint
1257 3772 1343 3840 qui
1370 3771 1456 3825 Dei
1481 3770 1883 3826 Sacramentum
1907 3769 2064 3838 digne
2085 3775 2140 3821 et

559 3866 648 3935 qui
687 3866 900 3934 indigne.
935 3865 1276 3919 tractaveriut
1312 3882 1323 3916 :
1360 3880 1519 3917 unum
1553 3872 1635 3917 est
1664 3873 1835 3916 tamen
1869 3861 1996 3914 illud
2022 3861 2137 3914 sive

561 3958 714 4025 digne
740 3956 851 4010 sive
880 3955 1090 4026 indigne
1120 3963 1402 4018 tractetur;
1431 3970 1533 4006 non
1562 3963 1620 4006 ut
1647 3954 1816 4020 ipsum
1847 3952 2035 4005 melius
2054 3950 2138 4004 vel

560 4049 795 4102 deterius
835 4047 961 4111 liat,
1003 4047 1098 4101 sed
1141 4047 1206 4098 ad
1235 4047 1391 4097 vitam
1440 4054 1733 4097 mortemve
1773 4040 2134 4094 tractantium.

564 4140 690 4194 Illud
720 4154 847 4192 sane
868 4138 1007 4206 quod
1031 4133 1370 4198 dixistiﬂnia
1396 4135 1445 4186 in
1471 4134 1572 4184 illis
1592 4149 1713 4199 quos
1735 4133 2001 4201 baptizavit
2029 4142 2139 4198 post

560 4229 810 4282 Joamiem
846 4227 1056 4289 Paulus,
1083 4227 1214 4293 quod
1234 4227 1348 4295 jam
1369 4229 1532 4295 fuerat
1556 4223 1741 4284 abluit;
1777 4221 2010 4290 profecto
2034 4239 2137 4276 non

562 4321 768 4373 diceres
789 4359 802 4383 ,
835 4319 880 4370 si
920 4318 1244 4383 aliquantum
1271 4316 1639 4369 considerares
1665 4313 1786 4383 quid
1813 4313 2039 4367 diceres.
2084 4315 2138 4366 Si

563 4411 704 4464 cnim
731 4409 1022 4461 ablucndus
1049 4407 1143 4460 fuit
1171 4407 1460 4474 baptismus
1485 4406 1705 4461 Joannis
1726 4448 1739 4470 ,
1771 4406 1952 4474 procul
1979 4405 2142 4459 dubio

565 4501 812 4553 sordidus
853 4499 966 4552 fuit.
1003 4497 1136 4566 Quid
1165 4513 1291 4568 ergo
1311 4498 1420 4566 jam
1444 4509 1496 4552 te
1523 4498 1774 4568 urgeam?
1820 4497 2016 4551 Recole
2054 4506 2145 4550 aut

567 4594 702 4662 lege,
730 4600 784 4645 et
813 4589 931 4644 vide
972 4589 1112 4644 unde
1152 4592 1251 4643 hoc
1286 4589 1519 4643 J0anncs
1560 4589 1828 4657 acceperit
1862 4609 1875 4641 :
1905 4589 2146 4657 reperies

569 4685 619 4735 in
670 4697 826 4751 quem
872 4679 1124 4734 cll‘uderis
1175 4682 1327 4734 istam
1375 4679 1786 4748 blasphemiam;
1835 4680 1975 4748 quod
2025 4696 2144 4733 cum

567 4773 847 4842 repet-eris,
873 4773 1060 4827 saltem
1089 4782 1269 4842 pectus
1293 4772 1542 4826 tundatur
1563 4815 1577 4838 ,
1611 4773 1654 4826 si
1684 4772 1858 4842 lingua
1899 4789 2003 4825 non
2042 4774 2146 4826 fre-

569 4878 741 4921 Italtll‘.

638 4961 726 5014 89.
755 4959 870 5013 Jam
895 4977 1020 5015 vero
1043 4960 1184 5030 quod
1213 4961 1480 5031 eleganter
1506 4961 1653 5015 vobis
1679 4961 1856 5014 dicere
1874 4959 2145 5021 videmini,

569 5053 629 5105 Si
659 5053 790 5104 male
814 5052 905 5104 hoc
935 5051 1166 5120 facimus,
1201 5069 1356 5122 quare
1397 5069 1484 5104 nos
1530 5053 1786 5122 qna’ritis?
1833 5067 2006 5104 nonne
2050 5050 2150 5102 ali-

569 5143 780 5212 quando
825 5141 1212 5206 recordamini,
1259 5143 1377 5211 quia
1425 5159 1525 5195 non
1572 5154 1880 5212 quaeruntur
1919 5142 2014 5194 nisi
2061 5139 2146 5209 qui

569 5232 877 5304 perierunt?
908 5233 986 5286 An
1018 5241 1069 5285 et
1101 5233 1200 5286 hoc
1229 5250 1330 5286 non
1363 5233 1563 5294 videre,
1596 5233 1660 5286 ad
1693 5234 1858 5300 ipsam
1892 5231 2148 5302 perditio-

531 5357 540 5368 -
572 5347 691 5386 nem
735 5331 994 5400 pertinet?
1036 5329 1226 5383 Posset
1264 5328 1404 5382 enim
1433 5341 1485 5383 et
1516 5329 1600 5380 illa
1631 5328 1744 5380 ovis
1785 5337 1890 5380 tam
1923 5325 2151 5379 absurde

572 5425 768 5494 pastori
817 5423 1012 5483 dicere.
1045 5421 1101 5477 Si
1142 5421 1279 5475 male
1318 5421 1452 5475 facio
1493 5419 1632 5490 quod
1677 5435 1706 5472 a
1744 5433 1899 5488 grege
1939 5417 2148 5480 abcrro,

637 5647 651 5707 ἰ
681 5646 823 5701 Editi.
851 5647 977 5707 facta
997 5650 1121 5694 sunt.
1159 5641 1484 5707 Emendannir
1510 5656 1572 5692 ex
1595 5644 1944 5704 manuscriptis.

635 5706 705 5767 (ιι)
731 5705 950 5757 ottdonis.
979 5707 1091 5757 \ide
1115 5718 1278 5766 supra,
1305 5718 1353 5752 ιι.
1379 5705 1454 5753 55.

3714 275 3821 328 292

2236 393 2398 445 quare
2428 395 2512 433 me
2543 383 2769 450 qnzeris?
2811 400 2912 437 non
2937 383 3237 455 intelligens
3257 399 3422 456 quare
3451 402 3506 441 se
3537 395 3678 456 putat
3712 406 3814 441 non

2236 486 2351 522 οςςο
2371 473 2732 540 quaerendam,
2762 475 2894 532 hanc
2917 492 3033 532 esse
3061 494 3216 532 unam
3245 495 3459 534 causam
3483 496 3647 550 quare
3673 500 3816 551 qna:-

2180 621 2187 629 .
2237 575 2400 616 ratur.
2452 565 2580 630 Quis
2617 578 2792 621 antem
2835 585 2926 623 vos
2975 572 3184 640 φινεμ-ιι,
3225 573 3338 625 sive
3382 588 3476 641 per
3517 573 3817 643 Scripturas

2235 669 2378 718 suas,
2407 656 2517 710 sive
2542 672 2634 725 per
2660 658 2863 727 linguas
2892 663 3178 716 catholicas
3205 673 3255 716 et
3289 665 3554 732 pacilicas,
3586 666 3696 719 sive
3729 683 3820 735 per

2239 744 2437 812 ﬂagella
2468 749 2833 815 temporalium
2867 751 3278 815 tribulationum,
3307 753 3403 805 nisi
3431 753 3515 808 ille
3543 755 3630 822 qui
3662 755 3813 808 istam

2239 836 2652 891 misericordiam
2676 841 2824 894 vobis
2845 841 3113 910 dispensat
3141 843 3189 894 in
3213 845 3493 896 omnibus?
3518 847 3818 910 Quzcrimus

2237 939 2365 995 ergo
2394 943 2510 992 vos,
2540 937 2597 981 ut
2623 929 2950 986 inveniamus
2983 949 2994 985 :
3031 943 3232 987 tantum
3261 935 3401 988 enim
3427 951 3518 988 vos
3549 937 3818 1007 diligimus

2239 1027 2293 1069 ιιι
2321 1019 2506 1072 vivatis
2527 1060 2541 1084 ,
2583 1031 2833 1090 quantum
2867 1032 3102 1078 vestrum
3132 1040 3364 1079 errorem
3393 1026 3622 1092 odimus,
3649 1037 3703 1081 ut
3732 1029 3813 1080 in-

2238 1117 2402 1163 tereat
2426 1113 2513 1180 qui
2538 1126 2629 1165 vos
2657 1113 2843 1182 perdit,
2870 1116 3119 1184 quamdiu
3157 1117 3269 1184 ipse
3308 1132 3412 1169 non
3452 1119 3606 1185 perit.
3642 1122 3811 1188 Atque

2238 1203 2436 1254 utinam
2461 1204 2537 1257 sic
2564 1220 2660 1257 vos
2685 1222 3003 1274 qumramus,
3031 1216 3090 1261 ut
3109 1208 3266 1262 etiam
3297 1209 3645 1274 inveniamus,
3669 1220 3723 1264 et
3749 1212 3814 1264 de

2239 1307 2559 1363 unoquoque
2616 1307 2850 1352 vestrum
2901 1299 3195 1368 gaudenter
3246 1300 3525 1366 dicamus,
3582 1301 3815 1355 Mortuus

2238 1393 2362 1443 erat,
2398 1393 2443 1436 et
2467 1387 2674 1448 revixit;
2701 1390 2936 1456 perierat,
2969 1400 3014 1442 et
3044 1391 3267 1443 inventus
3297 1401 3368 1445 est
3399 1391 3550 1460 (Luc.
3584 1409 3670 1459 xv,
3702 1395 3810 1465 3‘2)!

2309 1473 2534 1528 CAPlf-T
2566 1476 2850 1531 XXXVIII.
2870 1481 3041 1534 ——90.
3073 1481 3252 1534 Pt—thL.
3278 1481 3440 1534 dixit:
3466 1483 3523 1536 Si
3546 1499 3628 1536 vos
3655 1494 3817 1539 tenere

2240 1562 2550 1618 Catholicam
2580 1568 2763 1633 dici/is,
2795 1571 3064 1624 catholicos
3093 1573 3223 1624 illud
3250 1583 3319 1626 est
3345 1575 3480 1642 quod
3507 1591 3665 1644 grwce
3691 1577 3816 1628 diri-

2240 1663 2320 1706 tur
2343 1655 2546 1709 unicum
2572 1660 2674 1710 sire
2698 1669 2871 1713 totum.
2907 1661 3034 1714 Ecce
3063 1663 3111 1715 in
3143 1672 3242 1716 toto
3271 1681 3369 1716 non
3408 1666 3524 1718 estis
3549 1708 3560 1729 ,
3608 1668 3723 1735 quia
3764 1670 3816 1720 in

2241 1755 2432 1812 portent
2453 1749 2685 1801 cessistis.

2310 1838 2397 1892 9t.
2434 1842 2562 1895 Anc.
2596 1844 2866 1911 respondit
2899 1860 2913 1898 :
2945 1857 2996 1899 et
3033 1846 3146 1916 Ego
3176 1848 3386 1917 quidem
3415 1865 3601 1918 grtcea:
3628 1850 3816 1920 lingu;c

2241 1944 2520 1998 pet-parum
2553 1943 2822 1988 assecutus
2856 1951 2991 2003 sum,
3024 1949 3077 1992 et
3105 1954 3266 2008 prope
3296 1940 3423 1993 nihil
3459 1960 3469 1992 :
3504 1959 3605 1996 non
3643 1953 3816 1999 tamen

2241 2025 2574 2094 impudenter
2605 2028 2742 2092 dico,
2776 2046 2860 2085 me
2883 2047 3039 2086 nosse
3069 2041 3190 2097 ὅλον,
3221 2051 3324 2087 non
3355 2050 3473 2089 esse
3503 2052 3661 2090 unum
3681 2079 3695 2100 ,
3725 2039 3817 2092 sed

2242 2124 2440 2181 totum;
2483 2126 2535 2171 et
2562 2119 2786 2184 καθόλου,
2821 2123 3111 2176 secundum
3142 2134 3336 2190 totum;
3377 2127 3514 2180 unde
3545 2127 3817 2182 Catholica

2242 2221 2433 2261 nomen
2461 2211 2687 2278 accepit,
2707 2211 2913 2266 dicente
2945 2213 3058 2283 ipso
3089 2215 3332 2278 Domino,
3361 2215 3477 2268 Non
3507 2227 3578 2270 est
3605 2228 3820 2270 vestrum

2239 2301 2366 2353 scire
2392 2310 2636 2370 tempora,
2668 2321 2781 2372 qua:
2816 2305 2968 2359 Pater
3007 2309 3170 2374 posuit
3209 2308 3260 2360 in
3292 2325 3382 2360 sua
3418 2317 3661 2377 potestate
3693 2327 3711 2362 :
3737 2312 3822 2363 sed

2240 2392 2492 2458 accipietis
2517 2393 2743 2446 rirtutem
2766 2395 2988 2462 Spiritus
3007 2398 3167 2450 sancti
3191 2399 3606 2466 supervenientem
3634 2400 3685 2450 in
3716 2411 3819 2458 vos,

2241 2491 2286 2532 et
2331 2482 2466 2534 eritis
2503 2484 2624 2536 mihi
2655 2493 2796 2538 testes
2826 2487 2877 2538 in
2905 2486 3207 2549 Jerusalem,
3233 2499 3276 2540 et
3313 2489 3364 2540 in
3405 2498 3558 2541 totam
3582 2487 3822 2542 Judwam

2241 2585 2286 2628 et
2316 2576 2624 2638 Samariam,
2656 2588 2699 2630 et
2729 2595 2883 2647 usque
2909 2581 2959 2631 in
2991 2589 3141 2632 totam
3171 2591 3352 2634 terram
3381 2582 3397 2649 (
3425 2583 3536 2634 Act.
3570 2598 3606 2645 ι,
3640 2583 3692 2643 7,
3723 2583 3754 2636 8
3780 2585 3821 2650 ).

2242 2665 2382 2720 Ecce
2427 2665 2566 2721 unde
2608 2667 2877 2724 Catholica
2910 2681 3141 2725 vocatur.
3193 2671 3296 2726 Sed
3339 2673 3408 2726 ita
3440 2673 3630 2726 clausis
3656 2676 3825 2728 oculis

2242 2759 2507 2813 offenditis
2535 2761 2583 2814 iu
2613 2772 2847 2816 montem
2871 2807 2886 2830 ,
2911 2766 2996 2834 qui
3024 2783 3085 2820 ex
3114 2780 3276 2836 parvo
3303 2765 3496 2836 lapide,
3531 2768 3822 2820 secundum

2243 2851 2573 2920 pr0pbetiam
2628 2852 2886 2917 Daniclis,
2936 2856 3102 2910 crevit
3140 2866 3193 2910 et
3237 2858 3469 2926 implevit
3517 2856 3824 2914 universam

2245 2950 2436 2994 terram
2469 2940 2629 3012 (Dan.
2656 2959 2711 3007 ιι,
2735 2944 2849 3012 55),
2880 2955 2934 2998 ιιι
2964 2947 3115 3000 nobis
3135 2947 3343 3013 dicatis,
3372 2949 3509 3017 quod
3540 2950 3588 3002 in
3619 2960 3823 3018 partem

2241 3033 2580 3093 cesserimus,
2608 3043 2660 3087 et
2690 3034 2739 3087 in
2773 3044 2884 3088 toto
2914 3052 3016 3089 non
3044 3037 3229 3097 simus,
3261 3054 3483 3108 quorum
3515 3042 3824 3093 communio

2242 3123 2488 3176 universo
2515 3124 2644 3179 orbe
2665 3124 2992 3180 diffunditur.
3021 3127 3122 3181 Sed
3151 3129 3596 3198 quemadmodum
3623 3131 3665 3184 si
3693 3132 3822 3183 mihi

2241 3213 2448 3268 diceres
2494 3215 2634 3285 quod
2691 3232 2790 3286 ego
2845 3219 2944 3271 sim
2993 3218 3321 3284 Petilianus,
3376 3237 3478 3275 non
3532 3223 3825 3277 invenirem

2241 3307 2686 3375 quemadmodum
2719 3318 2768 3363 te
2799 3309 3098 3365 refellerem
3126 3354 3140 3378 ,
3187 3314 3285 3367 nisi
3333 3323 3387 3367 ut
3431 3325 3520 3368 aut
3552 3315 3828 3381 jocantcm

2244 3397 2493 3462 riilercm,
2525 3409 2612 3453 aut
2656 3401 3005 3456 insanientem
3051 3402 3326 3467 dolerem;
3374 3404 3471 3458 hoc
3513 3406 3639 3459 mihi
3685 3423 3830 3460 nunc

2243 3486 2537 3542 faciendum
2566 3505 2685 3544 esse
2715 3491 2865 3544 video
2893 3510 2904 3543 :
2933 3493 3026 3547 sed
3059 3494 3178 3562 quia
3211 3493 3378 3562 jocari
3416 3505 3469 3550 te
3501 3512 3604 3550 non
3639 3499 3828 3562 credo,

2243 3577 2389 3632 vides
2415 3578 2538 3647 quid
2571 3590 2750 3633 restet.

2311 3671 2536 3727 CAPUT
2584 3673 2822 3727 ΧΧΧΙΧ.
2850 3704 2920 3713 —
2957 3675 3042 3730 99..
3071 3675 3250 3730 Ρετιι..
3279 3675 3407 3730 dixit
3441 3695 3454 3730 :
3490 3677 3595 3731 Sed
3622 3697 3732 3733 non
3764 3692 3832 3733 cst

2245 3783 2362 3836 pars
2406 3766 2717 3820 tenebrarum
2760 3779 2930 3821 contra
2971 3770 3166 3833 lucem,
3213 3787 3300 3823 nec
3328 3787 3446 3839 pars
3471 3774 3833 3826 amaritudinis

2243 3875 2356 3911 cum
2384 3859 2529 3912 melle
2561 3875 2578 3913 :
2603 3877 2702 3913 non
2731 3869 2801 3912 est
2828 3878 2944 3930 pars
2971 3861 3082 3914 vitw
3102 3879 3212 3914 cum
3238 3873 3394 3915 morte
3415 3905 3427 3927 ,
3480 3880 3580 3916 non
3608 3876 3682 3917 est
3718 3884 3832 3935 pars

2243 3951 2542 4004 innocentia:
2565 3969 2678 4005 cum
2705 3965 2864 4018 reatu,
2896 3972 2992 4008 non
3021 3965 3090 4007 est
3113 3971 3228 4024 pars
3248 3972 3392 4023 aqum
3412 3973 3521 4008 cum
3547 3960 3800 4026 sanguine
3815 3977 3831 4019 ;

2245 4060 2333 4095 nec
2352 4059 2570 4096 amarae
2595 4060 2706 4096 cum
2740 4047 2846 4098 oleo
2878 4063 3014 4112 pars,
3048 4047 3157 4098 licet
3179 4047 3241 4098 sit
3268 4048 3530 4115 [luculenta
3559 4050 3765 4116 cognati
3785 4066 3831 4108 ις

2245 4133 2332 4185 sed
2357 4142 2532 4184 cuncta
2558 4134 2766 4203 rcproba
2794 4137 3034 4203 (le/luent.
3086 4135 3206 4206 Ipsa
3237 4147 3306 4189 est
3343 4138 3535 4191 sentina
3570 4140 3828 4202 vitiorum,

2247 4223 2436 4276 dicente
2471 4221 2672 4277 Joanne
2693 4267 2706 4289 ,
2759 4243 2776 4274 ι
2817 4225 2894 4278 lia:
2918 4228 3056 4279 nobis
3083 4229 3306 4281 exierunt
3327 4271 3340 4291 ,
3383 4231 3468 4282 sed
3498 4246 3597 4282 non
3631 4242 3751 4282 sunt
3775 4232 3834 4282 tle

2249 4317 2387 4369 nobis
2413 4334 2429 4370 :
2457 4335 2571 4369 nam
2613 4319 2654 4370 si
2697 4328 2857 4370 essent
2901 4320 2961 4371 tle
2997 4320 3173 4384 nobis,
3235 4321 3620 4388 permansinscnt
3661 4324 3833 4391 utique

2250 4408 2504 4460 nobiscum
2539 4426 2556 4457 ι
2589 4407 2627 4478 (Ι
2659 4407 2816 4460 Joan.
2848 4425 2879 4461 ιι
2909 4453 2921 4466 .
2953 4409 3059 4478 l9).
3094 4409 3212 4462 Non
3236 4421 3305 4464 est
3327 4429 3504 4464 aurum
3521 4428 3634 4464 cum
3664 4414 3830 4466 sordi-

2250 4498 2339 4550 bus
2365 4499 2469 4551 suis
2502 4513 2519 4550 :
2549 4499 2716 4551 omnia
2739 4501 2953 4567 pretiosa
2977 4510 3274 4570 purgantur.
3308 4502 3563 4569 Scriptum
3585 4513 3657 4556 est
3687 4521 3832 4555 nam-

2250 4605 2344 4654 que
2375 4605 2392 4640 :
2425 4607 2443 4639 ι
2478 4588 2620 4642 Sicut
2646 4606 2824 4642 aurum
2851 4594 3024 4659 probat
3047 4595 3248 4660 fornar,
3281 4593 3351 4644 ita
3379 4603 3424 4645 et
3437 4593 3606 4660 justas
3638 4594 3833 4646 vexatio

2253 4680 2586 4733 tribulationis
2618 4700 2634 4731 ι
2688 4681 2839 4750 (Sap.
2872 4698 2957 4741 nt,
2992 4683 3065 4747 6).
3122 4681 3239 4734 Non
3278 4692 3350 4735 est
3394 4700 3511 4752 pars
3560 4684 3835 4735 crmlelitas

2254 4773 2650 4826 mansuetudinis
2671 4815 2685 4837 ,
2730 4790 2818 4825 nec
2844 4774 3019 4842 religio
3047 4774 3330 4845 sacrilegii,
3355 4791 3442 4827 nec
3468 4791 3587 4844 pars
3622 4775 3836 4827 Macarii

2256 4866 2452 4934 penitus
2481 4875 2634 4932 potest
2656 4881 2761 4917 esse
2785 4874 2957 4918 nostra
2987 4867 3026 4929 ¹,
3054 4867 3172 4934 quia
3200 4867 3324 4918 ritus
3351 4865 3508 4919 nostri
3529 4866 3830 4919 similitudi-

2257 4972 2368 5008 nem
2395 4956 2634 5008 ntaculat.
2663 4956 2806 5009 Acies
2844 4972 3057 5022 namque
3080 4956 3285 5008 inimica
3311 4973 3410 5009 non
3442 4973 3558 5026 pars
3590 4966 3662 5008 est
3686 4997 3701 5021 ,
3729 4971 3838 5025 quia

2257 5048 2427 5117 implet
2461 5063 2637 5100 nomen
2668 5049 2847 5100 hostile
2873 5064 2890 5100 :
2912 5064 3024 5115 qua:
3051 5049 3094 5100 si
3127 5064 3237 5101 vere
3275 5067 3391 5116 pars
3415 5049 3620 5112 dicitur,
3645 5061 3839 5102 senten-

2258 5141 2378 5192 tiam
2404 5157 2674 5209 congruam
2703 5140 2989 5194 Salomonis
3017 5141 3256 5206 incurret,
3292 5159 3309 5192 ι
3341 5139 3516 5194 Pereat
3533 5159 3652 5210 pars
3670 5158 3840 5194 eorum

2259 5230 2320 5283 de
2345 5241 2475 5284 terra
2509 5251 2526 5283 ι
2563 5231 2741 5304 (Prov.
2775 5247 2808 5285 ιι
2831 5273 2844 5297 ,
2877 5233 2990 5303 ἓξὲξ).

2333 5323 2602 5378 95.-At:c..
2647 5324 2920 5392 respondit
2953 5343 2964 5378 :
2997 5324 3119 5377 llmc
3168 5325 3325 5378 verba
3369 5325 3570 5393 jactare
3621 5333 3670 5378 ct
3716 5322 3840 5377 nihil

2264 5416 2508 5486 probare,
2538 5415 2663 5486 quid
2693 5427 2772 5470 est
2802 5417 2902 5470 nisi
2929 5415 3201 5470 delirare?
3245 5416 3488 5471 Attendis
3520 5416 3722 5470 zizania
3755 5429 3845 5483 per

2328 5643 2343 5673 ι
2370 5640 2681 5690 Floriacensis
2701 5639 2854 5688 codex
2882 5640 3116 5701 prieterit,
3143 5651 3242 5688 esse
3265 5645 3442 5688 nostra.
3467 5642 3519 5701 Et
3544 5634 3666 5685 intra
3709 5632 3724 5678 ἶ

2263 5705 2469 5754 maculat
2490 5717 2506 5765 ,'
2530 5717 2638 5752 cum
2660 5699 2999 5766 Cygitautiensi
3027 5709 3104 5750 Ms.
3135 5701 3296 5761 habet,
3324 5699 3581 5749 maculant.
