4028 6202
204 259 316 312 293

208 369 470 424 nnmdum
497 413 510 435 ,
545 378 595 421 et
628 368 856 421 triticum
898 379 1000 424 non
1044 363 1301 426 attendis;
1346 377 1464 416 cum
1511 377 1605 431 per
1632 372 1799 416 tntum

208 474 439 529 utraque
468 461 616 528 jussu
647 458 753 511 sint
778 442 1041 511 crescere.
1072 454 1316 510 Attendis
1345 469 1527 509 semen
1559 453 1793 522 maligni,

206 552 354 622 quod
385 564 624 620 tempore
655 550 845 604 messis
870 547 1203 618 separabilur
1229 544 1441 616 (Matth.
1471 552 1581 609 xui,
1607 542 1803 607 Sui-50,

208 646 445 713 5643);
479 654 529 697 et
554 659 658 697 non
689 640 918 696 attendis
942 654 1123 693 semen
1153 636 1406 705 Abrahae,
1438 638 1487 690 in
1518 651 1622 706 quo
1650 636 1809 689 bene-

208 738 467 790 dicuntur
490 748 680 789 omnes
708 740 892 803 gentes
928 729 1083 800 (Gen.
1111 742 1221 784 xxtt
1247 729 1423 798 {18).
1484 729 1642 795 Quasi
1683 740 1809 780 vero

210 841 310 881 vos
330 827 442 896 jam
469 827 585 879 sitis
615 839 785 878 massa
808 831 1025 892 purgata
1051 862 1066 887 ,
1098 830 1152 874 et
1189 819 1294 874 mel
1322 820 1604 877 sincerum.
1635 827 1689 871 et
1716 816 1811 869 eli-

213 925 434 988 qualum
463 915 642 971 oleum
662 957 676 979 ,
727 924 779 969 et
813 928 998 968 aurum
1034 926 1221 981 purum
1243 952 1258 975 ,
1300 910 1382 964 vel
1412 910 1522 978 ipsa
1558 909 1572 939 ⁸
1602 908 1809 977 species

215 1009 449 1064 dealbati
499 1007 737 1076 parietis.
792 1005 858 1061 Ut
888 1004 1030 1059 enim
1055 1003 1123 1058 de
1150 1003 1293 1056 vitiis
1331 1004 1539 1056 caeteris
1584 1009 1807 1066 taceam,

218 1099 476 1169 numquid
506 1098 704 1153 ebriosi
736 1105 937 1167 partem
979 1092 1180 1149 faciunt
1209 1091 1507 1147 sobriorum
1536 1135 1550 1157 ,
1599 1099 1689 1144 aut
1715 1089 1810 1145 de-

220 1202 474 1263 putantur
504 1190 648 1244 avari
676 1191 729 1244 in
755 1200 903 1259 parte
944 1186 1299 1256 sapientium?
1344 1183 1400 1238 Si
1426 1182 1688 1237 mansueti
1718 1181 1812 1235 ho-

220 1285 395 1339 mines
411 1283 548 1338 Iucis
570 1280 882 1335 vocabulum
907 1287 1122 1342 tenent;
1146 1276 1292 1330 furor
1309 1273 1811 1330 Circumcellionum

222 1377 309 1430 ubi
351 1376 455 1429 nisi
486 1376 540 1429 in
584 1372 816 1427 tenebris
841 1369 1217 1440 deputabitur?
1263 1368 1369 1424 Cur
1395 1382 1523 1437 ergo
1560 1382 1655 1436 per
1682 1365 1813 1419 tales

223 1468 526 1538 Baptismus
552 1466 707 1519 datus
733 1463 869 1533 apud
897 1476 993 1516 vos
1034 1461 1212 1539 valet,
1255 1468 1309 1515 et
1340 1474 1434 1529 per
1457 1457 1721 1528 quoslibet
1760 1457 1812 1511 in

224 1560 353 1613 orbe
403 1568 667 1613 terrarum
710 1554 851 1609 idem
890 1552 1088 1608 Christi
1138 1550 1439 1621 Baptismus
1478 1563 1583 1602 non
1632 1546 1814 1602 valet?

224 1652 413 1705 Cernis
439 1664 632 1719 nempe
678 1648 745 1701 ad
794 1645 922 1700 illud
962 1661 1059 1700 vos
1102 1660 1223 1699 esse
1261 1643 1329 1697 ab
1373 1642 1517 1697 orbis
1556 1652 1812 1696 terrarum

222 1742 601 1796 communione
640 1746 946 1808 separatos,
991 1744 1046 1790 ut
1090 1752 1193 1787 non
1234 1732 1446 1803 quidem
1478 1732 1593 1786 sitis
1630 1745 1815 1784 omnes

225 1833 460 1898 ebriosi,
505 1846 604 1886 nec
628 1843 815 1885 omnes
844 1827 1025 1891 avari,
1072 1841 1172 1879 nec
1210 1838 1397 1878 omnes
1422 1822 1672 1884 violenti,
1723 1819 1815 1875 sed

225 1936 417 1977 omnes
453 1919 722 1986 haeretici,
765 1934 828 1974 ac
867 1932 964 1989 per
992 1916 1093 1971 hoc
1135 1930 1322 1970 omnes
1366 1913 1512 1984 impii
1541 1921 1595 1968 et
1630 1927 1817 1967 omnes

226 2012 496 2082 sacrilegi.
1218 2072 1231 2079 ί

297 2104 387 2159 94.
416 2101 571 2171 Quod
604 2110 781 2155 autem
818 2100 1123 2154 universum
1154 2095 1336 2151 urbem
1368 2104 1629 2150 terrarum
1670 2093 1815 2146 chri-

229 2195 398 2248 stiana
444 2192 698 2247 societate
744 2189 1062 2260 gaudentem
1095 2186 1306 2241 Macarii
1354 2193 1554 2255 partem
1582 2184 1815 2249 vocatis;

230 2285 348 2353 quis
374 2282 478 2338 hoc
503 2297 633 2337 sano
651 2280 872 2336 cerebro
898 2277 1144 2335 diceret?
1184 2276 1288 2332 Sed
1315 2278 1435 2348 quia
1463 2290 1556 2329 vos
1583 2275 1650 2329 de
1672 2284 1819 2344 parte

236 2376 423 2429 Dimati
446 2390 568 2430 esse
593 2375 840 2435 dicimus,
865 2372 1102 2442 quaeritis
1126 2370 1396 2425 hominem
1418 2368 1484 2422 de
1502 2368 1652 2438 cujus
1671 2376 1820 2436 parte

235 2482 333 2521 nos
373 2481 494 2522 esse
534 2467 756 2529 dicatis;
801 2473 857 2519 et
900 2465 954 2519 in
996 2463 1200 2533 magnis
1242 2459 1498 2531 angustiis
1536 2460 1820 2513 nominatis

235 2560 414 2614 nescio
435 2575 591 2628 quem
617 2599 632 2624 ,
664 2558 707 2611 si
740 2555 876 2611 forte
897 2556 948 2609 in
979 2554 1155 2609 Africa
1183 2552 1473 2623 cognitum,
1506 2551 1556 2604 in
1584 2550 1701 2603 aliis
1727 2564 1820 2603 au-

238 2660 340 2705 tem
368 2651 514 2704 orbis
544 2649 783 2720 partibus
807 2648 1064 2719 ignotum.
1097 2646 1432 2716 Quapropter
1450 2658 1575 2699 ecce
1599 2657 1819 2713 respon-

234 2745 326 2798 det
349 2742 501 2797 vobis
520 2743 824 2796 universum
852 2754 1035 2794 semen
1054 2737 1281 2792 Abrahae
1296 2736 1364 2792 ab
1382 2735 1627 2792 universa
1638 2744 1817 2792 terra:

237 2832 521 2891 Macarium
549 2831 705 2890 istum
732 2872 748 2900 ,
789 2830 859 2888 de
886 2829 1041 2903 cujus
1066 2835 1217 2902 parte
1239 2841 1337 2884 nos
1361 2825 1537 2884 dicitis
1555 2869 1573 2896 ,
1603 2827 1821 2883 omnino

236 2943 346 2981 non
392 2926 658 2981 novimus.
708 2923 1049 2993 Respondete
1091 2921 1326 2976 vicissim
1376 2934 1481 2974 non
1526 2933 1622 2973 vos
1664 2933 1822 2973 nosse

238 3017 523 3071 Donatum.
568 3014 672 3072 Sed
698 3024 751 3070 et
782 3014 826 3068 si
852 3023 1059 3083 partem
1084 3011 1261 3081 Optati
1290 3024 1385 3065 vos
1415 3024 1534 3065 esse
1560 3008 1820 3075 dicamus,

236 3109 364 3178 quis
382 3117 613 3162 vestrum
643 3113 815 3176 potest
835 3105 1013 3161 dicere
1037 3146 1052 3167 ,
1085 3104 1291 3159 nescire
1337 3118 1395 3157 se
1420 3101 1691 3171 Optatum,
1723 3102 1830 3170 nisi

237 3198 383 3253 forte
403 3198 551 3264 I’acie,
580 3198 715 3253 sicut
743 3212 843 3253 nec
873 3194 1177 3252 Donatum?
1221 3193 1329 3249 Sed
1365 3193 1607 3264 gaudetis
1637 3188 1823 3246 videli-

236 3299 325 3344 eet
345 3290 416 3343 de
441 3290 651 3344 nomine
676 3289 864 3344 Doaati
895 3306 907 3341 :
942 3287 1192 3357 numquid
1219 3296 1274 3342 et
1294 3285 1360 3339 de
1379 3286 1591 3340 nomine
1613 3285 1824 3353 Optati?

235 3380 385 3449 Quid
425 3394 549 3449 ergo
578 3379 727 3434 vobis
768 3378 984 3448 prodest
1024 3378 1256 3431 Donatus
1279 3418 1293 3441 ,
1342 3390 1459 3429 cum
1508 3389 1601 3429 vos
1639 3389 1825 3428 omnes

235 3471 594 3540 coinquinarit
634 3470 898 3540 Optatus?
942 3467 1081 3535 Quid
1125 3467 1272 3521 vobis
1308 3466 1528 3537 prodest
1565 3465 1825 3533 sobrietas

238 3561 476 3626 Donati,
516 3576 633 3616 cum
658 3560 1159 3615 Circumcellionum
1189 3558 1446 3613 ebrietate
1473 3556 1824 3627 polluamini?

235 3652 389 3718 Quid
414 3652 557 3706 vobis
585 3651 798 3721 prodest
822 3649 1115 3706 secundum
1144 3657 1375 3704 vestram
1406 3648 1711 3718 opinionem
1744 3648 1824 3702 in-

237 3743 496 3797 nocentia
521 3743 700 3797 Donati
730 3783 744 3806 ,
775 3756 896 3796 cum
923 3740 1100 3811 Optati
1134 3741 1422 3810 rapacitate
1447 3738 1823 3794 maculemini?

240 3833 347 3888 llic
377 3833 514 3887 enim
540 3843 619 3887 est
642 3847 793 3887 error
816 3840 1025 3897 vester,
1069 3840 1128 3885 ut
1163 3831 1390 3903 amplius
1430 3831 1624 3900 putetis
1647 3829 1825 3885 valere

238 3923 574 3994 iniquitatem
602 3923 831 3977 hominis
858 3922 924 3977 ad
953 3922 1114 3977 alium
1144 3919 1608 3976 contaminandum
1628 3961 1642 3984 ,
1666 3934 1822 3990 quam

237 4015 504 4087 justitiam
544 4014 771 4069 hominis
811 4015 875 4068 ad
919 4015 1081 4068 alium
1116 4011 1523 4083 puriﬁcandum.
1574 4011 1756 4082 Itaque
1780 4011 1825 4066 si

237 4107 356 4162 duo
383 4104 573 4174 pariter
611 4103 787 4159 divina
834 4104 1177 4160 Sacramenta
1216 4103 1647 4167 communicent,
1691 4118 1826 4158 unus

239 4199 441 4267 justus,
464 4195 594 4249 alius
618 4196 867 4265 iniquus;
908 4192 1007 4249 sed
1035 4194 1107 4249 ita
1141 4202 1198 4247 ut
1221 4208 1319 4247 nec
1346 4193 1444 4247 iste
1466 4193 1606 4246 illius
1636 4192 1828 4262 iniqui—

239 4298 416 4343 tatem
441 4328 457 4351 ,
504 4303 598 4342 nec
629 4287 716 4342 ille
744 4286 901 4356 hujus
926 4286 1164 4341 imitetur
1185 4285 1443 4354 justitiam
1475 4301 1486 4337 :
1520 4299 1625 4338 non
1653 4284 1827 4339 dicitis

238 4396 307 4436 ex
340 4378 445 4433 hoc
474 4376 579 4433 ﬁeri
608 4377 792 4432 ambos
817 4376 991 4446 justos
1016 4418 1032 4443 ,
1072 4375 1165 4430 sed
1191 4375 1376 4430 ambos
1401 4374 1611 4444 iniquos
1636 4415 1650 4438 ,
1681 4374 1751 4427 ita
1774 4384 1831 4428 et

236 4483 295 4529 et
325 4469 459 4525 illud
491 4477 726 4524 sanctum
771 4464 913 4539 quod
960 4468 1160 4537 pariter
1199 4473 1454 4530 sumunt,
1499 4463 1828 4519 immundum

238 4568 353 4629 tiat,
383 4571 442 4617 et
473 4559 963 4629 amittatprOpriam
992 4557 1350 4613 sanctitatem.
1383 4555 1480 4611 Ubi
1507 4555 1607 4610 sibi
1632 4555 1833 4609 invenit

238 4658 378 4712 tales
404 4652 692 4707 advocatos
720 4651 970 4721 iniquitas
992 4691 1006 4714 ,
1059 4649 1253 4720 quibus
1277 4646 1623 4702 delirantibus
1653 4647 1722 4701 ita
1751 4648 1831 4701 vi-

236 4749 378 4803 ctrix
413 4745 664 4816 putetur?
692 4744 889 4814 thuid
916 4757 1045 4813 ergo
1070 4741 1222 4797 vobis
1246 4736 1498 4812 plauditis
1524 4739 1590 4795 de
1618 4741 1833 4795 nomine

236 4839 439 4893 Donati
462 4839 512 4893 in
544 4846 689 4892 tanto
717 4835 1088 4907 perversitatis
1115 4848 1297 4889 errore
1316 4875 1331 4899 ,
1362 4832 1449 4887 ubi
1481 4846 1585 4886 non
1616 4831 1831 4886 Petilia-

232 4946 343 4987 nus
370 4946 495 4988 esse
529 4940 765 4986 meretur
806 4928 948 5000 quod
998 4930 1232 4982 Donatus
1255 4968 1270 4991 ,
1316 4925 1410 4981 sed
1447 4925 1560 4995 ipse
1603 4916 1833 4979 Donatus

231 5038 363 5080 esse
384 5023 592 5093 cogitur
609 5016 749 5092 quod
770 5020 993 5091 Optatus
1015 5019 1040 5071 ‘i
1070 5019 1218 5073 Dicat
1239 5026 1416 5072 autem
1439 5018 1628 5071 domus
1649 5016 1830 5082 Israel,

235 5116 379 5172 Pars
417 5131 531 5169 mea
576 5113 827 5168 Dominus
869 5111 1041 5185 (Psal.
1072 5127 1218 5166 Lxxn
1243 5151 1258 5173 ,
1300 5110 1393 5181 26)
1427 5108 1610 5165 :dicat
1651 5123 1833 5164 semen

230 5208 478 5262 Abrahae
505 5206 556 5260 in
585 5205 834 5260 omnibus
870 5204 1118 5275 gentibus
1139 5245 1153 5269 ,
1195 5201 1445 5255 Dominus
1474 5217 1593 5271 pars
1618 5200 1834 5255 haeredi-

228 5299 361 5352 tatis
391 5312 518 5351 ηιεω
548 5295 718 5367 (Psal.
747 5311 835 5360 xv,
863 5294 944 5365 5).
977 5293 1134 5349 Novit
1157 5293 1297 5348 enim
1319 5291 1589 5363 quomodo
1613 5290 1754 5347 dicat
1780 5291 1831 5345 in

229 5389 537 5460 Evangelia
562 5388 747 5458 gloria.-
770 5387 909 5442 beati
937 5386 1055 5441 Dei.
1076 5384 1206 5439 Nam
1227 5395 1281 5440 et
1300 5400 1396 5439 vos
1420 5399 1514 5454 per
1533 5398 1829 5438 sacramen-

227 5494 354 5535 tum
384 5479 529 5551 quod
560 5478 613 5533 in
652 5478 804 5533 vobis
832 5486 913 5533 est
933 5519 947 5543 ,
998 5477 1136 5532 sicut
1156 5474 1386 5544 Caiphas
1415 5476 1625 5531 Domini
1653 5491 1833 5546 perse-

224 5582 403 5629 eutor
426 5615 441 5638 ,
474 5572 773 5628 nescientes
814 5569 1140 5641 prephetatis
1180 5565 1361 5638 (Joau.
1395 5582 1446 5620 χι
1468 5609 1482 5633 ,
1514 5567 1627 5638 51).
1681 5567 1832 5635 Quod

297 5707 315 5738 ⁸
348 5706 427 5757 sic
451 5712 553 5755 \tss.
580 5708 634 5754 At
666 5703 802 5767 editi,
827 5715 913 5756 nec
934 5702 1041 5768 ipsa
1065 5713 1082 5752 :
1106 5699 1265 5750 minus
1285 5704 1440 5747 recte.

1528 250 1724 305 LIBER
1765 246 2135 304 SECUNDUS.

3385 257 3490 314 ΞΜ

1917 360 2057 413 enim
2083 375 2255 430 grmce
2286 365 2531 429 Μακάρως
2550 404 2564 428 ,
2595 362 2755 419 latine
2783 363 2975 419 Beatus
3001 376 3099 429 est.
3134 360 3205 422 Ita
3236 369 3392 439 plane
3424 372 3489 426 de

1916 462 2062 519 parte
2094 452 2302 505 Macarii
2334 469 2535 507 sumus.
2584 452 2719 522 Quid
2748 456 2891 512 enim
2922 467 3005 512 est
3029 458 3239 513 Christo
3268 463 3491 529 beatius,

1914 543 2064 611 cujus
2091 560 2293 607 sumus,
2323 544 2387 599 ad
2417 562 2570 613 quem
2599 559 3079 603 comtttetnorantur
3106 560 3158 605 ct
3178 564 3497 608 convertun-

1917 644 1999 687 tur
2030 635 2257 689 univcrsi
2299 634 2429 690 lines
2472 646 2624 691 terrm-
2647 680 2661 703 ,
2709 650 2762 693 et
2792 640 2840 693 in
2870 641 3018 710 cujus
3047 652 3330 714 Conspectu
3368 646 3495 698 δύο-

1917 737 2035 780 rant
2058 727 2319 782 universa:
2346 730 2537 798 palrim
2571 732 2845 799 gentium?
2869 733 3045 801 Itaque
3068 736 3493 792 maledictioncm

1917 824 2057 869 tuam
2091 818 2327 871 ultimam
2360 820 2411 871 in
2446 835 2747 888 perversum
2773 822 2839 876 de
2859 823 3493 899 Salomoneusurpatam,

1920 921 2021 959 non
2057 907 2206 961 timet
2233 923 2353 977 pars
2386 909 2542 979 hujus
2569 912 2777 966 Macarii
2804 955 2817 977 ,
2867 915 2915 967 id
2941 917 3198 985 csthujus
3231 918 3400 984 beati,
3432 920 3508 975 ne

1919 1007 2100 1065 pereat
2129 998 2195 1052 dc
2225 1007 2384 1053 terra.
2416 999 2566 1065 Quod
2597 1002 2736 1056 enim
2763 1004 2958 1058 dictum
2990 1007 3156 1060 estde
3184 1009 3376 1079 impiis,
3398 1010 3498 1064 hoc

1919 1101 2012 1140 vos
2041 1085 2106 1141 ad
2133 1087 2331 1142 Christi
2380 1089 2744 1146 hwreditatem
2774 1104 3085 1150 convertere
3116 1100 3377 1153 conamini
3399 1140 3412 1161 ,
3445 1114 3501 1155 et

1918 1175 2020 1231 hoc
2049 1192 2168 1232 esse
2194 1178 2388 1233 litatum
2421 1181 2645 1236 nefanda
2687 1184 2956 1252 impietate
2983 1188 3321 1249 contenditis.
3370 1191 3498 1245 Cum

1916 1266 2058 1319 enim
2088 1267 2153 1321 de
2176 1268 2350 1339 impiis
2376 1272 2462 1325 ille
2493 1272 2817 1342 loqueretur,
2843 1276 2951 1330 ait:
2986 1276 3165 1331 Pereat
3184 1297 3301 1349 pars
3327 1298 3502 1335 eorum

1916 1372 1949 1408 a
1981 1367 2112 1410 terra
2155 1358 2335 1432 (Prov.
2362 1377 2433 1429 tt,
2463 1362 2578 1433 22).
2624 1364 2753 1419 Cum
2801 1376 2977 1421 autem
3026 1383 3119 1422 vos
3161 1370 3334 1425 dicitis
3373 1373 3500 1426 illud

1918 1448 2057 1517 quod
2083 1452 2337 1521 scriptum
2365 1461 2445 1507 est
2464 1494 2479 1518 ,
2512 1452 2654 1509 Dabo
2686 1457 2774 1509 tibi
2799 1468 2967 1528 gentes
2990 1461 3331 1516 [nereditatem
3360 1473 3497 1518 tuam

1920 1538 2089 1611 (Psal.
2116 1557 2175 1607 tt,
2207 1543 2298 1613 8);
2330 1552 2402 1610 et,
2437 1544 2968 1604 Conuuemorabuntur
2993 1562 3040 1604 et
3066 1563 3411 1608 convertentur
3432 1560 3498 1609 ml

1920 1630 2195 1687 Dominum
2212 1637 2431 1690 universi
2449 1639 2573 1706 ﬁnes
2595 1649 2741 1695 terra:
2765 1641 2931 1711 (Psal.
2954 1660 3062 1707 XXI,
3085 1645 3199 1715 ‘28),
3216 1646 3324 1716 jam
3346 1649 3498 1703 istam

1922 1726 2324 1792 promissionem
2353 1731 2573 1798 periisse
2602 1732 2668 1786 de
2704 1741 2877 1798 terra;
2913 1735 2962 1787 in
2988 1734 3187 1791 Christi
3217 1739 3498 1794 haeredita-

1922 1826 2025 1872 tem
2054 1827 2364 1890 retorquere
2407 1821 2564 1875 vultis
2584 1863 2599 1887 ,
2639 1824 2777 1893 quod
2804 1824 2870 1879 de
2899 1835 3043 1880 sorte
3087 1828 3394 1896 praedictum
3421 1844 3503 1884 est

1924 1908 2207 1976 impiorum
2244 1927 2257 1963 :
2285 1911 2378 1964 sed
2406 1921 2657 1968 manente
2683 1925 2840 1983 atque
2861 1926 3135 1971 crescente
3161 1918 3361 1975 Christi
3391 1922 3501 1975 hae-

1922 1997 2167 2061 reditate.
2204 2014 2324 2054 cum
2357 2003 2456 2055 ista
2487 2001 2684 2067 dicitis,
2717 2020 2811 2059 vos
2844 2007 3047 2075 peritis.
3078 2008 3191 2064 Non
3222 2011 3361 2066 enim
3391 2013 3506 2067 ubi-

1922 2108 2024 2163 que
2052 2110 2144 2163 per
2166 2106 2555 2151 sacramentum
2591 2097 2681 2152 Dei
2708 2099 3054 2168 prophetatis,
3078 2104 3501 2174 quandoquidem

1924 2182 2010 2237 hie
2039 2200 2129 2254 per
2157 2193 2384 2240 vestram
2412 2186 2668 2240 insaniam
2698 2189 2838 2243 male
2854 2191 3067 2259 aptatis.
3096 2191 3199 2246 Sed
3229 2195 3345 2262 plus
3368 2200 3505 2251 valet

1924 2276 2197 2345 prmdictio
2225 2276 2631 2348 Prophetarum,
2658 2294 2815 2350 quam
2845 2281 3146 2338 maledictio
3177 2286 3502 2355 pseudopro-

1926 2368 2228 2438 phetarum.

1993 2459 2217 2515 CAPUT
2254 2459 2366 2514 XL.
2399 2492 2468 2501 —
2521 2463 2608 2518 95.
2640 2462 2829 2518 Ρετιι.
2869 2464 3040 2519 dixit:
3073 2464 3271 2520 Paulus
3312 2485 3508 2540 quoque

1923 2554 2179 2622 apostolus
2214 2554 2397 2606 clamat
2428 2570 2446 2609 :
2477 2573 2497 2607 ι
2535 2554 2708 2609 Nolite
2720 2558 2904 2628 jugum
2938 2557 3118 2613 ducere
3146 2576 3258 2612 cum
3286 2561 3510 2631 inﬁdeli-

1924 2644 2032 2697 bus.
2070 2643 2196 2710 Qua:
2216 2644 2348 2697 enim
2374 2646 2694 2715 participatio
2709 2648 2925 2718 justitiat
2949 2665 3062 2703 cum
3088 2650 3349 2725 iniquitate
3367 2654 3395 2709 .9
3418 2666 3507 2709 aut

1922 2751 2038 2809 quia
2078 2736 2288 2793 societas
2327 2737 2530 2795 luminis
2573 2754 2690 2795 cum
2728 2740 2984 2798 tenebris?
3025 2744 3152 2809 Qui:
3187 2756 3352 2801 autem
3382 2765 3506 2801 cou-

1924 2828 2087 2884 ventio
2116 2826 2300 2884 Christi
2337 2830 2405 2883 ad
2433 2829 2642 2884 Belial?
2681 2841 2769 2885 aut
2790 2848 2902 2903 qua:
2933 2850 3054 2904 pars
3076 2836 3218 2902 [ideli
3238 2853 3351 2890 cum
3384 2840 3506 2906 infi-

1925 2921 2027 2975 deli
2062 2939 2080 2971 ι
2119 2920 2181 2992 (II
2205 2920 2322 2974 Cor.
2348 2937 2420 2986 vt,
2447 2923 2535 2989 Il,
2566 2922 2703 2993 I5)?

1997 3008 2086 3065 96.
2119 3012 2250 3066 Aac.
2283 3012 2559 3080 restiondit
2587 3030 2601 3066 :
2631 3010 2804 3068 Verba
2832 3013 3072 3084 Apostoli
3103 3031 3333 3086 agnoseo
3357 3060 3371 3084 ,
3411 3020 3506 3073 sed

1927 3098 2052 3168 quid
2079 3109 2130 3153 te
2163 3099 2445 3167 adjuvant,
2483 3102 2701 3156 omnino
2729 3117 2833 3158 non
2861 3102 3036 3159 video.
3083 3104 3214 3171 Quis
3240 3108 3381 3161 enim
3415 3124 3509 3162 no-

1927 3198 2094 3245 strum
2120 3190 2247 3245 dicit
2275 3206 2394 3247 esse
2417 3192 2875 3263 participationem
2899 3195 3120 3266 iustitia:
3149 3213 3269 3252 cum
3314 3199 3511 3269 iniqui«

1929 3289 2056 3345 tate,
2088 3282 2301 3337 etiamsi
2322 3283 2495 3352 justus
2520 3295 2574 3339 et
2602 3284 2841 3355 iniquus,
2869 3287 3005 3341 sicut
3024 3287 3185 3343 Iudas
3212 3298 3267 3345 et
3296 3291 3506 3356 Petrus,

1881 3396 1910 3423 ο
1929 3373 2125 3441 pariter
2141 3371 2483 3428 Sacramenta
2512 3378 2942 3432 communicent?
2987 3378 3070 3432 Ex
3105 3394 3204 3434 una
3232 3381 3423 3451 quippe
3454 3400 3511 3438 re

1929 3473 2108 3518 sancta
2138 3462 2301 3519 Iudas
2330 3465 2430 3519 sibi
2451 3466 2693 3522 sumebat
2712 3465 2994 3536 judicium,
3030 3468 3219 3523 Petrus
3242 3471 3466 3525 salutem
3495 3490 3507 3524 :

1929 3554 2067 3607 sicut
2096 3562 2170 3620 tu,
2192 3554 2239 3608 si
2264 3554 2535 3611 dissimilis
2547 3557 2711 3621 eras,‘
2728 3573 2848 3612 eum
2879 3559 3073 3630 Optato
3098 3559 3502 3616 Sacramentnm

1929 3647 2178 3700 sumebas
2224 3686 2239 3711 ,
2289 3657 2342 3702 et
2401 3658 2582 3716 raptor
2618 3650 2755 3703 sicut
2795 3651 2880 3705 ille
2910 3666 3012 3706 non
3043 3668 3181 3708 eras.
3217 3654 3296 3706 An
3325 3655 3509 3723 rapina

1934 3735 2184 3805 iniquitas
2206 3751 2309 3790 non
2330 3738 2454 3790 est?
2478 3737 2608 3804 Quis
2625 3738 2696 3792 ita
2724 3739 2950 3793 insaniat
2971 3749 3026 3795 ut
3051 3740 3153 3796 hoc
3179 3741 3355 3795 dicat?
3383 3743 3512 3809 Qua:

1930 3843 2057 3898 ergo
2087 3827 2418 3896 participatio
2457 3827 2678 3896 justitite
2709 3837 2813 3883 tua:
2855 3845 2975 3884 eum
3026 3832 3165 3886 illi-us
3212 3833 3508 3902 iniquitate,

1931 3919 2142 3989 quando
2163 3918 2231 3974 ad
2256 3935 2418 3973 unum
2450 3919 2782 3975 aceedebatis
2807 3922 3016 3976 altare?

2001 4009 2228 4066 CAPUT
2264 4008 2401 4065 XLI.
2432 4039 2504 4051 ——
2545 4010 2634 4066 97.
2681 4010 2861 4066 PETIL.
2893 4011 3025 4065 dixit
3054 4031 3066 4066 :
3102 4011 3169 4067 Et
3209 4015 3389 4069 iterum
3417 4016 3512 4069 do-

1932 4104 2035 4158 cuit
2058 4118 2120 4157 ne
2147 4102 2415 4158 schismata
2434 4112 2774 4157 nascerentur.
2812 4122 2832 4156 ι
2866 4102 2993 4158 Dico
3012 4115 3179 4159 autem
3206 4107 3362 4170 vobis,
3379 4113 3514 4175 quod

1933 4195 2275 4266 unusquisque
2293 4202 2507 4249 uestrum
2528 4195 2647 4249 dicit
2669 4236 2684 4261 ,
2713 4195 2820 4265 Ego
2840 4196 3038 4265 quidem
3064 4214 3174 4251 sum
3209 4197 3361 4252 Pauli
3378 4216 3398 4263 ;
3423 4218 3515 4271 ego

1934 4290 2102 4342 aufem
2146 4284 2329 4354 Apollo
2348 4327 2363 4349 ,
2404 4302 2496 4357 ego
2535 4302 2649 4340 vero
2693 4286 2919 4355 Cephea;
2965 4304 3056 4359 ego
3093 4298 3263 4343 autem
3308 4290 3513 4345 Christi.

1938 4379 2201 4450 Numquid
2229 4379 2417 4433 divisus
2445 4389 2519 4433 est
2550 4378 2777 4435 Christus
2800 4381 2826 4435 .9
2873 4380 3137 4451 Numquid
3176 4381 3374 4438 Paulus
3398 4401 3515 4437 cru-

1935 4473 2115 4541 ciﬁxus
2134 4482 2206 4526 est
2231 4488 2323 4543 pro
2341 4471 2520 4525 vobis?
2543 4481 2631 4526 aut
2655 4472 2707 4526 in
2735 4473 2936 4527 nomine
2960 4473 3114 4529 Pauli
3134 4474 3377 4545 baptizati
3400 4479 3517 4531 estis
3592 4492 3607 4510 ο

1938 4563 1980 4636 (ι
2008 4564 2126 4618 Cor.
2153 4580 2188 4627 ι,
2218 4563 2307 4629 I2,
2340 4562 2468 4635 I5)?
2501 4583 2520 4616 ι

2007 4655 2097 4711 98.
2133 4655 2267 4710 Auc.
2309 4653 2586 4724 respondit
2617 4672 2629 4707 :
2660 4652 2981 4711 Mementote
3021 4657 3108 4726 qui
3150 4656 3267 4712 hcce
3303 4658 3473 4727 legitis
3502 4675 3516 4712 :
3573 4662 3579 4667 '

1938 4745 2226 4803 Petilianus
2240 4760 2306 4801 ex
2323 4746 2578 4816 Apostolo
2602 4745 2699 4799 ista
2716 4757 3116 4802 commemorat.
3137 4748 3363 4817 Quando
3376 4751 3516 4803 enim

1937 4838 2227 4894 crederetis
2251 4839 2329 4893 sic
2355 4854 2477 4893 eum
2502 4853 2597 4907 pro
2622 4830 2774 4893 nobis
2801 4850 2982 4894 contra
3009 4855 3067 4895 se
3095 4841 3315 4897 dicere?

2008 4928 2232 4984 CAPUT
2255 4928 2416 4984 XLII.
2446 4959 2518 4969 -—
2558 4929 2647 4984 99.
2676 4928 2859 4984 PETIL.
2890 4929 3025 4984 dixit
3054 4947 3068 4983 :
3099 4931 3161 4985 Si
3192 4932 3402 4988 rudibus
3422 4975 3437 5000 ,
3478 4937 3523 4988 si
3601 4924 3606 4929 “

1931 5022 2085 5091 justis
2128 5019 2323 5073 Paulus
2364 5022 2472 5074 hate
2500 5020 2661 5085 dixit;
2705 5036 2795 5091 ego
2821 5019 2955 5074 vobis
2999 5021 3200 5091 injustis
3226 5024 3332 5078 hazc
3359 5024 3470 5077 dico
3505 5040 3522 5076 :

1942 5110 2204 5179 Numquid
2237 5111 2425 5165 divisus
2454 5119 2528 5165 est
2556 5109 2784 5166 Christus
2807 5151 2822 5175 ,
2854 5120 2910 5163 ut
2929 5127 3015 5165 vos
3038 5112 3101 5166 ab
3126 5109 3358 5166 Ecclesia
3384 5115 3518 5166 scin-

1941 5202 2121 5256 deretis
2142 5202 2167 5255 ?

2014 5292 2136 5349 100.
2186 5292 2322 5348 Anc.
2354 5291 2632 5363 respondit
2659 5310 2672 5345 :
2708 5290 2910 5348 Vereor
2938 5309 3006 5349 ne
3036 5295 3313 5366 quisquam
3343 5297 3392 5349 in
3421 5295 3521 5349 hoc

1942 5381 2101 5457 opere
2130 5399 2249 5440 meo
2292 5385 2606 5454 scriptorem
2647 5384 2936 5441 arbitretur
2961 5400 3189 5451 errasse,
3225 5398 3277 5442 et
3312 5387 3420 5442 illic
3444 5387 3521 5440 le-

2006 5612 2021 5645 ι
2048 5611 2132 5662 ttie
2152 5622 2181 5661 a
2201 5616 2309 5659 tm.
2326 5621 2389 5658 ex
2415 5607 2605 5671 Belgieo
2631 5620 2792 5669 exem;
2811 5607 2896 5657 lari
2921 5607 3130 5655 additum
3165 5606 3339 5665 fuerat,
3367 5621 3519 5672 quan-

1947 5696 2025 5745 do.
2050 5693 2140 5745 Sed
2162 5692 2417 5754 redundat,
2443 5703 2536 5741 nec
2559 5693 2606 5739 in
2628 5689 2872 5739 Gallicanis
2890 5697 2992 5739 διεδ.
3013 5692 3271 5750 reperitur.
