4028 6202
483 296 586 362 995

484 421 637 484 cisse,
672 418 956 472 Petiliamn
987 413 1115 466 dixit
1141 430 1153 474 ;
1185 412 1274 465 ubi
1300 409 1482 464 debuit
1513 407 1706 471 facere,
1740 406 2063 475 Augustinus

486 508 775 576 respondit.
815 505 917 559 Sed
944 503 1095 557 video
1125 501 1248 571 quid
1271 500 1442 569 egeris
1476 517 1488 550 :
1518 497 1666 567 quasi
1697 510 2067 565 pra'occupare

486 598 726 657 voluisti,
760 612 828 649 ne
855 609 950 647 nos
981 595 1079 646 ista
1110 593 1430 646 diceremus.
1459 590 1564 644 Sed
1594 587 1718 658 quid
1749 587 1938 652 fecisti,
1967 587 2066 640 nisi

489 699 545 740 ut
581 687 659 738 bis
699 684 983 738 dicantur?
1035 681 1088 736 Si
1121 698 1246 751 ergo
1276 681 1354 734 sic
1383 692 1433 734 te
1469 679 1700 732 delectat
1727 677 1912 730 audire
1947 692 2068 744 qua:

487 785 609 831 sunt
637 776 891 828 adversm
915 789 1010 826 vos
1030 816 1043 838 ,
1075 782 1130 825 ut
1157 789 1216 825 ea
1245 771 1487 825 dicantur
1512 785 1525 833 ;
1573 767 1696 822 audi
1721 767 1807 820 illa
1829 809 1843 832 ,
1869 777 2010 836 peto,
2039 782 2069 819 a

486 885 599 929 me,
633 868 888 922 Petiliane
922 881 934 917 :
967 865 1230 934 Numquid
1257 864 1457 917 divisus
1486 871 1567 916 est
1591 860 1853 924 Christus,
1888 869 1944 912 ut
1974 874 2069 913 vos

486 958 551 1010 ab
580 958 810 1011 ECtthSlﬂ
844 957 1155 1011 scinderetis
1175 955 1198 1007 ’ἶ

556 1047 781 1101 CAPUT
821 1045 999 1099 XLIII.
1026 1077 1094 1084 —
1122 1045 1240 1098 101.
1273 1044 1455 1097 Ρετιι..
1485 1043 1618 1096 dixit
1646 1060 1658 1095 :
1695 1039 1955 1110 Numquid
1979 1058 2070 1110 pro

487 1138 623 1191 vobis
660 1138 837 1204 laqueo
864 1154 955 1188 suo
980 1134 1145 1188 Judas
1176 1135 1388 1187 traditur
1431 1142 1653 1186 mortuus
1683 1143 1754 1183 est
1778 1172 1792 1195 ,
1837 1139 1922 1182 aut
1963 1131 2070 1198 ejus

489 1247 574 1284 vos
605 1230 822 1282 moribus
851 1229 1039 1296 tingitis
1060 1269 1073 1290 ,
1121 1228 1267 1295 cujus
1309 1226 1443 1294 facta
1483 1233 1727 1277 sectantes
1757 1222 1920 1289 raptis
1955 1223 2066 1275 tlte-

488 1322 651 1374 sauris
682 1319 924 1372 Ecclesia
961 1334 1054 1370 nos
1083 1315 1267 1371 Christi
1302 1314 1522 1369 lucredcs
1551 1313 1872 1383 potestatibus
1901 1310 2073 1364 saeculi

491 1411 844 1464 venumdatis?

564 1502 687 1556 102.
720 1503 852 1555 Ave.
884 1499 1156 1568 respondit
1189 1497 1345 1552 :Non
1395 1511 1492 1566 pro
1535 1495 1688 1550 nobis
1726 1493 1922 1558 Judas,
1977 1491 2072 1547 sed

491 1591 732 1645 Christus
777 1599 1020 1644 mortuus
1068 1597 1190 1653 est,
1238 1587 1322 1641 cui
1353 1586 1483 1640 dicit
1512 1585 1752 1639 Ecclesia
1793 1589 1904 1636 toto
1945 1583 2076 1636 orbe

493 1686 704 1749 diffusa,
738 1683 1091 1752 Respondeam
1114 1677 1527 1749 exprobrantibus
1554 1675 1676 1730 mihi
1704 1675 1923 1739 verbum,
1950 1690 2077 1742 quo-

493 1778 629 1829 niam
655 1777 706 1828 in
728 1774 871 1827 verba
903 1783 986 1826 tua
1010 1771 1204 1842 speravi
1233 1769 1410 1838 (Psal.
1437 1783 1619 1832 cxvm,
1646 1763 1758 1837 49.).
1789 1764 1920 1820 Cum
1947 1779 2076 1833 ergo

495 1867 705 1920 audiam
736 1866 895 1919 verba
941 1863 1147 1916 Domini
1175 1860 1430 1924 dicentis,
1481 1858 1632 1910 Erilis
1679 1856 1802 1909 mihi
1839 1865 1981 1908 testes
2022 1855 2076 1906 in

501 1955 802 2019 Jerusalem,
836 1964 881 2006 et
910 1954 960 2006 in
988 1961 1140 2006 totam
1167 1949 1402 2003 Judteam
1430 1958 1475 2002 et
1506 1947 1817 2012 Samariam,
1850 1955 1896 1997 et
1921 1960 2076 2013 usque

506 2049 560 2099 in
607 2055 762 2097 totam
803 2054 986 2096 terram
1015 2043 1146 2114 (Act.
1177 2056 1216 2104 ι,
1250 2039 1335 2111 8);
1384 2048 1436 2093 et
1480 2052 1575 2107 per
1617 2036 1959 2106 prophetam,
2010 2031 2076 2086 In

496 2153 694 2190 onmem
720 2147 904 2188 terram
930 2135 1079 2188 exivit
1101 2149 1253 2186 sonus
1270 2147 1461 2196 eorum,
1491 2139 1535 2183 et
1559 2129 1608 2181 in
1633 2129 1756 2196 ﬁnes
1777 2127 1911 2180 orbis
1934 2135 2080 2179 terra:

495 2227 643 2280 verba
689 2241 860 2278 eorum
907 2223 1078 2293 (Psal.
1123 2237 1284 2286 xvut,
1336 2220 1431 2290 5):
1466 2220 1724 2273 malorum
1773 2217 2079 2272 commixtio

497 2315 786 2386 corporalis
814 2332 899 2369 me
920 2315 1056 2367 nulla
1080 2315 1372 2382 perturbat,
1397 2311 1441 2365 si
1464 2311 1479 2341 ¹
1501 2310 1619 2364 novi
1636 2309 1832 2373 dicere,
1860 2308 2079 2377 Suscipe

498 2425 694 2462 servum
724 2417 863 2460 tuum
889 2408 941 2460 in
967 2406 1188 2470 bonum;
1219 2422 1316 2458 non
1337 2404 1703 2456 calumnicntur
1731 2401 1854 2454 mihi
1879 2401 2081 2470 superbi

504 2500 677 2570 (Psal.
710 2508 872 2553 cxvtu
895 2541 908 2564 ,
941 2496 1084 2567 122).
1120 2497 1230 2550 Non
1266 2511 1394 2565 ergo
1421 2510 1548 2548 curo
1567 2509 1760 2546 vanum
1789 2493 2080 2547 calumnia-

507 2601 676 2645 torcm
697 2631 712 2656 ,
766 2591 886 2659 quia
919 2587 1166 2643 idoneum
1200 2597 1353 2640 teneo
1384 2584 1780 2654 promissorem.
1826 2583 1882 2638 Si
1904 2593 2080 2638 autem

503 2681 574 2734 de
603 2680 764 2734 rebus
789 2679 873 2732 vel
903 2679 1032 2732 locis
1061 2676 1435 2732 ecclesiasticis
1463 2690 1580 2745 quae
1617 2675 1875 2729 tenebatis
1899 2687 1952 2728 et
1977 2690 2080 2728 non

505 2770 697 2823 tenetis
727 2767 1010 2837 querimini
1036 2809 1050 2830 ,
1100 2775 1321 2836 possunt
1349 2773 1402 2819 ct
1426 2763 1594 2818 Judcei
1628 2777 1685 2818 se
1707 2764 1880 2832 justos
1905 2763 2083 2818 dicere

501 2870 559 2915 et
583 2860 909 2930 iniquitatem
933 2857 1088 2913 nobis
1108 2857 1358 2926 obiicere,
1381 2855 1502 2925 quia
1530 2855 1702 2909 locum
1722 2855 1773 2908 in
1799 2869 1901 2924 quo
1925 2853 2084 2922 impie

506 2960 897 3024 regnaverunt,
948 2949 1107 3006 modo
1139 2948 1424 3004 Christiani
1455 2947 1746 3015 possident.
1795 2946 1929 3012 Quid
1957 2959 2084 3015 ergo

503 3043 814 3112 indignum,
856 3041 898 3094 si
929 3055 992 3093 ea
1034 3055 1153 3107 qua:
1198 3036 1450 3090 tenebant
1476 3035 1740 3100 haeretici,
1793 3033 2081 3088 secundum

507 3146 686 3199 parem
711 3128 923 3182 Domini
945 3127 1268 3181 voluntatem
1285 3124 1542 3178 Catholici
1560 3123 1778 3178 tenent?
1804 3122 1881 3176 Ad
1901 3137 2085 3176 omnes

507 3219 648 3273 enim
676 3217 878 3271 similes
904 3256 918 3280 ,
950 3216 1000 3270 id
1029 3224 1143 3280 est,
1171 3214 1235 3268 ad
1259 3229 1447 3268 omnes
1475 3213 1664 3282 impios
1693 3223 1743 3267 et
1765 3207 2084 3282 iniquos'illa

507 3327 609 3364 vox
642 3308 848 3363 Domini
887 3309 1023 3362 valet
1052 3326 1064 3360 :
1095 3307 1364 3378 Auferetur
1398 3323 1431 3358 a
1464 3305 1598 3359 vobis
1633 3321 1838 3376 regnum
1867 3303 1998 3370 Dei,
2038 3316 2084 3358 et

507 3403 709 3455 dabitur
757 3402 892 3471 genti
933 3401 1135 3470 facienti
1167 3399 1418 3469 justitiam
1463 3396 1669 3469 (Matth.
1698 3413 1819 3460 xxi,
1851 3397 1962 3466 ιδ).
2005 3397 2084 3450 An

505 3492 698 3546 frustra
743 3492 998 3559 scriptum
1048 3499 1162 3554 est,
1215 3487 1435 3541 Labores
1483 3487 1753 3555 impiorum
1787 3486 1912 3554 justi
1939 3486 2084 3538 edent

512 3580 683 3652 (Psal.
712 3596 795 3635 etv
821 3621 834 3646 ,
881 3580 1008 3648 44)?
1052 3579 1384 3648 Quapropter
1424 3577 1590 3646 magis
1632 3575 1810 3628 mirari
1848 3574 2080 3639 debetis,

507 3674 644 3742 quod
673 3673 845 3725 adhuc
876 3670 1066 3725 tenetis
1095 3669 1287 3737 aliquid
1311 3708 1325 3732 ,
1367 3683 1525 3737 quam
1563 3666 1701 3735 quod
1731 3664 1928 3734 aliquid
1954 3665 2086 3717 ami-

507 3765 671 3816 sistis.
707 3761 809 3816 Sed
838 3776 1008 3830 neque
1030 3761 1131 3813 hoc
1165 3758 1428 3812 miremini
1455 3775 1466 3810 :
1499 3757 1749 3825 paulatim
1780 3757 1918 3809 enim
1946 3755 2086 3808 cadit

509 3858 682 3926 paries
708 3854 1005 3910 dcalhatus.
1031 3851 1296 3920 Respicite
1323 3861 1496 3903 tamen
1514 3849 2083 3913 Maxitnianistas,qum

519 3949 630 4001 loca
664 3946 947 4010 tenebant;
978 3952 1031 3998 ct
1054 3943 1244 4012 quibus
1271 3940 1392 3994 inde
1407 3940 1684 4008 agentibus
1708 3947 1760 3991 ct
1788 3952 2085 4006 expugnati;

509 4040 646 4092 tibus
671 4037 806 4107 pulsi
831 4036 956 4089 sint.
998 4034 1062 4088 Et
1106 4033 1148 4086 si
1186 4031 1299 4084 lucc
1328 4030 1431 4098 pati
1456 4027 1658 4095 ju~titia
1689 4036 1803 4088 est,
1834 4036 1886 4079 et
1912 4026 2085 4078 facere

510 4129 758 4197 iniquitas
777 4167 792 4192 ,
824 4125 959 4179 aude
985 4122 1126 4192 loqui
1153 4122 1195 4174 si
1223 4129 1395 4189 potes.
1440 4118 1615 4170 Primo
1637 4157 1649 4180 ,
1682 4117 1800 4185 quia
1830 4131 1922 4169 vos
1954 4115 2083 4169 feci-

508 4219 637 4283 slis,
665 4217 742 4269 illi
774 4216 911 4284 passi
942 4220 1083 4266 sunt.
1131 4210 1351 4274 Deinde,
1383 4209 1504 4278 quia
1529 4207 1817 4260 secundum
1849 4207 2081 4274 regulam

504 4308 721 4376 iustitia:
751 4306 907 4372 hujus
930 4345 946 4369 ,
980 4313 1036 4356 tu
1058 4302 1276 4356 inferior
1304 4300 1575 4354 inveniris.
1606 4298 1683 4352 llli
1714 4299 1855 4352 enim
1885 4313 1976 4366 per
2001 4297 2085 4366 juo

509 4398 703 4450 dicesa
730 4395 1006 4450 catholicis
1047 4391 1450 4462 imperatoribus
1480 4389 1682 4458 expulsi
1721 4397 1844 4443 sunt
1863 4404 1927 4442 ex
1954 4388 2083 4442 locis

508 4486 778 4556 antiquis:
815 4495 867 4538 tu
911 4495 1088 4539 autem
1141 4497 1237 4536 nec
1288 4499 1381 4552 per
1427 4483 1660 4551 ipsorum
1707 4481 2082 4550 imperatorum

506 4579 654 4646 jussa
683 4576 750 4632 de
773 4576 1004 4631 basilicis
1027 4575 1314 4645 capelleris
1336 4575 1567 4628 unitatis.
1619 4571 1798 4636 Unde,
1837 4573 1935 4626 nisi
1963 4573 2082 4641 quia

511 4669 731 4723 minoris
760 4669 931 4723 meriti
961 4682 1040 4735 es,
1066 4683 1171 4722 non
1192 4667 1361 4722 solum
1381 4666 1586 4721 caeteris
1607 4665 1824 4735 collegis
1846 4667 1967 4730 tuis,
1991 4665 2081 4718 sed

510 4761 668 4814 etiam
692 4760 805 4814 istis
828 4760 976 4830 ipsis,
1003 4771 1137 4829 quos
1160 4767 1305 4813 certe
1325 4766 1384 4812 ut
1411 4757 1700 4827 sacrilegos
1726 4756 1942 4826 plenari-i
1967 4772 2086 4810 con-

506 4854 610 4907 cilii
639 4853 795 4907 vestri
820 4867 912 4906 ore
939 4850 1267 4906 damnastis?

577 4944 801 5008 CAPUT
841 4944 1020 4998 XLIV.
1047 4973 1118 4984 ——
1148 4944 1268 4998 105.
1293 4943 1478 4996 Ρετιι..
1502 4941 1635 4996 dixit
1663 4960 1675 4996 :
1712 4939 1822 4994 Nos
1848 4941 1996 5002 enim,
2031 4948 2085 4991 ut

507 5039 754 5107 scriptum
779 5045 888 5101 est,
921 5034 1181 5105 Baptismo
1209 5044 1380 5088 nostra
1405 5032 1657 5087 Christum
1695 5031 1950 5084 induimus
1981 5039 2084 5081 tra-

505 5132 664 5184 ditum
693 5127 887 5199 (Colat.
917 5144 971 5181 nt
996 5168 1011 5193 ,
1042 5127 1134 5197 27)
1161 5169 1174 5192 ,
1203 5143 1289 5180 vos
1318 5137 1478 5180 vestro
1517 5125 1748 5195 contagio
1776 5122 1811 5176 Ι
1818 5124 1970 5175 udam
2007 5121 2085 5172 in-

506 5225 658 5277 duitis
689 5223 1000 5276 tradilorent.

579 5317 700 5370 104.
735 5314 868 5370 Anc.
913 5311 1185 5380 respondit
1225 5329 1238 5364 :
1272 5310 1490 5364 Possem
1527 5317 1578 5362 et
1604 5321 1702 5375 ego
1731 5303 1907 5358 dicere
1929 5345 1942 5365 ,
1978 5303 2083 5356 Vos

507 5415 683 5460 vestro
708 5403 952 5474 contagio
988 5402 1235 5471 Optatum
1274 5399 1489 5453 induitis
1516 5397 1838 5467 proditorem
1861 5436 1875 5458 ,
1900 5402 2080 5463 rapto-

507 5513 638 5559 rem,
673 5486 1067 5568 oppressorem,
1092 5502 1453 5563 scparatorem
1489 5510 1500 5544 :
1531 5491 1623 5544 sed
1645 5489 1780 5545 absit
1803 5497 1856 5541 ut
1878 5487 2082 5555 cupidi-

508 5593 586 5637 tas
616 5585 869 5641 reddendi
901 5584 1165 5640 maledicti
1197 5598 1281 5638 me
1309 5582 1375 5637 ad
1400 5582 1629 5652 aliquam
1659 5589 1912 5653 provocet
1941 5578 2084 5634 falsi-

575 5718 588 5749 ι
616 5724 681 5767 tta
701 5725 805 5768 Mss.
833 5727 887 5770 Αι
910 5720 1044 5784 editi,
1069 5718 1172 5771 sed.

1337 295 1607 352 CONTRA
1651 289 1987 348 LlT'fEltAS
2025 276 2388 356 PETILIANI,
2429 289 2486 343 s.
2529 288 2891 346 AUGUSTINI
2966 340 2972 346 .

3646 293 3753 348 296

2176 413 2334 459 tatem
2377 421 2392 458 :
2433 419 2528 457 nec
2551 420 2643 458 vos
2677 406 2817 459 enim
2849 405 2993 459 illum
3023 405 3238 460 induitis
3259 445 3274 470 ,
3307 419 3404 459 nec
3429 419 3528 460 nos
3566 406 3750 461 istum.

2177 494 2356 564 Itaque
2381 495 2421 547 si
2455 495 2676 564 quisque
2701 496 2765 548 ad
2795 511 2890 550 nos
2918 496 3135 550 veniens
3160 497 3212 550 in
3253 496 3466 549 nomine
3491 496 3664 565 Optati
3692 512 3754 553 se

2175 585 2493 654 baptizatum
2516 600 2634 639 esse
2656 587 2988 654 respondeat,
3012 596 3067 642 et
3087 587 3440 655 baptizabitur
3462 591 3516 641 in
3539 590 3753 644 nomine

2176 675 2402 740 Christi;
2429 688 2480 729 et
2498 691 2590 729 vos
2616 687 2874 746 quotquot
2897 692 2924 728 τι
2947 678 3098 731 nobis
3124 679 3397 732 venientes
3426 677 3753 748 baptizastis,

2177 769 2217 821 si
2251 767 2301 821 in
2337 770 2550 822 neruine
2577 769 2727 823 Judac
2757 770 3021 824 traditoris
3059 785 3117 824 se
3153 770 3444 839 baptizatos
3466 771 3714 826 dixerant
3737 813 3752 832 .

2178 875 2282 914 non
2306 860 2744 930 reprehendimus
2767 863 2905 931 quod
2932 862 3130 917 fecistis
3157 880 3169 916 :
3201 863 3245 915 si
3277 871 3451 916 autem
3480 864 3530 917 in
3557 861 3754 918 Christi

2181 951 2395 1006 nomine
2441 951 2689 1020 baptizati
2728 964 2918 1013 erant,
2960 970 3064 1006 non
3110 954 3300 1007 videtis
3337 966 3533 1023 quanto
3571 971 3755 1010 errore

2178 1041 2507 1095 arbitremini
2564 1043 2818 1098 varietate
2871 1043 3222 1098 humanOrum
3275 1045 3522 1098 vitiorum
3575 1046 3755 1099 divina

2179 1129 2520 1185 Sacramenta
2561 1133 2790 1200 variari,
2831 1143 2923 1187 aut
2963 1135 3086 1188 vita:
3115 1135 3130 1165 ί
3157 1134 3469 1204 cujusquam
3508 1137 3756 1193 sordibus

2180 1221 2379 1290 pollui?
2555 1289 2566 1303 ι
3781 1246 3789 1254 .

2249 1312 2471 1369 CAPUT
2510 1314 2669 1369 XLV.
2696 1347 2768 1355 —
2807 1317 2928 1371 105.
2971 1316 3158 1370 Ρετιι..
3199 1316 3332 1370 dixit
3374 1336 3386 1370 :
3429 1317 3537 1373 Sed
3567 1320 3610 1371 si
3646 1319 3757 1373 ista

2179 1415 2293 1458 sunt
2315 1416 2501 1476 partes,
2533 1409 2662 1461 nihil
2685 1408 2825 1461 nobis
2857 1409 3193 1478 pra’judicant
3223 1409 3427 1462 nomina
3461 1412 3754 1480 compartis.

2179 1495 2311 1549 Dua:
2346 1511 2559 1566 namque
2586 1498 2678 1550 via:
2702 1507 2815 1550 sunt
2856 1513 2874 1550 :
2915 1515 3018 1551 una
3055 1509 3297 1568 angusta,
3324 1515 3424 1568 qua
3463 1501 3755 1569 pergimus;

2179 1597 2339 1640 altera
2367 1597 2439 1641 est
2463 1588 2631 1659 impiis
2655 1630 2668 1654 ,
2701 1606 2802 1658 qua
2836 1591 3065 1658 peribunt
3094 1605 3112 1644 :
3137 1599 3182 1642 et
3207 1600 3371 1643 tamen
3399 1589 3546 1659 longe
3570 1591 3758 1644 discer-

2182 1678 2318 1730 nitur
2345 1679 2573 1733 vocabuli
2601 1681 2863 1749 a'qualitas
2888 1720 2901 1747 ,
2933 1697 2994 1734 ne
3029 1681 3108 1734 via
3136 1683 3353 1752 justitia:
3379 1683 3630 1736 consortio
3667 1699 3759 1736 no-

2182 1769 2330 1820 minis
2355 1769 2655 1822 maculctur.

2258 1859 2376 1914 106.
2410 1862 2546 1918 Ave.
2579 1863 2852 1931 reSpondit
2882 1882 2894 1917 :
2923 1863 3165 1917 Timuisti
3197 1874 3556 1933 comparatam
3580 1866 3760 1919 multi-

2185 1949 2350 2006 tudini
2391 1963 2581 2008 vestra:
2625 1955 3012 2009 multitudinem
3057 1954 3204 2009 orbis
3249 1965 3508 2010 terrarum
3537 1997 3552 2022 ,
3597 1967 3652 2011 et
3693 1957 3761 2012 ad

2186 2044 2462 2112 paucitatis
2492 2043 2697 2099 laudem
2731 2061 2824 2114 per
2847 2057 3122 2116 angustam
3160 2048 3296 2100 viam
3337 2047 3664 2117 gradientem
3705 2057 3758 2103 te

2185 2135 2428 2190 conferre
2450 2137 2679 2190 voluisti.
2720 2137 2928 2191 Utinam
2957 2152 3061 2190 non
3087 2137 3152 2196 ad
3175 2137 3290 2206 ejus
3317 2139 3547 2204 laudem,
3568 2139 3664 2194 sed
3694 2139 3764 2194 ad

2187 2231 2353 2299 ipsam
2379 2231 2515 2284 viain
2541 2239 2590 2284 te
2618 2230 2934 2284 contulisses
2959 2249 2971 2284 :
2999 2230 3235 2299 profecto
3258 2231 3586 2300 perspiceres
3611 2245 3765 2286 eam;

2187 2320 2307 2375 dem
2337 2321 2653 2388 paucitatem
2687 2321 2738 2372 in
2780 2319 3015 2374 Ecclesia
3054 2335 3173 2374 esse
3210 2321 3442 2375 omnium
3479 2321 3725 2390 gentium
3753 2363 3767 2383 .

2187 2414 2280 2468 sed
2330 2427 2522 2481 paucos
2564 2411 2666 2466 dici
2714 2412 2888 2481 justos
2935 2413 2984 2465 in
3032 2413 3424 2481 comparatione
3474 2412 3769 2467 multorum

2189 2504 2494 2573 iniquorum
2551 2521 2562 2555 :
2608 2504 2745 2558 sicut
2794 2503 2846 2557 in
2891 2505 3286 2573 comparatione
3336 2503 3500 2573 palea:
3546 2515 3774 2572 possunt

2188 2609 2354 2664 pauca
2378 2609 2540 2664 grana
2565 2593 2666 2648 dici
2690 2594 2970 2648 uberrimae
2997 2596 3210 2662 segetis,
3239 2610 3357 2663 qua:
3389 2600 3563 2648 tamen
3591 2609 3688 2663 per
3714 2608 3775 2648 se

2191 2684 2303 2754 ipsa
2333 2685 2383 2739 in
2415 2700 2642 2739 massam
2670 2685 2881 2739 redacta
2914 2685 3136 2752 implent
3172 2684 3443 2740 horreum.
3475 2683 3602 2738 Nam
3630 2683 3775 2739 sicut

2192 2773 2244 2827 in
2276 2774 2708 2829 tribulationibus
2745 2776 3062 2828 amissorum
3103 2774 3338 2827 locorum
3363 2815 3376 2838 ,
3420 2775 3498 2828 sic
3525 2774 3684 2828 etiam
3719 2774 3777 2828 in

2191 2867 2476 2936 paucitate,
2512 2867 2555 2920 si
2580 2868 2629 2920 in
2663 2866 2745 2918 his
2772 2869 2924 2935 putas
2954 2874 3071 2920 esSe
3093 2864 3370 2934 justitiam,
3403 2874 3455 2920 te
3483 2865 3579 2935 ipsi
3605 2864 3779 2918 Maxi-

2192 2960 2452 3011 mianisuu
2479 2959 2822 3026 superabunt.

2262 3049 2488 3104 CAPUT
2527 3049 2711 3103 XLVI.
2735 3081 2802 3089 —
2825 3051 2946 3103 107.
2971 3050 3152 3105 Ρετιι.
3177 3050 3308 3104 dixit
3333 3069 3346 3105 :
3376 3049 3551 3104 Primo
3575 3051 3782 3119 psalmo

2193 3138 2362 3192 David
2392 3141 2558 3193 beatos
2586 3151 2634 3193 et
2660 3141 2840 3208 impios
2878 3150 3079 3208 separat
3104 3180 3117 3204 ,
3149 3157 3249 3193 non
3279 3151 3447 3210 partes
3474 3142 3658 3194 scilicet
3697 3142 3783 3210 [a-

2193 3232 2326 3285 ciens
2349 3272 2365 3296 ,
2414 3232 2502 3284 sed
2554 3231 2616 3284 ab
2659 3231 2883 3284 omnibus
2929 3231 3096 3299 impiis
3145 3247 3387 3299 separaris
3435 3231 3779 3285 sanctitatem.

2151 3383 2167 3402 ³
2199 3344 2218 3377 ι
2253 3324 2439 3378 Beatus
2467 3325 2540 3377 vir
2561 3324 2645 3393 qui
2673 3340 2772 3376 non
2809 3315 2931 3376 abiit
2968 3325 3021 3374 in
3059 3321 3272 3375 concilio
3310 3323 3577 3391 impiorum
3602 3363 3616 3385 ,
3647 3329 3701 3374 et
3728 3323 3781 3375 in

2193 3418 2273 3471 via
2300 3427 2614 3487 peccatorum
2654 3433 2754 3468 non
2792 3419 2942 3468 stetit.
2978 3433 2996 3465 ›
3028 3415 3107 3466 Ad
3146 3415 3276 3466 viam
3306 3415 3524 3483 justititz
3560 3413 3781 3478 redeat,

2192 3508 2278 3576 qui
2303 3508 2553 3560 erraverat
2578 3516 2631 3558 ut
2660 3507 2862 3575 periret.
2900 3525 2917 3554 ι
2948 3503 3014 3557 Et
3039 3521 3193 3568 super
3216 3505 3506 3556 cathedram
3535 3505 3786 3573 pestilen-

2193 3599 2277 3650 tia:
2314 3614 2414 3650 non
2440 3597 2586 3650 sedit.
2623 3614 2640 3646 ι
2676 3595 2802 3649 Cum
2839 3596 2910 3648 ita
2946 3605 3256 3647 commoneat
3281 3635 3295 3657 ,
3335 3609 3364 3646 ο
3403 3595 3612 3659 miseri,
3650 3596 3786 3664 quid

2191 3690 2416 3743 sedetis?
2446 3707 2464 3739 ι
2505 3687 2608 3743 Sed
2637 3688 2688 3740 in
2718 3688 2822 3756 lege
2851 3686 3050 3739 Domini
3075 3687 3306 3739 voluntas
3331 3686 3438 3754 ejus
3460 3725 3476 3749 ,
3506 3694 3552 3738 et
3579 3686 3635 3738 in
3668 3687 3786 3758 lege

2195 3779 2400 3833 Domini
2429 3778 2749 3833 meditabitur
2787 3779 2868 3832 die
2891 3795 2948 3829 ac
2976 3788 3137 3832 nocte.
3179 3776 3244 3830 Et
3273 3777 3366 3830 erit
3405 3777 3538 3829 velut
3575 3778 3788 3846 lignum

2192 3871 2326 3938 quod
2349 3871 2632 3939 plantatum
2661 3877 2732 3921 est
2761 3869 2895 3921 circa
2923 3869 3162 3920 decursus
3191 3883 3469 3935 aquarum,
3499 3866 3635 3931 quod
3663 3870 3786 3935 [ru-

2193 3971 2327 4014 ctum
2353 3977 2497 4013 suum
2536 3959 2672 4010 dabit
2711 3960 2761 4010 in
2801 3968 3022 4028 tempore
3049 3973 3160 4010 suo.
3204 3956 3268 4009 Et
3307 3956 3484 4027 folium
3524 3956 3632 4024 ejus
3679 3974 3783 4008 non

2193 4051 2386 4103 decidet
2411 4092 2423 4110 ,
2453 4060 2496 4101 et
2528 4050 2696 4102 omnia
2733 4065 3057 4116 quaecmnque
3081 4047 3250 4118 feterit
3277 4089 3291 4112 ,
3323 4062 3564 4116 prospera
3595 4061 3783 4114 proce—

2192 4141 2330 4194 dent.
2365 4140 2485 4192 Non
2514 4141 2584 4193 sic
2611 4141 2775 4208 impii,
2805 4157 2905 4192 non
2933 4141 3039 4205 sic;
3066 4141 3154 4194 sed
3175 4151 3412 4209 tanquam
3439 4139 3600 4207 pulvis
3625 4156 3782 4207 quem

2192 4235 2393 4306 projicit
2419 4241 2591 4286 ventus
2617 4249 2647 4284 a
2669 4233 2800 4303 facie
2825 4243 2988 4285 terra.
3027 4250 3045 4283 ›
3073 4229 3262 4299 Implet
3288 4231 3458 4284 oculos
3481 4271 3497 4294 ,
3528 4239 3584 4282 ut
3613 4246 3783 4283 exae-

2191 4336 2285 4378 εει.
2316 4343 2333 4375 ‹
2365 4324 2644 4393 Propterea
2669 4339 2767 4375 non
2792 4332 3058 4392 exsurgant
3092 4321 3235 4389 impii
3273 4323 3323 4373 in
3352 4321 3550 4392 judicio
3571 4361 3585 4382 ,
3617 4337 3782 4390 neque

2193 4425 2474 4486 peccatores
2500 4413 2552 4463 in
2579 4413 2794 4463 concilio
2818 4415 3093 4481 justorum.
3131 4411 3382 4478 Quoniam
3404 4412 3495 4464 scit
3518 4408 3782 4463 Dominus

2190 4506 2295 4558 vias
2312 4505 2588 4574 justorum,
2617 4511 2660 4554 et
2690 4503 2785 4554 iter
2814 4503 3086 4570 impiorum
3115 4504 3269 4572 pet-iet
3305 4518 3324 4553 ι
3359 4501 3534 4575 (Psal.
3565 4506 3624 4571 ι).

2262 4597 2386 4651 108.
2410 4595 2544 4650 ABG.
2571 4594 2841 4662 respondit
2863 4613 2876 4647 :
2901 4593 3032 4660 Quis
3053 4609 3156 4647 non
3181 4596 3230 4648 in
3256 4595 3544 4664 Scripturis
3560 4594 3782 4652 discer-

2193 4700 2283 4743 nat
2309 4688 2422 4741 hacc
2451 4688 2555 4742 duo
2581 4701 2774 4758 genera
2807 4686 3117 4740 hominum?
3155 4687 3258 4742 Sed
3301 4704 3396 4742 vos
3436 4688 3680 4744 maledici
3711 4695 3733 4725 ³
3760 4733 3777 4752 ,

2193 4782 2357 4851 paler.
2383 4780 2601 4834 crimina
2629 4781 2787 4832 etiam
2818 4777 3096 4831 frumentis
3123 4777 3377 4846 objicitis;
3419 4787 3475 4833 et
3509 4796 3630 4834 cum
3660 4785 3777 4834 sola

2194 4875 2341 4943 palea
2366 4873 2479 4926 sitis
2502 4912 2516 4937 ,
2545 4871 2714 4924 solum
2749 4867 3069 4921 frumentum
3098 4883 3190 4921 vos
3218 4882 3336 4922 esse
3355 4868 3590 4936 jactatis.
3640 4872 3766 4925 1ἰό-

2193 4965 2367 5035 pheta:
2395 4973 2571 5017 autem
2602 4960 2818 5014 veridici
2846 4969 3128 5028 utrumque
3158 4960 3259 5013 hoc
3289 4974 3454 5029 genus
3483 4971 3608 5015 ante
3639 4978 3772 5018 ven—

2193 5058 2484 5110 tilationem
2506 5095 2519 5118 ,
2546 5069 2662 5123 quae
2685 5053 2738 5106 in
2778 5052 2864 5105 die
2889 5051 3072 5121 judicii
3104 5049 3275 5105 futura
3301 5059 3383 5105 est
3405 5093 3419 5116 ,
3450 5053 3778 5120 permistum

2193 5164 2310 5204 esse
2348 5147 2532 5202 dicunt
2570 5160 2664 5215 per
2703 5155 2867 5198 totum
2910 5144 3163 5198 mundum
3189 5185 3203 5207 ,
3247 5143 3299 5198 id
3338 5154 3421 5198 est
3462 5160 3556 5212 per
3603 5153 3780 5200 totum

2193 5257 2376 5311 agrum
2410 5240 2640 5295 Domini.
2672 5239 3048 5295 Verumtamen
3077 5236 3339 5291 admoneo
3370 5248 3424 5290 ut
3461 5237 3622 5291 istum
3662 5237 3779 5308 pri-

2195 5349 2336 5388 mum
2363 5335 2620 5402 psalmum
2647 5345 2820 5398 grazce
2854 5328 2996 5398 legas
3027 5345 3038 5379 :
3075 5328 3144 5380 ita
3173 5343 3277 5381 non
3299 5326 3518 5381 audebis
3547 5341 3643 5396 pro
3669 5328 3782 5380 cri-

2195 5424 2336 5478 mine
2377 5421 2610 5491 objicere
2653 5419 2768 5472 orbi
2811 5427 3071 5472 terrarum
3113 5427 3316 5487 partem
3355 5416 3606 5480 Macarii;
3649 5415 3779 5486 quia

2257 5650 2270 5679 ¹
2298 5645 2411 5694 t-‘diti
2434 5683 2446 5701 ,
2489 5650 2569 5693 aut
2592 5644 2639 5692 in
2678 5651 2739 5694 te.
2781 5646 3079 5704 castigantur
3104 5657 3164 5691 ex
3193 5642 3546 5703 manuscriptis.

2258 5712 2276 5740 ²
2301 5715 2348 5756 tn
2376 5709 2533 5767 editis,
2557 5705 2798 5754 maledicti
2830 5718 2845 5754 :
2868 5715 3109 5767 corrupte.
