4028 6202
262 276 366 332 297

264 390 403 441 torte
426 380 691 452 tntelligcs
714 380 869 450 cujus
893 376 1105 432 Macarii
1131 375 1201 430 sit
1227 387 1349 443 pars
1369 371 1425 425 in
1445 368 1692 425 omnibus
1715 380 1844 420 sau-

264 479 367 534 ctis
387 517 402 542 ,
433 490 555 546 qua:
586 488 681 544 per
705 486 891 526 onmes
919 477 1102 541 gentes
1137 463 1519 521 benedicuntur
1557 459 1609 512 in
1639 457 1843 511 semine

266 567 515 625 Abrahm.
544 562 698 633 Quod
727 563 870 618 enim
898 560 1153 630 scriptum
1187 566 1270 612 est
1299 555 1460 609 latine
1478 593 1492 616 ,
1520 549 1707 604 Beatus
1736 549 1846 611 vir;

264 673 441 730 gnece
472 656 652 717 habet,
680 659 931 723 Μακάριρς
960 653 1099 719 ἀνήρ.
1138 648 1232 702 Ille
1270 655 1447 700 autem
1479 641 1736 698 Macarius
1759 639 1850 708 qui

268 749 421 804 vobis
457 746 703 816 diSplicct
725 783 740 809 ,
771 742 817 796 si
847 740 1020 796 malus
1050 739 1145 792 fuit
1166 778 1182 804 ,
1216 750 1316 791 nec
1342 736 1396 788 in
1427 733 1526 788 hac
1551 740 1698 787 sorte
1726 739 1808 784 est
1834 768 1848 793 ,

269 856 373 896 nec
409 841 533 894 huic
571 836 704 891 sorti
743 833 917 888 obest.
955 830 1013 888 Si
1055 837 1231 884 autem
1274 827 1443 881 bonus
1466 865 1482 891 ,
1524 838 1661 891 opus
1699 837 1852 876 suum

271 931 479 1003 probet,
512 937 569 983 ιιι
592 929 643 982 ἰιι
674 938 735 983 se
759 926 875 997 ipso
902 924 1093 978 habeat
1118 920 1364 993 gloriam,
1392 927 1447 973 et
1473 916 1654 972 nonin
1683 913 1855 968 altero

271 1019 469 1093 (Halat.
496 1035 551 1073 vr
568 1060 585 1084 ,
608 1017 692 1087 4).

341 1111 570 1169 CAPUT
608 1108 818 1166 XLVII.
837 1138 911 1149 —
934 1106 1054 1164 I09.
1080 1104 1266 1160 Ρετιι..
1289 1102 1423 1157 dixit
1446 1118 1459 1154 :
1488 1098 1668 1155 Nostri
1685 1106 1856 1150 autem

274 1201 609 1273 Baptismatis
656 1198 835 1253 laudes
882 1197 1015 1251 idem
1073 1192 1495 1265 psalmographus
1547 1186 1855 1242 decantauit.

279 1311 298 1344 ι
338 1291 589 1345 Dominus
634 1290 792 1361 pascit
832 1304 949 1350 mc,
993 1294 1040 1340 et
1085 1285 1214 1339 nihil
1258 1284 1381 1337 mihi
1421 1282 1613 1345 deerit;
1657 1279 1710 1332 in
1750 1278 1860 1332 loco

260 1399 480 1455 muscum
501 1383 570 1436 ibi
600 1399 679 1436 me
705 1380 989 1435 collocat-it.
1017 1378 1090 1433 Su
1098 1393 1186 1448 per
1213 1391 1395 1446 aquam
1424 1371 1712 1443 refectioni:
1737 1370 1863 1424 edu-

278 1474 406 1525 cavit
444 1489 524 1525 me
545 1513 561 1535 ,
591 1471 814 1524 animant
842 1485 1005 1522 meam
1043 1466 1301 1522 convertit.
1343 1463 1566 1517 Dedule
1603 1478 1681 1516 me
1713 1476 1864 1531 super

280 1564 478 1619 sciuitas
498 1561 715 1630 iustitia:
746 1570 951 1632 propter
979 1574 1161 1613 nomen
1184 1573 1354 1610 suum.
1379 1554 1518 1609 Nam
1544 1563 1590 1608 et
1614 1554 1657 1608 si
1680 1551 1831 1605 ambu
1849 1578 1865 1594 ς

281 1653 444 1707 lacero
469 1654 521 1706 in
544 1652 706 1706 medio
728 1653 917 1705 umbra:
935 1649 1128 1714 mortis,
1169 1666 1189 1700 ι
1219 1647 1263 1702 si
1287 1663 1385 1713 me,
1409 1645 1590 1711 inquit,
1620 1658 1863 1713 persecu-

279 1752 362 1796 tor
383 1745 614 1809 occidat,
652 1761 670 1794 ι
700 1759 799 1797 non
825 1740 1003 1795 timebo
1024 1740 1160 1794 mala
1183 1755 1201 1804 ;
1231 1738 1472 1810 quoniam
1496 1747 1549 1789 tu
1571 1751 1761 1789 mecum
1791 1750 1864 1799 es,

282 1834 518 1888 Domine.
566 1834 717 1904 Virga
746 1843 832 1886 tua
860 1842 908 1886 ct
934 1829 1141 1886 baculus
1177 1839 1294 1884 tuus
1326 1829 1440 1898 ipsa
1467 1826 1727 1881 consolata
1752 1834 1866 1877 sunt

283 1942 385 1979 me.
420 1945 439 1978 ι
467 1924 601 1979 Inde
624 1925 738 1978 uicit
765 1923 965 1978 Goliam
989 1922 1097 1977 oleo
1127 1920 1412 1975 chrismatis
1442 1918 1676 1972 loricata.
1704 1934 1723 1967 ι
1760 1915 1865 1968 Pa-

283 2018 412 2069 rasu'
430 2017 482 2069 in
504 2026 775 2086 conspectu
802 2030 908 2067 meo
936 2029 1181 2075 mensam,
1209 2011 1449 2065 adversus
1479 2025 1563 2063 eos
1592 2007 1679 2077 qui
1704 2006 1867 2058 tribu-

283 2107 394 2159 lant
418 2123 514 2160 me.
545 2105 887 2176 Impiuguusti
914 2102 1022 2157 oleo
1058 2110 1210 2173 caput
1247 2117 1411 2154 meum
1436 2141 1450 2165 ,
1493 2109 1538 2153 et
1576 2099 1711 2152 calix
1749 2108 1868 2171 tuus

284 2195 538 2250 inebrians
560 2212 801 2266 perquam
826 2194 1065 2263 optimus.
1099 2192 1165 2246 Et
1203 2177 1546 2246 misericordia
1574 2199 1662 2243 tua
1692 2186 1866 2242 subse-

284 2300 466 2359 quatur
492 2304 574 2340 me
597 2302 767 2341 anule;
795 2285 902 2339 dies
928 2285 1039 2338 vita:
1071 2298 1193 2337 mea:
1216 2297 1236 2336 .'
1264 2291 1315 2335 ut
1341 2280 1617 2335 inhabitant
1642 2280 1695 2334 in
1718 2281 1868 2332 domo

288 2378 515 2443 Domini,
545 2380 598 2432 in
620 2364 984 2449 longitudinem
1011 2373 1206 2429 dierum
1239 2392 1259 2427 ι
1293 2371 1467 2444 (Psal.
1499 2371 1657 2444 xm).

361 2469 484 2522 llo.
509 2470 647 2524 Atio.
677 2465 956 2536 respondit
985 2482 999 2517 :
1026 2464 1130 2519 Iste
1155 2462 1391 2534 psalmus
1413 2461 1482 2518 de
1502 2461 1587 2517 his
1612 2461 1867 2532 loquitur,

289 2561 380 2631 qui
422 2559 562 2615 bene
602 2559 896 2628 suscipiunt
941 2557 1309 2627 Baptismum,
1354 2563 1410 2610 et
1451 2564 1641 2609 sancto
1686 2562 1871 2608 sancte

292 2660 531 2706 utuntur.
574 2650 694 2705 Non
733 2653 875 2706 enim
926 2650 1091 2704 verba
1132 2647 1234 2702 ista
1277 2647 1437 2702 etiam
1480 2645 1550 2700 ad
1593 2645 1870 2701 Simonem

292 2742 499 2813 Magum
526 2741 831 2813 pertinent,
862 2740 950 2811 qui
992 2750 1168 2795 tamen
1211 2737 1461 2795 eumdem
1499 2746 1742 2792 sanctum
1767 2737 1870 2791 Ba-

295 2834 544 2903 plismmn
574 2833 782 2905 accepit
811 2851 825 2888 :
852 2842 908 2888 ct
942 2832 1067 2902 quia
1104 2848 1168 2887 eo
1196 2839 1382 2886 sancte
1421 2830 1495 2885 uti
1525 2830 1694 2911 noluit
1715 2871 1732 2896 ,
1766 2844 1873 2885 non

296 2924 418 2979 ideo
439 2924 589 2978 illum
618 2923 932 2993 inquinavit,
960 2932 1052 2977 aut
1080 2921 1427 2992 repetendum
1451 2920 1643 2977 talibus
1670 2920 1870 2975 docuit.

297 3016 405 3071 Sed
441 3017 564 3087 quia
595 3015 762 3071 Colias
803 3014 1366 3070 commemorationem
1405 3012 1578 3070 fecisti
1602 3053 1619 3081 ,
1660 3011 1877 3069 attende

296 3108 445 3163 illum
463 3107 532 3162 de
561 3107 679 3176 ipso
705 3106 856 3161 Golia
887 3105 1148 3175 psalmum
1170 3146 1186 3170 ,
1216 3113 1273 3160 et
1295 3104 1417 3160 vide
1437 3104 1559 3175 quia
1590 3104 1645 3159 in
1667 3103 1875 3160 cantico

298 3214 436 3254 novo
458 3197 703 3269 depictus
730 3205 813 3252 est
840 3199 856 3229 ¹
882 3215 898 3250 :
927 3196 1000 3252 ibi
1024 3196 1166 3252 enim
1193 3195 1407 3263 dicitur,
1437 3195 1595 3261 Deus,
1622 3195 1878 3251 canticum

299 3308 478 3345 uorum
519 3292 736 3344 cantabo
786 3288 918 3353 tibi;
965 3289 1019 3343 in
1069 3288 1307 3358 psalterio
1355 3288 1525 3342 decem
1569 3288 1878 3342 chordarum

300 3385 515 3455 psallam
544 3383 632 3438 tibi
662 3381 831 3455 (I’sal.
859 3398 1024 3438 cxuu
1047 3423 1062 3448 ,
1094 3380 1173 3452 9).
1215 3380 1282 3436 Et
1310 3380 1429 3435 vide
1457 3392 1630 3434 utrmn
1669 3379 1736 3434 ad
1775 3379 1879 3435 hoc

299 3476 567 3530 canticum
601 3475 880 3543 pertineat.
909 3473 996 3543 qui
1018 3474 1132 3527 orbi
1161 3482 1419 3527 terrarum
1443 3488 1548 3526 non
1576 3471 1879 3526 communi-

300 3575 405 3620 cat.
435 3565 574 3620 Alibi
599 3566 742 3619 enim
762 3564 956 3619 dicitur
984 3580 997 3615 ε
1025 3560 1237 3618 Cantatc
1266 3560 1482 3615 Domino
1510 3562 1759 3616 canticum
1786 3578 1880 3615 uo.

303 3673 420 3710 rum
439 3671 460 3719 ;
506 3664 707 3709 cantate
748 3654 1000 3720 Domino,
1045 3653 1206 3708 omnis
1251 3663 1384 3706 terra
1425 3651 1593 3723 (Psal.
1631 3668 1765 3719 xcv,
1802 3651 1877 3722 l).

303 3747 488 3805 Omnis
510 3763 641 3819 ergo
670 3761 812 3803 terra
836 3789 852 3813 ,
883 3747 937 3803 in
965 3746 1119 3817 cujus
1148 3747 1349 3801 unitate
1374 3759 1481 3799 non
1507 3743 1638 3799 estis
1658 3782 1674 3809 ,
1700 3752 1882 3799 cantat

304 3840 570 3895 canticum
598 3854 816 3894 novum.
845 3838 914 3893 Et
938 3838 1114 3893 omnis
1141 3844 1297 3891 terra:
1327 3844 1451 3890 sunt
1479 3833 1642 3889 verba
1670 3848 1884 3904 quoque

306 3933 406 3988 ista
429 3950 443 3986 :
472 3931 723 3987 Dominus
749 3931 908 4000 pascit
927 3946 1027 3995 me,
1049 3936 1094 3984 ct
1115 3927 1244 3982 nihil
1270 3927 1393 3982 mihi
1433 3925 1611 3991 deerit,
1634 3933 1740 3983 etc.
1764 3923 1883 3980 Non

308 4032 430 4078 sunt
445 4022 561 4078 base
579 4021 737 4077 verba
756 4018 1359 4089 zizaniorum,.quamvis
1377 4032 1543 4089 usque
1557 4016 1623 4072 ad
1651 4031 1881 4072 messem

309 4115 363 4169 in
390 4130 491 4168 una
520 4122 702 4181 segete
729 4112 1028 4167 tolerantur
1057 4127 1071 4163 :
1105 4125 1212 4165 non
1240 4118 1368 4166 sunt
1388 4110 1546 4166 verba
1571 4110 1759 4179 paleae,
1785 4107 1882 4164 sed

310 4204 498 4269 tritici;
535 4202 781 4273 quamvis
814 4202 1000 4258 eadem
1040 4201 1215 4272 pluvia
1243 4199 1509 4270 simulque
1543 4200 1842 4255 nutriantur
1864 4240 1882 4266 ,

310 4292 494 4349 eadem
539 4306 667 4348 area
708 4290 974 4361 simulque
1021 4290 1333 4345 triturentur
1373 4290 1394 4325 ³
1418 4328 1436 4357 ,
1480 4288 1654 4344 donec
1695 4288 1884 4344 ultimo

313 4383 607 4439 ventilabro
638 4383 709 4439 ab
741 4381 973 4437 invicem
1001 4388 1385 4452 segregentur:
1413 4395 1532 4451 qua:
1561 4379 1667 4436 duo
1693 4380 1880 4452 utique

312 4474 666 4530 communiter
687 4488 854 4529 unum
880 4472 1079 4528 habent
1106 4471 1434 4542 Baptismum
1455 4511 1473 4539 ,
1508 4473 1754 4543 quamvis
1781 4487 1888 4528 non

311 4559 419 4613 sint
442 4573 627 4613 unum.
656 4557 763 4614 Sed
786 4567 842 4614 et
864 4557 910 4613 si
935 4571 1060 4628 pars
1086 4565 1264 4613 vestra
1301 4565 1445 4612 esset
1484 4556 1726 4613 Ecclesia
1754 4557 1847 4613 Dei
1873 4598 1893 4623 ,

313 4650 458 4698 certe
489 4640 735 4697 fatereris
761 4642 920 4697 istum
960 4640 1223 4711 psalmum
1264 4654 1372 4695 non
1411 4640 1482 4696 ibi
1524 4641 1894 4711 pertinere_ad

326 4733 559 4790 furiosos
587 4744 826 4790 catervas
849 4733 1372 4790 Circumcellionum.
1396 4735 1501 4789 Aut
1519 4734 1564 4789 si
1593 4744 1649 4791 et
1674 4736 1773 4806 ipsi
1799 4750 1895 4806 per

315 4824 535 4879 semitas
550 4824 770 4894 Ῑιιειίιίιε
795 4822 1129 4879 deducuntur
1147 4865 1161 4889 ,
1194 4838 1359 4895 quare
1390 4823 1596 4893 negatis
1621 4839 1714 4879 eos
1742 4839 1894 4879 com-

317 4915 420 4968 ites
444 4923 655 4969 vestros
691 4928 814 4970 esse
836 4954 852 4979 ,
897 4928 1020 4969 cum
1058 4914 1211 4969 vobis
1250 4913 1573 4984 objiciuntur
1595 4955 1611 4981 ,
1653 4916 1897 4985 quamvis

315 5002 632 5075 plerumque
661 5003 979 5073 paucitatem
1005 5003 1328 5060 concisiz-nis
1352 5013 1544 5058 vestra:
1564 5044 1580 5070 ,
1619 5020 1722 5060 non
1750 5005 1898 5076 virga

317 5105 377 5148 et
402 5094 620 5150 baculus
646 5094 761 5160 Dei,
790 5094 883 5150 sed
913 5093 1081 5150 fustes
1110 5110 1293 5149 eorum
1321 5095 1683 5160 consolentur,
1707 5096 1899 5167 quibus

322 5200 419 5239 vos
437 5194 491 5240 et
509 5184 764 5241 adversus
782 5185 928 5257 leges
946 5185 1216 5240 Romanas
1238 5193 1378 5241 tutos
1398 5201 1516 5241 esse
1538 5186 1898 5242 arbitramini:

321 5278 378 5331 in
416 5291 549 5347 quos
575 5275 847 5331 incurrere
884 5276 1012 5348 quid
1054 5285 1138 5331 est
1174 5276 1314 5331 aliud
1345 5292 1501 5347 quam
1532 5278 1809 5334 ambulare
1840 5279 1894 5334 in

312 5367 504 5421 'medio
528 5368 731 5422 umbrae
760 5367 984 5422 mortis?
1013 5366 1119 5424 Sed
1154 5382 1261 5422 non
1294 5369 1443 5422 timet
1469 5369 1607 5423 mala
1636 5384 1757 5429 cum
1792 5386 1901 5442 quo

323 5458 584 5515 Dominus
609 5468 710 5515 est.
737 5457 898 5516 Certe
926 5469 1099 5516 tamen
1132 5476 1235 5517 non
1261 5459 1482 5517 audebis
1510 5460 1712 5531 dicere,
1740 5465 1899 5520 etiam

393 5589 410 5620 ί
436 5598 534 5639 am.
553 5597 607 5641 et
627 5598 756 5649 Mss,
780 5589 994 5642 dcrictus
1015 5600 1102 5642 est.

298 5692 305 5697 .
394 5652 412 5681 ²
436 5656 486 5701 In
510 5659 634 5710 κει,
657 5652 959 5705 tribulcutur

532 5803 804 5866 Parnm.
841 5803 1059 5868 XLIII.

1594 247 1796 305 LIBEIl
1835 244 2213 303 SECUNDUS.

1965 362 2185 416 istorum
2232 364 2550 419 furiosorum
2596 382 2713 421 esse
2755 368 2914 423 verba
2954 384 3071 438 qum
3112 371 3162 424 in
3205 369 3305 427 hoc
3336 372 3538 440 psalmo

1955 464 2236 509 cnntniiznr
2269 474 2281 508 :
2313 466 2363 509 et
2392 468 2565 512 tamen
2599 459 2797 514 habere
2818 476 2910 515 eos
2934 463 3284 530 Baptismum,
3314 481 3417 518 non
3449 481 3541 522 so-

1960 542 2065 597 lunt
2096 544 2420 599 confitemini
2446 589 2460 612 ,
2493 548 2586 601 sed
2619 548 2777 603 etiam
2819 552 3160 621 prolilcmini.
3202 553 3317 609 Non
3355 555 3538 613 dicunt

1958 651 2085 705 (:th
2114 637 2232 700 ista,
2265 638 2364 690 1ιίδὶ
2394 639 2480 707 qui
2520 656 2653 709 aqua
2682 652 2863 696 saneta
2893 642 3221 710 reﬁciuntur,
3256 646 3391 703 sicut
3419 667 3537 704 om-

1962 741 2057 780 nes
2081 726 2207 795 justi
2243 728 2334 781 Dei
2360 746 2372 788 ;
2407 745 2509 782 non
2537 731 2625 799 qui
2653 746 2713 786 ea
2744 733 2882 788 male
2911 735 3109 790 utendo
3134 738 3535 800 subvertnntnr.

1961 817 2097 870 sicut
2126 834 2309 888 magus
2337 820 2425 898 ille
2451 838 2478 871 a
2512 820 2752 892 Philippo
2781 825 3074 894 baptizatus
3100 844 3112 879 :
3143 837 3195 881 et
3222 837 3396 883 tamen
3427 830 3536 899 ipsa

1965 908 2015 962 in
2045 909 2280 978 utrisque
2304 926 2406 964 una
2428 920 2587 978 atque
2612 923 2790 967 sancta
2819 926 2921 969 est.
2953 915 3067 970 Non
3098 917 3281 972 dicunt
3309 920 3407 974 ista
3440 921 3540 974 nisi

1964 1000 2052 1068 qui
2083 999 2148 1053 ad
2181 999 2454 1055 dexteram
2483 1003 2822 1071 pertinebunt
2855 1023 2868 1059 :
2897 1006 2990 1061 sed
3024 1015 3202 1063 tamen
3230 1009 3418 1065 eadem
3446 1027 3540 1083 pa-

1965 1104 2088 1145 scua
2116 1091 2215 1146 sub
2237 1107 2342 1146 uno
2364 1103 2576 1162 pastore
2596 1104 2648 1149 ct
2668 1111 2796 1151 oves
2816 1107 2871 1150 et
2893 1097 3021 1152 hirci
3046 1112 3350 1168 pascuntur,
3371 1102 3541 1157 donec

1969 1192 2019 1235 ut
2051 1182 2227 1238 debita
2263 1184 2541 1253 recipiant,
2575 1201 2941 1258 segregatum.
2971 1189 3083 1244 Non
3109 1192 3291 1247 dicunt
3318 1195 3415 1248 ista
3446 1197 3545 1250 nisi

1966 1274 2055 1342 qui
2088 1273 2155 1329 de
2184 1291 2367 1330 mensa
2401 1277 2608 1333 Domini
2650 1279 2809 1333 vitam
2847 1291 3101 1349 sumunt,
3144 1284 3280 1339 sicut
3318 1285 3544 1347 Petrus;

1968 1365 2367 1434 nonjndicium,
2400 1368 2537 1422 sicut
2562 1369 2724 1424 Jmlas
2751 1388 2763 1422 :
2794 1382 2847 1425 et
2874 1382 3048 1427 tamen
3076 1374 3186 1443 ipsa
3213 1376 3425 1446 uirique
3449 1376 3545 1432 fuit

1970 1473 2093 1521 una,
2124 1458 2216 1513 sed
2249 1475 2353 1513 non
2395 1461 2607 1530 utrique
2647 1463 2806 1516 valuit
2838 1464 2902 1517 ad
2935 1481 3096 1520 unum
3119 1509 3134 1531 ,
3164 1468 3283 1536 quia
3314 1469 3411 1538 ipsi
3442 1487 3546 1526 non

1968 1561 2114 1603 eram
2143 1567 2325 1605 unum.
2349 1553 2462 1606 Non
2485 1553 2666 1608 dicunt
2691 1555 2786 1609 ista
2811 1557 2908 1610 nisi
2932 1558 3020 1627 qui
3043 1558 3161 1613 oleo
3180 1571 3366 1615 sancto
3387 1563 3546 1617 etiam

1970 1639 2020 1692 in
2044 1641 2232 1709 spiritu
2262 1642 2629 1698 beatilicantur
2652 1686 2667 1709 ,
2700 1647 2835 1701 sicut
2866 1647 3063 1712 David;
3092 1666 3197 1704 non
3229 1653 3316 1721 qui
3349 1652 3400 1707 in
3430 1655 3547 1708 solo

1968 1746 2190 1801 corpore
2209 1746 2610 1803 consecrantur,
2627 1737 2762 1791 sicut
2783 1738 2909 1793 Sziitl
2934 1757 2946 1792 :
2967 1748 3017 1793 et
3042 1750 3217 1796 tamen
3243 1757 3363 1797 cum
3386 1747 3546 1800 ambo

1973 1837 2132 1876 unum
2154 1824 2528 1892 sumpsissent,
2565 1841 2667 1879 non
2699 1828 2778 1881 eis
2805 1829 2974 1897 impar
2998 1829 3424 1896 Sacramentum,
3453 1836 3546 1888 sed

1972 1911 2141 1981 impar
2169 1914 2415 1968 meritum
2447 1915 2560 1969 luit.
2589 1916 2706 1971 Non
2734 1918 2915 1973 dicunt
2947 1921 3043 1974 ista
3073 1923 3171 1976 nisi
3201 1925 3288 1993 qui
3329 1925 3548 1980 calicem

1974 2000 2179 2055 Domini
2213 2002 2464 2057 in'vi.ant
2492 2012 2744 2059 aeternam
2773 2018 2970 2062 mutata
3004 2020 3181 2065 mente
3210 2014 3505 2083 suscipiunt
3533 2034 3549 2079 ;

1973 2111 2076 2148 non
2125 2096 2213 2164 qni
2247 2096 2505 2165 judicium
2547 2095 2655 2153 sibi
2692 2101 3011 2156 manducent
3059 2112 3113 2158 et
3161 2104 3363 2172 bibunt,
3413 2107 3552 2163 sicut

1971 2186 2254 2253 Apostolus
2282 2187 2355 2241 ait
2383 2185 2438 2259 (I
2468 2188 2587 2243 Cor.
2620 2205 2670 2243 χι
2693 2230 2707 2255 ,
2737 2190 2862 2259 ‘29);
2891 2202 2947 2246 ct
2975 2201 3151 2248 tamen
3181 2196 3416 2266 utrisque
3443 2215 3548 2252 non

1974 2276 2090 2329 nnis
2114 2276 2253 2330 calix
2284 2277 2373 2332 ille
2398 2294 2533 2333 unus
2558 2290 2657 2345 est,
2690 2281 2958 2337 inebrians
2984 2284 3049 2338 ad
3078 2288 3402 2355 capessenda
3435 2304 3548 2345 cu:-

1938 2404 1943 2409 .
1975 2365 2123 2421 lestia
2146 2377 2426 2439 martyres,
2453 2384 2556 2424 non
2578 2371 2643 2424 ad
2669 2370 2980 2427 funestanda
3006 2377 3290 2445 praecipitia
3313 2378 3553 2434 Circum-

1973 2455 2244 2512 celliones.
2272 2458 2538 2515 Memento
2564 2477 2691 2532 ergo
2711 2461 3071 2520 Sacramentis
3095 2466 3184 2521 L‘ei
3213 2467 3341 2522 nihil
3362 2469 3554 2525 obesse

1975 2560 2152 2602 mores
2180 2549 2438 2603 malorum
2470 2550 2744 2606 hominum
2766 2594 2779 2615 .
2808 2568 2914 2624 quo
2946 2554 3032 2609 illa
3072 2556 3153 2610 vel
3192 2559 3410 2613 omnino
3448 2575 3553 2615 non

1975 2636 2101 2702 sint,
2120 2639 2202 2693 vel
2232 2640 2405 2695 minus
2422 2652 2601 2697 sancta
2619 2643 2721 2698 sint
2739 2662 2754 2711 ;
2775 2645 2868 2700 sed
2897 2647 3025 2716 ipsis
3053 2649 3205 2704 malis
3230 2649 3551 2717 hominibus,

1976 2736 2033 2782 ut
2061 2728 2174 2782 luce
2204 2728 2424 2784 habeant
2452 2732 2515 2785 ad
2546 2734 2903 2790 testimonium
2933 2739 3309 2805 damnationis,
3340 2759 3443 2797 non
3482 2747 3549 2799 ad

1975 2822 2293 2892 adjutoriunt
2318 2826 2579 2879 sanitatis.
2609 2824 2805 2881 Saltem
2828 2829 2935 2899 qui]
2962 2846 3025 2898 pe
3050 2833 3159 2899 ipsa
3186 2834 3341 2888 verba
3370 2835 3553 2890 ultima

1979 2914 2166 2981 psalmi
2193 2915 2347 2984 hujus
2376 2916 2717 2973 considerare
2744 2919 2990 2984 debuisti,
3025 2932 3078 2977 et
3106 2935 3323 2994 propter
3351 2941 3445 2981 eos
3464 2929 3556 2997 qui

1979 3004 2247 3072 [hquismo
2275 3016 2491 3076 accepto
2518 3017 2819 3076 apostatant
2853 3010 3177 3081 intelligere,
3210 3030 3315 3068 non
3344 3017 3412 3072 ab
3439 3033 3558 3072 om-

1979 3095 2135 3149 nibus
2163 3096 2251 3166 qui
2282 3107 2524 3152 sanetum
2554 3098 2821 3169 Baptisms
2852 3103 3121 3172 accipiunt
3152 3118 3307 3174 posse
3332 3107 3458 3175 dici,
3489 3107 3557 3164 Ut

1977 3184 2248 3240 inhabilem
2289 3187 2342 3241 in
2380 3188 2530 3242 domo
2570 3188 2774 3245 Domini
2797 3192 2862 3262 in
2902 3194 3269 3265 longitudinem
3305 3198 3501 3253 dierum
3543 3218 3562 3255 :

1981 3284 2035 3331 et
2073 3284 2246 3330 tamen
2285 3278 2399 3336 sive
2433 3282 2870 3349 permanantibus
2893 3326 2908 3351 ,
2936 3285 3052 3342 sive
3075 3287 3239 3358 lapsis
3264 3332 3279 3357 ,
3311 3306 3430 3346 cum
3463 3293 3561 3364 ipsi

1983 3381 2087 3441 non
2110 3366 2217 3422 sint
2246 3385 2429 3438 unum,
2459 3371 2760 3441 Baptismus
2789 3390 2929 3432 unus
2957 3387 3069 3444 est;
3103 3391 3158 3435 et
3182 3399 3302 3437 cum
3330 3384 3427 3454 ipsi
3455 3402 3561 3441 non

1983 3461 2194 3531 utrique
2234 3462 2404 3516 sancti
2450 3463 2576 3529 sint,
2623 3465 2927 3536 Baptismus
2974 3470 3027 3526 in
3078 3473 3319 3544 utrisque
3352 3487 3567 3533 sanctus

1983 3556 2066 3604 est
2094 3566 2108 3604 :
2136 3551 2257 3620 quia
2283 3560 2334 3606 et
2362 3561 2619 3623 apostata:
2639 3554 2682 3608 si
2706 3556 2946 3625 redeant,
2974 3576 3080 3614 non
3110 3563 3261 3630 quasi
3280 3580 3402 3620 cum
3431 3568 3567 3622 ami-

1983 3640 2151 3695 serint
2187 3642 2551 3710 baptizantur,
2581 3645 2675 3700 sed
2702 3647 2843 3718 quod
2886 3649 2940 3704 in
2968 3665 3028 3705 se
3054 3656 3393 3723 permanenti
3423 3657 3560 3727 injus

1984 3730 2118 3784 riam
2146 3729 2370 3786 fecerint
2396 3731 2759 3790 humiliantur.
2854 3773 2865 3783 .

2055 3818 2279 3874 CAPUT
2305 3820 2536 3878 XLVIII.
2565 3847 2640 3862 --
2669 3824 2791 3879 HI.
2830 3825 3016 3881 Ρετιι.
3057 3827 3232 3886 dixit:
3271 3833 3335 3887 At
3381 3850 3443 3890 ne
3484 3851 3572 3890 vos

1985 3916 2184 3963 sanctos
2209 3924 2317 3964 esse
2338 3910 2541 3978 dicatis;
2566 3911 2782 3983 primum
2801 3914 2856 3967 id
2879 3931 3070 3985 assero,
3093 3920 3213 3989 quia
3235 3925 3323 3993 qui
3338 3940 3440 3979 non
3461 3927 3571 3998 fuc-

1987 4000 2055 4053 rit
2072 4000 2310 4055 innocens
2332 4043 2347 4069 ,
2379 4017 2479 4056 non
2499 4002 2647 4058 habet
2669 4005 3002 4061 sanctitatem.

2062 4091 2184 4147 112.
2228 4094 2362 4149 Aco.
2404 4094 2721 4164 respondit:
2750 4095 2987 4153 Ostende
3035 4099 3187 4157 nobis
3218 4103 3442 4160 tribunal
3482 4106 3572 4162 ubi

1991 4181 2208 4250 sedisti,
2239 4191 2298 4237 ut
2337 4194 2461 4239 ante
2491 4194 2542 4239 te
2578 4193 2742 4240 staret
2770 4187 2915 4243 orbis
2946 4198 3242 4258 terrarum;
3285 4203 3340 4250 et
3380 4197 3575 4267 quibus

1993 4274 2161 4329 oculis
2179 4316 2194 4341 ,
2235 4288 2339 4329 non
2371 4274 2491 4330 dico
2519 4276 2870 4333 conscientias
2893 4281 3129 4335 omnium
3152 4325 3165 4347 ,
3195 4283 3288 4339 scd
3318 4287 3400 4341 vel
3425 4299 3577 4345 actus

1996 4367 2269 4437 inspexiin
2299 4376 2353 4422 et
2389 4366 2717 4436 discussisti,
2760 4377 2820 4425 ut
2842 4386 2961 4426 cum
2991 4374 3285 4443 perdidisse
3323 4378 3579 4439 innocen-

1998 4460 2122 4514 tiam
2167 4459 2452 4529 jndicares.
2496 4461 2587 4518 Ille
2624 4463 2712 4532 qui
2748 4473 2929 4534 raptus
2963 4476 3044 4520 est
3071 4484 3236 4541 usque
3279 4471 3331 4527 in
3363 4474 3577 4533 tertium

1997 4552 2213 4619 caelum,
2246 4552 2393 4619 dicit,
2423 4552 2529 4609 Sed
2556 4570 2715 4624 neque
2743 4573 2832 4627 ego
2854 4574 2932 4611 mc
2952 4558 3117 4627 ipsum
3139 4562 3362 4632 dijudico
3389 4566 3430 4634 (I
3457 4566 3578 4623 Cor.

1998 4660 2070 4709 tv,
2098 4646 2153 4712 '5)
2190 4663 2204 4701 :
2236 4654 2287 4701 et
2311 4655 2363 4700 tu
2394 4645 2460 4702 de
2486 4647 2730 4702 universa
2757 4658 2775 4703 t
2808 4664 2914 4714 rra,
2946 4666 3048 4721 qua
3083 4651 3361 4712 lizereditas
3384 4658 3584 4718 Christi

1999 4735 2267 4799 dilatatur,
2294 4736 2459 4792 audes
2487 4737 2628 4792 ferre
2655 4741 3008 4796 sententiam!
3040 4742 3243 4800 Deinde
3269 4747 3313 4801 si
3341 4751 3471 4805 satis
3491 4754 3584 4808 ab-

1998 4825 2229 4879 solutum
2259 4825 2348 4879 tibi
2378 4825 2585 4882 videtur
2607 4827 2748 4898 quod
2787 4829 3003 4895 dixisti,
3039 4832 3138 4900 Qui
3164 4850 3265 4891 non
3309 4841 3459 4910 fuerit
3501 4843 3585 4897 in-

2002 4933 2215 4981 nocens,
2241 4933 2338 4970 non
2363 4916 2510 4972 habet
2528 4919 2878 4986 sanctitatem;
2899 4937 3083 4992 quer
3101 4966 3117 4990 ,
3147 4924 3192 4980 si
3227 4942 3330 4981 non
3361 4929 3590 4987 habebat

2002 5010 2128 5065 Sui]
2156 5011 2469 5065 sacramenti
2496 5012 2831 5067 sanctitatem
2852 5055 2866 5079 ,
2894 5014 3020 5085 quid
3056 5015 3109 5071 in
3143 5032 3211 5072 eo
3240 5018 3403 5075 David
3428 5037 3591 5079 vene—

2004 5100 2256 5156 rabatur?
2283 5100 2339 5155 Si
2360 5108 2535 5156 autem
2565 5100 2793 5158 habebat
2822 5105 3179 5163 innocentiam
3196 5150 3211 5175 ,
3237 5126 3402 5180 quare
3430 5112 3589 5169 inno-

2007 5201 2213 5246 centem
2255 5193 2707 5263 persequebatur?
2734 5194 2866 5251 Nam
2904 5212 3026 5252 eum
3071 5207 3290 5271 propter
3314 5218 3593 5259 sacmsan-

2008 5289 2145 5336 ctam
2171 5283 2472 5338 unctionem
2495 5294 2549 5338 et
2580 5285 2859 5341 honoravit
2884 5286 3086 5354 vivum,
3116 5299 3171 5345 et
3199 5290 3487 5349 vindicavit
3510 5272 3617 5350 oe:

2009 5371 2176 5427 cisnm
2209 5381 2313 5445 :et»
2332 5374 2453 5444 quia
2477 5373 2560 5428 vel
2600 5376 2939 5445 panniculum
2974 5394 3039 5434 ex
3068 5380 3185 5449 ejus
3217 5391 3369 5438 veste
3406 5388 3594 5455 praeci-

2010 5466 2121 5530 dit,
2156 5480 2407 5535 percusso
2433 5466 2595 5522 corde
2623 5468 2924 5539 trepidavit.
2958 5470 3095 5527 Ecce
3118 5470 3243 5529 Sail!
3276 5488 3384 5529 non
3424 5477 3593 5537 habe-

2012 5556 2103 5612 bat
2139 5558 2493 5613 innocentiam
2513 5599 2527 5621 ,
2550 5568 2603 5614 et
2630 5569 2807 5617 tamen
2836 5560 3065 5619 habebat
3088 5565 3421 5623 sanctitatem
3441 5612 3455 5635 ,
3488 5586 3593 5628 non
3667 5545 3689 5628 λ’

2016 5651 2133 5707 vitm
2160 5664 2268 5704 sum
2292 5651 2433 5722 (nam
2464 5648 2565 5705 hoc
2593 5652 2708 5707 sine
2735 5653 3034 5711 innocentia
3060 5670 3216 5711 nemo
3254 5658 3481 5734 potest)”,
3505 5667 3597 5723 sed

3089 5767 3319 5848 (Dim)
