4024 6196
415 300 512 353 ⁸239

415 406 729 464 sm-rantcnti
760 403 871 466 Dei,
903 397 1039 467 quod
1072 406 1122 448 et
1151 396 1199 446 itt
1234 392 1383 445 malis
1420 386 1718 442 hominibus
1748 392 1988 437 sanctum

416 514 514 551 list.

489 584 710 641 C.\l‘UT
742 578 922 635 XLIX.
957 605 1023 618 ——
1053 575 1174 628 H3.
1217 571 1401 625 PETIL.
1444 568 1576 621 dixit
1605 584 1614 616 :
1651 564 1782 618 Nam
1828 564 1867 616 si
1901 560 1996 613 Le-

421 698 528 752 gem
571 674 751 744 per/itii
790 668 980 729 nostis;
1009 666 1116 719 sine
1145 663 1332 733 injuria
1363 660 1522 729 ipsius
1549 657 1694 727 Legis
1733 658 1823 707 hoc
1860 655 2000 704 dixe-

423 775 548 830 rim.
596 768 724 818 hanc
761 771 805 815 et
849 758 1078 814 diabolus
1109 756 1260 809 novit.
1293 751 1528 820 Namque
1561 749 1776 802 Domino
1825 745 1922 799 Deo
1951 747 1998 796 in
2031 781 2035 783 -

424 877 574 916 causa
598 856 696 910 Job
708 853 839 926 justi
859 893 874 918 ,
903 850 1042 920 quasi
1058 849 1228 916 justus
1249 844 1318 896 ita
1340 843 1402 895 dc
1423 839 1553 910 Lege
1575 837 1848 908 respondit,
1875 835 2002 886 sicut

427 951 668 1024 scriptum
711 925 780 998 est
809 960 826 998 :
872 962 890 994 ι
942 939 1079 995 Dixit
1109 937 1351 990 Dominus
1377 932 1607 992 diabolo,
1645 927 1923 997 licspexisti
1953 925 2003 976 in

430 1058 637 1114 puerum
675 1053 838 1091 meum
877 1033 1005 1098 Job,
1044 1030 1162 1100 quia
1202 1043 1300 1080 non
1331 1033 1398 1078 est
1425 1022 1600 1075 similis
1637 1021 1712 1072 illi
1749 1019 1798 1070 in
1839 1028 2004 1078 terra,

431 1137 577 1188 homo
615 1130 722 1183 sine
765 1125 986 1185 malitia,
1023 1136 1166 1174 verus
1212 1116 1302 1170 Dci
1341 1112 1529 1176 cultor,
1569 1109 1820 1162 abstinens
1857 1121 1908 1158 se
1946 1103 2006 1155 ab

429 1223 566 1276 omni
612 1217 744 1274 malo
768 1256 784 1283 ,
829 1227 1148 1286 perseverans
1179 1212 1232 1261 in
1259 1204 1608 1276 simplicitate;
1636 1209 1687 1252 tu
1733 1207 1894 1249 autem
1925 1211 2008 1264 pe-

434 1315 536 1367 tisti
559 1323 608 1366 ut
630 1325 825 1366 onmem
847 1323 947 1360 rem
975 1305 1110 1356 illius
1139 1300 1368 1370 perderes
1395 1297 1502 1356 sine
1525 1310 1696 1346 causa.
1724 1291 1785 1344 Et
1806 1305 2012 1358 respon-

435 1407 507 1458 dit
539 1401 769 1456 diabolus
790 1439 803 1462 ,
847 1407 892 1450 et
922 1397 1048 1449 dixit
1091 1391 1308 1445 Domino
1336 1403 1354 1442 :
1381 1386 1586 1440 Corium
1627 1398 1718 1452 pro
1756 1379 1892 1434 corio
1913 1419 1926 1441 ,
1967 1387 2012 1432 et

436 1511 582 1550 omne
600 1490 943 1563 quodcumque
969 1482 1194 1537 habuerit
1216 1482 1363 1533 homo
1392 1493 1483 1547 pro
1512 1475 1680 1528 anima
1706 1488 1798 1525 sua
1819 1469 1954 1522 dabit
1990 1485 2007 1518 ι

439 1584 557 1659 (Job
605 1562 638 1637 tt
659 1623 674 1648 ,
707 1583 740 1637 5
761 1622 774 1643 ,
798 1578 875 1647 lt).
905 1575 1035 1630 Ecce
1065 1572 1288 1644 legaliter
1315 1568 1564 1637 loquitur,
1587 1563 1670 1632 qui
1691 1562 1865 1614 nititur
1897 1575 2016 1611 con-

439 1691 516 1732 tra
544 1675 745 1745 Legem.
791 1670 854 1725 Et
886 1669 1065 1723 iterum
1110 1662 1384 1716 Dominum
1429 1656 1679 1711 Christum
1709 1649 2018 1719 sermonibus

426 1771 542 1824 .suis
569 1768 641 1821 sic
674 1779 827 1817 ausus
864 1767 935 1815 est
979 1764 1254 1816 attentare,
1287 1750 1412 1804 sicut
1441 1747 1682 1814 scriptum
1720 1751 1790 1796 est
1817 1757 1835 1794 :
1871 1758 1888 1790 ι
1927 1739 2020 1791 As-

439 1859 651 1928 sumpsit
678 1852 906 1908 diabolus
924 1847 957 1902 J
965 1862 1100 1900 esum
1128 1845 1178 1897 in
1208 1850 1432 1896 stmclam
1458 1837 1704 1890 civitatem
1727 1872 1740 1897 ,
1774 1841 1818 1884 et
1847 1829 2020 1883 statuit

442 1968 555 2007 eum
580 1962 729 2015 super
755 1943 961 2014 pinnam
989 1934 1182 2006 templi,
1211 1941 1254 1986 et
1281 1931 1407 1984 dixit
1429 1929 1494 1993 ei,
1523 1925 1573 1978 Μ
1581 1927 1668 1978 itte
1694 1934 1739 1976 te
1765 1921 2020 1982 deorsum;

443 2012 688 2111 scriptum
714 2012 784 2089 est
806 2032 958 2093 enim,
991 2027 1123 2092 Quin
1151 2022 1356 2095 Angelis
1375 2019 1478 2075 suis
1507 2013 1761 2070 mandavit
1783 2012 1844 2064 de
1872 2021 1940 2078 te,
1969 2018 2023 2062 ut

446 2100 675 2184 manibus
696 2123 873 2179 tollant
899 2128 946 2172 te
972 2160 985 2182 ,
1013 2133 1074 2170 ne
1107 2117 1234 2186 forte
1257 2109 1485 2177 offendas
1514 2104 1580 2158 ad
1607 2102 1824 2174 lapidem
1853 2100 2025 2170 pedem

447 2236 607 2276 tuum.
639 2220 718 2272 Ait
747 2215 780 2270 J
787 2230 896 2268 esus
939 2227 956 2265 .'
989 2209 1180 2262 lterum
1227 2205 1466 2273 scriptth
1503 2208 1573 2252 est
1599 2237 1613 2259 ,
1658 2193 1777 2248 Non
1820 2190 2029 2244 tentabis

451 2313 725 2368 Dominum
762 2307 922 2360 Deum
963 2315 1102 2356 tuum
1142 2317 1159 2350 ι
1198 2293 1404 2366 (Matth.
1434 2306 1504 2354 tv,
1535 2290 1568 2344 5
1604 2288 1680 2356 7).
1709 2284 1882 2338 Nostis
1904 2323 1916 2346 ,
1947 2281 2028 2333 in-

451 2422 623 2475 quam,
646 2403 773 2456 sicut
799 2394 1052 2458 diabolus,
1081 2390 1261 2460 Legem
1283 2427 1298 2452 ,
1325 2385 1408 2457 qui
1433 2385 1484 2437 in
1514 2382 1616 2436 suis
1637 2377 1896 2432 conatibus
1918 2375 2029 2428 vin-

455 2503 613 2564 citur,
644 2508 686 2550 et
712 2496 761 2547 in
789 2491 978 2545 actibus
1006 2483 1268 2540 erubescit.

529 2591 648 2647 ill.
679 2590 810 2642 Aac.
845 2577 1116 2650 I‘CSptlﬂdll
1149 2575 1402 2630 :Possem
1428 2567 1641 2637 quidem
1671 2575 1911 2633 quarrerc
1938 2558 2034 2612 abs

459 2698 544 2752 te,
569 2687 621 2738 iu
651 2697 750 2752 qua
782 2678 921 2746 Lege
950 2672 1145 2741 scripta
1168 2669 1273 2720 sint
1299 2662 1456 2716 verba
1483 2676 1598 2728 qua:
1620 2654 1859 2710 diabolus
1883 2650 2034 2714 dixit,

459 2792 579 2832 cum
610 2780 849 2828 sanctum
881 2766 1052 2817 virum
1077 2758 1176 2814 .lob
1204 2755 1340 2825 apud
1376 2753 1536 2805 Deum
1561 2745 1965 2814 criminaretur;
1995 2743 2040 2792 si

464 2871 563 2924 hoc
584 2862 713 2920 mihi
736 2865 878 2915 esset
902 2851 1228 2925 propositum
1249 2847 1637 2904 demonstrare,
1665 2836 1858 2906 Legem
1885 2847 2040 2902 quam

462 2960 598 3015 dicis
624 2950 889 3010 diabolum
928 2958 1086 3000 nosse
1107 2982 1122 3007 ,
1156 2948 1206 2994 te
1234 2939 1404 3006 ipsum
1434 2947 1540 2988 non
1568 2945 1724 2983 nosse
1754 2945 1766 2979 :
1798 2923 1889 2978 sed
1921 2921 2042 2992 quia

468 3065 573 3105 non
599 3045 722 3100 inde
747 3042 884 3097 inter
909 3049 1006 3091 nos
1033 3029 1255 3103 qtnestio
1280 3035 1362 3081 est
1387 3067 1401 3088 ,
1436 3024 1535 3076 hoc
1561 3017 1924 3089 prmia-mitto.
1941 3011 2045 3066 .Sic

472 3150 644 3196 autem
671 3139 890 3194 conatus
915 3140 975 3181 es
1009 3119 1288 3178 ostendere
1317 3115 1583 3169 diabolum
1613 3108 1765 3178 Legis
1796 3105 2043 3176 peritum,

471 3228 617 3302 quasi
656 3237 752 3278 nos
780 3219 1018 3274 dicamus
1055 3223 1242 3266 omnes
1279 3205 1367 3276 qui
1412 3201 1574 3256 verba
1605 3200 1759 3268 Legis
1789 3202 2050 3249 noverunt

470 3285 640 3392 jitstos
676 3328 815 3372 esse.
861 3306 995 3376 Quid
1037 3318 1164 3373 ergo
1194 3309 1246 3355 te
1282 3297 1499 3365 adjuvet
1540 3286 1680 3362 quod
1726 3289 1791 3341 de
1839 3285 2049 3339 diabolo

475 3419 892 3468 commemorare
918 3397 1155 3460 voluisti,
1181 3407 1285 3447 non
1311 3389 1460 3443 video
1485 3404 1497 3438 :
1529 3383 1629 3438 nisi
1653 3380 1787 3434 forte
1817 3387 1870 3431 ut
1899 3374 2051 3429 nobis

479 3504 680 3560 veniret
732 3498 784 3551 in
828 3499 1097 3552 mentem,
1142 3479 1408 3554 quomodo
1439 3477 1608 3546 ipsum
1639 3468 1906 3524 diabolum
1958 3479 2054 3519 vos

483 3587 778 3650 imitemini.
809 3585 955 3640 Sicut
984 3577 1126 3634 enim
1152 3574 1239 3627 ille
1268 3578 1450 3625 contra
1480 3566 1700 3618 latorem
1742 3558 1896 3628 Legis
1936 3571 2055 3626 pro-

483 3684 682 3741 ferebat
703 3676 860 3734 verba
888 3671 1060 3742 chis,
1085 3667 1160 3721 sic
1179 3672 1231 3719 ct
1259 3677 1349 3716 vos
1376 3674 1406 3716 e
1429 3656 1602 3712 verbis
1622 3653 1777 3722 Legis
1799 3651 2058 3704 accusatis

486 3775 724 3830 homines
753 3779 884 3838 quos
915 3759 1162 3832 ignoratis
1187 3797 1201 3822 ,
1226 3763 1280 3807 Ill
1311 3752 1400 3805 Dei
1426 3745 1696 3819 promissis
1719 3758 1836 3812 qua:
1864 3743 1913 3795 itt
1947 3740 2056 3808 ipsa

485 3871 628 3936 Lege
669 3830 966 3926 conscripta
991 3857 1114 3907 sunt
1143 3843 1419 3902 resistatis.
1461 3837 1658 3893 Deinde
1693 3833 1886 3888 vellem
1927 3830 2055 3884 mihi

485 3956 712 4021 diceres,
736 3925 1078 4008 Conlessores
1107 3939 1180 3994 illi
1205 3933 1402 3998 vestri,
1433 3927 1645 4001 quando
1673 3941 1731 3981 se
1757 3925 1900 3991 ipsos
1921 3937 2058 3993 pra:-

484 4069 500 4102 ‹
521 4051 737 4121 ipitant,
765 4041 847 4099 cui
878 4037 1077 4092 ducunt
1106 4026 1414 4099 martyrium
1441 4023 1495 4074 ‘?
1535 4031 1710 4074 utrum
1736 4014 1948 4071 Christo
1973 4011 2059 4079 qui

487 4103 615 4200 Liia
643 4141 1008 4208 suggerentem
1050 4121 1320 4178 diabolum
1369 4113 1596 4183 repulit,
1641 4125 1705 4162 an
1748 4107 1920 4177 potius
1963 4103 2060 4170 ipsi

493 4197 880 4294 diabolojvqui
930 4219 1052 4274 talia
1098 4213 1310 4270 Christo
1351 4203 1586 4261 facienda
1616 4198 1911 4269 suggessit?
1940 4197 2064 4249 Dtue

495 4335 618 4384 sunt
643 4319 870 4378 maxime
897 4313 1027 4368 viles
1053 4321 1209 4378 atque
1233 4303 1438 4357 usitata:
1467 4305 1664 4351 mortes
1690 4307 1870 4347 eorum
1893 4289 1981 4358 qui
2009 4303 2066 4340 se

498 4424 641 4490 ipsos
669 4410 1014 4471 interimunt,
1059 4402 1276 4469 laqueus
1304 4403 1359 4448 ct
1399 4387 1762 4461 prteripitium.
1804 4383 1882 4436 Tu
1925 4387 2068 4434 certe

497 4471 673 4565 dixisti
705 4503 756 4559 in
785 4498 967 4572 primis
997 4490 1233 4564 partibus
1261 4484 1414 4553 hujus
1434 4478 1672 4549 epistula:
1697 4517 1711 4540 ,
1743 4471 1940 4543 Laquro
1968 4480 2071 4538 tra-

499 4602 632 4654 ditor
673 4561 854 4668 periit,
901 4561 1130 4659 laqueum
1172 4578 1353 4633 talibus
1401 4568 1704 4639 dereliquit:
1736 4563 1837 4618 hoc
1863 4561 1926 4614 ad
1976 4575 2071 4612 nos

499 4652 717 4745 titttttitio
748 4698 851 4738 non
883 4676 1127 4750 pertinet.
1155 4670 1336 4738 Neque
1357 4664 1498 4718 enim
1525 4671 1840 4714 veneramur
1862 4652 2074 4706 nomic

504 4789 791 4848 martyrum
820 4749 912 4828 eos
937 4765 1024 4838 qni
1051 4764 1149 4818 sibi
1180 4759 1372 4815 collum
1401 4756 1716 4825 ligaverunt.
1741 4749 1947 4814 Quanta
1983 4759 2075 4797 au-

505 4882 613 4927 tem
640 4836 732 4922 ito:
760 4836 1082 4934 probabilius
1108 4855 1161 4908 in
1183 4866 1278 4906 vos
1297 4848 1525 4904 dicimus
1543 4886 1558 4909 ,
1584 4841 1828 4909 Magister
1854 4836 2076 4891 tradito-

508 4965 582 5020 ris
618 4928 861 5014 diabolus
901 4945 1248 5020 przccipitium
1291 4939 1503 4995 Christo
1531 4931 1756 4988 suadere
1799 4928 1996 4989 voluit,
2026 4932 2080 4978 et

508 5051 750 5124 repulsus
776 5019 1052 5108 cst'lQuid
1077 5049 1204 5106 ergo
1225 5029 1430 5086 dicendi
1452 5035 1592 5090 sunt,
1621 5023 1810 5092 quibus
1837 5019 1938 5088 hoc
1963 5031 2081 5070 sua-

509 5109 585 5200 sil
617 5151 671 5198 et
708 5136 915 5192 auditus
956 5129 1072 5185 cst?
1102 5126 1235 5196 Quid
1261 5123 1438 5185 enim,
1478 5118 1577 5172 nisi
1608 5114 1804 5169 inimici
1847 5109 2079 5173 Christi,

512 5235 668 5294 amici
709 5239 886 5286 autem
917 5222 1141 5287 diaboli;
1184 5214 1426 5284 discipuli
1457 5208 1751 5266 scductoris
1775 5247 1789 5269 ,
1823 5202 2087 5257 condisci-

514 5330 620 5400 puli
655 5317 960 5380 traditoris?
997 5313 1328 5385 Spontaneas
1355 5306 1495 5361 enim
1524 5310 1724 5356 mortes
1750 5298 1816 5351 ab
1843 5312 1945 5350 uno
1971 5308 2088 5348 ma-

515 5385 678 5490 gistro
705 5415 912 5484 utrique
934 5407 1264 5476 didicerunt;
1298 5399 1387 5453 ille
1413 5397 1659 5466 laqueum
1680 5432 1694 5458 ,
1725 5389 1809 5444 isti
1849 5385 2090 5457 ρι’ωοίμί-

520 5523 670 5564 illim.

587 5623 602 5652 ι
628 5627 703 5668 rx.
734 5627 785 5668 et
807 5623 940 5673 ιον..
964 5611 1125 5662 dicant
1146 5599 1448 5673 martyrium.
1477 5607 1534 5673 tit
1556 5607 1651 5670 tuo.
1675 5603 1726 5645 et
1747 5583 2096 5673 pssunduengt

524 5648 1155 5740 maribiiiihtiulilirasis'est
1178 5648 1572 5728 Augustini-alibi
1608 5659 1656 5706 in
1694 5655 1902 5715 antiquis
1926 5648 2099 5699 codici-

528 5747 618 5792 bus
647 5752 892 5798 tl'CQLlL'llS.

1263 282 1530 338 (Tl);\"l'll.\
1573 275 1907 332 LITTERAS
1949 267 2304 328 PETILMNL
2347 267 2385 319 Ξ
2452 262 2813 319 Αυδυδτικι

3565 260 3668 310 εὓίὶ
3711 285 3714 287 λ

2169 376 2391 430 CAPUT
2424 376 2482 428 L.
2513 405 2580 414 -ο
2607 375 2719 428 H5.
2748 373 2928 426 Ριετιι..
2959 370 3086 424 dixit
3121 388 3132 422 :
3172 368 3277 423 Sed
3307 378 3361 420 ut
3391 379 3550 424 vestra
3577 372 3680 422 sin-

2101 473 2217 542 gula
2243 469 2576 525 destrumuus.
2610 467 2653 519 si
2681 465 2961 517 sacerdotes
2992 478 3074 514 vos
3101 461 3282 519 dicitis.
3311 461 3381 514 sic
3403 477 3433 511 τι
3466 459 3680 512 Domino
3712 482 3714 484 ν

2106 563 2208 612 Deo
2238 561 2421 612 dictum
2452 566 2522 609 est
2550 573 2637 624 per
2677 555 2968 622 prophetam
2997 568 3016 605 :
3049 571 3068 603 ι
3108 551 3244 604 Ultio
3291 549 3491 603 Domini
3532 568 3681 616 super

2105 655 2261 722 falsos
2289 650 2589 704 sacerdotes.
2629 667 2648 698 ι

2179 742 2296 796 illi.
2332 743 2464 794 Aea.
2493 736 2763 806 reSpondit
2787 754 2798 788 :
2823 734 3014 803 Qumrc
3045 732 3216 801 p-tius
3243 731 3364 800 quid
3394 747 3575 784 verum
3607 731 3684 782 "i-

2106 849 2195 888 cas
2219 873 2234 896 ,
2263 847 2368 885 non
2397 830 2536 886 unde
2575 827 2886 890 maledicas;
2912 834 2964 879 et
2993 824 3115 892 quid
3144 823 3333 875 «laevas
3355 861 3367 885 ,
3415 839 3519 873 ιιτηι
3563 821 3687 890 quid

2110 925 2350 994 objicias.

2183 1038 2402 1094 CAPUT
2431 1038 2511 1092 LI.
2538 1065 2608 1075 -ο
2635 1034 2753 1088 117.
2786 1033 2967 1086 Ρετιι.
3002 1028 3130 1082 dixit
3156 1047 3167 1081 :
3199 1028 3260 1082 Si
3289 1027 3579 1079 cathedram
3604 1043 3694 1079 vo-

2113 1132 2185 1186 bis
2213 1131 2376 1183 miseri
2403 1127 2664 1182 rindicatis
2684 1166 2699 1190 ,
2725 1133 2776 1176 ut
2796 1124 3026 1194 superius
3051 1121 3306 1181 diximus;
3339 1120 3526 1171 habetis
3552 1120 3694 1171 illam

2115 1226 2335 1294 proferto
2370 1235 2519 1287 quam
2545 1217 2707 1269 Darid
2733 1217 2977 1284 propheta
3012 1212 3431 1280 psalmographus
3457 1211 3693 1279 pestilen-

2117 1314 2198 1367 tia:
2223 1311 2507 1364 cathedram
2556 1305 2890 1377 pronuntiarit
2933 1301 3105 1372 (I’sal.
3147 1317 3196 1365 ι,
3245 1299 3292 1371 1)
3339 1315 3354 1352 '.
3393 1301 3524 1353 vobis
3565 1301 3695 1351 enim

2108 1406 2248 1474 juste
2274 1403 2445 1456 relicta
2471 1407 2542 1452 est
2565 1439 2578 1464 ,
2611 1398 2726 1466 quia
2753 1411 2861 1448 eam
2887 1394 3046 1447 sancti
3067 1392 3236 1447 sedere
3274 1408 3372 1444 non
3398 1401 3622 1460 possunt.

2193 1493 2314 1549 113.
2348 1494 2458 1546 Aut:
2513 1487 2787 1556 rCSpondit
2819 1503 2830 1537 :
2863 1485 2927 1538 Et
2951 1485 3064 1536 lucc
3090 1498 3193 1536 non
3217 1481 3362 1534 vides
3391 1498 3492 1532 non
3524 1481 3697 1547 aliqua

2122 1601 2241 1640 esse
2275 1584 2587 1637 documenta
2608 1621 2620 1643 ,
2649 1577 2740 1631 sed
2775 1591 2904 1628 vana
2933 1573 3190 1628 convicia.
3225 1572 3336 1625 llwc
3363 1571 3502 1623 enim
3531 1579 3609 1621 Cri.
3641 1570 3700 1620 il-

2124 1675 2211 1731 lnd
2236 1673 2372 1744 quod
2407 1671 2560 1739 paulo
2589 1676 2710 1722 ante
2734 1667 2840 1719 dixi
2861 1708 2876 1731 ,
2911 1664 3079 1718 Verba
3111 1662 3264 1731 [mgis
3285 1660 3459 1713 dit-itis
3479 1703 3492 1718 .
3523 1660 3614 1711 sed
3649 1660 3698 1712 iu

2125 1782 2257 1836 quos
2285 1763 2471 1816 dicatis
2499 1775 2602 1814 non
2633 1756 2903 1812 altendilis
2939 1772 2952 1807 :
2983 1756 3112 1807 sicut
3144 1751 3385 1805 diabolus
3419 1750 3574 1803 verba
3605 1749 3701 1802 lac-

2126 1859 2205 1927 εἰς
2231 1855 2472 1918 dicebat,
2515 1850 2608 1905 sed
2646 1849 2729 1903 cui
2755 1848 2952 1902 diceret
2980 1860 3083 1898 non
3116 1843 3453 1912 agnoscebat.
3490 1841 3576 1892 Ille
3616 1856 3704 1892 ca-

2129 1955 2221 2016 put
2265 1951 2499 1996 uostrutn
2541 1954 2750 1993 sursum
2793 1950 3169 1997 ascensurum,
3214 1931 3463 1984 deorsum
3500 1930 3706 1983 volt-Im

2129 2037 2401 2106 dejicere:
2444 2045 2538 2084 vos
2579 2038 2753 2083 autem
2791 2041 2985 2094 corpus
3014 2024 3250 2092 ejusdem
3299 2023 3518 2090 capitis,
3565 2020 3704 2088 quod

2132 2143 2227 2196 per
2269 2134 2431 2178 totam
2469 2131 2660 2175 terram
2699 2116 2946 2170 dill‘usum
2974 2124 3088 2178 est,
3132 2113 3196 2165 ad
3229 2113 3470 2180 exiguam
3505 2123 3706 2178 partem

2135 2218 2296 2272 vultis
2315 2214 2575 2282 redigere.
2597 2209 2751 2264 Certe
2781 2209 2892 2276 ipse
2931 2206 3084 2275 paulo
3105 2212 3226 2257 ante
3252 2203 3426 2255 dixisti
3452 2244 3464 2265 ,
3495 2219 3584 2254 nos
3617 2200 3711 2254 Le-

2136 2328 2243 2381 gem
2272 2324 2413 2362 nesse
2438 2315 2483 2360 et
2518 2302 2745 2374 legalitcr
2781 2301 2914 2370 loqui
2940 2341 2953 2362 ,
2990 2299 3076 2352 sed
3110 2299 3160 2350 in
3189 2297 3378 2348 aclibus
3409 2296 3710 2347 erubescere.

2142 2403 2277 2456 Dicis
2303 2397 2514 2469 quidem
2546 2395 2644 2449 ista
2673 2391 2798 2445 nihil
2839 2391 3064 2459 probans
3087 2430 3100 2453 ,
3132 2387 3224 2442 sed
3265 2395 3314 2438 et
3341 2386 3382 2438 si
3427 2385 3491 2437 de
3529 2383 3730 2453 aliqui-‘

2141 2493 2236 2546 bus
2263 2489 2516 2560 probares
2536 2529 2549 2551 ,
2589 2485 2656 2539 de
2697 2483 2780 2538 his
2819 2481 3028 2536 caeteris
3058 2496 3160 2533 nun
3195 2477 3588 2548 praesa-ibertas.
3615 2475 3720 2530 Vc-

2141 2595 2435 2639 runuameu
2474 2579 2517 2632 si
2556 2590 2744 2632 exultes
2786 2588 2881 2642 per
2929 2581 3092 2625 totum
3141 2569 3322 2623 orbem
3367 2569 3498 2623 tales
3541 2578 3722 2622 essent

2143 2675 2324 2745 quales
2351 2669 2634 2725 Vanissime
2673 2664 2969 2720 criminaris
2989 2704 3003 2724 ,
3033 2659 3296 2714 Cathedra
3327 2659 3416 2712 tibi
3450 2657 3572 2728 quid
3597 2657 3723 2711 fecit

2147 2765 2400 2822 Ecclesia:
2429 2762 2703 2822 Romamn,
2729 2759 2780 2811 in
2808 2773 2908 2824 qua
2930 2755 3117 2808 Petrus
3144 2752 3302 2818 sedit,
3331 2760 3384 2805 ct
3413 2751 3462 2804 iu
3493 2765 3589 2819 qua
3620 2749 3723 2802 ho-

2147 2859 2231 2913 die
2271 2853 2580 2910 Anastasius
2609 2850 2758 2904 sedet
2789 2865 2802 2902 :
2834 2847 2914 2899 vel
2949 2845 3194 2900 Ecclesiae
3233 2841 3684 2911 JerOSolymitanm
3706 2881 3723 2905 ,

2150 2952 2322 3019 inqua
2352 2944 2578 3000 Jacobns
2607 2940 2738 2994 sedit
2760 2979 2775 3004 ,
2807 2947 2860 2993 et
2909 2938 2961 2990 in
2987 2953 3086 3006 qua
3115 2935 3272 2989 hodie
3298 2934 3526 2987 Joannes
3551 2929 3726 2992 sedet,

2149 3041 2338 3111 quibus
2361 3052 2455 3089 nus
2481 3035 2530 3087 in
2559 3031 2816 3086 catholica
2841 3029 3040 3082 unitate
3064 3026 3429 3079 connectimnr
3447 3062 3460 3087 ,
3485 3030 3534 3074 et
3561 3035 3589 3073 a
3619 3021 3733 3090 qui-

2150 3134 2248 3187 bus
2295 3144 2388 3182 vos
2433 3124 2635 3179 nefario
2679 3121 2855 3176 furore
2909 3116 3233 3186 separaslis?
3277 3114 3448 3182 Quare
3493 3110 3734 3178 appellas

2153 3223 2441 3278 cathedram
2473 3215 2767 3287 pestilentia
2788 3210 3098 3264 Cathcdram
3129 3201 3581 3276 apostolicam?Si
3610 3215 3738 3268 pro-

2157 3325 2272 3386 pter
2301 3314 2542 3366 humines
2564 3321 2695 3376 quos
2731 3315 2882 3373 putas
2911 3301 3104 3370 Legam
3133 3297 3273 3366 loqui
3304 3305 3357 3349 et
3385 3307 3486 3346 non
3520 3292 3694 3343 facere
3714 3328 3735 3355 ,

2157 3403 2406 3475 numquid
2437 3400 2689 3454 Dominus
2709 3397 2861 3450 Jesus
2884 3393 3124 3448 Christus
3155 3395 3371 3458 propter
3401 3385 3696 3438 Pharisseos
3720 3420 3738 3444 ,

2157 3501 2224 3556 de
2244 3498 2434 3569 quibus
2462 3492 2553 3554 ait,
2585 3490 2765 3542 Dicunt
2786 3487 2914 3538 enim
2943 3492 2987 3535 et
3010 3499 3108 3534 non
3131 3480 3322 3549 faciunt
3342 3518 3356 3539 ,
3385 3473 3652 3530 cathedra:
3683 3473 3742 3524 in

2159 3565 2546 3660 qua—sedebant
2572 3581 2728 3634 ullam
2770 3575 2893 3628 fecit
2921 3570 3205 3640 iujuriam?
3247 3568 3433 3620 Nonne
3473 3565 3618 3618 illaut
3649 3578 3748 3615 ca-

2163 3652 2403 3734 thedram
2438 3671 2602 3744 Moysi
2632 3662 3013 3723 commendavit
3036 3701 3050 3724 ,
3078 3668 3130 3711 et
3170 3657 3286 3710 illus
3314 3663 3524 3709 servato
3551 3652 3749 3706 Cathe-

2163 3771 2273 3826 drte
2313 3741 2852 3827 honoreredarguit?
2893 3753 2979 3805 Ait
3019 3749 3159 3803 enim
3194 3765 3207 3800 :
3239 3743 3538 3799 Cathedram
3570 3741 3752 3810 Μιψί

2163 3861 2352 3916 sedent.
2392 3856 2516 3920 Qum
2543 3851 2746 3912 dicunt,
2783 3845 2964 3916 facile;
2991 3855 3100 3911 qua!
3129 3846 3290 3890 autent
3317 3835 3507 3906 faciunt
3532 3873 3546 3895 ,
3577 3835 3752 3901 facere

2166 3954 2319 4007 nolite
2344 3963 2362 4002 :
2384 3948 2553 3999 dicunt
2581 3940 2748 4002 enim,
2782 3945 2826 3989 et
2868 3950 2966 3988 non
2995 3930 3186 4002 [aciuut
3229 3925 3439 3994 (Matth.
3474 3939 3596 3977 χχιιι
3620 3963 3632 3986 ,
3663 3922 3708 3974 2
3734 3961 3750 3985 ,

2167 4045 2242 4115 5).
2270 4043 2390 4095 llaec
2418 4036 2460 4090 si
2487 4029 2816 4102 cogitaretis,
2850 4041 2952 4079 non
2995 4031 3210 4092 propter
3236 4018 3476 4072 homines
3507 4031 3640 4084 quos
3664 4012 3755 4065 iu-

2170 4106 2380 4189 l'.imatis
2419 4119 2856 4193 lzlasphetnaretis
2884 4112 3202 4171 Calhedram
3244 4107 3618 4180 apostolicam,
3657 4106 3751 4157 cui

2171 4239 2274 4283 non
2313 4212 2734 4276 communicatis.
2775 4208 2878 4264 Sed
2907 4205 3030 4276 quid
3056 4215 3138 4258 est
3161 4201 3300 4256 aliud
3341 4214 3496 4268 quam
3541 4195 3756 4248 nescire

2172 4315 2294 4388 quid
2325 4313 2500 4366 dicere
2519 4349 2532 4367 ,
2562 4314 2616 4360 et
2641 4315 2813 4358 tattlt'tt
2844 4315 2946 4351 nott
2977 4310 3133 4365 posse
3163 4291 3262 4346 nisi
3293 4286 3642 4343 maiedicerc?

2243 4402 2466 4462 CAPUT
2497 4398 2600 4452 LII.
2629 4424 2695 4434 —
2728 4390 2847 4446 119.
2891 4390 3071 4442 I‘ETIL.
3103 4384 3236 4439 dixit
3266 4401 3278 4435 :
3311 4381 3372 4434 Si
3393 4377 3641 4444 sacriﬁcia
3663 4392 3756 4430 nos

2179 4505 2342 4572 facere
2373 4488 2618 4563 judicatis
2637 4525 2652 4550 ,
2687 4484 2750 4537 de
2773 4479 2908 4534 vobis
2934 4478 3118 4545 quippe
3144 4470 3454 4544 nequissimis
3485 4466 3619 4520 Deus
3647 4467 3758 4535 ipse

2176 4590 2247 4643 sic
2268 4586 2385 4638 dicit
2412 4599 2429 4636 :
2459 4599 2476 4630 ι
2512 4577 2870 4633 ια’(ιεῑιιονοδιιδ,
2903 4588 2922 4622 ι
2956 4568 3148 4637 inquit,
3185 4583 3202 4614 ι
3236 4563 3320 4633 qui
3349 4560 3600 4627 sacrificat
3630 4557 3760 4608 mihi

2179 4678 2407 4739 titulum,
2428 4670 2571 4741 quasi
2601 4681 2771 4720 canent
2793 4660 3016 4722 occidat;
3043 4667 3087 4711 et
3112 4656 3197 4724 qui
3216 4653 3352 4724 ponit
3380 4648 3716 4718 similaginem
3741 4687 3756 4710 ,

2181 4771 2324 4839 quasi
2361 4762 2655 4832 sanguinem
2696 4755 2956 4826 porcinum
2997 4748 3176 4819 [undat
3227 4763 3246 4796 ι
3295 4742 3446 4814 (Isai.
3488 4755 3641 4802 vat,
3674 4737 3758 4807 5).

2186 4862 2376 4917 Scitote
2403 4863 2617 4908 vestrum
2660 4844 2993 4914 sacri/icium,
3035 4839 3119 4906 qui
3155 4838 3429 4890 humanum
3467 4832 3763 4900 sanguinem

2178 4956 2292 5027 jam
2313 4948 2533 5021 fudistis.
2559 4942 2624 4996 Et
2653 4942 2832 4993 iterant
2858 4951 2874 4989 :
2901 4953 2920 4985 ‹
2952 4931 3221 4999 Sacriﬁcia
3245 4942 3415 4980 eorum
3443 4923 3587 4994 quasi
3618 4920 3765 4989 panis

2189 5047 2393 5106 luctus;
2433 5037 2594 5093 onmis
2637 5032 2722 5102 qui
2773 5024 3089 5082 manducobit
3117 5038 3180 5076 ex
3205 5021 3294 5074 illo
3319 5059 3333 5085 ,
3365 5013 3704 5087 inquinabitur
3742 5029 3762 5062 ι

2192 5135 2341 5207 (Osee
2366 5147 2421 5186 ix
2444 5172 2458 5196 ,
2489 5129 2566 5198 4).

2265 5225 2387 5287 ηο.
2430 5230 2564 5282 Anc.
2595 5217 2869 5291 respondit
2899 5215 3041 5272 :Nos
3075 5213 3298 5268 dicimus
3331 5207 3433 5263 tale
3465 5206 3657 5275 cuique
3686 5217 3772 5256 sa-

2197 5323 2450 5380 criticium
2477 5317 2587 5371 licri
2608 5356 2621 5378 ,
2653 5311 2825 5384 qualis
2846 5307 3048 5363 accedit
3077 5314 3136 5360 ut
3155 5303 3374 5365 oderat,
3398 5305 3452 5352 et
3487 5293 3660 5367 qualis
3687 5307 3773 5345 ac-

2198 5415 2340 5472 cedit
2363 5421 2420 5466 ut
2438 5416 2630 5472 sumat;
2654 5415 2708 5459 et
2727 5417 2820 5457 cos
2845 5399 2912 5454 de
2938 5394 3211 5452 sacrificiis
3232 5392 3410 5446 talium
3433 5384 3772 5442 manducare,

2201 5509 2288 5579 qui
2316 5505 2380 5560 ad
2411 5504 2496 5557 illa
2517 5503 2649 5554 tales
2675 5493 2936 5549 accedunt
2960 5489 3140 5560 quales
3164 5495 3218 5541 ct
3243 5486 3317 5539 illi
3344 5490 3466 5537 sunt
3493 5497 3507 5534 :
3538 5481 3711 5547 itaque
3734 5474 3777 5526 si

2205 5568 2392 5655 dilerat
2419 5597 2525 5649 Deo
2555 5590 2744 5654 tualus,
2776 5595 2830 5640 et
2851 5583 3072 5651 accipiat
3097 5579 3220 5634 imle
3249 5577 3440 5637 bmms,
3465 5572 3569 5625 tale
3593 5568 3781 5634 cuique

2207 5707 2326 5749 esse
2353 5688 2521 5760 qualis
2545 5684 2765 5755 quiSque
2797 5678 2984 5742 fuerit;
3009 5676 3130 5746 quia
3159 5681 3211 5728 et
3233 5669 3356 5724 illttd
3383 5668 3636 5735 scriptum
3668 5669 3747 5714 ist
3767 5695 3783 5721 ,
