4028 6202
311 297 405 352 5m
1626 287 1826 342 Littlit‘.
1868 279 2241 342 srcruncs.

313 410 494 464 (hnnia
525 406 714 459 munda
745 403 944 460 mundis
974 404 1095 473 (Tit.
1124 421 1172 469 ι,
1211 405 1318 475 15).
1368 405 1468 458 Per
1511 402 1644 456 haut:
1685 412 1895 454 senten-

311 513 434 556 ttam
467 498 754 552 veridicum
781 506 834 549 et
871 495 1186 550 catholicam
1215 496 1372 550 etiam
1406 509 1500 547 vos
1529 492 1705 561 Optati
1735 492 1899 543 sacri-

310 596 430 650 ﬁcio
459 610 564 647 non
592 592 722 647 estis
749 590 952 660 polluti,
975 589 1017 645 si
1051 588 1182 643 facta
1211 589 1322 657 ejus
1349 585 1698 656 displicebant
1726 583 1893 636 vobis.

308 687 435 742 Nam
465 685 648 755 utique
688 683 838 751 panis
867 682 1006 735 illius
1049 682 1198 750 panis
1233 681 1403 735 luctus
1433 689 1545 732 erat
1567 721 1580 744 ,
1621 677 1717 731 sub
1746 680 1898 744 cujus

309 776 670 848 iniquitatibus
710 773 884 828 Africa
921 781 1025 826 Ima
1069 773 1280 840 lugebat
1315 789 1327 824 :
1360 770 1451 824 sed
1495 784 1684 838 panem
1727 767 1899 821 luctus

305 870 554 924 omnilnts
595 867 744 922 vobis
790 881 1126 920 communem
1174 879 1326 927 esse,
1379 863 1614 915 omnium
1663 847 1895 915 vestrum

309 963 502 1016 malum
537 959 842 1014 St-ltismatis
869 957 993 1010 facit
1021 960 1061 1009 ¹.
1098 955 1225 1010 Nam
1249 955 1539 1009 secundum
1571 954 1776 1007 concilii
1805 968 1896 1005 vc-

306 1055 399 1109 stri
429 1053 750 1108 sententiam
779 1050 1077 1104 Feliciuttus
1109 1049 1420 1103 Mustitanus
1452 1049 1739 1100 humanum
1784 1061 1900 1098 san-

307 1149 519 1216 guinein
573 1144 724 1197 fudit.
773 1143 995 1197 Dixistis
1025 1143 1166 1196 enim
1199 1138 1285 1211 (In
1323 1140 1536 1193 concilio
1568 1137 1855 1208 Bagaiensi)
1882 1179 1894 1200 ,

305 1255 424 1294 eum
468 1254 564 1292 eos
608 1236 935 1291 damnaretis
958 1278 972 1299 ,
1024 1233 1228 1288 Veloces
1260 1233 1408 1302 pedes
1439 1248 1612 1285 eorum
1640 1230 1707 1282 ad
1733 1228 1898 1296 eﬂ'nn‘

306 1331 525 1383 dandum
547 1328 843 1397 sanguinem
870 1325 1039 1397 (Psal.
1072 1341 1182 1388 xm,
1207 1325 1286 1394 '5).
1317 1323 1449 1377 Vide
1479 1337 1605 1392 ergo
1631 1322 1787 1391 quale
1815 1336 1899 1373 sa-

305 1421 564 1475 criﬁcium
592 1418 799 1482 otTerat,
824 1432 980 1486 quem
1008 1415 1338 1469 sacerdotem
1370 1413 1596 1478 habetis,
1625 1428 1748 1466 etttn
1777 1427 1896 1466 cum

305 1510 622 1580 sacrilegum
654 1508 1034 1563 damnaveritis
1065 1525 1078 1560 :
1107 1514 1160 1561 ct
1191 1506 1233 1560 si
1258 1506 1357 1559 hoc
1380 1505 1529 1560 vobis
1555 1504 1685 1559 nihil
1709 1505 1899 1559 UDCSie

305 1600 670 1664 arbitramini,
714 1613 843 1668 rogo
885 1613 978 1652 vos
999 1639 1012 1659 ,
1046 1597 1250 1651 vanitas
1278 1596 1660 1651 calumniarum
1690 1602 1898 1648 vestra-

305 1707 423 1744 rum
447 1689 574 1758 quid
603 1687 776 1743 oberit
801 1688 914 1742 orbi
944 1687 1242 1742 terrarum?

376 1779 604 1848 CAPUT
632 1779 763 1833 Llll.
798 1808 868 1819 —-
894 1778 1010 1832 121.
1043 1778 1227 1832 Ρετιι..
1259 1777 1397 1831 dixit
1429 1795 1442 1830 :
1474 1776 1532 1830 Si
1565 1792 1759 1846 precem
1788 1773 1889 1827 Do-

243 1921 256 1930 .
304 1873 444 1928 mino
469 1871 639 1945 facitis
658 1914 673 1938 ,
697 1879 784 1924 aut
807 1869 1019 1942 [auditis
1049 1869 1328 1922 orationent
1349 1911 1364 1935 ,
1388 1868 1514 1921 nihil
1539 1867 1673 1920 vobis
1705 1865 1900 1935 penitus

307 1962 531 2034 prodest.
573 1959 773 2015 Vestras
804 1960 937 2013 enim
964 1959 1149 2013 debiles
1171 1975 1340 2029 preces
1365 1967 1569 2012 cruenta
1591 1965 1748 2010 vestra
1774 1971 1900 2008 cou-

308 2055 516 2108 scientia
547 2061 728 2106 vacuat
756 2068 775 2106 .'
804 2052 922 2123 quia
947 2050 1196 2105 Dominus
1225 2050 1364 2106 Deus
1393 2066 1572 2121 puram
1601 2048 1760 2119 magis
1779 2063 1900 2102 c0n~

303 2144 566 2198 scientiam
605 2159 756 2213 quam
804 2158 975 2212 preces
1020 2142 1260 2208 exaudit,
1314 2141 1532 2194 Domino
1573 2140 1769 2194 Christo
1815 2139 1900 2194 di—

307 2244 480 2299 cente,
516 2253 534 2285 ι
586 2233 707 2288 Non
738 2234 898 2288 omnis
923 2233 1009 2303 qui
1035 2233 1155 2286 dicit
1182 2232 1324 2298 mihi,
1354 2230 1570 2285 Dontine
1591 2273 1605 2295 ,
1648 2230 1865 2285 Domine
1883 2272 1897 2297 ,

307 2325 512 2378 intrabit
542 2325 594 2377 in
623 2341 830 2394 regnum
855 2324 1128 2388 caelorum;
1156 2322 1245 2376 sed
1272 2324 1314 2376 is
1337 2323 1422 2393 qui
1450 2322 1571 2392 facit
1598 2321 1900 2376 voluntatem

311 2415 482 2470 Patris
509 2416 608 2469 mei
633 2417 718 2487 qui
750 2417 802 2469 in
841 2414 979 2469 cmlis
1004 2423 1078 2468 est
1111 2431 1130 2464 ι
1165 2412 1393 2483 (Matth.
1424 2429 1493 2467 vtt
1518 2453 1532 2477 ,
1567 2412 1680 2484 21).
1719 2411 1902 2467 Volun-

308 2515 385 2560 tas
413 2506 506 2560 Dei
528 2507 696 2576 utique
725 2508 852 2560 bona
882 2514 953 2559 est
985 2521 1005 2558 :
1033 2521 1148 2558 nam
1175 2505 1287 2558 ideo
1314 2504 1367 2557 in
1394 2520 1542 2558 sacra
1570 2503 1811 2558 Oratione
1831 2505 1904 2558 sic

309 2598 527 2667 petimus
545 2637 560 2662 ,
594 2614 613 2648 ι
651 2596 768 2650 Fiat
796 2596 1029 2650 voluntas
1055 2605 1142 2648 tua
1166 2595 1218 2648 in
1247 2595 1370 2648 ctelo
1397 2603 1443 2648 et
1472 2595 1523 2647 in
1564 2603 1698 2647 terra
1727 2612 1745 2646 ι
1788 2593 1899 2664 (Id.

310 2692 399 2752 vt,
427 2687 515 2758 11)
537 2703 551 2751 ;
583 2697 638 2739 ut
657 2687 776 2756 quia
815 2687 944 2740 bona
974 2686 1084 2756 ejus
1103 2685 1338 2739 voluntas
1358 2693 1451 2750 est,
1477 2685 1618 2737 nobis
1638 2699 1750 2754 qna:
1773 2684 1903 2737 bona

309 2787 426 2832 sunt
466 2778 733 2848 largiatur.
785 2775 885 2832 Vos
923 2793 1042 2848 ergo
1079 2777 1387 2831 voluntatem
1425 2774 1522 2829 Dei
1551 2791 1652 2829 non
1694 2776 1861 2844 facitis
1885 2816 1899 2841 ,

310 2870 424 2938 quia
456 2869 594 2922 mala
619 2868 840 2938 quotidie
874 2868 1189 2938 perpetratis.

381 2960 506 3015 122.
555 2961 689 3015 Anc.
720 2959 1033 3028 respondit:
1063 2959 1166 3012 Ista
1207 2958 1385 3011 omnia
1417 2956 1461 3012 si
1488 2966 1544 3012 et
1588 2971 1685 3010 nos
1729 2956 1778 3011 in
1808 2971 1904 3012 vos

311 3052 550 3106 dicamus
571 3094 585 3117 ,
617 3057 793 3106 non‘ne
819 3051 906 3120 qui
939 3065 1036 3105 nos
1063 3050 1308 3114 audierit,
1343 3050 1557 3103 insanos
1586 3049 1760 3118 potius
1801 3047 1904 3102 liti-

310 3154 522 3213 gatores
547 3159 705 3212 quam
736 3143 1054 3197 christianos
1089 3141 1445 3210 disputatores
1465 3183 1480 3208 ,
1521 3141 1564 3193 si
1595 3141 1706 3209 ipse
1743 3153 1904 3194 sanus

312 3247 426 3296 est,
469 3233 768 3301 judicabit?
809 3232 922 3287 Non
964 3249 1092 3302 ergo
1119 3232 1393 3286 reddinuts
1436 3231 1777 3286 maledictum
1809 3247 1904 3300 pro

314 3325 621 3379 maledicto.
654 3325 878 3377 Servum
909 3324 1051 3378 enim
1080 3323 1284 3376 Domini
1308 3337 1412 3375 non
1440 3332 1644 3391 oportet
1674 3321 1900 3390 litigare,

311 3417 403 3469 sed
443 3431 563 3469 esse
602 3415 783 3468 mitem
824 3415 892 3468 ad
923 3428 1110 3467 tnnnes
1134 3453 1148 3479 ,
1178 3412 1495 3476 docibilem,
1542 3411 1596 3466 in
1643 3411 1903 3466 modestia

312 3509 690 3578 corripientetn
731 3508 940 3562 diversa
976 3507 1266 3562 sentientes
1295 3505 1360 3576 (ll
1392 3504 1523 3558 'l‘im.
1552 3520 1621 3570 ιι,
1650 3505 1719 3558 24
1739 3545 1753 3569 ,
1787 3503 1899 3572 25).

312 3597 366 3653 Si
404 3613 532 3668 ergo
565 3597 714 3652 vobis
740 3597 1051 3672 objiciatuus
1081 3611 1175 3651 eos
1197 3595 1287 3665 qui
1318 3596 1451 3648 mala
1483 3595 1620 3664 apud
1651 3609 1744 3648 vos
1780 3608 1906 3663 quo-

314 3689 438 3744 tidie
465 3697 795 3759 perpetrant,
827 3689 1003 3756 inepte
1028 3687 1292 3756 litigamus
1313 3727 1326 3748 ,
1359 3686 1494 3739 alios
1517 3702 1580 3740 ex
1609 3685 1725 3738 aliis
1749 3699 1906 3738 accu-

311 3790 511 3835 Satttcs.
539 3780 596 3834 Si
618 3789 795 3834 autem
826 3794 921 3833 vos
946 3778 1298 3832 admonemus
1320 3819 1334 3842 ,
1379 3788 1435 3830 ut
1463 3778 1600 3832 sicut
1639 3777 1723 3830 illa
1756 3776 1904 3830 vobis

313 3889 416 3927 non
446 3873 604 3927 vultis
631 3872 788 3940 obiici
811 3913 824 3938 ,
856 3871 934 3926 sic
971 3869 1126 3925 nobis
1165 3887 1268 3924 non
1307 3871 1571 3938 objiciatis
1606 3869 1812 3934 aliena,
1852 3869 1903 3923 in

310 3967 572 4020 modestia
613 3979 709 4020 vos
751 3965 1068 4034 corripimus
1092 4005 1106 4029 ,
1150 3963 1244 4019 sed
1283 3965 1328 4018 si
1353 3961 1636 4032 aliquando
1670 3961 1903 4031 'resipi-

309 4057 492 4112 seatis.

378 4149 611 4206 CAPUT
661 4148 794 4204 LlV.
824 4147 1040 4203 -125.
1073 4148 1256 4203 Ρετιι..
1308 4145 1472 4201 dixit:
1505 4145 1567 4202 Si
1596 4163 1711 4201 rero
1753 4145 1899 4216 forte,

306 4244 447 4310 quod
486 4244 674 4306 nescio,
719 4243 971 4296 dwmonia
998 4241 1204 4313 pellitis,
1237 4257 1328 4294 nec
1356 4240 1407 4293 in
1457 4240 1595 4293 vobis
1634 4239 1857 4308 proderit
1886 4254 1904 4293 :

306 4337 430 4404 quia
456 4351 546 4388 nec
573 4334 692 4402 ﬁdei
721 4343 915 4401 oestrte,
943 4349 1034 4386 nec
1061 4332 1249 4386 meritis
1272 4331 1454 4384 cedunt
1480 4332 1592 4401 ipsa
1631 4330 1900 4397 daunonia,

306 4427 400 4480 sed
427 4427 481 4479 in
501 4425 704 4480 nomine
728 4423 938 4479 Domini
963 4422 1088 4478 Jesu
1117 4422 1302 4477 Christi
1328 4423 1599 4494 pelluntur.

383 4519 510 4572 121.
552 4521 686 4573 Anc.
729 4516 1002 4587 respondit
1040 4533 1052 4569 :
1085 4514 1294 4570 Gratias
1343 4516 1471 4579 Deo,
1518 4515 1640 4584 quia
1690 4512 1904 4568 tandem

301 4610 591 4665 ιευιςτεδειιε
618 4623 676 4663 es
707 4621 864 4676 posse
904 4607 1082 4660 valere
1129 4607 1430 4659 invocatum
1475 4621 1667 4659 nomen
1711 4603 1905 4659 Christi

302 4705 375 4758 ad
405 4703 631 4756 aliorum
661 4700 908 4762 salutem,
939 4699 1147 4768 etiamsi
1167 4714 1192 4750 a
1213 4697 1581 4767 peccatoribus
1609 4697 1903 4751 invocetur.

307 4795 451 4849 Hinc
476 4810 604 4863 ergo
624 4793 882 4861 intellige,
907 4807 1026 4845 cum
1051 4790 1245 4844 Christi
1274 4802 1467 4843 nomen
1486 4787 1780 4853 invocatur,
1801 4803 1906 4841 non

301 4887 506 4940 obesse
536 4887 760 4939 aliorum
785 4885 938 4938 saluti
961 4884 1133 4937 aliena
1163 4889 1397 4952 peccata.
1430 4879 1538 4935 Nos
1564 4888 1740 4934 autem
1770 4894 1905 4950 quo-

302 4981 477 5033 rnudo
515 4981 823 5032 invocemus
850 4991 1044 5032 nomen
1073 4975 1291 5042 Christi,
1339 4989 1443 5028 non
1476 4983 1566 5027 tuo
1589 4971 1788 5042 judicio
1814 4986 1910 5025 no-

299 5076 394 5128 bis
422 5088 556 5142 0pas
595 5081 698 5136 cst,
729 5069 823 5127 sed
872 5070 1038 5141 ipsius
1081 5068 1166 5138 qui
1195 5067 1475 5121 invocatur
1497 5080 1526 5120 a
1555 5064 1726 5119 nobis.
1753 5063 1910 5118 Solus

298 5165 462 5222 enim
495 5173 667 5234 lmtest
694 5177 851 5217 nosse
891 5175 997 5232 quo
1039 5159 1202 5215 corde
1248 5159 1542 5212 invocetur.
1577 5154 1657 5209 Ex
1684 5154 1800 5225 ejus
1827 5161 1907 5208 ta-

300 5273 443 5315 men
492 5255 666 5310 verbis
711 5254 841 5310 certi
890 5267 1093 5312 smnus,
1138 5251 1204 5304 ab
1235 5249 1482 5304 omnibus
1511 5247 1757 5318 gentibus
1785 5260 1906 5300 cum

294 5349 601 5406 salubriter
651 5345 926 5410 invocari,
979 5361 1098 5415 qua:
1153 5341 1540 5398 benedicuntur
1595 5341 1647 5394 in
1705 5353 1908 5393 semine

295 5450 343 5501 Α
355 5442 566 5497 {tralatu

376 5630 392 5651 -
431 5625 476 5664 tu
502 5624 628 5672 uss,
677 5615 764 5664 sed
811 5626 982 5675 panem
1020 5611 1174 5675 luctus
1216 5609 1430 5675 omnibus
1473 5607 1627 5671 vobis,
1655 5621 1905 5660 commune

299 5678 529 5734 omnium
552 5671 760 5726 vestrum
784 5671 964 5723 malum
987 5672 1255 5724 scitisntutis
1285 5671 1419 5735 facit.

373 5746 394 5774 ι
429 5742 562 5801 Lditi,
582 5737 623 5790 si
646 5737 729 5802 qui
761 5735 1057 5800 aliquando;
1082 5731 1408 5797 prtetcrtitissa
1441 5731 1688 5796 particula,
1708 5731 1811 5782 sed.

955 5809 983 5829 θ

3492 294 3594 344 ῖςθί

2080 400 2302 456 CAPUT
2344 401 2449 455 LV.
2493 433 2565 442 --
2601 403 2715 458 125.
2769 403 2952 458 Γετιιη
2999 403 3132 458 dixit
3175 423 3188 458 ι
3240 405 3346 458 Etet
3385 423 3591 472 prorsus

2006 491 2209 544 virtutes
2229 502 2273 546 et
2305 495 2551 548 mirabilia
2580 495 2802 564 faciatis,
2834 506 3036 567 propter
3062 506 3274 550 vestram
3313 498 3586 567 nequitiam

2005 598 2096 634 nec
2115 583 2184 635 sic
2207 599 2290 636 vos
2311 582 2556 640 Dominus
2579 587 2734 651 novit,
2755 584 2975 641 Domino
2991 587 3100 657 ipso
3123 587 3317 642 dicente
3342 605 3360 642 :
3386 605 3405 640 ι
3437 587 3589 642 Multi

2005 674 2167 726 dicent
2190 675 2312 727 mihi
2345 675 2395 728 in
2428 676 2516 729 illo
2547 677 2646 744 die,
2675 676 2905 742 Domine,
2941 677 3173 742 Domine,
3206 679 3257 732 in
3284 679 3483 732 nomine
3507 689 3592 732 tuo

2007 768 2428 838 prOphetavimus,
2462 780 2506 823 et
2535 771 2582 824 in
2615 783 2699 825 tuo
2725 770 2926 824 nomine
2955 771 3205 825 dtemonia
3248 772 3505 844 ejecimus,
3546 785 3591 824 et

2005 859 2056 912 in
2084 870 2167 913 tuo
2189 863 2388 915 nomine
2411 864 2614 917 virtutes
2641 863 2823 918 utullus
2843 864 3070 934 fecimus.
3101 862 3246 917 Tunc
3271 866 3436 917 dicam
3465 863 3588 924 illis,

2005 952 2238 1018 quoniam
2266 970 2362 1004 non
2394 954 2508 1006 novi
2530 970 2643 1019 eos;
2669 956 2908 1008 discedite
2933 973 2962 1007 a
2994 972 3089 1022 me,
3113 955 3332 1026 aperarii
3351 956 3589 1026 iniquita-

2005 1042 2068 1094 tis
2097 1061 2114 1093 ι
2151 1042 2363 1111 (Matth.
2399 1062 2486 1111 \‘tl,
2510 1047 2599 1112 ‘29.,
2618 1046 2736 1115 95).

2078 1132 2198 1186 125.
2241 1134 2374 1189 Am.
2425 1137 2695 1205 respondit
2729 1156 2740 1190 :
2781 1138 3131 1206 Agnoscimtts
3163 1139 3319 1193 verba
3356 1139 3584 1193 Domini.

2008 1223 2140 1278 Hinc
2169 1236 2220 1278 et
2257 1228 2541 1296 Apostolus
2571 1230 2679 1284 ait:
2709 1230 2770 1285 Si
2807 1233 2955 1299 ﬁdem
2986 1233 3193 1285 habeam
3231 1233 3299 1284 ita
3326 1245 3378 1286 ut
3401 1243 3590 1286 montes

2007 1321 2328 1382 transferam,
2361 1318 2654 1373 charitatem
2700 1333 2864 1374 (tatem
2897 1339 2994 1375 non
3034 1323 3264 1388 habeam,
3312 1323 3438 1376 nihil
3482 1339 3591 1377 sum

2007 1404 2049 1476 (1
2072 1405 2187 1460 Cor.
2216 1423 2329 1474 χιιι,
2361 1409 2440 1480 2).
2474 1410 2567 1465 llic
2596 1428 2722 1481 ergo
2766 1415 3112 1483 quzercndttm
3143 1425 3223 1468 est
3254 1415 3371 1485 quis
3401 1414 3595 1468 haheat

2005 1497 2316 1554 charitatem
2353 1519 2367 1553 :
2413 1501 2649 1557 invenies
2681 1520 2782 1556 non
2813 1520 2932 1560 esse
2964 1505 3061 1558 nisi
3113 1521 3206 1560 eos
3237 1505 3324 1576 qui
3365 1505 3594 1576 diligunt

2006 1591 2280 1644 unitatem.
2324 1591 2452 1650 Nam
2483 1593 2550 1648 de
2602 1594 2906 1650 exclusione
2945 1596 3270 1660 tit-manum,
3301 1604 3354 1650 et
3381 1596 3447 1650 de
3493 1613 3586 1663 po-

2008 1682 2167 1734 lentia
2200 1683 2596 1748 miraeulorum,
2637 1685 2885 1755 qutmiam
2927 1686 3163 1754 plerique
3196 1687 3318 1739 talia
3360 1700 3464 1739 uoa
3513 1685 3590 1739 l'a-

2004 1773 2150 1827 ciunt
2173 1783 2224 1827 et
2256 1782 2428 1828 tamen
2458 1775 2522 1829 ad
2551 1790 2773 1845 regnum
2802 1775 2895 1830 Dei
2929 1777 3214 1845 pertinent,
3246 1777 3485 1846 plerique
3507 1793 3592 1829 au-

2009 1871 2112 1915 tem
2145 1861 2344 1918 faciunt
2373 1874 2425 1918 et
2455 1880 2558 1918 non
2591 1866 2880 1935 pertinent,
2930 1881 3028 1920 nec
3071 1867 3236 1920 nostri
3287 1881 3384 1921 nec
3430 1871 3592 1922 \'C.~.ll‘i

2005 1950 2201 2006 debent
2227 1954 2463 2023 gloriari,
2498 1954 2541 2008 si
2571 1955 2656 2024 qui
2684 1953 2821 2010 forte
2849 1955 2947 2010 ista
2980 1963 3234 2026 possunt:
3260 1956 3593 2027 quandoqui-

2006 2042 2129 2099 dem
2161 2060 2260 2099 ncc
2281 2045 2585 2115 Apostotos,
2617 2046 2705 2117 qui
2735 2061 2857 2102 vere
2886 2048 2983 2101 ista
3012 2047 3299 2102 salubriter
3317 2057 3476 2119 atque
3494 2051 3593 2103 uti-

2007 2135 2133 2191 liter
2168 2145 2435 2209 poterant,
2479 2137 2646 2192 voluit
2691 2137 2946 2193 Dominus
2991 2138 3221 2209 gaudere
3260 2139 3326 2194 de
3378 2141 3587 2204 talibus,

2007 2226 2220 2295 quando
2250 2225 2328 2280 eis
2353 2228 2462 2280 ait:
2493 2226 2667 2282 Nolite
2704 2226 2755 2281 in
2799 2227 2892 2282 hoc
2932 2229 3153 2300 gaudere
3177 2228 3314 2298 quod
3339 2229 3590 2284 da'mout'a

2007 2315 2142 2370 vobis
2161 2316 2386 2389 subjecta
2409 2317 2531 2384 sint,
2567 2318 2782 2390 gaudete
2817 2331 2983 2373 autem
3019 2319 3156 2392 quod
3193 2321 3398 2377 nomina
3428 2329 3592 2379 vestra

2007 2406 2194 2476 scripta
2217 2417 2336 2461 sunt
2360 2395 2411 2461 in
2441 2409 2565 2462 cazlo
2595 2407 2744 2477 (Luc.
2773 2425 2829 2476 Χ,
2858 2410 2970 2483 20).
2993 2411 3326 2483 Quapropter
3352 2414 3449 2468 ista
3473 2430 3593 2484 qua:

2007 2509 2075 2552 ex
2107 2497 2394 2568 Evangelio
2421 2501 2663 2570 posuisti,
2687 2513 2737 2556 et
2768 2518 2867 2575 ego
2899 2504 2986 2558 tibi
3013 2519 3222 2575 possem
3249 2505 3451 2570 dicere,
3482 2506 3595 2560 site

2009 2590 2241 2645 viderem
2270 2591 2541 2662 signorum
2576 2595 2802 2650 virtutes
2831 2607 3175 2666 Opcrantem;
3207 2606 3259 2653 et
3287 2599 3520 2666 ιιιιιιίιιῐ,
3549 2601 3594 2653 si

2010 2682 2133 2736 talia
2181 2699 2266 2738 me
2311 2684 2592 2740 facientem
2625 2687 2850 2742 videres.
2899 2690 3014 2745 Non
3064 2707 3191 2762 ergo
3233 2693 3420 2747 nobis‘
3455 2695 3595 2748 dica-

2010 2790 2126 2828 mus
2154 2791 2271 2846 qua:
2299 2786 2593 2845 possuntet
2623 2794 2686 2832 ex
2716 2780 2814 2832 alia
2847 2790 2991 2848 parte
3009 2769 3143 2846 dici;
3172 2791 3223 2836 et
3246 2784 3462 2837 remotis
3485 2801 3596 2836 am-

2007 2863 2248 2932 bagibus,
2282 2866 2533 2935 quoniam
2569 2867 2655 2921 ubi
2686 2870 2756 2922 sit
2789 2868 3025 2923 Ecclesia
3053 2869 3250 2926 Christi
3282 2875 3591 2942 quml‘itttth,

2011 2956 2182 3025 ipsum
2221 2959 2311 3027 qui
2351 2973 2472 3012 eam
2511 2973 2609 3013 suo
2636 2960 2892 3029 Sanguine
2923 2961 3168 3026 redemit,
3214 2963 3492 3018 audiamus
3516 2966 3596 3017 dt-

2010 3062 2241 3115 eentem,
2276 3049 2433 3105 Erilis
2455 3051 2576 3106 mihi
2598 3062 2744 3107 testes
2771 3053 2821 3106 in
2843 3053 3145 3121 Jerusalem,
3175 3066 3219 3111 et
3248 3057 3297 3111 in
3320 3067 3474 3112 totam
3494 3059 3526 3112 ,1
3534 3079 3593 3112 a-

2009 3141 2171 3196 tltcam
2191 3153 2238 3195 et
2261 3141 2570 3210 Samariam,
2594 3152 2641 3198 et
2665 3160 2819 3214 usque
2839 3145 2888 3198 in
2909 3155 3062 3199 totum
3085 3155 3268 3200 terram
3297 3146 3432 3222 (.lct.
3454 3165 3491 3213 ι,
3512 3150 3592 3216 8).

2011 3233 2144 3289 lluic
2176 3234 2453 3300 Ecclesia),
2499 3251 2616 3305 qua:
2660 3251 2756 3307 per
2801 3245 2962 3290 totam
3015 3247 3212 3292 terram
3263 3240 3595 3306 diffunditur,

2009 3326 2251 3396 quisquis
2277 3331 2381 3380 non
2403 3327 2781 3392 communicat,
2805 3328 2889 3382 cui
2919 3344 3022 3382 non
3052 3331 3408 3387 communicet
3428 3333 3595 3400 vides,

2009 3417 2052 3471 si
2083 3421 2235 3488 cujus
2263 3419 2362 3472 ista
2393 3419 2554 3473 verba
2575 3418 2680 3473 sint
2709 3420 2878 3474 audis.
2902 3419 3038 3490 Quid
3064 3431 3146 3477 est
3172 3433 3348 3478 autem
3370 3424 3597 3480 demen-

2013 3506 2148 3574 tius,
2197 3524 2354 3578 quam
2410 3508 2771 3565 Sacramentis
2816 3511 3026 3567 Domini
3079 3516 3497 3584 communicare,
3544 3528 3602 3572 et

2010 3604 2188 3659 verbis
2236 3605 2440 3659 Domini
2489 3620 2594 3660 non
2640 3607 3073 3663 communicare?
3103 3607 3166 3662 111
3195 3609 3374 3678 utique
3403 3610 3596 3665 dicturi

2011 3706 2154 3760 sunt,
2187 3696 2239 3749 In
2272 3697 2486 3750 nomine
2533 3706 2622 3750 tuo
2667 3699 3106 3754 manducavimns
3153 3711 3207 3754 et
3255 3701 3511 3767 bibimus;
3545 3715 3599 3756 ct

2010 3785 2264 3850 audituri,
2298 3784 2419 3839 Non
2457 3788 2571 3839 nari
2615 3803 2698 3840 eos
2725 3787 2938 3859 (.llatth.
2965 3805 3056 3854 vtt,
3107 3790 3236 3859 2:2):
3267 3791 3356 3859 qui
3400 3807 3596 3861 corpus

2009 3879 2128 3947 ejus
2154 3887 2208 3931 et
2233 3878 2543 3948 sanguinem
2593 3877 2644 3931 in
2687 3879 3029 3933 Sacramento
3062 3879 3384 3935 manducant
3418 3891 3472 3936 et
3513 3883 3595 3936 bi-

2010 3969 2159 4036 bunt,
2195 3978 2247 4024 et
2276 3967 2513 4023 membra
2543 3968 2659 4038 ejus
2681 3976 2790 4022 toto
2817 3968 2948 4024 orbe
2974 3970 3185 4037 dill'asa,
3221 3971 3274 4025 in
3307 3971 3596 4044 Evangelia

2010 4079 2116 4118 non
2140 4071 2451 4134 agnoscunt,
2474 4073 2527 4117 et
2559 4063 2677 4118 ideo
2705 4063 2756 4117 in
2786 4063 2866 4118 cis
2889 4065 2908 4094 ³
2937 4064 2986 4117 in
3012 4062 3214 4134 judicio
3239 4081 3343 4120 non
3365 4079 3591 4138 compu-

2012 4167 2209 4214 tantur.

2083 4250 2308 4308 CAPUT
2346 4250 2479 4305 LVI.
2511 4279 2583 4290 —
2613 4248 2732 4304 127.
2764 4248 2948 4303 Ρετιι..
2996 4248 3160 4303 dixit:
3188 4248 3338 4315 Quod
3365 4260 3413 4304 et
3450 4251 3515 4316 si,
3540 4264 3607 4320 ut.

2011 4345 2110 4416 ipsi
2135 4343 2345 4416 putatis,
2381 4340 2588 4396 Domini
2618 4339 2775 4412 legem
2803 4357 2928 4411 pure
2951 4339 3239 4410 sequimini,
3267 4342 3328 4396 de
3349 4342 3462 4412 ipsa
3486 4343 3596 4413 lege

2011 4436 2326 4492 sanctissima
2353 4435 2577 4506 legaliter
2601 4432 2933 4503 disputemus.
2958 4430 3093 4486 Dicit
3141 4433 3402 4503 apostolus
3455 4434 3595 4487 l’au.

2013 4530 2112 4591 lus,
2142 4547 2160 4580 ι
2188 4527 2332 4581 Βοηα
2361 4537 2430 4581 est
2457 4525 2559 4590 lex,
2590 4526 2634 4580 si
2659 4525 2769 4596 quis
2798 4540 2856 4578 ea
2885 4524 3102 4596 legitime
3131 4533 3299 4579 utatur
3335 4544 3354 4577 ι
3388 4525 3430 4600 (1
3459 4524 3594 4580 Tim.

2015 4637 2050 4682 ι,
2075 4619 2154 4692 8).
2177 4619 2283 4673 Lex
2301 4635 2420 4689 ergo
2446 4616 2565 4688 quid
2590 4615 2753 4670 dicit?
2783 4634 2802 4668 t
2833 4613 2954 4669 Non
2977 4614 3191 4671 occides.
3215 4634 3233 4666 ι
3267 4615 3415 4683 Quod
3442 4618 3597 4672 semel

2013 4712 2131 4784 fecit
2160 4709 2282 4765 Cain
2309 4706 2586 4779 parricida,
2613 4722 2699 4761 vos
2718 4705 2901 4776 fratres
2923 4705 3106 4776 swpius
3134 4706 3404 4762 occidistis.

2087 4799 2211 4855 128.
2254 4799 2386 4854 Are.
2420 4796 2731 4867 respondit:
2762 4795 2976 4850 Similes
3004 4795 3154 4851 vobis
3183 4811 3304 4852 esse
3325 4798 3593 4854 uolumus:

2016 4908 2134 4947 nam
2164 4907 2266 4945 non
2298 4889 2490 4944 desunt
2516 4903 2635 4957 quae
2663 4886 2929 4952 dicantur,
2957 4886 3096 4941 sicut
3136 4895 3190 4942 et
3229 4896 3282 4942 tu
3311 4889 3410 4945 ista
3439 4888 3596 4956 dicis,

2015 4994 2068 5038 et
2098 4997 2216 5052 quae
2254 4979 2509 5045 sciantur,
2559 4992 2679 5030 nam
2723 4977 2820 5030 ista
2854 4984 2906 5030 tu
2939 4976 3142 5044 nescis;
3174 4986 3230 5033 ct
3267 4995 3385 5048 qua:
3413 4988 3598 5034 osten-

2015 5074 2226 5135 dantur,
2260 5088 2378 5126 nam
2411 5082 2462 5124 tu
2491 5069 2590 5124 ista
2616 5085 2719 5123 non
2751 5067 3008 5124 ostendis.

2086 5162 2311 5219 CAPUT
2374 5159 2526 5216 LVII.
2557 5159 2780 5216 -129.
2822 5159 3010 5215 Pam"
3064 5160 3230 5216 dixit:
3257 5159 3459 5217 Dictum
3503 5174 3596 5226 est,

2023 5275 2041 5307 ‹
2080 5253 2198 5309 Non
2225 5250 2567 5307 mmchaberis.
2600 5268 2620 5302 ι
2651 5249 3003 5322 Unusquisque
3022 5261 3238 5305 vestrum
3261 5253 3306 5307 si
3329 5254 3602 5307 carnaliter

2016 5359 2182 5404 castus
2209 5349 2292 5411 sit,
2323 5343 2651 5416 spiritualitcr
2671 5344 2889 5398 nta'chus
2914 5352 3005 5412 est,
3051 5349 3170 5417 quia
3200 5347 3450 5400 adulterat
3474 5363 3598 5400 san-

2017 5441 2252 5494 ctitatent.

2089 5533 2212 5588 150.
2257 5532 2394 5586 Atto.
2443 5527 2718 5598 respondit
2757 5547 2768 5582 :
2811 5527 3043 5584 Possunt
3085 5530 3197 5586 lure
3245 5530 3296 5586 in
3343 5531 3601 5603 quosdam

2081 5669 2096 5732 ξ
2123 5666 2195 5715 sic
2211 5671 2316 5713 Mss.
2343 5670 2398 5712 At
2423 5662 2558 5722 editi,
2583 5659 2726 5732 vobis.

2081 5730 2102 5762 ι
2127 5735 2203 5778 ω.
2232 5735 2280 5776 et
2314 5732 2446 5786 Lov.,
2469 5738 2575 5774 eam
2593 5723 2678 5774 eis.
2705 5737 2805 5774 am.
2835 5732 2884 5774 et
2909 5731 3034 5785 Mss,
3058 5723 3107 5775 in
3133 5728 3222 5780 eis.
