4028 6202
362 279 469 332 505

370 394 629 451 veraciter
672 388 795 448 dici,
828 395 881 441 et
911 389 1121 438 nostros
1163 388 1214 431 et
1256 384 1495 427 vestros:
1521 366 1683 447 quisi
1714 363 1951 431 utrisque

375 498 611 542 nostrum
638 480 938 551 displicent,
974 488 1072 528 nec
1118 467 1289 523 nostri
1334 478 1430 518 nec
1475 460 1635 515 vestri
1670 466 1815 511 sunt.
1848 451 1955 507 Sed

375 594 451 645 tu,
482 577 623 650 quod
667 577 715 628 in
761 568 1014 641 quosdam
1042 562 1197 626 dicis,
1229 568 1284 613 et
1325 572 1421 612 nec
1470 554 1519 607 in
1569 548 1698 620 ipsis
1742 546 1960 617 probas,

377 689 474 743 pro
505 686 569 725 eo
602 669 677 721 vis
717 661 885 732 accipi
932 675 993 713 ac
1026 658 1068 713 si
1103 650 1432 724 probaveris,
1466 663 1571 700 non
1616 645 1666 696 in
1700 638 1965 709 aliquibus

382 763 469 833 qui
488 764 807 828 degenerant
831 769 858 806 a
877 754 1083 807 semine
1104 746 1351 807 Abrabm,
1372 739 1462 795 sed
1491 739 1543 791 in
1568 734 1813 790 omnibus
1831 746 1963 799 gen-

385 854 521 907 tilms
547 866 663 920 (pne
695 843 1077 899 benedicuntur
1108 839 1158 892 in
1196 835 1399 890 semine
1430 826 1681 885 Ahralne.

455 914 679 996 cAeuT
719 934 898 992 Lvut.
928 964 999 973 —
1041 931 1159 985 tsi.
1202 927 1387 981 rm...
1422 921 1552 974 una
1583 936 1594 970 ε
1631 914 1832 968 Dictum
1874 918 1965 971 est,

396 1055 415 1090 ι
447 1034 658 1089 Falsum
690 1027 1025 1086 testimonium
1071 1040 1169 1076 non
1209 1019 1387 1073 reddes
1440 1035 1457 1067 ι
1504 1012 1624 1065 Cum
1656 1007 1852 1078 regibus
1880 1018 1970 1056 sm-

390 1127 494 1182 culi
536 1124 669 1179 nos‘
708 1131 871 1177 reslra
912 1129 1076 1175 tenere
1123 1107 1430 1169 nn'ntimini,
1481 1119 1644 1157 nonne
1684 1098 1817 1171 falsa
1852 1111 1976 1148 con-

390 1218 560 1288 ﬁalis?

466 1310 588 1364 1'52.
614 1309 744 1361 Δια.
775 1299 1078 1371 respondit:
1105 1297 1159 1351 Si
1191 1310 1294 1349 non
1319 1299 1439 1344 sunt
1461 1295 1636 1341 nostra
1656 1286 1806 1353 'qurc
1834 1289 1981 1333 teuc—

402 1403 505 1469 tis,
562 1414 658 1453 nec
690 1398 774 1451 illa
803 1403 953 1449 erant
981 1399 1153 1444 vestra
1184 1401 1301 1455 qua":
1332 1399 1361 1435 a
1410 1375 1811 1434 Masimianistis
1834 1386 1980 1425 rece-

400 1459 569 1563 pistis.
602 1486 752 1556 Quod
782 1486 824 1539 si
858 1491 1137 1553 prepterca
1185 1477 1271 1529 illa
1321 1480 1495 1526 vestra
1537 1475 1708 1527 erant,
1743 1462 1861 1532 quia
1910 1459 1981 1513 illi

400 1581 711 1649 sacrilegum
731 1574 960 1630 schisma
983 1572 1238 1631 iecerunt,
1262 1578 1363 1616 non
1383 1552 1825 1615 couinumieaudo
1846 1549 1981 1620 parti

403 1670 625 1726 Donati:
659 1663 872 1719 attende
900 1677 1016 1731 qua:
1044 1658 1160 1711 loca
1194 1652 1437 1715 teneatis,
1482 1657 1530 1701 et
1578 1645 1730 1713 cujus
1756 1640 1985 1693 ill‘Cl'etii-

404 1761 495 1816 tati
523 1776 627 1813 non
659 1750 1095 1815 communicetis;
1126 1756 1178 1802 et
1205 1745 1452 1814 cogitate,
1495 1754 1596 1792 non
1642 1736 1853 1806 regibus
1883 1746 1984 1783 sm.-

404 1852 528 1917 Cttli,
559 1848 650 1903 sed
698 1846 805 1917 regi
858 1843 1070 1899 Christo
1117 1837 1241 1908 quid
1277 1830 1600 1903 respondere
1645 1826 1876 1897 possitis.
1914 1823 1988 1875 De

408 1946 502 1998 illo
522 1944 719 1998 dictum
743 1948 843 2003 est,
874 1933 1221 1989 Dominabitur
1243 1946 1273 1981 a
1305 1927 1433 1979 mari
1463 1939 1615 1993 usque
1655 1920 1720 1973 ad
1761 1933 1917 1979 mare,
1947 1924 1991 1967 et

408 2054 437 2089 α
464 2036 673 2106 ﬂumine
696 2047 851 2102 usque
866 2028 932 2081 ad
956 2025 1191 2079 terminos
1212 2022 1343 2076 orbis
1365 2030 1611 2072 terrarum
1638 2011 1806 2084 (Psd.
1839 2025 1990 2069 LXXI,

412 2128 485 2196 9).
519 2126 637 2194 Quo
664 2123 843 2190 utique
867 2117 1104 2177 ﬂumine,
1138 2112 1239 2167 nisi
1264 2110 1347 2165 ubi
1374 2107 1671 2176 baptizaius
1699 2113 1798 2164 est,
1828 2110 1875 2155 ct
1905 2097 1993 2152 ubi

411 2234 574 2289 super
602 2231 723 2271 cunt
754 2209 1003 2268 columba
1031 2203 1326 2266 descendit,
1353 2214 1601 2270 magnum
1639 2192 1918 2249 charitatis
1944 2200 1998 2242 et

414 2287 627 2363 unitatis
650 2300 942 2360 indicium?
982 2299 1090 2352 Vos
1118 2304 1295 2351 autem
1324 2291 1449 2346 huic
1478 2287 1663 2343 unitati
1714 2301 1817 2339 non
1846 2296 1997 2336 com-

417 2397 717 2461 municatis,
747 2402 801 2449 et
825 2391 998 2447 adhuc
1024 2390 1137 2443 loca
1168 2385 1387 2440 unitatis
1416 2380 1637 2442 tenetis;
1670 2386 1723 2432 et
1745 2374 1997 2429 invidiam

418 2494 573 2549 nobis
600 2492 665 2546 de
696 2490 911 2560 regibus
941 2484 1119 2541 sa-culi
1149 2481 1335 2555 facitis,
1355 2493 1474 2532 cum
1502 2472 1757 2545 perjnssa
1777 2482 2002 2538 procon-

418 2587 591 2638 sulum
623 2583 689 2638 de
719 2581 848 2635 locis
878 2577 1041 2649 partis
1064 2572 1250 2628 Donati
1281 2565 1650 2625 schismaticos
1676 2571 1882 2615 vestros
1911 2573 2002 2610 ex-

420 2674 682 2744 puleritis.
729 2669 844 2726 Non
879 2647 1021 2722 sunt
1065 2665 1177 2716 tunc
1212 2660 1370 2715 verba
1403 2672 1497 2727 per
1540 2654 1695 2708 inane
1734 2647 1999 2702 volantia:

420 2764 663 2817 homines
691 2761 890 2824 vivunt,
924 2757 1163 2812 civitates
1210 2761 1487 2812 testamur,
1521 2745 1678 2801 Gesta
1708 2753 2003 2812 proconsu-

423 2856 548 2909 Iaria
594 2862 648 2909 et
692 2848 1026 2918 municipalia
1058 2844 1368 2899 recitantur.
1402 2838 1566 2895 Silcat
1594 2830 1877 2903 aliquando
1907 2845 2005 2882 vox

419 2944 765 3007 ealntnniosa,
805 2937 1059 3009 objiciens
1100 2948 1252 3004 rcges
1295 2928 1472 2984 szeculi
1521 2924 1782 2979 universa!
1829 2931 2005 2981 terr-.e,

421 3049 518 3102 per
546 3048 769 3103 quorum
817 3026 1161 3100 proconsules
1194 3038 1296 3077 non
1340 3018 1506 3089 potuit
1534 3028 1752 3086 parcere
1796 3009 2007 3065 concisa

424 3096 673 3170 conciam.
706 3096 835 3167 Cum
864 3126 990 3178 ergo
1019 3108 1243 3161 dicimus
1269 3101 1407 3173 quod
1438 3111 1613 3154 nostra
1637 3096 1884 3160 teneatis,
1903 3106 2008 3146 non

423 3204 753 3261 ostendimur
781 3201 969 3255 falsum
998 3195 1355 3251 testimonimn
1378 3190 1576 3254 dicere,
1597 3188 1695 3241 nisi
1721 3201 1818 3240 nos
1835 3194 2011 3237 osten-

428 3296 567 3350 datis
593 3296 645 3350 in
677 3290 916 3348 Ecclesia
960 3287 1156 3343 Christi
1188 3300 1291 3340 non
1323 3298 1471 3348 esse;
1512 3280 1651 3352 quod
1684 3276 1893 3349 quidem
1926 3273 2008 3327 di-

426 3403 551 3444 cere
578 3403 681 3441 non
719 3384 959 3448 cessatis,
988 3379 1080 3437 sed
1119 3378 1400 3435 ostendere
1429 3388 1695 3444 nunquam
1730 3369 1966 3423 valebitis
1997 3386 2008 3421 :

430 3480 538 3531 imo
569 3491 695 3531 vero
745 3489 863 3529 cum
895 3474 998 3527 hoc
1045 3470 1238 3534 dicitis,
1272 3483 1377 3521 non
1405 3465 1513 3535 jam
1556 3462 1729 3523 nobis,
1771 3457 1864 3513 sed
1913 3456 2012 3526 ipsi

428 3568 643 3621 Christo
669 3565 784 3620 falsi
815 3560 1101 3619 testimonii
1130 3559 1330 3613 crimen
1352 3554 1595 3624 objicitis.
1621 3551 1728 3606 Nos
1749 3550 1943 3620 q-rippe
1962 3548 2013 3599 in
2036 3581 2041 3589 .

433 3657 671 3713 Ecclesia
702 3670 906 3719 smnus,
949 3667 1067 3723 qua:
1115 3648 1280 3719 ipsius
1325 3644 1627 3701 testimonio
1667 3640 2015 3711 pra-nuntiata

431 3759 534 3816 est,
574 3758 638 3804 ‘et
677 3748 765 3802 ubi
795 3746 904 3801 suis
935 3742 1156 3799 testibus
1184 3749 1463 3795 attestatus
1505 3743 1585 3789 est
1624 3734 1827 3795 dicens,
1865 3731 2017 3784 Erilis

432 3842 557 3895 milii
588 3830 732 3894 testes
753 3839 804 3893 in
833 3835 1139 3898 Jerusalem,
1169 3841 1214 3885 et
1235 3831 1287 3884 in
1309 3839 1464 3883 totam
1490 3826 1727 3880 Judwom
1750 3834 1795 3877 et
1826 3822 2020 3877 Sama-

436 3935 586 3996 riam,
620 3942 665 3986 ct
693 3947 846 4000 usque
883 3929 933 3983 in
963 3937 1116 3981 totum
1148 3933 1352 3977 terram.
1391 3919 1499 3974 Vos
1537 3927 1713 3971 autem
1748 3915 1906 3968 falsos
1942 3921 2020 3967 te-

435 4038 547 4081 stes
575 4042 679 4079 non
698 4025 876 4078 solum
924 4021 1047 4075 hinc
1084 4014 1434 4077 ostendimus,
1480 4010 1602 4081 quia
1649 4008 1771 4062 huic
1815 4006 2018 4059 veritati

436 4116 711 4179 resistitis;
755 4113 847 4167 sed
893 4112 1051 4165 etiam
1084 4108 1133 4161 in
1184 4105 1300 4174 ipso
1324 4101 1543 4173 judicio,
1576 4114 1680 4169 quo
1708 4112 1827 4151 cum
1860 4095 2022 4149 Maxi-

440 4211 600 4265 miani
627 4208 912 4264 schismate
937 4198 1268 4257 conflixistis.
1292 4196 1344 4250 Si
1371 4194 1511 4249 enim
1535 4189 1822 4245 secundum
1848 4188 2018 4256 legem

438 4300 636 4355 Christi
666 4296 929 4367 agebatis;
958 4301 1153 4363 quanto
1181 4285 1554 4356 congruentius
1584 4280 1870 4336 secundmn
1902 4293 2020 4332 eam

440 4390 765 4447 euitstituunt
805 4383 963 4455 aliqui
1004 4378 1274 4435 christiani
1319 4378 1686 4446 imperatores,
1728 4371 1771 4425 si
1805 4379 2025 4439 possunt

443 4482 733 4540 secundum
758 4494 874 4533 eam
896 4474 1136 4546 judicare
1154 4469 1338 4541 pagani
1369 4463 1741 4538 proconsules?
1761 4462 1815 4518 Si
1848 4470 2022 4515 autem

444 4577 498 4629 in
526 4570 845 4643 adjutorium
877 4566 1034 4621 etiam
1058 4562 1253 4618 terreni
1276 4558 1485 4627 imperii
1511 4558 1653 4626 leges
1678 4552 2026 4608 assumend.:s

446 4665 689 4737 putastis,
724 4677 828 4715 non
861 4653 1319 4727 reprehendimus.
1354 4650 1491 4704 Fecit
1526 4647 1626 4702 hac
1655 4646 1871 4708 Paulus,
1904 4658 2023 4697 cum

445 4761 703 4815 adversus
744 4752 1027 4823 injuriosos
1050 4748 1220 4803 civem
1256 4745 1547 4799 Romanum
1575 4756 1632 4792 se
1657 4754 1773 4791 esse
1803 4745 2028 4791 testatus

447 4862 526 4905 est
555 4850 688 4919 (Art.
717 4861 845 4906 mi.
877 4844 990 4913 ‘25).
1020 4839 1124 4895 Sed
1156 4852 1336 4909 quan-o
1364 4835 1552 4903 quibus
1580 4830 1807 4884 terrenis
1830 4828 2031 4897 legibus

413 5006 417 5011 ,
448 4949 517 5001 sit
542 4953 813 5003 statutum,
845 4947 900 4993 ut
931 4930 1335 4991 Maximianistm
1369 4927 1498 4981 locis
1526 4922 1822 4995 pellantur?
1851 4920 2031 4975 Null.:s

448 5037 667 5092 omnino
709 5030 942 5101 reperies
974 5046 987 5082 :
1014 5023 1108 5081 sed
1136 5020 1381 5076 videlicet
1406 5017 1609 5086 legibus
1634 5030 1752 5086 qua:
1779 5012 2033 5067 adversus

452 5132 747 5187 hazreticos,
781 5134 938 5193 atque
965 5121 1103 5174 inter
1132 5132 1225 5172 eos
1269 5114 1427 5170 etiam
1457 5112 1710 5166 adversus
1754 5125 1847 5164 vos
1889 5108 2033 5176 ipsos

453 5225 572 5277 lane
597 5229 740 5282 sunt,
774 5214 896 5267 illos
925 5209 1194 5280 expellere
1217 5204 1489 5257 voluistis:
1517 5202 1771 5255 adversus
1793 5199 2034 5252 infirmos

455 5324 704 5382 tanquam
730 5303 1055 5377 potentiores
1080 5294 1450 5368 praevaluistis.
1481 5291 1631 5348 Unde
1660 5291 1731 5343 illi
1754 5289 1875 5359 quia
1905 5288 2035 5342 nihil

458 5408 757 5473 potuerunt,
790 5398 1098 5449 innocentes
1126 5404 1184 5443 se
1229 5385 1429 5451 dicunt,
1464 5394 1708 5451 tanquam
1758 5380 1856 5435 Sub
1887 5368 2051 5435 leone

524 5640 542 5672 ι
570 5634 697 5694 Apud
719 5641 791 5683 Er.
813 5631 958 5694 Lugd.
1002 5638 1120 5677 \‘en.
1148 5633 1256 5675 Lov.
1282 5637 1377 5673 eos.
1448 5630 1501 5669 tt.

524 5701 545 5733 ι
568 5685 1203 5753 εὰίιιῖυεειναῖωειίειιαιιιι·
1232 5701 1291 5736 ex
1320 5685 1667 5745 manuscriptts.

1213 260 1482 317 CON'HH
1528 252 1862 309 LITTERAS
1902 243 2261 305 Pi-ITILIANi,
2304 242 2357 293 S.
2405 237 2765 293 .-\L‘Cl'.STl.\'l

3551 232 3653 285 ΖΜ

2068 357 2237 424 lupus.
2272 354 2471 408 Tamen
2507 353 2707 421 legibus
2736 350 2988 403 adversus
3012 362 3105 438 v‘os
3142 348 3260 400 iatts
3291 346 3528 416 profet‘to
3558 344 3654 397 ad-

2070 463 2254 501 versus
2275 448 2405 499 alios
2436 445 2532 497 nisi
2556 459 2649 514 per
2674 441 2860 495 falsum
2886 436 3244 493 ιιιδιίιιιθιιὶιιιιι
3273 454 3377 491 ηοιι
3403 436 3655 490 nteremi-

2074 539 2145 593 ni.
2175 538 2229 591 Si
2260 538 2400 591 enim
2434 549 2649 587 veraces
2689 542 2811 585 sunt
2842 532 2942 585 ill:e
2971 531 3134 598 leges,
3176 529 3348 583 cedite
3377 529 3533 583 etiam
3567 544 3661 581 vos

2075 630 2205 683 locis
2234 644 2365 696 (tum
2395 626 2621 679 tenetis:
2649 626 2689 677 si
2720 635 2894 676 autem
2926 620 3140 675 fallaces
3162 630 3303 685 sunt,
3328 634 3423 673 cur
3451 634 3546 688 per
3570 632 3662 672 eas

2074 722 2208 775 alios
2238 718 2573 773 exclusistis?
2601 714 2758 782 Quid,
2803 713 2943 783 quod
2974 724 3025 766 et
3052 728 3266 766 veraces
3309 721 3453 776 sunt,
3488 720 3541 763 ct
3572 725 3665 762 vos

2079 828 2173 880 per
2206 811 2320 863 illas
2346 809 2479 861 alios
2522 808 2621 860 nisi
2666 806 2919 859 fallaciter
2946 820 3049 857 non
3085 806 3311 872 possetis
3356 801 3669 871 evpellere?

2080 902 2148 958 Ut
2176 901 2314 955 enim
2342 903 2420 956 eis
2446 900 2707 954 servirent
2731 898 2957 967 judiccs,
2986 896 3265 949 lueretieos
3289 896 3553 963 expellere
3578 908 3671 947 vo-

2083 994 2324 1056 luerunt;
2359 990 2499 1045 unde
2543 1005 2637 1044 vos
2669 990 2871 1058 priores
2909 987 3177 1057 eutpellere
3207 985 3539 1039 debuerunt:
3575 985 3671 1038 sed

2082 1100 2177 1138 vos
2201 1083 2494 1137 Catholicos
2520 1096 2637 1135 csse
2664 1080 2893 1137 dixistis,
2925 1087 2979 1131 ut
3011 1078 3159 1131 vobis
3198 1088 3474 1146 parcerent
3508 1078 3672 1147 leges,

2084 1191 2181 1246 per
2221 1191 2352 1245 quas
2379 1175 2511 1227 alios
2544 1172 2883 1241 premebatis.
2917 1170 3160 1223 Videris‘
3192 1168 3314 1238 quid
3353 1168 3503 1221 vobis
3532 1168 3673 1236 apud

2088 1282 2180 1319 VOS
2220 1266 2367 1335 ipsos
2413 1263 2734 1317 videamini:
2767 1263 2866 1315 illis
2913 1270 3088 1315 tamen
3135 1261 3341 1329 legibus
3392 1276 3495 1312 non
3546 1260 3677 1312 estis

2090 1358 2358 1411 catholici.
2390 1355 2497 1409 Cur
2522 1372 2647 1424 ergo
2674 1363 2764 1407 aut
2804 1368 2896 1407 eas
2939 1367 3157 1407 veraces
3208 1352 3337 1404 falso
3368 1350 3677 1405 teStimouio

2093 1446 2373 1510 fefellistis,
2403 1454 2489 1498 aut
2510 1458 2600 1499 cas
2628 1442 2841 1497 fallaces
2864 1442 2930 1495 ad
2955 1440 3333 1511 Opprimendos
3358 1441 3491 1492 alios
3520 1456 3677 1491 usur-

2095 1540 2300 1610 pastis?

2166 1633 2392 1688 CAPUT
2432 1632 2567 1687 LIX.
2616 1661 2689 1671 ——
2741 1632 2858 1685 155.
2907 1630 3089 1684 PETIL.
3141 1629 3305 1683 dixit:
3341 1629 3540 1681 Dictum
3589 1640 3680 1693 cst,

2104 1746 2121 1776 ι
2148 1724 2267 1779 Non
2289 1724 2609 1790 concupisces
2627 1739 2729 1775 rem
2752 1721 2967 1790 proximi
2998 1722 3070 1771 tui
3102 1740 3119 1771 ι
3145 1718 3341 1789 (Exod.
3368 1736 3460 1785 xx,
3490 1721 3682 1788 IIS-Ii).

2109 1819 2207 1874 Vos
2235 1828 2403 1870 nostra
2433 1816 2670 1886 diripitis,
2705 1825 2757 1867 ut
2786 1830 2876 1883 pro
2907 1814 3079 1866 vestris
3107 1812 3351 1864 habeatis.

2174 1912 2294 1966 ιδι.
2338 1911 2472 1963 Anc.
2506 1907 2809 1977 respondit:
2845 1906 2907 1959 Et
2933 1921 3278 1975 qua‘cumque
3307 1904 3482 1957 unitas
3513 1904 3687 1972 possi-

2102 2006 2279 2067 debat,
2307 2018 2409 2055 non
2442 2002 2538 2055 nisi
2574 2010 2749 2054 nostra
2791 2007 2934 2061 sunt,
2976 2000 3062 2069 qni
3108 2014 3209 2051 non
3256 1999 3548 2051 secandum
3592 2013 3688 2051 ca-

2104 2096 2331 2151 lmnnias
2377 2093 2670 2154 hozniuum,
2706 2091 2799 2145 sed
2837 2091 3127 2145 secmnlmn
3173 2090 3332 2143 verba
3373 2089 3591 2154 Christi,
3638 2090 3691 2143 in

2104 2204 2209 2258 quo
2256 2188 2642 2243 benedicuntur
2680 2199 2864 2236 omnes
2893 2190 3077 2251 gentes
3120 2181 3380 2235 univcrsw
3427 2191 3602 2243 terrm,
3637 2181 3691 2233 in

2106 2282 2306 2351 unitate
2347 2278 2720 2339 consistimus;
2770 2289 2867 2328 nec
2914 2284 3128 2344 propter
3158 2273 3325 2327 malos
3354 2289 3484 2343 quos
3514 2290 3541 2326 a
3574 2272 3694 2325 frn-

2107 2372 2300 2426 mentis
2330 2369 2610 2424 dominicis
2639 2366 2960 2435 antejndicii
2991 2365 3390 2419 ventilationem
3432 2379 3691 2434 separare

2110 2482 2214 2519 non
2242 2478 2543 2534 possumus,
2577 2464 2709 2516 nos'
2735 2478 2762 2514 a
2792 2460 3045 2515 societate
3078 2460 3234 2512 tritici
3273 2442 3614 2528 separamus:
3640 2469 3702 2513 et

2110 2558 2152 2610 si
2207 2572 2310 2626 qua
2356 2555 2463 2623 jam
2508 2552 2709 2607 concisi
2754 2550 3025 2621 possidere
3069 2550 3327 2618 cmpistis,
3373 2549 3494 2619 quia
3542 2547 3699 2603 vobis

2111 2648 2281 2701 ablata
2313 2646 2464 2700 nobis
2498 2645 2754 2699 Dominus
2780 2642 2945 2707 dedit,
2986 2657 3091 2696 non
3122 2641 3241 2696 ideo
3270 2641 3703 2710 concupiscimus

2113 2742 2307 2799 aliena,
2339 2740 2461 2809 quia
2494 2738 2630 2790 illius
2672 2735 2895 2803 imperio
2948 2734 3099 2802 cujus
3142 2743 3265 2787 sunt
3310 2734 3510 2795 omnia,
3559 2730 3705 2785 facta

2113 2840 2237 2885 Sunt
2266 2841 2474 2893 nostra;
2505 2837 2557 2882 ct
2580 2827 2721 2897 juste
2750 2834 2925 2880 nostra
2956 2834 3116 2879 sont:
3159 2839 3254 2878 vos
3293 2824 3435 2877 enim
3466 2823 3547 2876 bis
3577 2830 3703 2874 ute-

2115 2923 2311 2977 hamiui
2341 2921 2404 2975 ad
2440 2919 2827 2989 przceisioncm,
2862 2932 2959 2969 nos
2979 2916 3044 2969 ad
3068 2917 3344 2969 unitatem.
3375 2913 3619 2983 Alioquin
3648 2923 3709 2967 et

2116 3015 2286 3082 primo
2318 3012 2509 3081 populo
2538 3010 2628 3064 Dei
2659 3017 2875 3078 possent
2896 3007 2969 3060 illi
2999 3005 3228 3075 objicere
3258 3005 3443 3059 aliena:
3470 3005 3543 3057 rei
3565 3018 3706 3057 con—

2117 3106 2519 3175 CttpiSCt‘ttliztm,
2552 3103 2639 3173 qui
2670 3101 2843 3155 divina
2897 3108 3157 3169 potestate
3205 3098 3272 3153 ab
3317 3113 3499 3151 eorum
3547 3096 3708 3162 faeie,

2118 3199 2237 3268 quia
2261 3213 2319 3251 ca
2344 3207 2484 3251 terra
2511 3195 2646 3248 male
2669 3194 2953 3249 utebantur
2972 3192 3177 3260 expulsi
3210 3202 3365 3245 sunt:
3398 3202 3450 3245 et
3480 3192 3574 3260 ipsi
3602 3190 3667 3242 Jn
3686 3222 3707 3232 ο

2120 3288 2244 3348 (lari.
2276 3303 2304 3341 a
2332 3288 2524 3357 quibus
2550 3286 2781 3339 ablatum
2814 3293 2895 3338 est
2931 3299 3177 3353 regnum,
3226 3282 3515 3336 sccundmn
3543 3280 3713 3333 verba

2123 3379 2355 3443 Domini,
2385 3389 2437 3434 ct
2465 3378 2643 3431 datmn
2666 3386 2748 3431 est
2776 3377 2916 3445 genti
2948 3374 3158 3429 facienti
3193 3373 3448 3442 justitiam
3492 3373 3714 3441 (Matth.

2124 3490 2235 3537 XXI,
2263 3471 2376 3543 45),
2398 3480 2617 3539 possunt
2643 3469 2875 3534 objieere
2900 3467 3088 3519 alienae
3106 3466 3179 3519 rei
3198 3466 3716 3533 concupiscentiam;

2122 3569 2245 3637 quia
2268 3563 2502 3618 Ecclesia
2532 3560 2725 3613 Christi
2754 3558 3004 3626 possidet,
3033 3557 3117 3609 ubi
3159 3565 3528 3623 persecutores
3556 3555 3722 3609 Chri-

2123 3660 2189 3713 sti
2214 3656 2522 3726 regnabant.
2555 3652 2617 3705 Et
2648 3658 2765 3719 post
2789 3649 2987 3713 omnia,
3014 3664 3133 3701 eum
3163 3648 3315 3701 vobis
3341 3648 3467 3715 ipsis
3502 3648 3723 3704 dictum

2125 3749 2297 3811 fuerit,
2335 3748 2439 3800 lies
2479 3745 2680 3799 alienas
2714 3739 3107 3809 concupiscitis,
3141 3738 3261 3807 quia
3290 3737 3727 3794 maximianistas

2125 3842 2193 3899 de
2234 3838 2465 3895 basilicis
2491 3836 2745 3905 ejecistis,
2793 3831 2914 3903 quid
2963 3830 3353 3901 respondeatis,
3399 3845 3506 3883 non
3555 3830 3721 3886 inve-

2127 3933 2271 3987 nilis.

2197 4021 2421 4078 CAPUT
2462 4019 2572 4073 LX.
2601 4048 2670 4058 -—
2699 4019 2817 4072 153.
2860 4016 3041 4070 Ρετιι..
3075 4014 3206 4069 dixit
3246 4033 3257 4067 :
3289 4014 3400 4079 Qua
3430 4014 3581 4084 igitur
3607 4017 3727 4084 lege

2127 4130 2213 4167 vos
2235 4112 2532 4165 christianos
2554 4110 2832 4172 ostenditis,
2865 4124 2978 4159 cum
3006 4106 3101 4177 legi
3127 4107 3378 4160 contraria
3408 4108 3604 4176 {cuiatis
3621 4108 3646 4159 ?

2202 4203 2325 4258 156.
2368 4203 2499 4256 Acc.
2551 4198 3113 4268 res;»ondit:l.itigare
3151 4197 3249 4259 vis,
3284 4214 3388 4251 non
3419 4198 3721 4265 disputare.

2199 4292 2425 4349 carur
2463 4291 2600 4346 LXI.
2646 4266 2722 4329 ⁷-
2774 4290 2893 4343 157.
2936 4288 3119 4342 Pani.
3166 4287 3330 4341 dixit:
3366 4287 3495 4340 Dicit
3548 4266 3726 4342 αρηρυι

2132 4387 2377 4442 Dominus
2408 4384 2656 4441 Christus,
2693 4400 2710 4431 ι
2754 4380 2852 4445 Qui
2889 4380 3062 4448 fecerit
3092 4364 3233 4433 ct'sic
3264 4380 3506 4443 docuerit,
3548 4382 3726 4433 maxi-

2132 4496 2241 4532 mus
2272 4475 2523 4530 vocabitur
2549 4474 2598 4525 in
2628 4488 2781 4542 regno
2808 4472 3064 4525 car/orum.
3102 4489 3119 4521 ι
3150 4470 3238 4525 Sic
3267 4480 3430 4523 autem
3461 4488 3544 4524 res
3567 4456 3727 4525 mise—

2134 4584 2215 4621 ros
2237 4568 2442 4619 damnat
2470 4579 2487 4616 :
2519 4582 2535 4612 ι
2552 4562 2650 4627 Qui
2671 4563 2923 4615 resolverit
2949 4578 3103 4613 unum
3129 4578 3191 4614 ea:
3216 4562 3295 4614 bis
3316 4561 3584 4625 mandatis,
3619 4562 3693 4614 mi
3708 4592 3727 4603 -

2135 4659 2301 4712 nimus
2330 4655 2582 4710 vocabitur
2603 4654 2652 4705 in
2681 4669 2833 4723 regno
2856 4651 3113 4705 ctrlorum.
3154 4670 3172 4701 ι

2209 4748 2329 4803 158.
2364 4748 2494 4801 Are.
2542 4744 2813 4813 respondit
2856 4762 2869 4797 :
2904 4741 3001 4798 Ubi
3036 4742 3169 4797 forte
3211 4742 3369 4798 aliter
3411 4742 3543 4797 dicis
3574 4746 3731 4797 testi-

2138 4839 2314 4894 monia
2345 4836 2735 4905 Scripturarum
2764 4875 2777 4898 ,
2804 4848 2959 4903 quam
2989 4848 3108 4887 sese
3148 4833 3379 4898 habent,
3428 4842 3482 4888 et
3510 4832 3575 4886 ad
3610 4849 3729 4888 rem

2139 4947 2260 5002 qua:
2289 4931 2426 4984 inter
2455 4943 2550 4981 nos
2578 4928 2777 4997 agitur,
2812 4940 2915 4979 non
2944 4925 3194 4993 pertinet,
3230 4941 3333 4978 non
3367 4925 3524 4979 nimis
3549 4940 3682 4979 curo
3715 4945 3727 4977 :

2142 5024 2231 5091 ubi
2263 5030 2443 5076 autem
2490 5018 2783 5089 impediunt
2823 5016 2963 5087 quod
2997 5026 3307 5082 tractamus,
3337 5017 3434 5070 nisi
3464 5018 3734 5071 veraciter

2143 5116 2499 5187 proferantur,
2547 5127 2651 5165 non
2700 5122 2753 5165 te
2795 5110 3025 5165 arbitror
3063 5123 3380 5165 succensere
3422 5109 3636 5173 debere,
3683 5112 3731 5164 si

2143 5204 2584 5278 quemadmodum
2614 5202 2867 5271 scriptum
2895 5202 2960 5254 sit
2990 5209 3041 5255 te
3062 5215 3439 5255 commemoro.
3466 5200 3603 5254 Ecce
3626 5186 3734 5254 hoc

2144 5299 2284 5370 quod
2333 5297 2490 5351 modo
2521 5296 2738 5365 posuisti
2766 5337 2779 5358 ,
2813 5310 2918 5347 non
2967 5294 3035 5347 ita
3082 5295 3333 5363 scrip'um
3365 5303 3441 5347 est
3474 5312 3486 5347 :
3515 5292 3607 5346 sed
3658 5293 3734 5348 ita

2149 5395 2342 5463 potius.
2382 5390 2481 5457 Qui
2501 5389 2703 5442 solverit
2734 5404 2890 5440 ununt
2917 5386 2978 5438 de
3008 5387 3258 5439 mnmlalis
3284 5386 3390 5439 istis
3416 5378 3656 5445 minimis,
3685 5394 3737 5437 ιι

2148 5484 2369 5537 docuerit
2399 5481 2488 5545 sic,
2516 5480 2750 5531 minimus
2771 5477 3028 5530 vocabitur
3065 5478 3115 5530 in
3142 5494 3294 5548 regno
3335 5477 3590 5530 cmlorum.
3626 5474 3735 5541 Qui

2214 5619 2230 5648 ί
2257 5615 2393 5671 Editi,
2419 5610 2603 5660 ridetis.
2634 5620 2687 5659 At
2703 5617 2831 5666 Mm,
2855 5609 3047 5658 uideris.

2216 5680 2235 5708 ⁸
2261 5678 2341 5725 uie
2368 5676 2501 5732 editi,
2530 5688 2620 5722 eos.
2652 5682 2702 5722 ,ιι
2733 5680 2857 5732 .\;ss.,
2881 5684 2980 5720 nos.
