4028 6202
332 376 437 433 305

329 502 492 546 autem
523 490 697 562 fecerit
717 499 764 544 et
787 490 859 544 sic
884 489 1125 551 docuerit.
1156 507 1369 561 magnus
1401 493 1657 549 vocabitur
1681 498 1732 549 in
1762 513 1917 568 regno

329 584 589 637 caelatum.
639 582 702 636 Et
731 580 984 635 continuo
1026 591 1239 636 secutus
1280 582 1353 637 ait
1383 602 1401 636 τ
1428 582 1554 637 Dico
1584 586 1716 638 enint
1760 586 1915 655 vobis,

328 673 446 737 quia
485 672 587 726 nisi
612 671 940 725 abundaverit
955 672 1160 742 justitia
1188 683 1351 727 vestra
1371 691 1524 744 super
1549 673 1844 730 Scribarum
1874 688 1919 731 et

331 762 733 826 Pharisaeorum,
758 779 857 816 non
879 761 1129 817 intrabitis
1140 762 1192 816 in
1214 779 1425 833 regnum
1447 764 1682 819 caelorum
1702 765 1916 836 (Matth.

327 869 381 920 ν,
430 852 662 923 19,,Ξθ).
697 853 836 908 Alibi
863 854 1006 909 enim
1045 855 1345 911 Pharismos
1370 857 1603 913 ostendit
1631 866 1682 914 et
1706 860 1874 929 arguit
1899 900 1916 926 ,

327 944 580 1012 quoniam
607 943 810 1009 dicunt,
858 953 912 999 et
941 959 1045 1001 non
1088 943 1308 1001 faciunt.
1338 947 1448 1002 llos
1474 964 1600 1019 ergo
1628 960 1682 1004 et
1726 948 1812 1004 hic
1840 950 1916 1004 si-

326 1032 618 1101 gnificavit.
645 1049 767 1088 cum
797 1033 1018 1100 diceret,
1048 1034 1152 1101 Qui
1175 1037 1380 1092 solverit
1404 1052 1450 1092 et
1473 1040 1546 1094 sic
1566 1040 1789 1094 docuerit
1815 1058 1834 1097 .'
1864 1040 1916 1096 id

327 1134 433 1188 est,
468 1123 710 1180 d.cuerit
746 1125 941 1189 verbis,
972 1126 1114 1197 quod
1141 1128 1361 1184 solverit
1387 1129 1556 1186 factis.
1586 1132 1760 1202 Super
1781 1148 1917 1204 quos

328 1217 600 1274 abundare
625 1217 885 1288 praecepit
907 1218 1169 1289 justitiam
1200 1230 1434 1277 nostram
1454 1263 1470 1289 ,
1499 1233 1555 1278 ut
1586 1223 1839 1280 faciamus
1862 1232 1917 1281 ct

325 1311 403 1363 sic
427 1307 741 1367 doceamus.
770 1309 833 1365 Et
862 1319 1039 1367 tamen
1070 1328 1169 1367 nec
1192 1322 1409 1385 propter
1448 1315 1563 1372 illos
1593 1315 1910 1386 Pharisaeos,

323 1400 522 1470 quibus
556 1415 654 1457 nos
679 1386 786 1456 tion
831 1416 928 1473 per
950 1402 1308 1474 prudentiam,
1337 1405 1431 1462 sed
1462 1421 1558 1477 per
1585 1407 1910 1464 malevolen-

324 1493 448 1546 tiam
478 1494 824 1564 comparatis,
855 1496 1104 1567 praecepit
1129 1496 1384 1553 Dominus
1407 1499 1580 1554 deseri
1606 1499 1911 1556 cathedram

322 1581 510 1654 Moysi,
546 1584 596 1638 itt
625 1600 726 1654 qua
753 1584 940 1655 utique
983 1586 1246 1657 ﬁgurabat
1273 1604 1424 1643 suam
1459 1606 1473 1644 :
1504 1589 1687 1646 dicens
1717 1593 1913 1663 quippe

325 1671 444 1726 illos
469 1671 780 1728 cathedram
806 1673 972 1746 Moysi
998 1676 1268 1745 sedentes,
1300 1677 1477 1734 dicere
1501 1687 1556 1734 et
1577 1695 1681 1734 non
1705 1679 1908 1748 facere;

323 1775 506 1820 monet
552 1775 726 1820 tamen
760 1768 984 1837 populos
1013 1768 1189 1825 facere
1218 1786 1339 1841 qute
1365 1771 1543 1826 dicunt
1567 1813 1584 1838 ,
1615 1781 1669 1827 et
1694 1789 1800 1828 non
1829 1772 1909 1829 fa-

323 1871 445 1910 cere
470 1875 587 1927 qua:
617 1859 837 1927 faciunt,
874 1859 979 1933 (Id.
1015 1878 1171 1927 χχιιι,
1202 1862 1256 1927 ﬁ,
1285 1863 1361 1933 3),
1398 1881 1464 1918 ne
1492 1864 1761 1921 cathedra:
1789 1880 1913 1923 san-

325 1949 477 2002 ctitas
523 1949 826 2016 deseratur,
878 1962 931 2006 et
979 1964 1195 2023 propter
1240 1965 1480 2026 pastores
1520 1955 1692 2010 malos
1734 1957 1911 2028 gregis

329 2039 500 2094 unitas
531 2039 815 2095 dividatur.
1280 2084 1283 2085 ν

393 2131 617 2189 CAPUT
656 2133 816 2188 LXII.
861 2165 932 2175 -—
979 2136 1096 2192 15‘).
1146 2137 1329 2193 Ρετιι..
1377 2138 1553 2193 dixit:
1587 2138 1651 2193 Et
1688 2140 1905 2207 iterum,

332 2243 350 2276 ι
384 2224 546 2279 Omne
572 2236 830 2297 percolunt
883 2228 1019 2299 quod
1057 2231 1333 2297 peccaverit
1385 2230 1557 2299 honto,
1611 2242 1754 2288 extra
1796 2250 1910 2288 cor—

323 2333 414 2387 pus
439 2327 513 2371 est
540 2333 559 2371 :
587 2319 673 2389 qui
691 2330 856 2373 autem
894 2322 1167 2392 peccaverit
1205 2323 1258 2377 in
1287 2322 1485 2395 Spiritu
1510 2335 1706 2395 sancto,
1738 2344 1838 2382 non
1864 2327 1911 2383 ei

320 2408 619 2478 remittetur,
652 2426 742 2464 nec
766 2411 819 2465 in
849 2412 943 2465 hoc
966 2413 1174 2479 swculo,
1200 2426 1292 2468 nec
1312 2414 1363 2469 in
1390 2418 1618 2486 [uturoa

392 2501 412 2553 1
425 2500 513 2555 10.
546 2505 680 2557 Anc.
712 2503 989 2572 respondit
1019 2520 1033 2558 :
1064 2505 1131 2560 Et
1158 2504 1258 2561 hoc
1288 2521 1394 2561 non
1423 2505 1497 2562 ita
1522 2507 1775 2579 seriptum
1801 2516 1904 2577 est,

320 2601 369 2643 et
402 2590 523 2643 vide
546 2601 802 2661 quantum
828 2601 880 2648 te
905 2593 1167 2651 fefellerit.
1200 2597 1489 2666 Apostolus
1511 2597 1575 2653 ad
1604 2598 1907 2656 Corinthios

322 2680 602 2746 scribens,
652 2682 728 2737 ait
769 2699 783 2736 :
838 2683 1000 2738 Omne
1048 2696 1307 2756 peccatum
1347 2689 1692 2759 quodcumque
1737 2691 1907 2761 fecerit

322 2772 489 2840 homo,
521 2782 667 2828 extra
688 2791 872 2845 corpus
898 2786 1008 2842 est;
1032 2778 1119 2845 qui
1140 2789 1307 2832 autem
1329 2781 1628 2852 fornicatur,
1651 2782 1704 2837 in
1725 2799 1906 2855 corpus

316 2881 459 2917 suum
503 2874 674 2934 peccat
716 2867 732 2935 (
760 2865 778 2920 l
808 2865 927 2922 Cor.
968 2883 1039 2936 Vl,
1072 2866 1181 2941 18).
1210 2867 1324 2925 [Ioc
1350 2879 1529 2925 autem
1554 2871 1694 2927 aliud
1720 2881 1823 2941 est,
1852 2885 1907 2929 et

319 2955 457 3009 aliud
489 2955 620 3010 illud
666 2956 808 3027 quod
839 2957 1096 3014 Dominus
1127 2960 1177 3014 in
1218 2959 1506 3031 Evangelio
1543 2961 1712 3019 dixit:
1746 2962 1908 3019 Omne

319 3057 574 3115 peccatum
603 3059 649 3103 et
668 3049 980 3119 blasphemia
1006 3050 1282 3107 dimittetur
1302 3052 1619 3119 hominibus;
1635 3055 1720 3125 qui
1739 3064 1907 3111 autem

317 3138 593 3205 peccauerit
620 3138 673 3193 in
701 3138 951 3210 Spiritum
977 3151 1227 3210 sanctunt,
1250 3159 1349 3197 non
1366 3145 1642 3200 remittetur
1658 3148 1725 3211 ei,
1745 3165 1834 3204 nec
1854 3149 1905 3204 iu

318 3230 406 3283 hoc
427 3231 639 3295 scutulo,
659 3248 751 3286 nec
763 3232 816 3287 in
839 3235 1013 3304 futuro
1036 3232 1246 3305 (Matth.
1274 3250 1370 3298 xu,
1389 3236 1447 3291 3i
1463 3278 1478 3303 ,
1497 3235 1610 3309 32).
1632 3237 1710 3293 Tu
1726 3249 1904 3295 autem

314 3321 520 3389 coqu'sti
554 3337 617 3377 ex
646 3322 904 3391 Apostolo
930 3325 1272 3391 sententiam,
1301 3334 1356 3380 et
1378 3341 1496 3381 eam
1528 3334 1775 3398 tanquam
1805 3347 1905 3386 una

314 3413 378 3466 sit
403 3428 468 3468 ex
502 3412 792 3484 Evangelia
825 3416 1121 3472 terminasti
1149 3433 1161 3470 :
1186 3416 1325 3486 quod
1357 3425 1408 3473 te
1434 3432 1538 3472 non
1565 3418 1726 3474 credo
1767 3420 1907 3473 frau-

318 3504 403 3566 de.
433 3503 529 3560 sed
571 3521 617 3558 et
633 3520 755 3560 rure
785 3503 997 3561 fecisse.
1027 3505 1224 3562 Neutra
1252 3507 1395 3563 enim
1422 3507 1488 3563 ad
1514 3524 1626 3564 rem
1656 3510 1904 3579 pertinet,

313 3588 365 3650 ct
389 3611 486 3651 cur
514 3580 637 3652 ha'c
674 3596 896 3664 dixeris,
939 3606 987 3653 et
1017 3613 1228 3669 quoquo
1254 3598 1416 3654 modo
1444 3600 1662 3668 dixeris,
1689 3603 1906 3657 omnino

316 3704 419 3743 non
466 3687 624 3743 video
655 3705 669 3741 :
700 3689 803 3744 nisi
848 3690 1005 3756 forte,
1044 3690 1167 3761 quia
1208 3706 1329 3746 cum
1369 3693 1615 3763 superius
1657 3693 1904 3760 dixisses,

317 3780 597 3835 danmatos
636 3795 758 3836 esse
800 3796 830 3836 a
875 3781 1102 3838 Domino
1146 3783 1237 3854 qui
1280 3785 1600 3841 resolverint
1638 3802 1799 3840 unum
1839 3803 1903 3843 ex

317 3872 623 3938 mandatis,
669 3872 1021 3928 considerasti
1053 3864 1211 3944 quam
1255 3875 1453 3930 multos
1496 3874 1769 3943 habeatis,
1798 3891 1904 3931 non

317 3983 507 4034 unum,
534 3965 630 4021 sed
658 3966 822 4020 multa
869 3964 1118 4021 mandata
1144 3966 1441 4031 solventes;
1474 3975 1529 4022 et
1558 3982 1623 4021 tte
1646 3966 1737 4021 tibi
1768 3966 1904 4037 obji-

319 4066 552 4121 ceretur,
580 4056 798 4111 voluisti
827 4071 922 4127 per
951 4057 1229 4112 transitum
1271 4057 1627 4113 subinduccre
1654 4055 1906 4112 diﬂ'eren-

320 4148 446 4201 tiam
492 4155 860 4218 peccatorum,
890 4146 1032 4202 aliud
1063 4162 1182 4203 esse
1210 4148 1418 4204 solvere
1444 4148 1657 4219 aliquod
1686 4148 1908 4205 manda-

315 4249 421 4293 tum
444 4239 586 4293 unde
609 4240 762 4293 venia
785 4238 955 4294 facilis
983 4240 1147 4309 possit
1174 4239 1377 4311 accipi;
1415 4240 1561 4296 aliud
1584 4249 1760 4296 autem
1784 4257 1909 4313 pec-

312 4345 436 4385 care
457 4330 509 4383 in
532 4329 790 4400 Spirittttn
815 4338 1077 4394 sanctum,
1100 4328 1239 4400 quod
1259 4345 1363 4383 non
1389 4331 1707 4395 remittetur,
1732 4347 1907 4402 neque

314 4422 365 4475 in
393 4420 497 4477 hoc
527 4420 752 4487 Steculo,
785 4435 959 4491 neque
989 4420 1041 4475 in
1086 4421 1285 4475 futuro.
1329 4420 1547 4476 Timens
1574 4422 1749 4493 itaque
1778 4438 1907 4480 con-

314 4512 448 4581 tagia
496 4519 844 4582 peccatorum
889 4511 992 4565 hoc
1033 4519 1208 4567 tacere
1252 4511 1553 4578 noluisti‘;
1598 4521 1653 4567 et
1680 4529 1901 4582 rursus,

314 4602 505 4656 timens
557 4600 974 4669 profunditatem
1020 4601 1329 4671 quatstionis
1372 4602 1716 4659 excedentem
1765 4604 1904 4660 vires

312 4703 451 4760 tuas,
481 4694 584 4749 hoc
626 4694 826 4749 cursim
859 4695 1216 4764 perstringere
1241 4693 1473 4758 voluisti,
1504 4704 1646 4750 tanta
1672 4697 1904 4769 trepida-

313 4788 477 4855 tione,
525 4797 583 4842 ιιι
612 4786 1063 4858 quemadmodum
1092 4787 1263 4842 solent
1307 4788 1703 4856 perturbatione
1729 4790 1902 4860 aliqua

312 4878 628 4934 festinantes
659 4894 911 4949 perverse
938 4895 997 4934 se
1021 4879 1214 4934 vestire
1240 4887 1330 4932 aut
1360 4879 1629 4943 calceare.
1671 4881 1905 4938 nolueris

312 4971 594 5026 attendere
616 4971 700 5026 vel
726 4970 850 5041 quid
878 4969 945 5025 ad
970 4970 1108 5041 quod
1136 4969 1411 5040 pertineat,
1435 4971 1516 5026 vel
1541 4971 1627 5028 ubi
1650 4980 1706 5027 et
1728 4958 1909 5044 quem;

312 5064 600 5120 admodum
629 5065 884 5133 scriptum
915 5063 1004 5118 sit.
1037 5063 1204 5130 Quale
1233 5064 1301 5117 sit
1328 5072 1505 5120 autem
1547 5065 1674 5121 illud
1719 5081 1907 5136 pecea-

315 5167 424 5207 tum
446 5153 592 5225 quod
624 5152 1069 5221 nonditnittetnr,
1097 5168 1268 5224 neque
1289 5153 1342 5208 in
1369 5155 1469 5209 hoc
1485 5156 1704 5223 sacculo,
1733 5171 1905 5226 neque

313 5248 366 5298 iu
390 5244 588 5315 futuro,
609 5262 774 5317 usque
799 5246 935 5303 adeo
960 5247 1194 5312 nescitis,
1217 5255 1276 5302 ut
1294 5263 1414 5303 cum
1444 5248 1494 5301 in
1528 5248 1641 5318 ipso
1665 5264 1761 5303 nos
1787 5265 1905 5305 esse

310 5337 562 5402 credatis,
595 5337 969 5393 remissionem
1019 5345 1191 5394 tamen
1218 5338 1341 5408 ejus
1370 5354 1462 5409 per
1486 5349 1720 5394 vestrum
1752 5341 1904 5395 nobis
1937 5382 1942 5387 .

314 5428 645 5496 Baptismutn
674 5428 1018 5499 promittatis.
1045 5429 1194 5499 Quod
1223 5428 1360 5484 ttttde
1385 5428 1495 5484 lieri
1520 5438 1708 5500 potest,
1734 5431 1777 5484 si
1802 5431 1905 5486 tale

314 5530 589 5590 peccatum
617 5530 719 5585 est,
743 5529 800 5574 ιιι
821 5537 925 5576 non
946 5520 1260 5587 dimittatur,
1289 5537 1464 5595 neque
1492 5522 1542 5576 in
1566 5523 1665 5581 hoc
1687 5523 1901 5588 smculo,

316 5628 488 5683 neque
510 5615 560 5668 itt
595 5613 812 5668 futuro?

381 5766 397 5797 '
421 5767 492 5817 sic
515 5775 621 5818 uss.
664 5768 780 5832 Frtiti
805 5775 1126 5832 vero,gtacere
1149 5764 1335 5832 uoluisti
1358 5779 1375 5816 :
1407 5776 1457 5818 et
1482 5782 1539 5832 pc.

1738 5777 1782 5820 ε.
1808 5768 1897 5820 hoc

316 5806 506 5880 mini}.
527 5806 688 5894 .m,
713 5806 803 5880 hoc
827 5806 1005 5883 cvurs’im
1030 5806 1237 5881 :vtninus
1256 5830 1405 5881 bene.
1482 5806 1494 5832 ³
1768 5806 1782 5831 ’

1675 377 1882 436 “BER
1928 381 2312 443 SECUNDUS.

3518 408 3621 468 5Q“

2101 496 2326 559 CAPUT
2364 504 2543 564 LXIII.
2581 540 2650 550 —-
2684 512 2802 567 HI.
2835 512 3018 571 Ρετιι.
3051 516 3188 573 dixit
3227 537 3243 574 :
3289 519 3472 576 Divina
3512 539 3623 578 vero

2029 593 2268 648 nmndata
2288 597 2466 666 quibus
2479 601 2622 656 rebus
2648 603 2865 675 impletis
2884 607 2910 660 .9
2936 607 3073 663 Dicit
3097 609 3347 668 Dominus
3369 614 3619 678 Christus.

2033 700 2051 733 ι
2086 681 2232 739 Beati
2256 703 2503 758 pauperes
2529 693 2731 761 spiritu,
2762 698 3003 766 quoniam
3044 701 3375 779 ipsorum’est
3414 722 3622 777 regnum

2026 775 2285 829 cce/orum.
2340 796 2359 829 ι
2422 777 2522 863 Vos
2565 788 2897 855 persequendi
2942 790 3139 845 malitia
3182 775 3371 864 furoris
3419 775 3629 853 divitias

2026 867 2297 923 exhalatis.

2100 958 2220 1013 142.
2250 961 2384 1018 Aea.
2410 966 2686 1035 respondit
2716 984 2730 1023 :
2760 969 2928 1027 Dicite
2952 973 3055 1029 ista
3085 977 3261 1047 potius
3287 980 3618 1038 Circumcel-

2026 1046 2257 1106 lionihus
2290 1057 2504 1110 vestris.

2092 1161 2320 1221 CAPUT
2360 1166 2543 1225 LXIV.
2572 1201 2644 1212 -—
2667 1174 2786 1230 145.
2818 1175 3004 1232 Parta.
3032 1178 3167 1235 dixit
3197 1199 3211 1236 :
3252 1200 3271 1235 ι
3303 1182 3444 1237 Beati
3473 1202 3617 1239 man-

2020 1254 2185 1318 sueti,
2217 1260 2456 1327 quoniam
2499 1260 2599 1332 ipsi
2645 1265 2831 1334 possidt
2843 1265 2965 1322 bunt
3006 1277 3214 1325 terram.
3243 1290 3275 1324 ι-
3322 1271 3422 1328 Vos
3463 1276 3621 1345 igitur

2020 1346 2340 1403 immansueti
2365 1359 2550 1406 (errant
2579 1363 2626 1408 et
2651 1356 2832 1410 caelum
2858 1360 3048 1427 pariter
3075 1362 3387 1433 perdidistis.

2093 1437 2216 1493 144.
2260 1440 2394 1497 Anc.
2430 1444 2748 1512 respondit:
2782 1447 2976 1505 lterum
3005 1461 3169 1523 atque
3205 1454 3400 1512 iterum
3438 1456 3618 1511 audite

2021 1526 2304 1583 Dominum
2329 1530 2616 1601 dicentem,
2645 1534 2808 1591 Erilis
2832 1540 2959 1594 mihi
2981 1550 3131 1599 testes
3158 1544 3212 1599 in
3235 1543 3543 1611 Jerusalem,
3567 1558 3617 1602 et

2017 1617 2071 1670 in
2112 1627 2269 1673 totant
2303 1620 2542 1678 Judteant
2579 1635 2626 1679 et
2653 1627 2963 1697 Samariam,
2991 1642 3038 1686 et
3064 1649 3222 1705 usque
3245 1636 3300 1690 in
3324 1646 3482 1692 totum
3514 1649 3616 1694 ter-

2017 1725 2127 1763 ram
2160 1709 2296 1781 (Act.
2331 1729 2368 1779 ι,
2400 1714 2479 1785 8).
2511 1716 2621 1773 Cur
2646 1734 2751 1772 non
2778 1735 2908 1792 ergo
2938 1723 3011 1777 illi
3044 1725 3389 1794 perdiderunt
3415 1738 3611 1787 terram

2015 1802 2310 1869 ctecelum,
2352 1805 2441 1874 qui
2482 1815 2672 1863 utnon
2699 1814 3098 1870 communicent
3141 1817 3402 1875 universa:
3427 1827 3610 1887 ιρι-ηε.

2014 1902 2366 1949 contemnat
2395 1897 2558 1953 verba
2604 1900 2843 1958 sedentis
2882 1904 2934 1959 in
2965 1900 3146 1960 ῥα»ιοῖ
3173 1905 3306 1962 Nam
3335 1907 3404 1965 de
3431 1919 3611 1968 vestra

2016 1985 2427 2043 mansuetudine
2452 2028 2467 2052 ,
2495 2004 2603 2044 non
2648 1999 2752 2045 tute
2779 2008 2959 2059 voces,
2988 1995 3080 2051 sed
3109 1995 3612 2057 Circumcellionum

2015 2071 2186 2128 fustes
2216 2074 2634 2148 interrogentur.
2684 2081 3033 2153 Dleturuses,
3062 2085 3199 2155 Quid
3225 2088 3291 2143 ad
3319 2104 3421 2146 nos
3445 2092 3608 2160 perti-

2015 2164 2144 2218 net?
2170 2163 2330 2233 Quasi
2360 2182 2458 2223 nos
2501 2169 2601 2225 ista
2627 2170 2891 2240 dicamus,
2924 2174 3025 2231 nisi
3054 2186 3109 2231 ιιι
3139 2177 3241 2233 hoc
3278 2183 3608 2251 respondea-

2015 2255 2123 2311 tis?
2151 2256 2275 2313 Ideo
2300 2260 2443 2314 enim
2467 2262 2535 2317 ad
2559 2278 2654 2319 vos
2678 2267 2912 2335 pertinet
2936 2268 3169 2324 schisma
3197 2281 3454 2342 vestrum,
3483 2276 3608 2345 quia

2019 2350 2290 2418 pertinere
2324 2353 2391 2407 ad
2433 2369 2528 2408 vos
2579 2366 2855 2426 peccatum
2882 2375 2989 2416 non
3018 2362 3178 2418 vultis
3204 2363 3437 2421 alienum
3466 2383 3482 2422 :
3507 2382 3610 2425 nec

2015 2448 2191 2495 tamen
2218 2442 2289 2496 ob
2315 2444 2459 2498 aliud
2490 2446 2590 2502 vos
2614 2463 2642 2501 a
2684 2449 2839 2506 nobis
2867 2453 3191 2522 separastis,
3220 2455 3321 2512 nisi
3350 2440 3485 2513 dum.
3503 2474 3606 2516 no-

2013 2531 2093 2586 bis
2114 2534 2345 2605 oltjieitis
2372 2538 2576 2594 crimen
2603 2541 2858 2601 alienum.

2081 2644 2310 2702 CAPUT
2330 2646 2592 2705 LXV.—|
2605 2650 2692 2707 45.
2712 2652 2896 2709 Ρετιι..
2911 2653 3044 2710 dixit
3066 2673 3113 2710 τι
3140 2655 3290 2713 Beati
3304 2660 3392 2731 qui
3411 2660 3603 2733 fugent,

2009 2735 2248 2804 quoniam
2269 2738 2366 2808 ipsi
2389 2740 2800 2798 consolabuntur;
2833 2763 2853 2798 ι
2893 2744 3013 2813 Vos,
3037 2749 3200 2804 nostri
3214 2751 3497 2822 carniﬁces,
3526 2753 3606 2809 Its-

2010 2836 2182 2897 gentes
2211 2828 2401 2897 facitis,
2430 2848 2531 2886 non
2556 2833 2758 2907 lugetis.

2086 2918 2208 2974 HG.
2236 2920 2368 2977 Anc.
2409 2925 2684 2993 respondit
2715 2944 2728 2980 :
2753 2925 3101 2986 Considerate
3130 2932 3402 3003 paululum
3442 2950 3603 3007 quam

2010 3008 2224 3075 multis,
2293 3019 2346 3065 et
2388 3021 2640 3081 quantum
2691 3015 2889 3071 luctum
2932 3019 3180 3077 dederint
3230 3020 3337 3077 Deo
3386 3022 3594 3082 Laudes

2009 3108 2337 3157 armatorum
2363 3112 2660 3159 vestrorum
2689 3107 2728 3159 ί.
2759 3108 2925 3166 Dicite
2952 3110 3167 3181 iterum,
3196 3113 3333 3180 Quid
3361 3115 3429 3171 ad
3454 3133 3554 3174 nos
3572 3120 3599 3170 τ

2012 3190 2079 3246 Et
2104 3206 2203 3264 ego
2230 3193 2418 3250 iterum
2444 3195 2638 3262 dicam,
2665 3208 2719 3254 et
2746 3210 2797 3254 tu
2827 3201 2968 3272 quod
2997 3202 3152 3273 dicis,
3184 3205 3321 3273 Quid
3353 3207 3419 3262 ad
3457 3223 3557 3265 nos
3576 3210 3610 3264 ἲ

2009 3283 2135 3352 quid
2166 3285 2230 3338 ad
2273 3287 2458 3342 orbem
2490 3293 2790 3346 terrarum?
2829 3293 2954 3364 quid
2999 3296 3065 3350 ad
3111 3312 3205 3352 eos
3250 3299 3338 3369 qtti
3386 3300 3605 3357 laudant

2010 3392 2203 3432 nomen
2236 3378 2440 3435 Domini
2473 3396 2501 3435 a
2541 3383 2671 3437 solis
2713 3393 2832 3439 ortu
2863 3403 3030 3458 usque
3056 3388 3121 3443 ad
3162 3392 3451 3447 occasum?
3474 3394 3607 3464 quid

2009 3466 2074 3520 ad
2106 3482 2319 3523 omnem
2350 3478 2544 3550 terram
2567 3488 2686 3540 quae
2710 3484 2890 3530 cantat
2919 3478 3184 3533 canticum
3214 3481 3600 3552 novumiquid

2010 3559 2076 3613 ad
2119 3576 2302 3616 semen
2334 3561 2582 3629 Abralur,
2616 3565 2667 3617 in
2694 3582 2801 3635 quo
2844 3566 3231 3626 benedicuntur
3259 3588 3447 3628 omnes
3474 3589 3605 3644 gen-

2013 3658 2094 3703 tes
2124 3649 2277 3721 (Gen.
2302 3667 2434 3720 mi,
2466 3653 2602 3727 18)?
2628 3654 2771 3727 Ergo
2800 3656 2920 3714 ideo
2945 3658 3010 3713 ad
3055 3675 3147 3713 vos
3173 3662 3404 3732 pertinet
3432 3665 3602 3720 sacri-
3649 3727 3665 3733 _

2012 3741 2205 3809 legium
2250 3742 2573 3808 sehismatis,
2596 3746 2718 3815 quia
2747 3763 2850 3802 non
2879 3749 2943 3802 ad
2996 3765 3091 3804 νος
3120 3752 3389 3820 pertinent
3411 3755 3433 3786 '
3461 3753 3596 3809 facta

2011 3830 2499 3899 malaiveslrorum,
2518 3844 2570 3888 et
2593 3835 2717 3890 hinc
2749 3837 3039 3907 intelligitis
3059 3854 3158 3893 nec
3186 3840 3252 3894 ad
3277 3842 3460 3897 orbem
3486 3853 3598 3899 tero

2011 3939 2190 3978 rarum
2218 3925 2515 3994 pertinere,
2548 3927 2709 3982 etiam
2736 3929 2778 3981 si
2810 3944 2870 3983 ea
2900 3929 3221 3999 probaretis,
3251 3931 3385 3987 facta
3411 3949 3599 3991 eorum

2011 4024 2231 4085 propter
2257 4030 2392 4086 quos
2417 4016 2543 4071 inde
2568 4033 2664 4072 vos
2690 4016 2995 4090 separasﬁs.

2080 4125 2308 4182 CAPUT
2345 4126 2529 4183 LXVI.
2578 4161 2643 4170 —
2685 4131 2803 4185 H7.
2840 4130 3021 4186 Ρετιι..
3052 4118 3228 4189 dixit:
3279 4153 3299 4186 ι
3332 4133 3472 4189 Beati
3514 4137 3611 4208 qui

2011 4218 2240 4272 esuriant
2262 4228 2309 4273 et
2328 4219 2504 4273 sitiunt
2519 4220 2787 4287 iustitiam,
2809 4222 3043 4292 quoniam
3066 4222 3161 4291 ipsi
3182 4224 3595 4281 suturabuntur.s

2024 4306 2172 4363 Vobis
2193 4309 2299 4364 Ιιατ
2314 4310 2518 4380 justitia
2537 4319 2628 4378 est,
2655 4320 2709 4364 ut
2726 4321 2950 4366 nostrum
2972 4314 3266 4384 sanguinein
3289 4315 3489 4372 sitiatis.

2085 4402 2206 4459 H8.
2244 4406 2378 4459 Avc.
2413 4403 2684 4479 respondit
2714 4422 2727 4456 :
2760 4403 2894 4472 Quid
2946 4405 3037 4458 tibi
3083 4405 3254 4462 dicunt
3281 4447 3297 4474 ,
3333 4417 3385 4461 ιιι
3436 4407 3597 4465 homo

2011 4493 2110 4548 nisi
2154 4494 2275 4565 quia
2308 4495 2668 4551 calntnniosus
2697 4497 2790 4552 es?
2821 4497 3000 4555 iisut-it
3043 4495 3254 4571 quidem
3285 4515 3380 4555 vos
3408 4508 3463 4557 et
3487 4504 3598 4559 sitit

2012 4583 2186 4638 unitas
2210 4582 2409 4640 Christi
2455 4603 2468 4640 :
2499 4602 2616 4656 qute
2646 4587 2845 4645 utinam
2878 4603 2970 4643 vos
3013 4587 3332 4659 absorbent;
3363 4589 3598 4651 lucretici

2010 4690 2115 4728 non
2142 4674 2312 4730 eritis.
3446 4694 3457 4703 ‘

2078 4782 2304 4844 CAPUT
2336 4784 2744 4846 LXVII..-—149.
2765 4787 2944 4845 PETIL.
2971 4789 3105 4847 dixit
3135 4811 3148 4846 :
3184 4811 3201 4845 ι
3236 4791 3382 4849 Beati
3406 4796 3603 4852 miseri.-

2008 4879 2183 4934 cordrs
2211 4880 2446 4949 quoniam
2469 4881 2570 4951 ipsi
2598 4881 2997 4937 misericordiam
3022 4899 3407 4959 consequentur.
3437 4910 3457 4944 ι
3494 4890 3599 4947 Vos

2008 4971 2209 5044 quando
2226 4972 2566 5033 misericordes
2585 4973 2856 5044 appellem,
2875 4991 2987 5028 cum
2999 4979 3332 5049 poenasjustis
3349 4980 3603 5051 ingeritis!

2009 5081 2075 5118 an
2091 5064 2489 5119 commtotionent
2507 5064 2526 5095 ³
2541 5065 2915 5137 nequissimam,
2930 5067 3048 5121 dunt
3061 5070 3256 5125 anintas
3280 5071 3554 5142 inquinatis
3570 5075 3599 5129 ’ἒ

2074 5217 2234 5283 ’,Εᾴἰιί
2253 5254 2276 5283 ,Δ
2314 5228 2457 5283 quam
2477 5217 2678 5269 multant
2700 5225 2746 5270 et
2782 5226 3012 5283 quantum
3034 5222 3216 5275 luctum
3239 5223 3465 5277 dederint
3501 5236 3599 5280 Deo

2011 5277 2134 5351 gvel,
2156 5277 2286 5351 utea)
2308 5277 2478 5351 laudes
2493 5287 2762 5351 amatorias}
2778 5277 3066 5351 uestrorum:
3084 5288 3386 5351 castigantur
3406 5302 3470 5338 ex

2008 5337 2144 5390 Solus
2164 5337 2384 5404 Erasmus
2405 5341 2581 5404 habet,
2603 5341 2713 5393 ideo
2734 5341 2901 5395 laudes
2928 5359 2947 5396 :
2970 5346 3114 5397 male.
3138 5337 3249 5400 nam
3287 5357 3392 5401 Dea
3417 5337 3600 5404 muria

2009 5414 2103 5451 vox
2132 5408 2245 5471 erat
2279 5401 2722 5471 circtttnceilionum
2768 5419 2781 5471 ς
2829 5424 2850 5451 ι
2877 5414 2905 5471 Α
2929 5409 3106 5470 quibus
3125 5408 3232 5471 plus
3250 5411 3452 5465 timetur
3498 5401 3599 5464 Deo

2011 5463 2212 5537 traicies,
2237 5476 2386 5537 grant
2412 5463 2632 5537 fremitus
2652 5464 2867 5537 lappis,»
2892 5463 3064 5533 influit,
3088 5463 3396 5537 pugnamus,

2009 5524 2059 5633 3"
2085 5523 2202 5597 “5‘”-
2234 5523 2338 5587 ίδέι
2364 5540 2412 5575 ιι.
2439 5527 2766 5586 6.1tetnibid.
2800 5523 2824 5575 ιῐ
2846 5537 2945 5582 Deo
2959 5523 3393 5583 'taudesvvestrum'
3411 5523 3602 5599 mmihi

2026 5598 2245 5633 tomtnes.
2263 5602 2286 5631 ι

2026 5598 2245 5635 ιοτῐιιηθε.
2263 5602 2286 5631 ι

2073 5647 2255 5723 εηξλιίιί,
2277 5645 2391 5723 quia
2411 5647 2478 5723 ad
2500 5660 2585 5699 nos
2607 5661 2700 5700 non
2732 5650 2989 5714 pertinent.
3030 5654 3202 5704 verius
3223 5662 3354 5718 Mss,
3375 5658 3491 5723 quia
3507 5673 3598 5713 non

2008 5708 2075 5758 ad
2084 5719 2172 5771 quos
2190 5708 2441 5771 pertinent.

2220 5770 2924 5851 ﬂr-_é!;_e_'_tti;_eurrlleﬁnis
2950 5788 3059 5828 τιυη
3082 5790 3248 5842 me
3278 5781 3429 5843 Ιιιδιίε
3461 5783 3593 5851 “ac

2015 5830 2122 5880 ritis
2150 5830 2174 5880 Σ)
2213 5831 2277 5881 ad
2335 5830 2706 5885 conuuuniouent
2722 5868 2739 5899 ,
2766 5844 2860 5886 etc.
