4028 6202
384 423 485 477 307

460 540 580 593 150.
613 538 743 590 Auc.
775 528 1049 600 reSpondit
1080 546 1091 579 :
1123 526 1230 581 Nec
1258 540 1352 579 vos
1388 524 1559 591 justos
1585 520 1836 591 probatis,
1868 532 1965 571 nec

394 644 493 684 nos
524 641 706 697 pwuas
751 626 992 694 ingerere
1024 620 1103 674 vel
1150 616 1379 686 injustis.
1414 616 1479 669 Et
1508 625 1679 667 tamen
1727 612 1863 665 sicut
1889 618 1971 663 est

392 727 697 790 ph-runnpte
728 718 955 774 crudelis
983 714 1136 769 fallax
1164 711 1416 773 adulatio,
1443 710 1518 763 sic
1558 722 1769 774 semper
1796 704 1960 757 mise-

393 816 562 867 ricors
596 811 735 879 justa
776 807 1063 875 correptio.
1092 803 1222 858 Nam
1258 800 1395 855 unde
1424 808 1505 853 est
1537 796 1665 851 illud
1694 794 1833 865 quod
1866 809 1969 847 non

394 903 682 971 intelligitis
728 920 741 957 :
779 898 1080 954 Emendabit
1121 913 1198 949 me
1217 898 1385 966 justus
1426 893 1477 945 in
1517 889 1897 954 misericordia,
1926 897 1972 940 et

394 1004 567 1067 urguet
609 994 725 1047 me?
752 992 864 1046 lloc
889 990 1028 1045 enim
1057 1003 1174 1040 cum
1206 986 1271 1039 de
1301 984 1585 1053 asperitate
1612 979 1973 1035 misericordis

394 1084 745 1153 correptionis
785 1082 1039 1141 dixisset,
1069 1079 1319 1133 continuo
1347 1073 1617 1143 subiunxit.
1655 1072 1720 1125 de
1761 1071 1973 1124 lenitate

396 1175 704 1241 perniciosa:
732 1170 1068 1234 adulationi:,
1111 1179 1160 1221 et
1189 1169 1257 1220 ait
1288 1186 1299 1221 :
1334 1166 1513 1219 Oleum
1556 1174 1719 1216 autem
1750 1172 1975 1233 peccato-

397 1269 467 1319 ris
512 1284 609 1320 non
649 1265 978 1335 impinguabit
1009 1271 1156 1330 caput
1200 1275 1361 1312 meum
1409 1256 1579 1324 (Psal.
1621 1271 1740 1316 ch,
1896 1254 1973 1307 Tu

398 1372 525 1427 ergo
569 1356 782 1410 attende
826 1370 929 1423 quo
972 1353 1213 1411 voceris,
1249 1360 1300 1404 et
1346 1349 1484 1402 unde
1527 1347 1811 1401 revoceris.
1844 1345 1974 1399 Nam

402 1448 539 1500 unde
568 1447 702 1499 nosti
746 1460 852 1515 quo
881 1445 931 1497 in
966 1455 1014 1496 te
1042 1442 1220 1495 animo
1262 1440 1328 1493 sit
1357 1454 1511 1509 quem
1543 1453 1741 1493 srevum
1787 1437 1977 1506 putas?

400 1540 502 1591 Sed
534 1538 804 1607 quolibet‘
828 1536 911 1597 sit,
942 1533 1301 1601 unusquisque
1327 1532 1586 1584 sarcinam
1610 1543 1756 1582 suam
1780 1536 1975 1599 portat,

397 1642 451 1682 οιι
480 1628 617 1696 apud
652 1642 749 1680 nos
792 1635 844 1679 et
873 1624 1010 1692 apud
1052 1638 1188 1676 vos:
1235 1622 1326 1675 sed
1373 1622 1634 1674 sarcinam
1680 1619 1980 1673 schismatis

397 1735 554 1785 quam
577 1732 762 1770 munes
784 1716 1023 1785 portatis,
1048 1713 1277 1782 abjicite,
1307 1721 1363 1765 ut
1391 1712 1627 1766 sarcinas
1651 1719 1856 1763 vestras
1882 1709 1979 1762 bo-

404 1826 497 1863 nas
523 1811 574 1864 in
622 1810 824 1863 unitate
854 1808 1073 1876 portt-tis
1100 1824 1112 1868 ;
1155 1817 1205 1859 et
1237 1820 1329 1858 eos
1359 1805 1445 1873 qui
1478 1803 1641 1857 malas
1673 1810 1901 1872 portant,
1935 1801 1979 1856 si

403 1902 617 1964 possitis
640 1939 654 1962 ,
708 1897 1122 1952 misericorditer
1164 1896 1493 1959 emendetis;
1523 1895 1566 1947 si
1611 1909 1713 1948 non
1743 1894 1977 1963 possitis,

404 1992 618 2061 pacilir'e
646 1990 902 2044 toleretis.

472 2080 693 2135 CAPUT
736 2077 959 2132 LXVIII.
990 2107 1063 2117 ——
1092 2076 1211 2131 151.
1246 2076 1430 2129 Ρετιι..
1463 2074 1594 2128 dixit
1628 2094 1640 2128 :
1680 2094 1696 2123 ι
1736 2074 1880 2128 Beati
1899 2075 1985 2140 qui

408 2190 533 2239 puro
550 2181 665 2225 sunt
685 2171 853 2233 corde,
877 2169 1109 2239 quoniam
1132 2168 1230 2236 ipsi
1253 2166 1415 2219 Deum
1436 2167 1687 2220 videbunt.
1716 2184 1732 2217 ι
1766 2166 1983 2229 Quando

406 2266 568 2319 Deum
592 2264 837 2329 videbitis,
864 2264 949 2333 qui
977 2261 1237 2314 imnnmda
1274 2260 1468 2314 malitia
1497 2259 1665 2315 cordis
1693 2260 1863 2330 geritis
1888 2275 1985 2313 cte-

401 2359 597 2409 citatent
613 2355 638 2408 Ρ

482 2445 603 2499 ιιθ.
653 2446 784 2501 Anc.
819 2442 1133 2513 re3poudit:
1178 2442 1351 2509 Quare
1383 2441 1483 2495 hoc
1525 2439 1690 2494 dicis?
1732 2444 1809 2495 An
1852 2440 1984 2495 forte

410 2555 507 2590 nos
538 2538 772 2607 ignorata
801 2552 916 2606 qua:
945 2534 1187 2588 homines
1215 2534 1398 2587 dicunt
1434 2533 1711 2602 objicimus
1738 2533 1985 2586 omnibus

408 2628 671 2697 gentibus,
703 2635 757 2682 et
787 2625 1064 2681 manifesta
1093 2625 1384 2696 intelligere
1428 2626 1671 2678 nolumus
1702 2641 1819 2692 qua:
1846 2625 1985 2679 Deus

414 2719 655 2787 prtedisit
680 2718 745 2772 de
773 2716 1023 2771 omnibus
1047 2715 1328 2785 gentibus?
1356 2714 1478 2769 lla‘c
1503 2723 1585 2768 est
1614 2729 1800 2783 magna
1827 2716 1984 2769 caeci-

411 2823 490 2859 tas
516 2809 725 2873 cordis;
773 2817 824 2861 et
855 2807 898 2861 si
932 2821 1028 2860 nec
1069 2808 1235 2875 ipsam
1267 2806 1318 2859 in
1358 2805 1506 2859 vobis
1534 2806 1842 2875 agnoscitis,
1874 2805 1987 2860 bace

406 2911 489 2955 est
521 2900 689 2966 major
712 2898 922 2953 accitas
951 2898 1147 2951 cordis.

480 2990 599 3044 153.
635 2989 707 3057 (a)
741 2989 922 3043 PETIL.
953 2987 1083 3041 dixit
1111 3004 1123 3039 :
1158 3004 1176 3036 ‹
1214 2985 1354 3038 Beati
1383 2986 1597 3054 paciﬁci,
1628 2986 1746 3057 quia
1776 2987 1873 3055 ipsi
1892 2987 1989 3055 filii

410 3079 505 3132 1)ίί
532 3080 838 3131 vocabuntur
872 3098 889 3128 ι
939 3077 1148 3142 (:llattlt.
1187 3092 1241 3139 γ,
1280 3076 1427 3143 5-9).
1470 3075 1566 3131 Vos
1595 3094 1768 3146 pacem
1804 3080 1989 3133 scelere

409 3168 616 3237 ﬁngitis,
645 3177 688 3219 et
718 3167 845 3219 bello
866 3167 1089 3234 quwritis
1118 3167 1374 3217 unitatem.

480 3262 598 3314 154.
636 3264 764 3314 Atra.
797 3258 1233 3327 responditzNou
1266 3274 1447 3326 pacem
1466 3260 1671 3314 scelere
1698 3260 1983 3330 fingimus:

410 3352 503 3403 sed
550 3367 731 3419 pacein
779 3366 843 3403 ex
881 3350 1166 3418 Evangelio
1200 3350 1579 3417 [‘l‘illdlfnttlus;
1625 3368 1747 3405 eum
1791 3369 1896 3422 quo
1942 3356 1985 3407 si

411 3458 593 3509 pzzcem
638 3442 960 3507 habueritis,
1011 3451 1061 3495 et
1108 3442 1383 3497 nobiscum
1418 3442 1699 3497 lubebitis.
1735 3446 1986 3499 Dominus

411 3547 720 3601 resurgens,
763 3540 818 3586 et
861 3547 918 3585 se
960 3547 1063 3585 non
1096 3533 1267 3585 solum
1308 3522 1618 3586 intuendum
1660 3535 1863 3598 oculis,
1893 3536 1985 3590 sed

413 3622 570 3674 uetiam
592 3621 1029 3676 contrectandum
1050 3622 1293 3676 manibus
1313 3622 1693 3692 discipulorum
1717 3625 1984 3694 prccbens,

411 3712 532 3766 huic
561 3712 722 3780 erepit
746 3730 757 3765 :
791 3710 906 3766 Pax
934 3713 1203 3777 vobiscum,
1238 3712 1425 3782 inquit.
1459 3714 1523 3767 Et
1552 3716 1819 3783 quomodo
1843 3726 1987 3771 esset

411 3804 633 3857 tenenda
683 3820 781 3868 pas
835 3804 981 3873 ipsa,
1029 3804 1372 3873 sequentibus
1419 3802 1595 3861 verbis
1638 3808 1865 3875 aperuit.
1910 3807 1986 3863 lbi

408 3897 548 3949 enim
595 3897 790 3965 aperuit
816 3897 886 3949 eis
916 3912 1111 3951 sensum
1146 3905 1198 3948 ut
1224 3896 1551 3967 intelligerent
1580 3897 1905 3968 Scripturus,
1940 3910 1987 3953 et

408 3990 533 4039 dirit
573 3989 641 4042 cis
664 4030 677 4053 ,
728 3988 974 4054 Quonimn
1013 3989 1085 4041 sic
1118 3988 1360 4058 scriptum
1401 3999 1501 4053 cst,
1547 4000 1592 4043 et
1630 3991 1703 4043 sic
1730 3991 1987 4058 oportebat

409 4080 659 4132 (.ln-istum
690 4081 810 4148 pati,
843 4088 888 4132 et
918 4095 1176 4149 resurgere
1214 4078 1357 4131 tertia
1388 4079 1469 4131 die
1490 4120 1504 4143 ,
1534 4088 1580 4132 et
1623 4082 1891 4149 pra’dicari
1934 4082 1986 4134 in

410 4172 608 4223 nomine
631 4172 737 4239 ejus
762 4171 1100 4238 p:rnitentiam
1133 4179 1175 4222 et
1198 4171 1539 4224 remissione»:
1561 4183 1877 4241 peccatorum
1898 4193 1987 4245 per

408 4279 576 4314 mnnes
604 4273 803 4329 gentes;
849 4259 1199 4328 incipientibus
1233 4260 1292 4312 ab
1330 4259 1614 4314 Jerusalem
1644 4262 1660 4333 (
1685 4261 1805 4316 Luc.
1840 4280 1983 4331 xxw,

408 4357 495 4415 36,
526 4354 612 4418 A3,
646 4353 732 4411 46.
762 4354 872 4419 47).
904 4353 1033 4405 Cum
1066 4353 1145 4404 liis
1184 4354 1358 4407 verbis
1392 4370 1572 4422 pacem
1605 4355 1795 4409 habete
1817 4398 1830 4421 ,
1863 4366 1915 4411 et
1957 4373 1985 4410 ει

413 4445 565 4498 nobis
599 4460 699 4497 non
732 4444 1076 4497 dissentietis.
1112 4443 1241 4496 Nam
1271 4445 1313 4496 si
1344 4445 1481 4498 bello
1506 4448 1794 4515 quaerimus
1823 4449 1989 4501 unita-

413 4550 539 4601 tetu,
574 4553 677 4588 non
711 4535 876 4603 potuit
909 4534 1109 4589 laudari
1151 4535 1456 4603 pra-clarius
1482 4538 1675 4590 bellum
1708 4548 1985 4603 nostrum;

408 4628 832 4699 quandoquidem
874 4629 1127 4695 scriptum
1155 4640 1231 4683 est
1256 4671 1270 4695 ,
1310 4629 1498 4699 Diliges
1534 4631 1817 4699 proximum
1844 4643 1987 4685 tuam

408 4734 645 4789 tanquam
683 4730 726 4772 te
760 4720 920 4789 ipsum
951 4719 1161 4788 (Matt/1.
1193 4736 1243 4784 v,
1270 4721 1382 4791 45).
1417 4721 1480 4773 [it
1508 4722 1699 4775 iterum
1729 4724 1985 4792 scriptum

407 4823 505 4872 est,
542 4809 703 4863 Nemo
732 4827 947 4879 unquam
973 4827 1171 4864 carnem
1190 4828 1330 4864 suum
1357 4813 1470 4864 odio
1496 4812 1667 4864 [inbuit
1696 4812 1906 4883 (Ep/tes.
1934 4833 1984 4880 ν,

410 4903 517 4966 Ξθ).
551 4902 613 4956 Et
645 4912 818 4954 tamen
846 4917 969 4955 caro
997 4902 1324 4970 concupiscit
1355 4902 1606 4956 adversus
1637 4906 1903 4972 Spiritum,
1938 4915 1990 4960 et

411 4995 623 5063 spiritus
665 4992 918 5047 adversus
966 5009 1181 5046 carnem
1232 4992 1439 5065 (Galat.
1487 5010 1540 5058 v,
1591 4996 1698 5067 l7).
1746 4998 1894 5063 Quod
1946 4999 1987 5051 si

409 5104 564 5139 nearo
596 5098 808 5137 carnem
841 5098 987 5137 suam
1035 5083 1157 5137 odio
1205 5083 1397 5150 habet,
1430 5095 1481 5139 et
1526 5094 1702 5141 tamen
1733 5089 1989 5141 adversus

410 5192 621 5229 carnem
664 5190 811 5228 suam
842 5174 1203 5243 concupiscit;
1240 5190 1365 5231 ecce
1394 5174 1535 5229 bello
1579 5176 1752 5231 tniitas
1793 5179 1989 5247 quzeri-

415 5282 515 5329 ttst',
552 5277 607 5321 ut
637 5282 829 5336 corpus
860 5266 1170 5331 castigatum
1208 5267 1447 5321 servituti
1474 5268 1807 5337 subjiciatur.
1838 5270 1989 5335 Quod

413 5380 422 5411 :
448 5373 586 5415 metu
615 5360 832 5430 Spiritus
870 5357 991 5413 facit
1016 5359 1271 5413 adversus
1299 5375 1514 5414 carnem
1535 5403 1546 5419 ,
1580 5378 1682 5413 non
1711 5362 1833 5414 odio
1855 5404 1868 5425 ,
1897 5363 1991 5417 sed

413 5451 699 5507 dilectione
727 5452 1074 5521 belligerans;
1110 5451 1211 5505 hoc
1237 5451 1544 5521 spirituales
1568 5451 1767 5505 faciunt
1795 5452 1991 5508 adver-

478 5651 489 5679 ¹
521 5657 566 5697 lu
593 5652 803 5706 t‘VCUslS,
828 5647 1130 5712 momodolib
1158 5656 1176 5697 ι
1206 5660 1223 5696 :
1248 5648 1497 5712 mendose.

476 5712 547 5758 (ιι)
576 5712 651 5754 liizi
677 5714 789 5759 editi
814 5709 910 5758 Am.
942 5721 985 5759 et
1018 5719 1087 5758 t‘r.
1117 5720 1228 5758 nota
1251 5718 1283 5758 :t
1307 5718 1447 5769 caput
1471 5709 1547 5761 (ιτ),
1594 5716 1760 5768 postea
1795 5724 1990 5758 concm-

412 5772 521 5815 (Μαι
550 5783 655 5815 cum
682 5778 809 5829 tm.,
832 5775 875 5817 ιι
903 5790 1005 5833 (λιιι.
1034 5774 1108 5831 70,
1131 5774 1185 5820 ad
1215 5774 1379 5829 verba,
1412 5771 1541 5820 l‘t'til.
1567 5770 1724 5819 (iiut:
1760 5782 1773 5819 ,ν
1793 5772 1887 5820 ιιέιίηκ
1918 5773 1991 5821 .lt-

409 5856 415 5876 ι
462 5844 491 5887 ³,
520 5840 611 5875 ΓίΓ.

1229 409 1503 463 CONTRA
1548 401 1882 459 LITTERAS
1922 400 2281 462 PETILMNI.
2325 403 2378 456 Β.
2425 403 2791 458 AUGUSTlNI

3552 405 3663 461 303

2077 534 2163 569 sus
2192 518 2466 580 carnales.
2501 529 2558 573 ut
2586 521 2725 590 quod
2771 532 2930 591 agunt
2960 539 3082 592 erga
3116 540 3173 577 se
3204 567 3216 589 ,
3265 534 3421 593 agant
3449 535 3499 577 et
3531 542 3654 595 erga

2079 610 2212 668 illos,
2232 611 2352 677 quia
2381 611 2603 682 diligunt
2627 615 2897 683 proximos
2927 624 3173 684 tauquam
3208 619 3479 685 proximm
3506 637 3518 672 :
3552 621 3645 676 sed

2078 702 2276 758 bellum
2318 706 2669 773 Spirilualium
2709 718 2789 761 est
2831 708 2916 761 illa
2966 708 3014 761 iu
3054 708 3313 763 cliaritate
3361 714 3656 782 correptio,

2076 790 2491 863 gladius'eorum
2521 812 2698 852 sermo
2743 798 2833 853 Dei
2867 810 2964 853 est.
3015 800 3094 853 Ad
3142 800 3244 854 tale
3293 800 3490 855 bellum
3540 806 3665 857 tuba

2078 889 2367 957 apostolica
2421 894 2754 943 concitantur
2803 906 2921 943 eum
2972 907 3166 960 magno
3226 892 3423 961 impetu
3486 910 3669 962 perso-

2079 990 2269 1047 nante,
2305 978 2539 1034 I’m‘dica
2569 984 2766 1035 verbum
2789 1027 2803 1049 ,
2834 984 2965 1036 insta
2996 995 3311 1053 Opportune,
3345 985 3670 1052 importune:

2078 1087 2266 1142 argue,
2300 1071 2532 1134 hortare,
2567 1073 2771 1141 increpa
2791 1116 2805 1136 ,
2839 1074 2891 1127 in
2927 1075 3065 1127 omni
3094 1060 3478 1143 longanimitate
3511 1086 3557 1129 et
3585 1079 3669 1129 do-

2078 1163 2241 1216 ctrina
2289 1162 2351 1233 (ll
2388 1162 2517 1217 Tim.
2549 1180 2619 1229 iv,
2663 1164 2743 1236 2).
2780 1166 2913 1219 Ecce
2956 1180 3060 1219 non
3105 1167 3310 1235 agimus
3354 1166 3525 1231 ferro,
3573 1168 3668 1222 sed

2083 1254 2266 1309 verbo.
2298 1254 2403 1309 Vos
2449 1266 2624 1308 autem
2656 1270 2753 1309 nec
2780 1256 3115 1323 respoudetis
3150 1272 3293 1317 vera,
3327 1265 3379 1310 et
3406 1260 3670 1313 accusatis

2084 1347 2249 1400 falsa:
2294 1362 2397 1399 non
2446 1347 2708 1418 corrigitis
2754 1358 2966 1412 vestra,
3014 1347 3244 1415 objicitis
3280 1348 3483 1401 aliena.
3535 1350 3670 1404 Dicit

2082 1436 2323 1490 Christus
2354 1452 2535 1490 verum
2571 1438 2929 1491 testimonium
2962 1437 3030 1492 de
3059 1438 3191 1491 orbe
3219 1448 3512 1503 terrarum;
3546 1440 3671 1494 dicio

2085 1530 2152 1583 tis
2183 1544 2276 1583 vos
2297 1528 2550 1583 adversus
2576 1530 2843 1584 Christum
2874 1530 3062 1584 falsum
3094 1532 3455 1585 testimonium
3481 1543 3666 1587 contra

2085 1621 2266 1673 orbem
2301 1628 2584 1673 terrarum.
2633 1619 2741 1675 Nos
2788 1631 2964 1675 autem
3013 1622 3059 1676 si
3092 1622 3241 1676 vobis
3291 1624 3465 1691 potius
3508 1640 3667 1693 quam

2084 1709 2299 1763 Christo
2336 1709 2680 1765 crederemus
2700 1754 2713 1776 ,
2748 1711 2950 1781 paciﬁci
2982 1727 3224 1766 essemus
3252 1730 3262 1763 :
3308 1714 3429 1780 quia
3458 1714 3673 1768 CbriSto

2087 1802 2262 1868 potius
2284 1817 2442 1870 quam
2466 1802 2616 1855 vobis
2644 1801 2931 1866 credimus,
2962 1818 3146 1871 paceni
3171 1803 3373 1857 scelere
3403 1803 3670 1871 tingimus.

2090 1892 2156 1946 Et
2196 1892 2309 1947 hzec
2348 1908 2470 1947 cum
2516 1892 2705 1947 dicatis
2744 1903 2902 1962 atque
2942 1893 3167 1955 faciatis,
3202 1894 3410 1948 audetis
3456 1895 3675 1966 insuper

2086 2000 2530 2052 commemorare,
2563 1984 2705 2039 Beati
2728 1987 2949 2056 paciﬁci,
2974 1987 3211 2056 quoniam
3239 1987 3335 2057 ipsi
3359 1988 3453 2072 ﬁlii
3482 1985 3577 2040 Dei
3598 2004 3675 2041 ro-

2086 2076 2355 2128 cabuntur.

2158 2165 2385 2221 CAPUT
2416 2164 2600 2220 LXIX.
2634 2197 2701 2206 —
2744 2166 2864 2221 155.
2917 2167 3102 2222 Γετιι..
3148 2166 3320 2221 dixit:
3374 2166 3501 2223 Cum
3538 2169 3675 2224 dicat

2088 2258 2344 2326 apostolus
2399 2257 2623 2322 Paulus,
2660 2278 2676 2310 ι
2708 2259 2921 2313 Obsecro
2943 2277 3046 2325 vos,
3072 2264 3273 2330 fratres,
3300 2278 3388 2331 ego
3411 2262 3601 2315 vinctus
3622 2263 3675 2317 in

2092 2349 2307 2403 Domino
2328 2392 2341 2414 ,
2372 2360 2425 2402 ut
2454 2350 2603 2421 digne
2627 2351 2892 2404 ambuletis
2922 2353 3175 2405 vacatione
3197 2369 3296 2421 qua
3324 2353 3485 2404 vocati
3511 2353 3630 2406 estis
3652 2394 3671 2418 ,

2092 2458 2205 2494 cum
2249 2443 2385 2494 omni
2425 2442 2704 2494 humilitate
2742 2452 2785 2495 et
2819 2442 3203 2496 mansuetudine
3226 2487 3240 2510 ,
3275 2460 3389 2497 cum
3436 2444 3677 2511 patientia

2090 2535 2386 2587 sustinentes
2421 2534 2625 2587 invicem
2652 2534 2702 2586 in
2730 2534 2990 2600 cliaritate,
3021 2534 3233 2589 sollicite
3258 2546 3458 2606 agentes
3479 2552 3680 2590 servare

2093 2626 2338 2677 unitatem
2393 2626 2601 2695 spiritus
2634 2625 2683 2678 in
2714 2627 3062 2695 conjunctione
3107 2628 3247 2695 pacis
3282 2646 3302 2680 ›
3338 2626 3555 2699 (Ep/tes.
3580 2644 3631 2682 IV
3659 2668 3677 2693 ,

2094 2717 2236 2787 1-3).

2163 2808 2287 2863 156.
2314 2811 2448 2863 Ave.
2478 2810 2791 2879 respondit:
2825 2811 2946 2865 [hc
2968 2812 3008 2865 si
3036 2829 3137 2865 non
3169 2824 3371 2868 tantmu
3401 2815 3676 2880 diceretis,

2092 2900 2262 2955 sedet
2302 2901 2555 2955 audiretis
2579 2945 2593 2966 ,
2626 2905 2783 2957 etiam
2812 2906 3022 2971 cognita
3058 2906 3193 2959 mala
3226 2918 3445 2977 propter
3489 2924 3679 2978 pacem

2092 2993 2458 3059 sustineretis,
2491 3010 2593 3047 nou
2626 3004 2842 3065 promer
2866 2996 3255 3053 dissensionem
3284 3000 3547 3070 incognita
3577 3002 3681 3055 [iu-

2092 3088 2318 3156 gerelis;
2348 3088 2432 3141 vel
2473 3088 2593 3157 quia
2642 3098 2824 3157 postea
2856 3089 3123 3145 didicistis
3162 3105 3382 3160 propter
3422 3094 3681 3148 unitatem

2093 3180 2280 3233 Donati
2326 3181 2590 3233 sustinere
2622 3182 2760 3234 mala
2800 3183 3076 3237 notiSsima
3105 3194 3158 3238 et
3185 3186 3537 3239 hiinosissima
3567 3186 3682 3254 0p-

2094 3273 2203 3325 tati.
2236 3271 2363 3338 Qua:
2392 3272 2487 3324 ista
2517 3271 2782 3327 dementia
2834 3276 2953 3328 est?
2983 3274 3304 3331 Tolerantur
3344 3277 3564 3346 cogniti,
3611 3294 3684 3333 ne

2091 3362 2324 3415 concisio
2353 3365 2541 3416 iterum
2572 3365 2918 3429 concidatur;
2951 3376 3002 3419 ct
3031 3366 3357 3422 infamantur
3387 3368 3639 3438 incogniti
3663 3410 3681 3436 ,

2094 3469 2159 3507 uc
2188 3454 2238 3505 in
2269 3454 2378 3521 ipsa
2404 3455 2702 3521 integritate
2727 3467 3024 3510 maneatur.

2162 3545 2392 3601 CAPUT
2421 3546 2580 3600 LXX.
2610 3549 2829 3601 -1ὕ7.
2880 3549 3068 3602 Ρετιι..
3117 3550 3249 3603 dixit
3288 3570 3299 3603 :
3357 3551 3507 3607 Vobis
3561 3555 3687 3608 dicit

2093 3638 2336 3707 prop/tcta
2357 3657 2401 3704 ,ι
2440 3637 2589 3704 Pax,
2623 3656 2743 3707 pax,
2774 3649 2821 3692 et
2850 3642 2930 3693 ubi
2959 3652 3028 3693 est
3055 3659 3160 3710 pax
3189 3662 3205 3693 ι
3246 3643 3372 3712 (Jer.
3404 3661 3514 3709 vui,
3550 3648 3640 3714 11)
3662 3650 3691 3703 ?

2167 3731 2284 3785 158.
2312 3734 2444 3787 AUC.
2472 3732 2745 3799 re=pondit
2775 3750 2787 3783 :
2817 3732 2894 3785 Tu
2926 3733 3078 3785 nobis
3104 3734 3204 3788 hoc
3234 3735 3387 3799 dicis,
3418 3752 3525 3790 non
3556 3754 3659 3806 pro

2093 3820 2269 3889 plieta.
2302 3822 2416 3874 Tibi
2441 3837 2566 3890 ergo
2594 3821 2980 3892 respondemus
3005 3841 3016 3875 :
3041 3824 3093 3878 Si
3117 3826 3311 3893 quaeris
3341 3826 3427 3879 ubi
3455 3828 3519 3880 sit
3557 3844 3687 3896 pax.

2090 3914 2235 3982 aperi
2266 3912 2479 3975 oculos,
2506 3922 2557 3966 et
2580 3914 2695 3966 vide
2722 3914 2911 3983 dequo
2941 3914 3136 3969 dictum
3166 3917 3253 3981 sit,
3276 3917 3520 3988 Auferen:
3547 3920 3687 3975 bella

2092 4022 2246 4073 usque
2266 4006 2333 4057 ad
2354 4007 2479 4071 ﬁnes
2511 4016 2657 4059 terrm
2684 4005 2852 4076 (Psal.
2874 4024 3007 4069 XLV.
3046 4009 3155 4074 10).
3188 4008 3241 4063 Si
3264 4011 3459 4078 qttzeris
3486 4013 3574 4065 ubi
3612 4014 3690 4069 sit

2094 4112 2191 4165 pax
2212 4136 2227 4162 ,
2270 4095 2414 4162 aperi
2445 4096 2627 4149 oculos
2655 4098 2719 4150 ad
2775 4098 2918 4151 illam
2951 4100 3225 4153 civitatem
3247 4143 3261 4166 ,
3302 4117 3420 4170 qum.
3454 4118 3555 4155 non
3588 4119 3689 4171 pe-

2095 4195 2194 4239 test
2220 4184 2470 4237 abscondi
2496 4202 2657 4253 super
2680 4196 2912 4241 montem
2938 4190 3222 4242 eonstittita
3258 4207 3271 4242 :
3302 4192 3449 4260 aperi
3491 4194 3686 4248 oculos

2093 4276 2220 4332 etad
2254 4277 2422 4343 ipsum
2456 4286 2727 4343 montem,
2777 4289 2824 4332 et
2856 4294 2976 4333 eum
3010 4280 3101 4333 tibi
3130 4280 3310 4334 Daniel
3351 4282 3685 4339 demonstret.

2094 4385 2156 4422 ex
2187 4383 2350 4437 parvo
2379 4367 2553 4436 lipide
2579 4379 2931 4429 crescentem,
2962 4380 3014 4423 et
3046 4371 3349 4438 implentem
3378 4374 3681 4441 universam

2098 4472 2288 4511 terram
2320 4456 2474 4529 (Dan.
2512 4474 2566 4519 ιι,
2602 4458 2715 4528 53).
2750 4460 2863 4512 Tibi
2890 4475 3065 4515 autem
3097 4478 3217 4515 cum
3241 4463 3367 4516 dicit
3398 4466 3682 4533 propheta,

2098 4548 2245 4610 Pax,
2278 4565 2413 4617 pax,
2451 4556 2495 4599 et
2540 4549 2622 4600 ubi
2663 4560 2732 4602 cst
2764 4552 2911 4618 pax?
2952 4552 3073 4616 quid
3111 4553 3543 4609 demoustrabis?
3596 4559 3681 4612 An

2097 4651 2296 4705 partem
2330 4640 2514 4692 ltouati
2550 4640 2779 4709 ignotam
2807 4642 3278 4699 innunuraliilibns
3293 4648 3538 4715 gentibus
3565 4652 3686 4715 qui-

2098 4733 2193 4783 bus
2217 4740 2369 4784 notus
2400 4739 2481 4784 est.
2510 4730 2790 4784 Christus?
2822 4731 2932 4783 Non
2966 4743 3046 4786 cst
3076 4734 3185 4801 ipsa
3211 4752 3326 4803 quae
3359 4752 3463 4790 non
3507 4748 3686 4805 potest

2096 4821 2348 4875 abscondi
2393 4838 2408 4875 :
2452 4830 2505 4875 et
2536 4822 2703 4885 unde,
2752 4823 2848 4875 nisi
2900 4824 3021 4892 quia
3061 4840 3167 4878 non
3204 4837 3287 4879 est
3329 4842 3489 4897 super
3531 4829 3682 4883 illum

2097 4924 2331 4968 montem
2370 4914 2700 4967 constituta?
2732 4913 2851 4983 Ipse
2896 4924 2964 4969 est
3010 4918 3141 4969 enim
3190 4936 3292 4987 paa:
3340 4930 3547 4987 nostra,
3595 4924 3685 4991 qui

2096 5007 2209 5074 fecit
2236 5016 2442 5074 utraque
2466 5022 2619 5057 ttnttm
2652 5004 2867 5075 (Ep/tes.
2904 5023 2935 5059 ιι
2959 5050 2971 5073 ,
3006 5008 3088 5078 li)
3121 5025 3132 5061 :
3167 5026 3269 5063 non
3300 5011 3554 5076 Donatus.
3588 5013 3684 5082 qui

2100 5097 2221 5149 fecit
2249 5096 2314 5148 de
2348 5111 2452 5149 uno
2483 5096 2608 5148 tluo.

2166 5186 2391 5242 CAPUT
2422 5187 2605 5239 LXXI.
2632 5188 2830 5241 -1ζι9
2886 5189 3065 5243 Ριίτιιι.
3098 5189 3228 5244 dixit
3257 5209 3268 5243 :
3305 5190 3444 5245 Beati
3468 5194 3685 5263 quiper-

2097 5282 2401 5334 secutionem
2424 5280 2683 5348 patiuntur
2732 5292 2935 5348 propter
2954 5283 3206 5350 justitiam
3225 5327 3239 5349 ,
3267 5288 3501 5352 quoniam
3540 5287 3684 5355 ipso-

2099 5382 2292 5425 rumest
2324 5388 2529 5439 regnum
2558 5373 2796 5425 ctrlorum
2822 5394 2839 5425 ι
2869 5374 2947 5444 (.11
2955 5376 3080 5427 utsii.
3108 5392 3157 5440 ν,
3186 5378 3295 5448 10).
3313 5377 3408 5432 Vos
3432 5380 3560 5433 beati
3582 5398 3685 5435 non

2099 5462 2213 5513 estis
2239 5504 2251 5524 ,
2276 5462 2363 5514 sed
2388 5461 2556 5515 beatos
2580 5472 2821 5533 martyres
2862 5467 3026 5535 facitis
3048 5506 3060 5527 ,
3088 5483 3303 5537 quorum
3349 5470 3685 5530 scilicetﬁni-

2101 5551 2275 5603 inabus
2310 5553 2421 5604 cadi
2461 5552 2636 5621 repleti
2682 5562 2825 5616 sunt,
2875 5571 3240 5624 corporumque
3267 5560 3507 5612 memoria
3539 5571 3685 5615 terra

2101 5644 2396 5708 ﬂoruerunt.
2443 5642 2539 5696 Vos
2562 5662 2677 5715 ergo
2704 5662 2800 5698 non
2833 5648 2995 5701 colitis
3018 5690 3029 5711 ,
3073 5649 3160 5702 sed
3188 5652 3357 5720 facitis
3392 5670 3516 5721 quos
3544 5656 3685 5707 cola-

2103 5752 2226 5787 Hills.

2184 5827 2293 5878 ltiti.
2344 5828 2467 5879 Atio
2519 5845 2556 5879 rt
2578 5829 2788 5897 Spaialit
2820 5847 2828 5879 ε
2863 5830 3020 5884 I’Iaac
3050 5832 3091 5884 si
3124 5849 3225 5886 non
3262 5833 3454 5889 dictum
3487 5847 3629 5891 esset
3658 5878 3672 5899 .
