4028 6202
302 417 402 473 509

305 533 447 591 Beati
482 533 574 604 qui
614 532 1010 605 persecutionem
1047 531 1307 599 patiuntur
1343 537 1548 601 prapter
1577 522 1835 599 justit’am
1869 537 1887 586 ς

301 623 396 681 sed
438 624 644 681 dictum
685 633 828 681 esset
853 665 868 687 ,
919 622 1067 678 Beati
1097 622 1186 692 qui
1232 635 1292 676 se
1341 620 1485 690 ipsos
1515 616 1887 689 prmcipitant:

300 716 587 787 implerent
606 717 803 771 coelum
830 720 1093 785 martyres
1112 713 1296 768 vestri.
1317 712 1457 768 Sane
1483 710 1551 766 de
1575 707 1890 778 corporibus

301 824 484 865 eorum
527 808 727 863 multos
774 816 1035 862 terrarum
1080 804 1242 861 ﬂores
1287 802 1567 870 videmus,
1616 797 1715 856 sed
1751 798 1889 855 sicut

300 904 435 959 solet
453 902 559 957 diei
575 942 591 964 ,
622 902 723 956 llos
755 900 911 957 cinis.

368 993 601 1050 CAPUT
642 991 853 1048 LXXII.
882 1021 957 1032 —
986 990 1111 1047 161.
1160 989 1346 1045 Ρετιι..
1378 987 1552 1042 dixit:
1601 984 1729 1041 Cum
1762 985 1889 1053 'ergo

300 1084 535 1155 {uisenda
565 1084 809 1138 mandata
835 1083 965 1138 beati
998 1099 1100 1137 non
1126 1081 1237 1136 sitis
1255 1121 1271 1146 ,
1306 1095 1393 1134 vos
1421 1077 1606 1132 divinis
1632 1074 1889 1131 sententiis

297 1176 525 1231 Christus
554 1174 802 1231 Dominus
823 1175 1177 1230 condemnat.¢
1201 1171 1287 1228 γω
1308 1180 1477 1225 autem
1497 1168 1633 1223 vobis
1648 1210 1662 1236 ,
1694 1164 1889 1221 Scriba:

294 1279 343 1322 et
372 1267 629 1323 Pharisaei
657 1268 966 1339 hypocrite,
992 1268 1114 1337 quia
1137 1265 1376 1320 clanditis
1401 1280 1611 1335 regnum
1647 1262 1887 1317 calorum

295 1368 411 1414 ante
434 1359 669 1414 homines
693 1374 713 1413 :
740 1374 826 1413 vos
845 1358 1100 1414 enimnon
1127 1356 1327 1411 intratis
1344 1395 1360 1421 ,
1384 1363 1432 1410 et
1448 1370 1607 1424 neque
1619 1354 1890 1407 introeun-

295 1462 369 1506 tes
390 1452 577 1505 sinitis.
593 1448 853 1518 Vtevobis,
878 1450 1073 1506 Scriba:
1092 1458 1140 1504 et
1165 1448 1418 1503 Pharistei
1443 1447 1739 1519 hypocriten,
1769 1446 1887 1514 quia

295 1545 526 1600 circuitis
548 1559 691 1598 mare
717 1553 764 1599 et
786 1544 984 1598 aridam
1000 1584 1015 1607 ,
1043 1555 1099 1597 ut
1127 1543 1328 1615 faciatis
1351 1558 1508 1595 unum
1540 1540 1887 1611 proselytum;

297 1646 474 1690 etcum
503 1638 673 1706 [actus
692 1637 845 1708 fuerit
872 1674 888 1700 ,
921 1637 1086 1707 facitis
1114 1651 1227 1690 eum
1252 1635 1416 1703 ﬁlium
1435 1633 1676 1704 gehenna:
1713 1629 1888 1700 dupli-

295 1726 405 1779 cius
432 1742 585 1797 quam
631 1742 738 1781 vos.
779 1724 868 1780 Vw
895 1727 1032 1780 vobis
1059 1768 1075 1792 ,
1135 1724 1329 1780 Scriba:
1354 1733 1400 1778 et
1432 1722 1684 1778 Pltariswi
1720 1722 1886 1792 hypo-

295 1817 465 1882 criae,
494 1817 582 1886 qui
606 1816 866 1871 decimatis
883 1817 1141 1871 ment/tam
1173 1825 1219 1871 et
1246 1814 1484 1869 anethum
1510 1825 1562 1869 et
1580 1813 1837 1884 cyminum
1867 1852 1883 1878 ,

294 1918 343 1961 et
365 1909 650 1979 relinquitis
674 1925 789 1979 qtae
812 1910 1063 1980 grauioria
1084 1918 1204 1963 sunt
1228 1909 1351 1979 legis
1369 1949 1382 1973 ,
1398 1908 1648 1977 judicium
1662 1915 1709 1960 et
1731 1906 1885 1960 mise-

297 1999 568 2053 ricordiam
594 2011 641 2055 et
669 2000 842 2069 ﬁdem.
877 1999 1004 2054 Ilaec
1044 2010 1214 2053 autem
1249 1999 1508 2070 Oportebat
1538 1998 1680 2067 ﬁeri,
1722 2005 1769 2052 et
1793 1995 1887 2050 illa

295 2107 396 2145 non
419 2094 669 2146 omittere.
711 2091 874 2147 Duces
898 2092 1022 2146 eieci
1041 2131 1056 2156 ,
1086 2092 1334 2153 liquentes
1362 2089 1607 2155 culicem,
1638 2090 1885 2143 camelum

294 2194 463 2238 autent
487 2184 774 2255 glutientes.
816 2183 905 2238 Va:
929 2183 1063 2238 vobis
1082 2226 1094 2247 ,
1127 2183 1325 2238 Scriba:
1371 2191 1416 2236 et
1441 2182 1698 2237 Pharisa'i
1724 2181 1885 2251 hypo-

294 2276 436 2329 crita
456 2317 472 2341 ,
520 2275 644 2344 quia
684 2275 873 2330 similes
900 2277 1018 2330 estis
1042 2276 1377 2329 monumentis
1403 2274 1649 2329 dealbatis
1669 2315 1683 2340 ,
1711 2289 1824 2343 qua:
1851 2290 1885 2327 a

295 2367 416 2437 foris
448 2376 631 2437 parcnt
656 2367 942 2422 hominibus
967 2367 1222 2437 speciosa,
1250 2366 1387 2420 intus
1409 2377 1573 2421 autem
1603 2365 1753 2435 plena
1767 2375 1886 2420 sunt

295 2442 490 2512 ossibus
518 2468 833 2513 mortuorum
859 2467 904 2512 et
925 2458 1062 2512 omni
1088 2458 1331 2528 spurcitia
1358 2473 1378 2511 :
1400 2458 1473 2512 sic
1494 2468 1540 2512 et
1566 2473 1650 2512 vos
1689 2474 1721 2510 a
1760 2457 1886 2525 foris

294 2551 495 2619 quidem
526 2551 713 2620 paratis
739 2550 1024 2604 hominibus
1040 2550 1172 2619 justi
1196 2590 1211 2613 ,
1238 2550 1376 2604 intus
1412 2559 1581 2603 autem
1609 2545 1746 2621 pleni
1769 2547 1886 2602 estis

297 2642 557 2713 hypocrisi
577 2651 623 2695 et
644 2641 943 2712 iniquitates
981 2640 1194 2713 (Matth.
1228 2656 1357 2695 xxttt
1377 2641 1516 2705 ,-l5,
1545 2640 1639 2705 l5,
1669 2635 1881 2709 23-28).

364 2734 492 2788 162.
539 2735 678 2789 Acs.
742 2732 1019 2803 respondit
1068 2751 1080 2787 :
1143 2732 1235 2787 Dic
1285 2732 1415 2787 mihi
1463 2741 1637 2787 utrum
1687 2729 1886 2800 aliquid

295 2826 498 2881 dixeris
523 2865 540 2890 ,
569 2825 711 2896 quod
736 2827 788 2879 in
816 2839 912 2879 vos
932 2825 1166 2879 vicissim
1193 2839 1287 2879 ore
1326 2822 1589 2879 maledico
1614 2831 1668 2878 et
1693 2832 1884 2877 contu—

296 2916 797 2973 meliososimiliter
816 2917 921 2971 diei
942 2933 1048 2971 non
1079 2916 1268 2988 possit.
1293 2915 1397 2971 Sed
1426 2915 1886 2984 eat-superioribus

296 3026 409 3080 qua:
438 3026 467 3063 a
507 3026 594 3065 me
616 3009 755 3065 dicta
802 3017 954 3075 sunt,
985 3010 1220 3065 inveniet
1246 3010 1334 3080 qui
1365 3009 1626 3073 voluerit,
1681 3008 1795 3063 lm-c
1832 3008 1885 3063 in

297 3114 387 3157 vos
414 3116 527 3157 non
569 3117 666 3171 per
694 3116 825 3156 vana
855 3102 1127 3167 convicia,
1174 3101 1268 3156 sed
1315 3117 1408 3171 per
1428 3116 1554 3157 vera
1584 3101 1886 3156 testimonia

299 3208 452 3262 posse
480 3192 613 3248 diei.
646 3192 1024 3248 Verumtamen
1051 3194 1175 3265 quia
1204 3209 1270 3249 ex
1312 3194 1594 3249 occasione
1613 3235 1628 3261 ,
1670 3203 1890 3264 prteter-

297 3286 615 3340 mittendum
647 3300 752 3339 non
779 3293 900 3340 est:
937 3294 1084 3340 certe
1110 3287 1361 3357 antiquus
1391 3286 1614 3355 populus
1644 3286 1738 3340 Dei
1781 3287 1890 3341 cir-

296 3377 679 3433 cumcisionem
704 3391 800 3445 pro
823 3376 1096 3448 Baptismo
1121 3376 1368 3432 habebat.
1397 3376 1591 3445 Quaero
1619 3391 1748 3445 ergo
1770 3417 1786 3442 ,
1841 3377 1889 3432 si

297 3482 452 3536 quem
477 3468 734 3523 fecissent
760 3467 881 3532 isti,
911 3469 961 3521 in
986 3483 1122 3538 quos
1150 3477 1295 3522 tanta
1320 3466 1597 3529 dicuntur,
1634 3466 1888 3522 Pharisaei

224 3544 260 3571 ⁵
302 3559 630 3630 proselytnm
651 3599 666 3622 ,
691 3559 781 3629 qui
804 3559 847 3613 si
871 3573 966 3613 eos
992 3559 1320 3623 imitaretur,
1361 3558 1500 3613 sicut
1533 3558 1735 3614 dictum
1764 3568 1845 3614 est
1869 3598 1888 3627 ,

301 3649 717 3719 liliusgeltennm
738 3648 928 3705 luiSset
948 3648 1115 3718 duplo
1142 3664 1299 3718 quam
1332 3649 1442 3714 illi;
1475 3658 1652 3704 utrum
1689 3650 1734 3703 si
1763 3664 1889 3705 cor-

300 3741 596 3809 rigeretnr,
632 3749 689 3796 et
723 3741 881 3796 vellet
911 3741 1105 3795 imitari
1143 3741 1449 3797 Simeonem
1472 3783 1486 3807 ,
1526 3740 1841 3797 Zachariam
1872 3784 1886 3809 ,

301 3829 682 3886 Natbauaelem
703 3873 719 3896 ,
743 3831 933 3887 iterum
956 3832 1024 3886 ab
1043 3832 1121 3887 eis
1140 3832 1599 3887 cirotnncidendus
1621 3833 1892 3902 judicare-

303 3930 404 3975 tur.
451 3922 607 3990 Qnod
652 3922 698 3977 si
751 3922 1032 3978 ridiculum
1067 3933 1147 3977 est
1178 3923 1395 3988 dicere,
1447 3925 1688 3994 quamvis
1739 3938 1890 3978 more

302 4023 456 4083 atque
478 4029 578 4068 ore
619 4014 905 4082 vanilolno
945 4014 1136 4068 talibus
1181 4031 1278 4069 nos
1323 4014 1682 4083 comparatis,
1726 4029 1892 4084 quare

303 4114 421 4173 post
440 4120 542 4159 uos
571 4104 895 4173 baptizntis?
919 4105 1070 4172 Quod
1101 4106 1147 4160 si
1185 4121 1281 4159 vos
1311 4107 1442 4161 tales
1480 4106 1612 4161 estis
1636 4149 1650 4172 ,
1693 4114 1892 4177 quanto

304 4211 401 4252 nos
435 4197 617 4250 verius
643 4203 700 4250 et
736 4196 926 4250 melius
949 4207 1064 4265 post
1092 4211 1185 4251 Vos
1212 4213 1318 4250 non
1358 4197 1724 4265 baptizamus;
1757 4197 1895 4251 sicut

304 4302 403 4341 nec
427 4287 507 4340 illi
532 4302 669 4356 quos
700 4286 1004 4349 nominavi,
1032 4297 1149 4355 post
1179 4287 1437 4356 pessimos
1458 4287 1754 4342 Plrtarisaeos
1784 4286 1894 4341 eir-

306 4379 533 4434 cumcidi
565 4378 868 4434 debebant?
914 4379 1146 4443 Deinde,
1196 4394 1317 4434 cum
1351 4378 1483 4434 tales
1527 4377 1765 4433 sederint
1803 4393 1895 4432 ca-

310 4470 550 4526 thedram
606 4470 810 4541 Moysi,
865 4470 951 4524 cui
1007 4471 1261 4525 Dominus
1309 4471 1566 4525 honorem
1613 4471 1892 4538 servavit;

307 4577 467 4630 quare
489 4575 588 4615 vos
606 4572 828 4631 pr0pter
851 4576 965 4624 eos,
985 4561 1244 4633 quosistis
1256 4562 1371 4617 sive
1397 4560 1542 4630 juste
1564 4560 1675 4614 sive
1704 4560 1896 4629 injuste

308 4654 650 4722 mtttparatis,
671 4654 989 4708 Catltedram
1018 4654 1363 4724 apostolicam
1393 4653 1811 4723 blaspltcmatis?

378 4745 609 4801 CAPUT
672 4744 902 4800 LXXIJ.
937 4775 1011 4787 ——
1060 4745 1181 4801 165.
1214 4736 1400 4800 Pent“
1435 4746 1568 4800 dixit
1612 4764 1624 4800 :
1673 4748 1778 4801 Sed
1806 4763 1897 4800 nos

310 4838 613 4891 christianos
635 4838 733 4891 ista
761 4855 862 4892 non
894 4846 1097 4892 terrent.
1135 4837 1284 4905 Quod
1325 4838 1458 4892 enim
1492 4839 1610 4892 estis
1659 4840 1790 4892 male
1817 4843 1895 4909 {as

309 4929 471 4994 cturi,
515 4946 550 4981 a
599 4926 800 4983 Christo
846 4928 1067 4983 Domino
1099 4929 1339 4983 habemus
1391 4939 1508 4983 ante
1558 4930 1899 4984 mandatum:

317 5039 336 5071 ι
365 5019 571 5082 Μὶιιο.»
594 5020 773 5090 inquit,
795 5040 813 5073 ι
844 5036 928 5075 vos
946 5022 1074 5075 sicut
1099 5037 1211 5075 oves
1226 5021 1277 5074 in
1296 5021 1458 5074 medio
1480 5019 1715 5091 luporum
1740 5041 1757 5073 ι
1787 5020 1897 5091 (Id.

313 5128 346 5165 ι
369 5155 385 5177 ,
418 5115 527 5181 lli).
560 5111 818 5181 Lupinant
847 5112 1037 5167 rabiem
1077 5131 1113 5167 tu
1138 5129 1162 5166 s
1200 5112 1451 5183 impletis,
1497 5112 1583 5180 qui
1621 5128 1721 5166 non
1754 5113 1903 5166 aliter

312 5202 559 5258 licclcsiis
583 5204 796 5258 insidias
821 5205 988 5275 facitis
1009 5217 1095 5257 (ιιι
1125 5204 1315 5273 paratis
1334 5245 1347 5265 ,
1376 5219 1528 5274 quam
1556 5202 1665 5271 lupi
1689 5202 1901 5257 ovilibus

312 5300 565 5352 inhiantes
585 5339 599 5363 ,
623 5299 843 5368 pernicie
859 5315 1055 5367 semper
1074 5307 1224 5368 atque
1246 5299 1436 5368 impetu
1459 5338 1473 5363 ,
1519 5293 1741 5363 sulfcctis
1780 5314 1902 5351 san—

315 5389 465 5459 guine
492 5388 722 5460 faucibus
747 5389 875 5441 iram
900 5388 1222 5442 anhelantem
1246 5388 1501 5457 respirant.
1527 5387 1565 5439 ί.

394 5481 511 5535 ltll.
543 5482 678 5536 Aea.
717 5480 992 5549 respondit
1021 5497 1035 5534 :
1067 5479 1268 5534 Vellem
1310 5479 1361 5533 in
1396 5493 1492 5535 vos
1525 5477 1706 5534 dicere
1749 5477 1903 5533 istam

317 5575 673 5639 sententiam,
726 5573 821 5628 sed
867 5572 1063 5629 nollctn
1102 5573 1218 5625 iSIis
1248 5572 1424 5626 verbis
1454 5590 1467 5626 :
1496 5573 1652 5628 nimis
1681 5573 1855 5641 inepta
1886 5613 1902 5637 ,

323 5664 410 5718 vel
440 5668 612 5733 potius
662 5666 846 5720 insana
889 5670 1034 5719 sunt.
1092 5663 1221 5718 Illud
1251 5673 1428 5718 autem
1478 5679 1612 5733 opus
1655 5672 1810 5731 crat,
1851 5670 1908 5716 ut

396 5844 411 5871 ¹
436 5840 567 5905 Editi,
593 5842 851 5905 suspirant.
880 5838 1045 5891 Belius
1079 5845 1205 5900 Mss,
1234 5839 1485 5902 respirant.

1624 406 1826 464 LIBER
1861 403 2241 463 SECUNDUS.

3478 423 3581 481 510

1995 523 2159 579 certis
2186 523 2448 595 aliquibus
2500 523 2834 585 documentis
2857 572 2873 596 ,
2902 547 3010 587 non
3032 534 3334 591 vanissimls
3361 539 3575 594 maledi-

1993 612 2116 682 ctis,
2159 629 2258 671 nos
2288 616 2444 687 lupos
2480 633 2601 675 esse
2645 622 3036 693 ostenderetis,
3060 641 3159 681 vos
3207 637 3387 684 autem
3429 647 3580 687 oves.

1991 706 2126 763 Nam
2152 723 2274 763 cum
2305 720 2358 765 et
2380 726 2480 781 ego
2504 711 2693 768 dixero
2716 758 2733 782 ,
2762 714 2872 771 Nos
2892 732 3079 773 sumus
3106 733 3255 785 oves,
3284 736 3380 777 vos
3402 733 3582 779 autem

1993 798 2138 867 lupi;
2165 798 2359 857 ideone
2389 811 2544 872 putas
2567 803 2825 862 interesse
2844 808 3042 878 aliquid
3062 847 3080 876 ,
3112 809 3236 880 quia
3254 820 3307 865 tu
3336 811 3426 868 illa
3458 829 3581 872 ver-

1992 888 2076 944 bis
2102 890 2327 961 turgidis
2372 892 2546 949 dicis?
2575 894 2681 951 Sed
2710 898 2930 954 attende
2981 908 3039 954 ut
3063 914 3165 971 ego
3193 903 3411 970 probem
3439 905 3581 975 quod

1992 981 2134 1037 dico.
2155 982 2358 1054 Nempe
2380 985 2639 1043 Dominus
2656 1028 2669 1054 ,
2700 989 2842 1059 quod
2863 1031 2879 1055 ,
2904 990 3041 1047 velis
3079 992 3220 1049 nolis
3238 1034 3253 1058 ,
3290 995 3468 1061 nosti,
3508 996 3583 1050 ait

1993 1076 2048 1131 in
2085 1076 2371 1148 Evangelio
2402 1096 2414 1132 :
2446 1079 2575 1147 Quae
2597 1089 2715 1134 sunt
2737 1097 2851 1136 oves
2879 1097 3035 1150 meai,
3067 1100 3236 1140 vocem
3280 1102 3442 1141 meam
3484 1104 3581 1142 au-

1992 1168 2139 1222 diunt
2162 1209 2176 1233 ,
2197 1177 2246 1224 et
2270 1179 2549 1240 sequuntur
2574 1186 2654 1225 me
2681 1168 2860 1242 (Joau.
2888 1186 2926 1228 ι
2945 1212 2963 1240 ,
2991 1173 3111 1245 27).
3152 1174 3326 1230 Multa:
3362 1185 3487 1232 sunt
3513 1177 3581 1233 de

1992 1257 2217 1314 diversis
2239 1260 2399 1316 rebus
2417 1275 2580 1317 voces
2603 1262 2811 1318 Domini
2835 1281 2850 1318 :
2879 1280 3101 1333 verum,
3124 1267 3354 1337 exempli
3382 1268 3576 1338 gratia,

1991 1348 2037 1404 si
2059 1350 2319 1421 quispiam
2344 1351 2612 1408 dubitaret
2637 1364 2814 1410 utrum
2833 1355 2884 1410 in
2909 1370 3138 1427 corpore
3159 1356 3299 1412 idem
3323 1358 3581 1414 Dominus

1989 1444 2370 1517 resurrexcrit,
2407 1453 2459 1499 et
2482 1446 2833 1501 recitarentur
2855 1449 2972 1517 ejus
2990 1449 3147 1503 verba
3173 1449 3417 1515 dicentis,
3448 1448 3579 1505 Pal.

1991 1544 2106 1606 pate
2123 1575 2139 1601 ,
2172 1544 2218 1589 et
2249 1536 2410 1591 uidete
2429 1578 2443 1602 ,
2474 1539 2591 1608 quia
2613 1539 2824 1608 spiritus
2848 1555 3050 1594 carnem
3075 1550 3123 1594 et
3146 1556 3262 1595 ossa
3282 1558 3383 1596 non
3406 1542 3576 1608 habet,

1989 1627 2117 1680 sicut
2141 1643 2219 1680 me
2242 1627 2416 1682 uidetis
2436 1628 2655 1694 habere;
2683 1630 2726 1684 si
2756 1637 2811 1685 et
2839 1630 2921 1684 his
2941 1630 3141 1685 auditis
3157 1630 3221 1685 ad
3247 1631 3576 1689 credendum

1989 1718 2363 1773 resuscitatum
2416 1734 2613 1789 corpus
2659 1720 2775 1790 ejus
2821 1722 2990 1777 nollet
3036 1724 3418 1793 acquiescere,
3469 1739 3576 1781 non

1990 1808 2173 1877 utique
2220 1809 2358 1865 inter
2386 1824 2514 1866 oves
2547 1811 2758 1866 Domini
2807 1812 3182 1883 dcputaretur,
3238 1815 3362 1886 quia
3389 1830 3574 1873 vocem

1987 1896 2106 1966 ejus
2135 1897 2368 1952 auditam
2401 1914 2507 1953 non
2527 1902 2852 1970 sequebatur
2883 1920 2897 1955 :
2927 1903 3006 1957 sic
3024 1912 3078 1958 et
3114 1919 3255 1958 nunc
3274 1946 3288 1968 ,
3323 1907 3574 1975 quoniam

1989 1985 2216 2055 qumstio
2243 1998 2324 2043 est
2351 1989 2493 2044 inter
2519 2005 2646 2054 nos,
2676 1990 2764 2044 ubi
2801 1992 2871 2046 sit
2902 1991 3136 2051 Ecclesia
3159 2034 3176 2059 ,
3207 2007 3328 2049 cum
3356 2009 3423 2050 es
3461 1995 3574 2065 ipso

1989 2077 2260 2149 Evangelii
2291 2079 2411 2135 loco
2432 2122 2446 2145 ,
2476 2081 2562 2136 ttbi
2587 2092 2704 2152 post
2727 2086 3170 2140 resurrectidnem
3199 2101 3354 2141 suum
3383 2100 3581 2158 corpus

1988 2169 2149 2224 etiam
2176 2169 2495 2240 palpandum
2521 2172 2887 2230 dubitantibus
2910 2176 3138 2245 prmbuit
3157 2218 3171 2243 ,
3198 2178 3578 2247 consequentia

1988 2261 2152 2317 verba
2176 2262 2463 2319 reeitamus
2489 2265 2505 2297 ⁸
2523 2305 2540 2331 ,
2573 2264 2663 2319 ubi
2692 2264 2923 2321 futuram
2954 2267 3209 2323 Ecclesiae
3237 2268 3571 2324 latitudinem

1989 2352 2372 2409 demonstravit
2399 2394 2413 2417 ,
2456 2354 2673 2410 dicens:
2707 2356 2958 2424 Quoniam
2993 2359 3067 2414 sic
3097 2358 3340 2431 scriptum
3372 2367 3484 2427 est,
3523 2368 3575 2414 et

1990 2447 2063 2501 sic
2087 2446 2346 2517 oportebat
2374 2446 2629 2503 Christum
2658 2450 2766 2520 pati
2789 2490 2805 2518 ,
2837 2458 2884 2503 et
2913 2466 3173 2522 resurgere
3199 2452 3346 2506 tertia
3371 2451 3489 2519 die,
3530 2460 3580 2506 et

1990 2537 2258 2608 praedicari
2288 2538 2342 2592 in
2370 2538 2574 2592 nomine
2617 2555 2727 2611 qus
2770 2540 3115 2611 panitenliam
3153 2549 3203 2594 et
3240 2540 3580 2595 remissionem

1991 2636 2307 2698 peccatorum
2329 2645 2419 2699 per
2439 2644 2612 2684 omnes
2636 2638 2825 2700 gentes,
2851 2630 3203 2700 incipientibus
3215 2630 3278 2685 ab
3296 2629 3582 2686 Jerusalem

1991 2719 2141 2790 (Luc.
2171 2735 2330 2784 ΠΝ,
2358 2720 2432 2775 59
2455 2762 2470 2787 ,
2504 2721 2578 2776 46
2601 2762 2616 2787 ,
2654 2719 2775 2793 t7);
2803 2730 2858 2776 et
2885 2736 2980 2777 vos
2999 2722 3252 2777 omnibus
3287 2720 3538 2792 gentibus
3561 2762 3577 2787 ,

1990 2811 2080 2866 ubi
2107 2810 2222 2865 lucc
2245 2811 2512 2880 completa
2563 2821 2726 2880 sunt,
2771 2815 3170 2869 communicare
3220 2830 3327 2870 non
3368 2815 3528 2870 vultis
3560 2856 3576 2882 ,

1989 2901 2260 2973 quomodo
2287 2902 2419 2957 estis
2438 2916 2568 2959 oves
2595 2902 2753 2972 hujus
2783 2905 3012 2975 pastoris
3029 2946 3045 2971 ,
3070 2905 3223 2975 cujus
3264 2905 3458 2961 auditis
3487 2921 3581 2961 voc

1990 2996 2140 3050 cibus
2167 3010 2273 3050 non
2298 2995 2470 3051 solum
2493 3010 2599 3051 non
2620 2997 2994 3068 obsequimini,
3025 3013 3209 3053 verum
3230 2998 3389 3054 etiam
3417 3013 3575 3069 repu-

1991 3085 2203 3156 gnatis?
2226 3087 2291 3142 Et
2320 3100 2451 3142 oves
2469 3087 2685 3158 quidem
2710 3103 2804 3143 vos
2832 3102 2937 3142 non
2966 3103 3108 3155 esse,
3140 3089 3264 3143 hinc
3289 3088 3577 3143 docemus:

1991 3191 2111 3233 esse
2139 3187 2318 3234 autem
2350 3179 2504 3250 lupos
2520 3221 2535 3247 ,
2562 3179 2741 3235 audite
2763 3180 2904 3235 unde
2923 3179 3231 3235 doceamus.
3259 3179 3375 3236 iam
3396 3179 3540 3235 enim
3564 3221 3579 3242 ,

1992 3270 2113 3340 quia
2128 3272 2150 3303 ⁸
2164 3270 2252 3325 ubi
2267 3271 2335 3325 sit
2349 3271 2607 3340 Ecclesia,
2626 3271 2801 3326 verbis
2814 3272 2977 3342 ipsius
2992 3278 3228 3342 apparet,
3244 3270 3582 3327 manifestum

1993 3374 2075 3421 est
2094 3366 2182 3422 ubi
2213 3368 2282 3420 sit
2306 3367 2444 3422 ovile
2467 3365 2687 3420 Christi.
2717 3365 2798 3421 Ab
2820 3365 2922 3421 hoc
2946 3365 3104 3436 igitur
3124 3365 3245 3419 ovili
3269 3365 3583 3420 certissimis

1993 3456 2170 3512 verbis
2196 3456 2405 3512 Domini
2432 3457 2797 3512 demonstrato
2817 3463 2874 3511 et
2899 3470 3155 3525 expresso
3174 3496 3189 3520 ,
3209 3455 3533 3526 quicumque
3564 3495 3581 3519 ,

1994 3565 2099 3604 non
2121 3549 2240 3604 dico
2267 3564 2361 3619 per
2389 3548 2519 3603 falsa
2541 3590 2557 3615 ,
2585 3548 2678 3604 sed
2698 3547 2840 3619 quod
2869 3547 3204 3603 manifestum
3233 3554 3349 3611 est,
3383 3562 3478 3617 per
3498 3546 3585 3601 in-

1994 3651 2140 3697 certa
2161 3641 2433 3696 hominum
2455 3641 2676 3695 crimina
2698 3654 2825 3696 oves
2850 3648 3131 3721 segregant
3152 3682 3168 3709 ,
3199 3648 3252 3695 et
3280 3639 3350 3697 ab
3369 3638 3586 3695 unitatis

1994 3744 2152 3803 atque
2171 3733 2445 3789 cbaritatis
2463 3735 2566 3787 vita
2590 3741 2802 3800 ereptas
2822 3740 2876 3788 et
2894 3734 3152 3788 alienatas
3173 3741 3384 3795 necant,
3410 3747 3586 3787 nonne

1996 3823 2096 3892 ipsi
2154 3832 2280 3875 sunt
2332 3823 2437 3890 lupi
2482 3822 2740 3889 rapaces?
2780 3824 2848 3876 At
2881 3824 3021 3877 enim
3062 3832 3117 3878 et
3155 3823 3254 3892 ipsi
3300 3824 3585 3878 Dominum

1994 3913 2265 3969 Clu-istum
2304 3912 2523 3967 laudant
2561 3922 2614 3965 et
2645 3911 2953 3981 prmdicant.
2987 3913 3049 3967 lli
3072 3921 3197 3967 sunt
3225 3929 3352 3983 ergo
3372 3913 3438 3968 de
3465 3915 3583 3984 qni-

1996 4005 2094 4059 bus
2121 4004 2234 4073 ipse
2263 4004 2334 4057 ait
2366 4020 2379 4056 :
2408 4001 2590 4057 Induti
2612 4001 2826 4073 pellibus
2856 4002 3021 4056 ovium
3045 4042 3061 4068 ,
3111 4003 3249 4056 intus
3271 4012 3438 4056 autem
3467 4014 3586 4058 sunt

1997 4095 2107 4167 lupi
2134 4110 2360 4164 rapaces.
2375 4094 2459 4149 Ea:
2473 4094 2718 4167 fructibus
2743 4109 2912 4148 eorum
2932 4093 3239 4165 cognoscetis
3264 4108 3348 4147 eos
3372 4092 3586 4165 (Matth.

1996 4203 2068 4241 vn
2089 4229 2103 4253 ,
2134 4187 2235 4253 l5,
2270 4186 2382 4257 16).
2410 4185 2575 4242 Ovina
2607 4186 2763 4255 pellis
2793 4195 2875 4241 est
2901 4187 2953 4239 in
2974 4185 3176 4240 Christi
3205 4184 3473 4255 laudibus,
3501 4185 3593 4240 lu-

2000 4279 2154 4350 pinus
2178 4278 2376 4333 fructus
2405 4279 2454 4331 i-n
2480 4276 2753 4333 maledicis
2778 4276 3050 4332 dentibus.

2070 4370 2295 4427 CAPUT
2343 4369 2576 4424 LXXlV.
2604 4400 2674 4411 —-
2710 4370 2832 4426 N35.
2886 4369 3074 4425 Perna.
3097 4368 3280 4425 dixit:
3324 4367 3372 4425 0
3417 4370 3586 4426 miscn

2002 4462 2312 4517 traditorcs!
2340 4460 2541 4529 impleri
2570 4462 2770 4532 quidem
2808 4460 3132 4530 Scripturam
3158 4460 3230 4514 sic
3259 4460 3425 4515 decuit
3449 4476 3469 4526 ;
3497 4461 3595 4515 scd.

2000 4557 2053 4610 in
2075 4556 2208 4610 vobis
2229 4556 2323 4609 hoc
2348 4554 2493 4609 doleo
2514 4595 2529 4622 ,
2558 4554 2693 4624 quod
2719 4562 2885 4626 partes
2907 4553 3115 4608 malitia:
3142 4569 3226 4607 vos
3250 4552 3458 4624 implere
3482 4568 3588 4606 me-

2002 4648 2194 4703 ruistis.

2078 4739 2201 4793 le.
2230 4739 2363 4794 Anc.
2395 4737 2671 4807 t‘CSpomlit
2703 4755 2715 4791 τ
2749 4737 2967 4793 Possem
3003 4752 3103 4807 ego
3154 4737 3322 4809 magis
3363 4735 3542 4793 dicere
3573 4778 3585 4799 .

2008 4829 2053 4884 0
2082 4831 2252 4884 miseri
2279 4827 2549 4883 traditam
2564 4829 2655 4884 ."si
2696 4828 2826 4884 mihi
2862 4829 3133 4898 placeret,
3185 4830 3293 4884 into
3319 4829 3364 4884 si
3387 4829 3589 4900 jnstitia

2005 4922 2293 4986 suaderet,
2322 4921 2569 4975 omnibus
2596 4920 2748 4975 vobis
2785 4919 3021 4990 objicere
3060 4920 3413 4991 quorumdam
3453 4919 3589 4974 l'acta

2007 5022 2328 5069 vestrorum.
2359 5011 2511 5079 Quod
2545 5027 2674 5082 ergo
2695 5010 2758 5066 ad
2793 5027 2982 5067 omnes
3003 5027 3097 5066 vos
3123 5012 3382 5081 pertinet,
3420 5009 3465 5065 0
3492 5010 3591 5065 mi-

2006 5104 2112 5159 seri
2161 5102 2652 5158 luereticilczetera
2680 5102 2789 5172 jam
2834 5101 2991 5156 verba
3039 5110 3125 5156 tua
3171 5117 3271 5172 ego
3324 5100 3590 5163 dixerim;

2007 5198 2261 5266 scriptum
2286 5205 2367 5251 est
2395 5196 2568 5260 enim,
2604 5195 2813 5267 Oportet
2832 5206 2878 5249 et
2899 5196 3111 5251 Ita’reses
3136 5212 3241 5250 esse
3260 5236 3276 5261 ,
3307 5204 3361 5248 ut
3396 5194 3594 5263 probati

2008 5286 2264 5356 manifesti
2295 5287 2420 5356 [iant
2444 5287 2575 5339 inter
2614 5301 2701 5340 vos
2730 5285 2769 5353 (1
2794 5286 2910 5340 Cor.
2943 5301 3026 5351 st,
3054 5286 3164 5357 19).
3199 5303 3219 5337 c
3253 5284 3459 5354 lmpleri
3474 5300 3595 5355 ergo

2018 5377 2339 5450 Scripturam
2366 5378 2439 5431 sic
2466 5377 2724 5447 oportuit;
2749 5379 2837 5432 sed
2861 5378 2913 5432 in
2959 5379 3097 5433 vobis
3126 5377 3220 5432 hoc
3248 5377 3391 5431 doleo
3412 5417 3426 5442 ,
3459 5376 3595 5448 quod

2024 5481 2191 5543 partes
2216 5470 2426 5525 malitia:
2449 5471 2655 5540 implere
2678 5486 2763 5525 vos
2785 5470 3055 5526 meruistis.
3070 5488 3089 5523 ι

2081 5712 2096 5743 ι
2126 5717 2173 5782 tn
2201 5711 2344 5782 editis
2363 5750 2376 5769 ,
2415 5709 2766 5782 dimatmuilnts
2788 5707 3122 5782 consequentia
3158 5707 3299 5758 rcrl'a
3324 5698 3583 5761 recitatum

2010 5767 2165 5822 Abest
2194 5767 2571 5832 disptttimtibits,
2597 5786 2623 5821 a
2649 5767 3002 5833 Inamtscriptis.

2085 5838 2104 5867 ³
2131 5836 2215 5884 llic
2247 5836 2564 5894 restituitnus,
2593 5833 2724 5898 quia,
2752 5847 2814 5884 ex
2840 5832 3095 5899 manuscrij
3113 5832 3190 5884 tis.
