4028 6202
392 416 483 468 311
1225 408 1494 462 CON'I'R.\
1540 407 1875 463 LITTER.\S
1914 410 2273 475 PETIIJANI.
2316 416 2374 469 S.
2418 418 2783 475 AUGUSTINI

380 566 383 569 -
461 524 685 580 CAPUT
714 523 919 578 I.X.\V.
951 552 1019 560 —
1049 521 1166 574 I67.
1192 521 1378 574 Ρετιι.
1410 519 1542 573 dixit
1567 536 1579 572 :
1615 520 1775 573 Nobis
1805 530 1972 573 autem

397 618 642 670 Dominus
669 613 895 668 Christus
920 621 1095 665 contra
1120 621 1280 667 vestra
1310 611 1489 679 feralia
1520 610 1809 679 patientiam
1853 610 1975 662 sim-

395 709 570 774 plicem
618 705 1047 771 innocentiamque
1098 702 1370 755 mandavit.
1430 700 1565 764 Quid
1620 701 1752 752 enim
1806 700 1975 753 dicit?

397 819 414 847 ε
444 797 741 850 Mandatum
770 810 949 848 norum
976 794 1039 846 do
1065 793 1199 845 vobis
1220 833 1234 857 ,
1266 801 1320 844 ut
1337 793 1557 861 diligatis
1583 792 1812 854 invicem,
1844 808 1971 860 quo-

393 889 542 940 modo
567 886 721 940 dilexi
741 902 848 948 vos;
883 903 899 935 ι
932 895 997 947 et,
1025 904 1041 933 ι
1075 882 1136 936 In
1163 884 1258 935 hoc
1285 884 1438 936 scient
1464 899 1633 935 omnes
1648 883 1763 950 quia
1780 883 1875 934 mei
1891 883 1974 933 di-

390 978 575 1045 scipuli
592 977 727 1039 estis,
747 977 789 1029 si
810 976 1123 1028 dilectionem
1142 973 1409 1026 habueritis
1432 974 1483 1025 in
1512 972 1721 1025 invicem
1752 990 1768 1021 ι
1792 968 1970 1040 (Jean.

391 1085 515 1132 xm,
548 1070 616 1123 54
640 1111 654 1133 ,
685 1070 788 1139 55}.

467 1160 589 1215 {08.
620 1165 751 1213 Auc.
782 1156 1094 1227 respondit:
1126 1156 1234 1210 Nisi
1272 1154 1384 1209 ha'c
1423 1153 1583 1208 verba
1624 1154 1779 1223 longe
1819 1168 1845 1205 a
1879 1168 1972 1206 vc-

393 1250 518 1303 stris
548 1249 783 1302 moribus
811 1248 979 1301 aliena
1028 1248 1078 1300 in
1123 1246 1385 1300 sermonis
1430 1245 1594 1299 vestri
1639 1243 1975 1312 superficiem

396 1338 784 1403 transferretis,
816 1337 1085 1408 quomodo
1115 1352 1208 1391 vos
1236 1336 1389 1390 ovina
1422 1336 1560 1404 pelle
1588 1334 1871 1402 tegeretis?
1946 1384 1951 1387 ,

464 1428 687 1483 CAPUT
719 1428 949 1482 LXXVI.
978 1458 1046 1466 —
1074 1427 1196 1480 109.
1228 1426 1411 1479 Ρετιι..
1439 1424 1571 1477 dixit
1596 1441 1608 1476 :
1637 1423 1833 1477 Paulus
1853 1439 1981 1494 que-

392 1536 489 1587 que
522 1521 781 1589 apostolus
801 1561 814 1583 ,
842 1535 952 1571 cum
981 1519 1345 1587 persecutiones
1372 1516 1638 1569 immensas
1661 1517 1723 1569 ab
1750 1515 1979 1569 omnibus

393 1609 618 1679 gentibus
649 1619 930 1677 pateretur,
962 1626 992 1661 a
1027 1610 1171 1677 falsis
1202 1608 1442 1679 fratribus
1472 1606 1675 1676 pertulit
1702 1608 1974 1676 graviores,

392 1702 520 1753 sicut
548 1700 612 1753 de
638 1717 691 1753 se
719 1700 823 1768 ipse
846 1709 1071 1783 testatur,
1103 1704 1383 1769 frequenter
1407 1698 1617 1768 afflictus
1641 1714 1659 1752 :
1686 1716 1704 1749 (
1735 1696 1979 1750 l’ericulis

304 1781 315 1790 ’
394 1808 457 1843 ea:
482 1791 729 1861 gentibus.
763 1781 994 1860 periculis
1018 1805 1077 1842 ea:
1094 1804 1295 1858 genere,
1322 1788 1555 1857 periculis
1580 1803 1611 1839 a
1637 1786 1780 1858 falsis
1806 1786 1981 1856 fratri-

394 1884 485 1935 bus
516 1902 533 1935 ι
568 1882 631 1953 (ll
661 1882 776 1935 Cor.
802 1898 873 1944 xl,
898 1881 1008 1949 ‘26).
1039 1881 1231 1948 Quique
1254 1880 1433 1931 iterum
1455 1878 1615 1930 dicit:
1644 1877 1978 1931 olmilutores

393 1976 490 2029 mei
511 1985 691 2041 estote,
714 1975 837 2028 sicut
858 1984 902 2025 et
922 1989 1011 2043 ego
1029 1972 1214 2026 Christi
1242 1990 1260 2025 ι
1295 1969 1336 2042 (1
1361 1970 1476 2024 Cor.
1496 1986 1567 2034 tv,
1598 1969 1706 2038 16).
1735 1967 1857 2021 Cttnt
1882 1966 1977 2037 igi-

396 2080 480 2122 tur
518 2085 607 2122 nos
636 2068 754 2138 falsi
784 2072 962 2135 fratres
988 2064 1283 2135 appetitis‘,
1323 2061 1475 2117 Pauli
1514 2061 1738 2132 magistri
1778 2060 1975 2132 patien-

380 2158 518 2217 tiam
546 2157 635 2210 sub
666 2157 847 2209 nostris
877 2156 1110 2225 periculis
1132 2156 1152 2185 ‘
1183 2154 1456 2205 imitamur.

470 2249 590 2303 I70.
623 2249 758 2303 Avo.
789 2247 1061 2315 respondit
1089 2262 1103 2301 ε
1133 2244 1290 2299 Certe
1330 2244 1414 2298 isti
1450 2252 1572 2297 sunt
1612 2242 1723 2297 falsi
1765 2242 1973 2308 fratres,

395 2340 461 2394 de
490 2339 683 2409 quibus
721 2339 824 2392 alio
853 2338 971 2391 loco
1005 2336 1144 2390 idem
1189 2335 1460 2404 apostolus
1501 2335 1570 2388 ita
1614 2333 1973 2403 conqueritur,

394 2429 657 2484 Timothei
689 2428 984 2497 prfedicans
1010 2442 1312 2496 germanam
1354 2425 1710 2479 sinceritatem
1746 2441 1758 2475 :
1796 2421 1975 2475 Nemi-

396 2538 505 2574 uem
527 2562 541 2583 ,
571 2520 770 2587 inquit,
798 2519 953 2571 habeo
981 2518 1265 2570 unanimem
1288 2558 1302 2581 ,
1343 2517 1425 2585 qui
1467 2530 1701 2585 germane
1743 2515 1805 2565 de
1841 2512 1977 2565 vobis

392 2613 638 2665 sollicitus
667 2612 729 2664 sit
761 2627 780 2664 :
811 2626 979 2663 onmes
1009 2610 1137 2662 eniut
1167 2626 1259 2669 sua
1286 2617 1515 2677 quaerunt
1535 2649 1548 2671 ,
1579 2623 1677 2659 non
1715 2620 1827 2676 qua:
1851 2604 1977 2656 Jesu

394 2702 581 2755 Christi
609 2698 863 2769 (Philipp.
894 2716 949 2764 tt,
979 2699 1067 2763 ΞΟ,
1095 2698 1210 2767 21).
1240 2698 1431 2766 Utique
1452 2696 1517 2750 de
1539 2697 1621 2751 bis
1644 2694 1974 2764 loquebatur,

393 2784 485 2859 qui
515 2801 638 2846 tunc
668 2790 882 2860 quando
912 2790 1054 2845 illaut
1086 2789 1350 2844 scribebat
1377 2781 1668 2857 Epistolam
1690 2828 1705 2852 ,
1738 2801 1857 2843 cum
1887 2785 1977 2840 illo

393 2893 562 2937 erant.
594 2882 708 2938 Non
740 2882 880 2939 enim
922 2896 1107 2936 omnes
1148 2881 1234 2950 qui
1275 2887 1435 2950 erant
1467 2879 1785 2947 ubicumque
1822 2875 1976 2935 Citri-

393 2977 569 3039 stiani,
598 2991 690 3028 sua
717 2975 1062 3044 quaerebant,
1096 2989 1198 3025 non
1231 2988 1349 3040 qua:
1377 2971 1503 3025 Jesu
1534 2968 1750 3024 Christi.
1798 2969 1869 3022 De
1894 2967 1975 3021 his

392 3082 521 3134 ergo
542 3108 554 3130 ,
587 3076 643 3119 ut
670 3066 814 3129 dixi,
842 3064 955 3117 lucc
982 3062 1268 3131 ingemuit,
1300 3076 1433 3128 quos
1470 3075 1535 3113 eo
1576 3069 1814 3128 tempore
1852 3072 1973 3111 cum

394 3159 491 3209 ista
524 3157 781 3210 scriberet
810 3169 991 3208 secum
1024 3152 1269 3215 habebat.
1294 3151 1438 3216 Quos
1464 3151 1604 3205 enim
1631 3151 1763 3204 alios
1788 3150 1973 3219 tangit,

391 3264 513 3302 cum
558 3247 681 3301 alibi
728 3246 885 3311 dicit,
916 3243 1065 3298 Foris
1099 3259 1312 3313 pttgntB,
1358 3244 1494 3296 intus
1524 3243 1724 3297 timores
1755 3241 1826 3313 (ll
1854 3241 1970 3297 Cor.

392 3356 485 3405 vn,
523 3340 612 3409 5);
644 3337 741 3393 nisi
773 3352 865 3393 eos
894 3352 1027 3407 quos
1058 3345 1204 3390 tanto
1230 3336 1596 3390 vehementius
1616 3378 1629 3397 ,
1661 3346 1860 3406 quanto
1891 3337 1974 3391 in~

395 3432 558 3483 terius
584 3428 889 3484 metuebat?
914 3428 969 3483 Si
1000 3442 1126 3497 ergo
1152 3427 1313 3480 vvlles
1342 3426 1531 3480 imitari
1561 3427 1783 3480 Paulum
1814 3426 1971 3491 intus,

393 3536 540 3575 esses
572 3520 823 3575 falsorum
858 3520 1076 3575 fratrmn
1107 3519 1393 3582 tolerator,
1424 3534 1527 3572 non
1564 3518 1689 3572 foris
1718 3521 1971 3574 innocen-

393 3616 520 3667 tium
549 3612 917 3666 calumniator.

462 3702 684 3757 CAPUT
715 3702 968 3756 LXXVII.
1001 3734 1061 3741 —
1094 3704 1211 3756 171.
1243 3702 1424 3757 Ρετιι.
1450 3702 1579 3756 dixit
1608 3720 1620 3754 :
1653 3702 1789 3755 Nam
1812 3703 1975 3773 qualis

394 3796 519 3861 fides
546 3798 594 3846 in
618 3795 751 3848 vobis
772 3806 863 3858 est,
892 3810 1002 3862 qua:
1027 3812 1124 3847 non
1148 3794 1292 3850 habet
1314 3795 1650 3849 charitatem?
1681 3793 1845 3847 Paulo
1865 3795 1976 3864 ipso

392 3888 614 3950 dicente,
659 3905 677 3937 ι
711 3886 770 3939 Si
810 3887 994 3955 linguis
1034 3886 1291 3939 hominum
1337 3886 1543 3954 loquar,
1584 3894 1628 3939 ct
1654 3885 1975 3953 .Angelorunt

392 3978 651 4035 scientiam
683 3976 920 4038 habeam,
950 3976 1243 4031 charitatem
1284 3986 1448 4028 autem
1493 3994 1592 4029 non
1638 3977 1875 4040 habeam,
1905 3979 1975 4031 ita

391 4086 501 4121 sunt
530 4077 766 4137 tanquant
796 4077 1127 4122 (crumentum
1155 4068 1392 4132 tinniens,
1422 4077 1508 4119 aut
1535 4068 1817 4137 cymbalum
1850 4086 1973 4123 con-

392 4176 623 4230 crepans.
664 4160 761 4213 Aut
791 4161 834 4213 si
863 4159 1081 4216 Imlmero
1113 4159 1456 4228 prophetiam,
1486 4168 1533 4211 et
1563 4161 1781 4213 noverim
1805 4163 1974 4214 omnia

389 4259 704 4302 sacramenta
734 4259 778 4300 et
813 4265 1008 4305 onmem
1049 4249 1337 4309 scientiant,
1370 4257 1414 4300 et
1448 4249 1491 4301 si
1528 4248 1747 4302 habuero
1778 4267 1973 4305 onmem

392 4339 541 4401 ﬁdem
559 4379 574 4402 ,
599 4339 669 4393 ita
696 4348 747 4390 ut
773 4349 960 4392 montes
990 4341 1323 4407 transferam,
1358 4339 1651 4392 charitatem
1682 4349 1845 4393 autem
1872 4358 1972 4394 non

394 4428 621 4487 habeant,
649 4428 776 4479 nihil
799 4444 928 4479 sum.
959 4426 1018 4478 Et
1041 4427 1082 4479 si
1104 4426 1402 4482 distribuere
1428 4446 1621 4483 ontnem
1646 4429 1971 4483 substantiam

391 4534 551 4571 meatu
575 4517 900 4588 pauperibus,
922 4528 969 4572 et
997 4518 1250 4572 tradidero
1276 4536 1456 4590 corpus
1477 4538 1638 4575 meum
1666 4532 1719 4576 ut
1744 4523 1969 4590 ardeam,

386 4610 681 4661 rlzaritatem
713 4618 876 4661 autem
908 4626 1004 4662 non
1037 4608 1278 4676 habeam,
1309 4610 1436 4663 nihil
1460 4611 1582 4663 mihi
1609 4613 1828 4679 prodest.
1860 4632 1878 4664 ι

462 4702 584 4761 I72.
620 4703 751 4763 Ave.
786 4702 1059 4770 respondit
1094 4721 1107 4757 :
1140 4702 1250 4758 Iloc
1279 4711 1359 4757 est
1388 4702 1527 4772 quod
1560 4704 1714 4771 paulo
1743 4714 1864 4759 ante
1893 4705 1975 4759 di-

394 4792 464 4855 ti,
496 4792 632 4859 pelle
657 4800 706 4846 te
729 4792 881 4847 oviua
910 4793 1114 4862 contegi
1145 4794 1299 4857 velle,
1329 4802 1383 4846 ut
1406 4794 1450 4847 si
1474 4793 1586 4848 ﬁeri
1613 4804 1803 4863 potest,
1829 4796 1974 4865 prius

392 4895 442 4939 te
473 4884 584 4939 ovis
617 4884 946 4941 mordentem
977 4885 1170 4941 sentiat
1190 4924 1203 4948 ,
1234 4900 1392 4953 quam
1422 4886 1725 4953 prtesentiat
1752 4887 1973 4941 venien-

395 4987 519 5032 tem.
551 4976 737 5031 Nonne
766 4976 861 5031 ista
893 4985 974 5031 est
1003 4976 1273 5035 ('lt‘it'itatis
1306 4977 1449 5039 laus,
1481 4994 1599 5046 quae
1629 4988 1855 5033 vestram
1888 4996 1974 5034 ea-

394 5070 645 5123 lutnuiam
692 5067 825 5123 solet
868 5068 1190 5127 lucidis-iuta
1236 5069 1456 5122 veritate
1499 5072 1852 5125 convincere?
1891 5076 1971 5126 An

395 5160 510 5215 ideo
538 5174 682 5214 arma
716 5159 813 5216 ista
845 5167 1023 5212 nostra
1051 5174 1153 5211 non
1182 5168 1372 5223 erunt,
1405 5160 1524 5229 quia
1556 5175 1649 5215 vos
1677 5176 1737 5215 ea
1772 5176 1973 5228 praeoc-

392 5265 587 5321 rnpare
612 5248 918 5307 conamini?
949 5249 1174 5305 Pronus
1203 5249 1507 5316 ba’cjacula
1536 5250 1654 5302 viva
1684 5259 1804 5304 sunt
1829 5268 1841 5305 :
1873 5267 1972 5304 un-
2024 5252 2032 5259 ’

392 5341 687 5411 (locumque
712 5340 998 5408 jactentur,
1028 5347 1387 5408 agnoscuntur
1409 5338 1428 5368 ³
1453 5354 1586 5409 quos
1609 5338 1893 5409 perimant.
1919 5341 1973 5394 Si

392 5450 418 5484 a
453 5432 602 5487 nobis
633 5431 791 5485 missa
834 5431 1053 5494 fuerint,
1089 5430 1138 5482 in
1171 5428 1321 5485 vobis
1352 5429 1625 5484 lucri-bunt
1656 5449 1670 5484 :
1700 5431 1742 5484 si
1769 5446 1798 5483 a
1827 5432 1975 5487 vobis

395 5526 691 5587 mittuntur,
722 5524 771 5576 in
801 5539 894 5576 vos
923 5530 1314 5591 retorquentur.
1348 5521 1438 5575 llis
1464 5513 1603 5575 enim
1636 5536 1733 5575 nos
1763 5532 1976 5592 aposto-

457 5658 468 5683 ¹
498 5657 567 5703 sic
592 5663 693 5703 “se.
725 5663 773 5704 AI.
811 5660 883 5703 Er.
912 5661 961 5702 et
981 5661 1108 5709 |.m'.,
1136 5651 1279 5714 falsos
1311 5652 1487 5713 fratres
1521 5651 1788 5714 appellatis.

456 5718 473 5746 ⁹
502 5723 598 5762 nuo
621 5723 746 5774 διεδ,
772 5719 855 5765 sub
880 5724 987 5768 rest:
1004 5714 1045 5763 ig;
1069 5713 1295 5775 periculis
1326 5726 1341 5762 :
1368 5715 1412 5761 id
1460 5722 1532 5763 est
1554 5749 1565 5771 ,
1586 5713 1589 5714 ⁷
1613 5728 1720 5776 (ιιιλε
1768 5728 1793 5765 a
1842 5716 1974 5765 vobis

460 5785 475 5823 l
496 5790 617 5823 mur.

460 5789 475 5823 l
496 5790 509 5822 1
532 5791 617 5823 lili'.

400 5789 475 5874 Hi
506 5790 548 5893 ,ξι
574 5838 824 5885 veteribus
846 5840 1116 5898 codicillis,
1160 5844 1435 5899 tumescunt.

3553 423 3661 479 2512

2086 523 2202 579 lieis
2230 527 2422 592 verbis,
2455 531 2949 587 eommemlantibus
2982 533 3325 586 eminentiam
3364 534 3659 601 cbaritatis,

2082 615 2232 669 vobis
2258 616 2490 679 solemus
2517 621 2796 676 ostendere
2820 623 3087 691 quomodo
3113 639 3216 678 non
3240 624 3408 693 prosit
3430 623 3663 679 homini-

2084 702 2199 769 bus,
2230 708 2467 774 quamvis
2496 709 2544 761 in
2571 709 2649 763 eis
2675 717 2779 764 sint
2805 712 2885 765 vel
2909 713 3248 767 Sacramenta
3280 714 3364 769 vel
3395 715 3545 778 ﬁdes,
3573 717 3663 770 ubi

2080 791 2311 848 charitas
2343 810 2446 850 non
2473 809 2585 863 est;
2617 809 2670 853 ut
2696 814 2813 853 cum
2844 801 2909 854 ad
2943 802 3192 856 unitatem
3224 803 3536 859 catholicam
3568 822 3663 860 ve.-

2082 884 2237 949 nitis;
2282 884 2583 957 intelligatis
2614 891 2735 958 qttid
2766 891 2915 944 vobis
2943 892 3277 956 conferatur,
3317 905 3372 950 ct
3409 907 3663 966 quantum

2082 978 2151 1029 sit
2185 977 2324 1046 quod
2368 980 2541 1033 minus
2584 981 2856 1037 habebatis
2888 1002 2901 1037 :
2931 984 3160 1039 charitas
3194 988 3334 1039 enim
3376 988 3663 1041 christiana

2083 1065 2183 1118 nisi
2230 1067 2279 1119 in
2329 1070 2527 1124 unitate
2557 1070 2808 1126 Ecclesia:
2840 1088 2942 1126 non
2977 1083 3151 1143 potest
3177 1076 3429 1130 custodiri
3460 1094 3472 1129 :
3504 1088 3666 1145 atque

2084 1156 2152 1209 ita
2184 1158 2407 1215 videatis
2446 1163 2558 1217 sine
2596 1164 2679 1217 illa
2723 1166 2850 1220 nihil
2888 1182 2983 1221 vos
3010 1183 3160 1231 esse,
3192 1170 3291 1223 etsi
3335 1170 3665 1239 Baptismum

2012 1324 2017 1329 Ξ
2082 1256 2135 1299 et
2166 1249 2319 1304 fidem
2351 1255 2603 1318 teneatis,
2633 1266 2687 1311 et
2718 1272 2812 1326 per
2852 1258 2997 1314 illam
3035 1261 3194 1314 etiam
3239 1272 3446 1315 montes
3487 1272 3666 1316 trans-

2083 1336 2224 1392 ferre
2251 1344 2482 1409 possitis.
2506 1344 2656 1410 Quod
2679 1348 2722 1400 si
2746 1349 2859 1403 lunc
2880 1358 2932 1403 et
2956 1358 3127 1404 vestra
3149 1354 3407 1405 sententia
3429 1363 3532 1419 est,
3558 1370 3664 1407 non

2084 1426 2135 1480 in
2177 1430 2326 1484 vobis
2352 1434 2367 1464 ⁸
2398 1433 2726 1491 detestemur
2762 1447 2817 1492 et
2860 1439 3203 1496 cxsofliemus
3242 1442 3321 1497 vel
3353 1443 3450 1497 Dei
3477 1443 3667 1499 Sacra-

2084 1531 2260 1576 menta
2287 1540 2403 1594 qua:
2431 1529 2674 1583 novimus
2695 1570 2709 1593 ,
2736 1531 2817 1585 vel
2846 1531 3011 1601 ipsam
3048 1532 3240 1598 fidem;
3267 1534 3362 1589 sed
3392 1544 3667 1591 teneamus

2084 1613 2396 1671 cbaritatem
2416 1660 2429 1682 ,
2460 1620 2574 1674 sine
2600 1638 2700 1692 qua
2728 1630 2781 1676 et
2804 1639 2922 1678 eum
2949 1624 3306 1681 Sacramentis
3334 1636 3386 1681 ct
3411 1641 3532 1683 cum
3561 1628 3667 1683 ﬁde

2085 1707 2213 1760 nihil
2241 1725 2441 1765 sumus.
2471 1713 2735 1770 Tenemus
2760 1725 2935 1770 autem
2957 1717 3290 1786 charitatem,
3319 1722 3361 1774 si
3386 1722 3667 1792 amplecti-

2084 1814 2205 1852 mur
2230 1802 2478 1858 nnitatem
2510 1822 2523 1858 :
2553 1807 2919 1876 amplectimur
2947 1818 3122 1863 autem
3152 1811 3404 1866 unitatem
3426 1854 3440 1875 ,
3473 1814 3516 1866 si
3545 1828 3665 1869 eam

2084 1906 2187 1943 non
2220 1895 2499 1960 per-verba
2543 1908 2721 1951 nostra
2764 1899 2812 1951 in
2848 1908 2996 1969 parte
3024 1900 3375 1972 contingimus
3397 1945 3411 1971 ,
3442 1903 3536 1958 sed
3570 1920 3666 1974 per

2087 1982 2242 2036 verba
2270 1984 2463 2040 Christi
2496 1988 2545 2041 in
2576 1989 2775 2043 unitate
2804 1993 3193 2059 cognoscimus.
3396 2021 3401 2027 -

2152 2072 2378 2131 CAPUT
2406 2077 2686 2133 LXXVIII.
2714 2110 2784 2120 —
2810 2082 2929 2137 175.
2956 2082 3141 2136 Ρετιι.
3164 2083 3294 2137 dixit
3320 2102 3333 2138 :
3356 2083 3425 2138 Et
3449 2086 3629 2139 iterum
3647 2129 3661 2148 ,

2089 2182 2108 2215 ι
2137 2162 2370 2220 Charitas
2396 2170 2527 2223 enint
2553 2172 2875 2242 magnanima
2897 2181 2966 2226 est
2990 2182 3037 2226 et
3057 2174 3302 2244 benigna;
3323 2176 3543 2230 charitas
3563 2194 3663 2230 non

2082 2259 2368 2327 temulatur,
2398 2279 2498 2316 non
2524 2264 2629 2335 agit
2656 2282 2939 2335 perperam,
2965 2283 3065 2320 non
3087 2267 3314 2337 inflatur,
3338 2285 3437 2322 non
3462 2280 3533 2324 est
3554 2287 3663 2323 am-

2082 2350 2277 2415 bitiosa,
2307 2370 2407 2406 non
2436 2357 2613 2424 qurerit
2642 2373 2752 2423 τινας
2775 2375 2867 2411 sua
2894 2368 3029 2423 sunt.
3070 2378 3087 2411 ι
3134 2359 3228 2413 Vos
3254 2372 3417 2414 autem
3442 2365 3664 2432 aneritis

2081 2443 2265 2496 aliena.
2301 2464 2318 2494 ‹
2356 2444 2473 2499 Non
2502 2448 2747 2513 irritatur,
2778 2466 2875 2502 non
2902 2452 3083 2517 Cogitat
3111 2454 3319 2516 nmium,
3352 2472 3449 2507 non
3480 2458 3663 2525 gaudet

2081 2548 2233 2601 super
2262 2534 2551 2603 iniquitate,
2584 2542 2863 2608 congaudet
2905 2551 3071 2593 autem
3117 2544 3312 2595 veritati
3344 2560 3359 2596 :
3390 2548 3557 2598 omnia
3589 2558 3665 2599 to-

2082 2623 2224 2688 lerat,
2251 2627 2419 2678 omnia
2440 2630 2646 2681 sustinet
2668 2646 2686 2682 :
2707 2630 2928 2684 charitas
2950 2648 3201 2701 nunquam
3225 2636 3414 2687 excidet
3435 2656 3452 2686 ι
3481 2636 3520 2705 (1
3544 2636 3659 2688 (ἴον.

2082 2728 2209 2775 xui,
2242 2715 2385 2785 1-8).
2422 2715 2534 2769 Iloc
2576 2730 2647 2772 est
2692 2718 2900 2773 breviter
2941 2721 3106 2775 dicere
3138 2738 3157 2776 :
3195 2722 3315 2777 Non
3354 2726 3665 2795 persequitur

2080 2806 2321 2873 charitas,
2355 2826 2453 2863 non
2482 2812 2746 2865 adversum
2773 2824 2980 2867 ca'teras
3006 2816 3203 2868 animas
3230 2817 3549 2886 imperatores
3577 2820 3661 2871 in-

2080 2897 2341 2964 flammat,
2376 2917 2475 2954 non
2512 2902 2679 2956 aliena
2717 2903 2922 2972 diripit,
2967 2922 3066 2959 non
3107 2907 3255 2960 etiam
3286 2908 3508 2963 homines
3537 2926 3662 2979 quos

2080 2989 2308 3055 spoliarit
2337 2991 2536 3043 occidit.

2154 3082 2274 3135 174.
2317 3084 2450 3139 Are.
2484 3086 2804 3154 respondit:
2838 3088 3057 3155 Quoties
3099 3091 3191 3145 tibi
3236 3092 3473 3147 dicturus
3518 3109 3658 3161 sum,

2083 3171 2193 3225 haec
2223 3173 2267 3226 si
2295 3189 2396 3227 non
2429 3176 2681 3244 probatis,
2711 3179 2775 3233 ad
2802 3182 3063 3235 neminem
3090 3184 3353 3251 pertinent
3378 3202 3391 3238 :
3418 3185 3460 3238 si
3482 3194 3657 3239 autem

2082 3262 2336 3331 probatis,
2359 3264 2423 3318 ad
2452 3281 2550 3321 nos
2575 3283 2680 3322 non
2713 3272 3008 3338 pertinent;
3040 3273 3175 3326 sicut
3198 3288 3295 3328 nec
3320 3273 3384 3327 ad
3408 3289 3517 3338 vos,
3542 3290 3661 3344 qua:

2078 3352 2240 3406 vestri
2280 3355 2520 3424 quotidie
2563 3362 2900 3415 committunt
2938 3377 3036 3431 per
3076 3365 3276 3419 scelera
3315 3363 3659 3431 furiosorum,

2082 3460 2175 3513 per
2204 3444 2437 3502 luxurias
2466 3450 2855 3505 vinolentorum
2876 3495 2889 3517 ,
2921 3468 3015 3520 per
3042 3455 3333 3509 czecitatem
3368 3457 3662 3525 prmcipita-

2082 3543 2287 3601 torum,
2322 3554 2415 3607 per
2457 3542 2786 3610 tyrannidem
2833 3553 3121 3610 raptorum.
3165 3545 3294 3611 Quis
3332 3562 3437 3602 non
3487 3548 3665 3603 videat

2078 3641 2261 3681 verum
2289 3644 2405 3683 esse
2434 3631 2572 3699 quod
2602 3632 2810 3685 clamo?
2838 3632 2941 3686 Sed
2970 3649 3108 3687 Iltlltc
3134 3634 3179 3686 si
3204 3644 3345 3689 esset
3373 3636 3424 3688 in
3455 3646 3504 3690 te
3528 3639 3663 3692 eba-

2081 3718 2226 3782 ritas,
2255 3720 2612 3790 cenganderet
2642 3723 2866 3777 veritati.
2899 3723 3067 3788 Quam
3099 3725 3237 3778 enim
3265 3726 3538 3795 eleganter
3558 3732 3665 3784 sub

2080 3811 2217 3877 pelle
2244 3813 2395 3865 oviua
2423 3813 2636 3879 dicitur,
2669 3814 2898 3870 Charitas
2924 3821 3093 3870 omnia
3122 3819 3321 3885 tolerat,
3343 3822 3513 3874 omnia
3543 3839 3664 3877 sus-

2080 3905 2200 3956 tinet
2229 3904 2249 3956 !
2277 3905 2363 3959 ubi
2418 3916 2593 3960 autem
2633 3916 2845 3961 ventum
2895 3908 3051 3963 fuerit
3092 3909 3156 3964 ad
3195 3925 3450 3976 examen,
3495 3912 3661 3983 lupini

2078 3994 2264 4048 dentes
2304 3997 2502 4062 eperiri
2548 4014 2652 4050 non
2697 4008 2938 4068 possunt.
2985 4001 3114 4054 Cum
3145 4002 3286 4055 enim
3317 4003 3547 4059 charitas
3586 4015 3659 4072 te,

2080 4092 2293 4153 propter
2323 4085 2372 4139 id
2400 4087 2539 4155 quod
2570 4087 2767 4142 dictum
2795 4098 2895 4152 est,
2931 4090 3243 4146 Sustinentes
3268 4093 3475 4147 invicem
3499 4097 3550 4149 in
3577 4098 3662 4151 di-

2078 4176 2318 4237 lectione,
2353 4172 2603 4232 studentes
2641 4196 2838 4233 servare
2874 4182 3116 4234 unitatent
3149 4184 3355 4251 spiritus
3385 4185 3434 4238 in
3465 4187 3663 4241 vinculo

2079 4267 2216 4335 pacis
2241 4265 2454 4338 (Ep/tes.
2480 4284 2551 4329 tv,
2578 4269 2632 4332 2,
2658 4272 2736 4338 5),
2767 4271 2972 4325 etiamsi
3000 4288 3098 4339 qua
3126 4273 3259 4326 mala
3289 4274 3428 4328 intus
3454 4292 3658 4341 nosses,

2078 4368 2290 4427 cingeret
2310 4401 2324 4424 ,
2357 4375 2459 4413 non
2491 4361 2570 4414 eis
2599 4361 2811 4429 quidem
2839 4364 3174 4428 consentire,
3206 4364 3297 4417 sed
3331 4374 3502 4419 tamen
3531 4384 3588 4420 ea
3617 4370 3661 4422 si

2079 4449 2364 4517 prohibere
2414 4466 2517 4502 nou
2561 4459 2792 4518 poteras,
2814 4453 3077 4507 sustinere
3097 4495 3110 4515 ,
3156 4470 3221 4508 ne
3251 4466 3466 4524 propter
3494 4460 3662 4513 malos

2078 4540 2376 4593 ventilabro
2405 4540 2591 4593 ultimo
2615 4542 2960 4610 separandos,
2986 4559 3125 4596 nunc
3152 4560 3179 4597 a
3210 4545 3465 4599 bonorum
3493 4549 3666 4605 socie-

2081 4640 2186 4683 tate
2215 4631 2357 4699 pacis
2383 4631 2645 4684 vinculum
2669 4632 3014 4701 abrumperes
3038 4651 3051 4698 ;
3086 4635 3228 4689 foras
3254 4647 3410 4697 vento
3433 4638 3662 4695 levitatis

2078 4737 2364 4788 excussus,
2395 4724 2560 4791 paleae
2591 4725 2790 4778 crimen
2823 4726 3008 4794 objieis
3040 4729 3248 4794 tritico,
3284 4739 3334 4785 et
3361 4746 3477 4800 qum
3509 4733 3664 4804 fingis

2080 4813 2143 4865 de
2174 4813 2345 4876 malis,
2376 4828 2469 4882 per
2488 4816 2854 4883 contagionem
2877 4818 3051 4871 valere
3079 4828 3131 4873 et
3158 4819 3208 4872 iu
3233 4821 3383 4875 bouis
3404 4823 3662 4882 affirmas.

2082 4903 2147 4955 Et
2173 4919 2291 4957 cum
2324 4904 2575 4957 Dominus
2604 4905 2814 4967 dixerit,
2849 4907 2979 4974 Ager
3008 4919 3079 4961 est
3111 4909 3191 4960 hic
3221 4913 3458 4978 numdus,
3489 4918 3665 4970 messis

2079 5003 2244 5045 autem
2275 5001 2346 5045 esl
2384 4994 2501 5061 finis
2540 4997 2749 5058 SlL‘t‘lt/l,‘
2787 5013 2905 5049 cum
2944 4996 3010 5051 de
3050 4997 3328 5054 frumentis
3364 5012 3418 5056 et
3448 5005 3666 5061 zizanii;

2080 5084 2335 5149 (Ιίχίεςει,
2394 5085 2561 5139 Sinite
2612 5097 2821 5155 utraque
2866 5105 3085 5144 crescere
3132 5107 3289 5162 usque
3339 5094 3405 5147 ad
3458 5112 3666 5154 messem

2083 5176 2293 5244 (Matth.
2324 5192 2411 5235 χιιι
2434 5217 2447 5241 ,
2479 5177 2548 5231 58
2569 5217 2582 5240 ,
2612 5179 2710 5239 '51),
2742 5180 2830 5248 50)
2867 5197 2877 5231 :
2911 5189 2963 5233 tu
2994 5182 3201 5237 laboras
3239 5186 3414 5239 verbis
3440 5187 3577 5253 tuis,
3607 5202 3667 5247 ut

2083 5267 2341 5320 frtnnenta
2373 5267 2482 5335 jam
2528 5283 2621 5336 per
2652 5276 2816 5322 totum
2848 5285 3031 5339 agrum
3066 5271 3360 5341 defecisse,
3389 5284 3443 5330 et
3473 5278 3538 5332 ad
3569 5295 3667 5337 ex-

2084 5359 2255 5426 iguam
2310 5359 2617 5426 particulam
2685 5370 2913 5415 vestram
2977 5366 3299 5421 remansisse
3351 5368 3667 5431 credantur;

2080 5449 2204 5503 dum
2236 5448 2311 5505 vis
2345 5434 2398 5502 ut
2430 5450 2685 5509 habeatur
2712 5452 2958 5507 Christus
2981 5455 3204 5510 mendax
3229 5498 3243 5521 ,
3279 5467 3331 5512 tu
3364 5468 3541 5514 autem
3574 5477 3668 5517 ve-

2084 5558 2195 5595 rav.
2231 5543 2292 5594 Iit
2323 5542 2555 5611 loqueris
2583 5543 2795 5612 quidem
2837 5555 3021 5599 contra
3060 5549 3439 5603 conscientiam
3481 5559 3663 5606 tuam:

2084 5648 2254 5699 neque
2275 5634 2412 5685 enim
2432 5649 2555 5685 vere
2572 5638 2848 5703 quisquam
2871 5653 3080 5706 quoque
3100 5640 3256 5692 modo
3275 5642 3484 5698 intuens
3503 5643 3677 5698 Evan-

2084 5725 2272 5793 geliutn
2297 5764 2308 5782 ,
2339 5723 2494 5774 audet
2523 5724 2572 5775 in
2601 5726 2777 5777 animo
2806 5744 2901 5779 suo
2931 5729 3107 5784 dicere
3127 5770 3138 5790 ,
3171 5745 3265 5798 per
3295 5741 3369 5786 tot
3398 5746 3583 5802 gentes
3615 5736 3665 5791 itt

2158 5840 2169 5867 ι
2202 5844 2416 5889 t-Lrasrnus
2442 5846 2487 5885 et
2514 5838 2880 5899 Cygiranuensis
2907 5851 3002 5906 \:s.,
3034 5856 3122 5894 non
3146 5844 3194 5897 in
3217 5845 3368 5901 nobis.
