4028 6202
289 406 406 461 313

289 521 491 589 quibus
519 533 654 589 pene
685 532 785 572 una
819 532 946 571 voce
977 518 1326 586 respondetur
1353 519 1542 581 Amen,
1574 526 1626 571 et
1649 525 1894 570 cantatur

290 610 546 676 Alleluia,
576 625 680 663 non
706 623 827 663 esse
858 608 1206 662 Christianos.
1244 609 1308 662 Et
1341 617 1515 662 tamen
1548 622 1613 662 ne
1645 622 1766 676 pars
1792 607 1894 659 lto-

290 702 430 763 ttztti,
461 717 580 769 qua:
607 700 723 754 orbi
757 708 1018 752 terrarum
1048 714 1150 752 non
1184 699 1540 753 communicat
1560 741 1572 761 ,
1603 713 1784 752 errare
1810 694 1889 749 vi-

289 793 506 853 deatur,
532 791 576 844 si
601 791 720 859 quis
747 789 838 842 tibi
865 789 1084 859 angelus
1109 789 1174 843 de
1196 790 1354 854 ctelo,
1380 790 1467 859 qui
1498 800 1676 859 posset
1699 788 1890 842 intueri

289 884 605 936 lt::i\'Ct‘Stlttt
637 881 822 935 orbem
845 922 858 945 ,
905 880 1108 934 diceret
1151 893 1298 934 extra
1342 880 1767 935 comtttuniouem
1797 893 1889 933 ve-

288 983 462 1026 stram
491 987 752 1041 nusquam
781 986 900 1026 esse
928 971 1238 1026 innocentes
1266 980 1316 1024 et
1349 971 1543 1033 bonos,
1582 969 1763 1039 procul
1789 969 1890 1023 du-

291 1063 388 1117 bio
411 1064 676 1132 gauderes
701 1078 864 1132 super
887 1062 1162 1132 iniquitate
1188 1063 1398 1132 generis
1424 1061 1659 1126 humani,
1689 1071 1739 1115 et
1767 1074 1887 1114 vera

292 1162 348 1208 te
371 1154 571 1208 dixisse
591 1163 872 1222 antequam
895 1168 1247 1224 cognosceres
1266 1153 1590 1223 gloriareris.
1612 1151 1889 1220 Quomodo

291 1255 378 1299 est
401 1260 530 1312 ergo
563 1245 614 1297 in
645 1253 696 1298 te
720 1243 951 1298 Charitas
971 1286 985 1310 ,
1017 1260 1137 1314 qua:
1167 1261 1266 1298 non
1306 1245 1491 1315 gaudet
1523 1261 1674 1312 super
1699 1244 1886 1312 iniqui-

285 1337 435 1389 tate?
459 1334 566 1390 Sed
596 1334 704 1388 noli
735 1333 841 1388 falli
868 1353 880 1388 :
909 1345 1032 1389 sunt
1061 1351 1154 1404 per
1180 1352 1386 1405 agrum,
1416 1336 1464 1390 id
1488 1345 1590 1401 est,
1622 1351 1716 1406 per
1736 1352 1888 1389 mnu-

290 1425 420 1479 dum
450 1440 620 1492 usque
648 1424 712 1478 ad
742 1422 896 1477 fittent
927 1425 1106 1478 sa-culi
1153 1427 1443 1492 crescentia
1487 1425 1748 1480 frumenta
1786 1426 1885 1480 du-

290 1517 512 1568 miuica.
547 1513 792 1569 Christus
833 1514 931 1569 hoc
969 1514 1142 1579 dixit,
1176 1515 1415 1570 Christus
1441 1526 1524 1570 est
1549 1517 1762 1570 veritas.
1805 1516 1887 1570 Sit

290 1606 347 1660 in
385 1616 436 1659 te
471 1606 743 1672 cltaritas,
767 1614 820 1661 et
857 1607 1184 1676 congaudent
1227 1609 1453 1660 veritati.
1489 1608 1682 1662 Contra
1715 1609 1886 1662 Etan-

288 1697 490 1768 gclium
522 1697 622 1752 etsi
653 1697 870 1767 angelus
896 1697 964 1752 de
996 1698 1132 1754 (telo
1161 1699 1633 1768 evangelizaverit,
1663 1699 1884 1754 anatltco

291 1804 381 1842 nta
411 1789 479 1842 sit
510 1787 708 1854 (Calat.
736 1804 781 1853 ι,
811 1788 892 1860 8).

367 1879 594 1936 CAPUT
627 1880 862 1936 LXXIX.
902 1911 976 1922 —
1021 1882 1142 1937 175.
1177 1882 1361 1936 Ρετιιη
1390 1881 1522 1936 dixit
1551 1900 1561 1933 :
1600 1881 1880 1943 Postremo,

289 1989 410 2043 qua:
436 1983 506 2027 est
540 1974 671 2026 ratio
701 1973 1070 2044 persequendi?
1105 1971 1202 2027 Vos
1223 2015 1236 2036 ,
1269 1975 1436 2026 miseri
1453 2015 1466 2031 .
1498 1975 1788 2042 interrogo;
1841 1973 1884 2026 si

289 2065 484 2135 putatis
508 2065 728 2135 forsitan
756 2081 841 2119 vos
865 2065 1037 2134 aliqua
1067 2064 1190 2134 legis
1220 2069 1518 2118 auctoritate
1548 2067 1774 2134 peccare.

367 2156 490 2210 176.
527 2159 659 2211 Auc.
689 2155 960 2226 respondit
990 2174 1003 2210 :
1030 2155 1128 2222 Qui
1153 2164 1369 2224 peccat,
1401 2171 1503 2208 non
1532 2164 1716 2224 peccat
1754 2155 1885 2225 legis

288 2249 630 2311 auctoritate,
663 2248 754 2302 sed
787 2257 968 2300 contra
999 2247 1129 2318 legis
1158 2247 1547 2301 auctoritatem.
1591 2247 1723 2315 Quia
1755 2262 1884 2301 veto

291 2342 613 2410 interrogas,
643 2355 760 2409 qua!
785 2321 1016 2393 sitiratio
1043 2339 1430 2408 persequendi;
1461 2339 1692 2392 vicissim
1722 2348 1772 2392 te
1803 2339 1882 2391 in-

291 2441 528 2501 terrogo,
553 2433 705 2500 cujus
729 2431 799 2484 sit
824 2445 921 2484 vox
948 2431 998 2484 in
1022 2430 1232 2484 Psalmo
1255 2428 1498 2494 dicentis,
1529 2429 1881 2484 Detrahentetu

287 2532 480 2577 secreto
525 2522 758 2590 proximo
804 2537 922 2585 suo,
963 2521 1100 2574 [tunc
1145 2521 1470 2590 persequebar
1514 2521 1679 2591 (Psal.
1713 2537 1772 2580 ο,
1801 2521 1877 2591 5).

287 2617 481 2680 Qurerc
512 2613 690 2684 itaque
721 2613 1105 2683 perseeutionis
1147 2614 1228 2666 vel
1267 2627 1480 2666 causam
1524 2613 1606 2667 vel
1641 2613 1880 2679 modum,

288 2716 344 2762 et
369 2708 475 2760 noli
505 2717 648 2760 tanta
677 2706 940 2774 imperitia
977 2706 1296 2776 generaliter
1335 2706 1594 2760 malorum
1629 2721 1878 2776 persecu-

289 2809 433 2853 tores
459 2797 874 2868 reprehendere.

358 2890 588 2946 CAPUT
626 2889 839 2944 LXXX.
877 2921 948 2930 —
989 2890 1114 2943 177.
1142 2889 1328 2944 Ρετιι..
1360 2888 1532 2943 dixit:
1569 2889 1676 2960 ligo
1713 2906 1827 2943 vero
1855 2907 1883 2944 ε

289 2994 461 3038 contra
507 2983 819 3053 respondeo,
859 2979 1035 3034 Iesum
1066 2982 1318 3034 Christum
1360 2981 1605 3034 neminem
1644 2998 1878 3050 perseca-

290 3085 391 3126 tum
415 3089 436 3128 :
456 3082 504 3127 et
529 3089 642 3127 cum
667 3071 851 3144 aliqum
876 3082 1022 3126 secta:
1042 3071 1296 3141 Apostolis
1323 3071 1480 3124 eidem
1507 3074 1881 3140 suggerentibus

289 3165 612 3234 displicerent
641 3165 737 3233 (ita
765 3165 896 3216 enim
927 3165 1077 3231 ﬁdem
1109 3173 1305 3216 venerat
1345 3167 1512 3234 facere
1531 3205 1545 3228 ,
1584 3173 1635 3216 ut
1664 3180 1762 3216 non
1791 3181 1878 3217 co-

291 3269 422 3329 geret
443 3258 694 3321 homines,
720 3257 810 3310 sed
831 3257 994 3326 potius
1017 3255 1305 3325 invitaret),
1332 3256 1503 3308 dicunt
1531 3256 1606 3309 illi
1627 3257 1876 3324 Apostoli,

298 3369 316 3400 ι
345 3349 502 3403 Multi
530 3349 581 3402 in
613 3349 814 3402 nomine
857 3356 941 3400 tuo
985 3363 1165 3399 tttanus
1206 3346 1503 3415 imponunt,
1539 3356 1583 3398 et
1624 3346 1880 3400 nobiscum

293 3459 390 3495 non
417 3451 555 3496 sntit.
587 3461 607 3494 t
640 3440 781 3494 Dixit
801 3437 994 3494 Iesus:
1022 3457 1040 3490 ι
1072 3438 1317 3492 Dimittite
1341 3437 1494 3502 illas;
1523 3439 1567 3492 si
1593 3448 1765 3492 contra
1795 3455 1881 3493 eos

293 3549 391 3584 non
417 3543 535 3584 sunt
557 3573 571 3593 ,
607 3547 696 3600 pro
727 3529 862 3583 vobis
887 3539 1022 3583 sunt.
1057 3547 1075 3580 t

365 3623 486 3677 1'78.
522 3625 659 3677 Atro.
693 3621 964 3690 respondit
993 3639 1005 3675 :
1039 3621 1228 3675 Verum
1270 3621 1402 3674 dicis
1423 3664 1436 3683 .
1469 3623 1633 3676 multo
1666 3624 1880 3678 ulterius

295 3727 344 3770 te
377 3717 705 3786 prolaturum
731 3715 797 3768 de
824 3725 912 3768 tuo
940 3730 1056 3784 qu.e
1082 3713 1132 3768 in
1155 3714 1442 3784 Setip'uris
1472 3731 1574 3767 nou
1603 3717 1882 3770 inveniun-

295 3822 395 3862 tur.
425 3810 479 3864 Si
507 3811 650 3864 cnim
679 3808 744 3862 de
765 3807 1047 3876 Seripturis
1069 3808 1262 3861 sanctis
1285 3808 1413 3859 velis
1437 3808 1732 3860 te5timonia
1760 3825 1882 3874 pro-

295 3901 451 3962 ferre,
477 3899 731 3970 numquid
757 3915 814 3952 ea
839 3915 954 3968 quze
978 3914 1080 3951 non
1110 3898 1372 3951 inveneris
1397 3898 1668 3966 proferes?
1695 3897 1891 3950 Vestra-

293 4001 465 4045 autem
495 3991 770 4045 mendacia
803 4007 957 4059 quam
989 3989 1147 4042 multa
1177 3989 1304 4054 sint,
1335 3989 1385 4041 iu
1415 3997 1588 4042 vestra
1624 3994 1880 4056 potestate

290 4091 390 4134 est.
421 4081 515 4136 l‘hi
547 4081 690 4135 enim
724 4081 976 4148 scriptum
1009 4088 1089 4131 est
1115 4079 1254 4148 quod
1288 4079 1527 4148 posuisti,
1559 4079 1638 4131 vel
1670 4078 1880 4149 quando

290 4181 375 4223 aut
409 4172 635 4224 ltontiuo
667 4170 788 4223 illud
817 4179 1119 4239 suggestum
1147 4179 1256 4231 est,
1298 4179 1386 4222 aut
1421 4186 1450 4223 a
1491 4170 1712 4222 Domino
1753 4169 1877 4222 illud

291 4278 608 4326 resyon‘uut
646 4262 764 4314 est?
794 4260 946 4313 Multi
971 4262 1020 4312 in
1048 4262 1247 4314 nomine
1275 4271 1358 4312 tuo
1386 4278 1563 4312 ntanns
1594 4262 1874 4328 imponant,

290 4366 336 4407 ct
367 4355 623 4407 nobiscum
667 4370 764 4405 non
797 4363 938 4416 sunt,
977 4368 1242 4421 nunquam
1293 4351 1426 4406 Filio
1473 4351 1561 4404 Dei
1601 4353 1877 4420 quisquam

289 4448 675 4515 discipulorum
717 4445 844 4498 dixit
881 4463 893 4498 :
924 4444 1062 4498 unde
1093 4460 1191 4498 nec
1223 4443 1350 4498 illud
1381 4443 1447 4497 ab
1476 4459 1540 4496 eo
1572 4444 1878 4510 resttouderi

290 4539 480 4606 potuit,
516 4536 764 4590 Ditnitti'e
789 4536 940 4599 illos;
968 4536 1011 4587 si
1036 4545 1210 4587 contra
1239 4551 1321 4587 τοι
1348 4552 1445 4587 non
1470 4545 1606 4599 sunt,
1637 4552 1726 4601 pro
1749 4536 1881 4588 vobis

287 4639 424 4683 sunt.
457 4628 561 4682 Sed
589 4637 669 4680 est
698 4627 947 4695 quiddam
977 4625 1177 4688 simile,
1206 4623 1346 4694 qunti
1391 4641 1570 4678 revera
1621 4625 1668 4675 itt
1711 4624 1877 4676 Evan-

289 4720 428 4787 gelio
454 4719 679 4782 legimus
705 4717 769 4768 de
792 4716 1018 4784 quodam
1047 4725 1348 4783 suggestum
1378 4729 1494 4765 esse
1523 4713 1763 4776 Domitio,
1794 4713 1880 4780 qui

291 4813 552 4864 ι1;τ·ιιιιιιιίτι
585 4812 634 4864 itt
666 4811 781 4878 ejus
810 4827 840 4864 n
866 4811 1024 4864 uniue
1049 4807 1292 4875 cjiciebat
1313 4849 1324 4868 ,
1353 4816 1408 4860 et
1451 4824 1568 4858 cunt
1611 4805 1882 4875 discipu’is

291 4920 412 4957 eum
456 4920 562 4958 non
594 4903 944 4972 sequebatur,
976 4900 1062 4955 ubi
1090 4899 1344 4956 Dominus
1370 4898 1472 4963 ait,
1507 4896 1678 4950 Nolite
1707 4898 1880 4966 profri-

289 4999 404 5048 bere
435 5012 453 5047 :
482 4995 569 5063 qui
607 5003 782 5047 contra
818 5009 902 5046 vos
933 5009 1030 5045 non
1061 5000 1132 5045 est
1153 5033 1167 5051 ,
1211 5006 1302 5058 pro
1340 4989 1475 5042 vobis
1514 4998 1585 5041 est
1618 4987 1768 5060 (Luc.
1803 5003 1879 5047 tx,

290 5086 382 5145 ιθ,
412 5087 526 5150 50).
557 5085 668 5138 lloc
695 5094 871 5137 autent
902 5083 966 5136 ad
998 5093 1173 5136 sectas
1199 5080 1662 5143 deutonslramlas,
1693 5080 1883 5148 quibus

292 5178 598 5246 pepercisse
633 5176 885 5229 Dominus
930 5174 1169 5227 tideatur
1215 5173 1433 5226 omnino
1482 5188 1584 5224 non
1630 5171 1880 5240 pertinet.

292 5267 398 5321 Sed
428 5268 469 5320 si
505 5278 554 5320 te
583 5266 836 5320 nonnulla
881 5264 1065 5318 fefellit
1106 5263 1396 5318 similitudo
1437 5263 1744 5326 sententiae,
1778 5275 1880 5314 non

289 5370 369 5409 cst
403 5357 758 5417 utemlaciutu.
790 5371 939 5409 error
970 5355 1230 5408 humanus
1261 5363 1356 5408 est.
1390 5354 1442 5408 Si
1469 5365 1641 5406 autem
1670 5353 1882 5420 imperi-

294 5460 363 5498 llS
389 5457 534 5499 satth
556 5463 690 5499 trum
723 5446 1110 5514 Scriptttrarutn
1145 5445 1361 5498 nebulas
1397 5433 1635 5497 falsitatis
1666 5444 1884 5511 injicere

294 5538 527 5599 voluisti,
555 5539 928 5604 eumpungaris
955 5545 1005 5588 et
1028 5533 1367 5590 conl'ttttdaris
1391 5543 1438 5586 et
1461 5549 1491 5586 c
1515 5533 1762 5602 :tn'igat'is.
1790 5533 1886 5588 Est

295 5635 471 5680 tamen
517 5627 655 5696 quod
699 5628 764 5681 de
797 5627 896 5680 hoc
929 5627 1075 5695 ipso,
1105 5625 1169 5678 de
1195 5639 1300 5695 quo
1329 5625 1550 5678 Domino
1575 5639 1881 5695 suggestum

291 5750 298 5762 α
326 5732 397 5783 st,
427 5737 521 5773 nes
548 5738 784 5789 agamus.
815 5718 1090 5787 Quomodo
1116 5719 1256 5772 enim
1287 5727 1409 5770 tunc
1437 5728 1626 5785 praeter
1647 5733 1882 5771 contmn-

295 5835 304 5866 ι
337 5811 508 5866 ionetn
535 5813 945 5882 lli-cipulorttm,
977 5810 1179 5865 valebat
1212 5819 1386 5864 tamen
1427 5809 1711 5878 plurimum
1757 5826 1878 5864 san.

1624 399 1820 456 LIBER
1869 397 2244 458 SECUNDUS.

3489 423 3590 478 5H

2001 516 2157 571 ctitas
2187 521 2417 576 nominis
2444 521 2671 587 Christi;
2719 526 2797 582 sic
2840 537 3030 597 praeter
3063 531 3316 588 Ecclesia:
3346 549 3590 592 comma-

2002 611 2215 665 nionem
2243 613 2381 667 valet
2405 617 2655 674 sanctitas
2681 618 3029 677 Suet-amenti.
3070 625 3250 696 Neque
3297 629 3437 684 enim
3480 631 3578 685 Ba.

2001 701 2225 768 ptismus
2251 717 2593 762 consecratur
2633 711 2731 764 nisi
2775 711 2826 766 iu
2866 715 3081 770 nomine
3110 716 3280 772 Patris
3309 727 3362 773 et
3391 720 3508 775 Filii
3535 730 3587 776 et

1999 790 2224 861 Spiritus
2247 797 2432 850 sancti.
2455 797 2582 865 Quis
2603 811 2703 855 aut:
2727 819 2776 856 m
2802 804 3167 862 insanissimus
3189 809 3403 874 dixerit,
3426 812 3584 865 etiam

2001 894 2195 951 pra-ter
2238 887 2491 943 Ecclesia:
2521 895 2949 949 communionem
2992 913 3184 951 nomen
3224 899 3342 953 Filii
3385 900 3584 967 valere,

2000 974 2169 1029 Patris
2195 987 2371 1030 autent
2400 990 2454 1033 et
2481 981 2706 1050 Spiritus
2732 986 2898 1038 sancti
2926 1002 3028 1040 non
3054 987 3266 1043 valere?
3290 1000 3380 1042 aut
3407 991 3584 1045 valere

1996 1067 2207 1136 quidem
2237 1069 2287 1122 in
2317 1070 2528 1125 homine
2554 1075 2790 1127 sanando
2815 1077 2856 1142 ¹,
2875 1092 2977 1131 non
3005 1087 3179 1131 autem
3205 1079 3381 1134 valere
3405 1081 3454 1134 in
3483 1081 3585 1135 Ba-

1997 1157 2190 1225 ptisuto
2216 1162 2610 1216 consecrando?
2637 1163 2742 1219 Sed
2769 1164 2919 1232 l-lane.
2951 1176 3142 1236 praeter
3163 1168 3412 1223 Ecclesia:
3439 1185 3586 1225 com-

1995 1249 2300 1304 muttioueut
2333 1262 2384 1306 ct
2413 1255 2628 1309 unitatis
2656 1257 3048 1310 sanctissinntut
3083 1259 3346 1313 vinculum
3380 1271 3430 1314 et
3460 1263 3582 1314 eba-

1995 1341 2165 1394 ritalis
2213 1347 2856 1412 superemittcntissiuzuut
2903 1347 3138 1413 donum,
3182 1365 3280 1404 nec
3311 1351 3396 1405 ille
3425 1371 3451 1402 u
3481 1367 3584 1420 quo

1993 1429 2313 1485 dzemoniunt
2337 1433 2578 1502 cjicitur,
2615 1449 2714 1490 nec
2746 1437 2835 1490 ille
2861 1439 2948 1506 qui
2976 1439 3302 1508 baptizatur,
3331 1449 3581 1494 a'ternaut

1995 1523 2157 1575 vitam
2205 1525 2548 1593 consequitur
2577 1544 2590 1579 :
2619 1526 2753 1580 sicut
2783 1543 2879 1581 nec
2909 1527 2979 1580 illi
3007 1530 3093 1598 qui
3129 1546 3221 1598 per
3250 1536 3580 1583 communio.

1993 1628 2112 1666 nent
2138 1613 2604 1669 Suet-antentm'utn
2653 1617 2794 1675 intus
2835 1618 3112 1681 videntur,
3138 1628 3189 1672 et
3217 1637 3310 1688 per
3339 1621 3580 1688 iniquita-

1991 1713 2097 1758 tem
2130 1721 2336 1760 morum
2367 1706 2494 1759 foris
2523 1708 2906 1778 intelliguntur.
2937 1710 3086 1776 Quod
3125 1721 3299 1764 autent
3339 1710 3580 1764 (Ilu'tstus

1991 1797 2148 1849 etiam
2175 1799 2520 1866 corporaliter
2542 1798 2697 1852 fuerit
2725 1812 3035 1868 persecutus
3061 1818 3174 1862 ces,
3199 1817 3334 1871 quos
3354 1802 3418 1856 de
3442 1812 3576 1856 tent-

1992 1887 2080 1956 plo
2107 1888 2306 1956 expulit
2334 1889 2671 1956 llagellando,
2696 1890 2803 1959 jam
2834 1907 2990 1960 supra
3021 1891 3269 1945 diximus.

2059 1966 2286 2033 CAPUT
2336 1979 2569 2034 LXXXI.
2600 2011 2669 2020 —
2707 1982 2821 2036 I79.
2867 1983 3048 2036 l’ETtL.
3106 1983 3245 2036 dixit
3288 1983 3577 2038 :‘Sanctus

1988 2085 2103 2122 vero
2129 2072 2386 2138 apostolus
2419 2071 2621 2138 Paulus
2641 2074 2748 2126 lure
2777 2075 2898 2126 dicit
2929 2089 2945 2127 :
2978 2092 2995 2125 ι
3037 2073 3248 2143 Quoquo
3275 2075 3423 2128 modo
3442 2116 3455 2139 ,
3487 2075 3570 2128 itt-

1988 2162 2111 2230 qnit.
2145 2159 2372 2216 C.'.ris'us
2397 2166 2740 2218 annuntietur.
2776 2185 2794 2216 t

2062 2254 2181 2308 180.
2227 2257 2359 2310 At'c.
2423 2272 2478 2310 re
2511 2257 2697 2326 poudit
2748 2274 2760 2310 :
2824 2257 3017 2310 Contra
3065 2266 3116 2310 te
3172 2256 3425 2327 loqueris,
3483 2257 3576 2311 sed

1990 2354 2163 2400 tamen
2201 2347 2318 2416 quia
2370 2364 2465 2416 pro
2512 2351 2732 2404 veritate
2766 2349 3020 2420 loqueris,
3065 2351 3106 2404 si
3157 2367 3272 2404 catn
3303 2350 3574 2417 dilexeris,

1989 2453 2084 2507 pro
2117 2449 2165 2490 te
2194 2440 2261 2490 sit
2289 2440 2428 2506 quod
2459 2439 2715 2509 loquetis.
2761 2442 2953 2506 Quare
2975 2443 3114 2496 enim
3143 2441 3237 2495 abs
3264 2455 3334 2507 te,
3365 2442 3431 2496 de
3457 2443 3576 2512 qui-

1987 2528 2086 2582 bus
2133 2529 2232 2583 boc
2277 2529 2472 2583 dixerit
2516 2531 2787 2600 apostolus
2834 2532 3067 2586 Paulus?
3117 2531 3434 2586 Reeolamns
3479 2532 3578 2587 hoc

1989 2606 2258 2687 paululum
2285 2661 2300 2684 ,
2329 2622 2370 2675 si
2404 2621 2594 2692 placet.
2634 2623 2852 2687 Quidam
2877 2665 2892 2687 ,
2922 2623 3091 2692 inquit
3110 2665 3124 2689 ,
3159 2639 3246 2694 per
3265 2623 3503 2676 invidiam
3532 2633 3578 2676 cl

1983 2709 2373 2771 contentionem,
2402 2711 2606 2779 quidam
2636 2701 2748 2764 vero
2777 2729 2865 2781 per
2890 2713 3070 2765 bonam
3095 2713 3400 2766 voluntatem
3423 2713 3572 2766 Citri-

1986 2808 2118 2851 stum
2142 2801 2444 2852 annuntiant
2460 2818 2478 2864 ;
2505 2802 2712 2870 quidam
2739 2819 2801 2855 ex
2821 2803 3068 2856 cltaritate
3094 2846 3107 2868 ,
3146 2805 3357 2857 scientes
3381 2804 3498 2873 quia
3523 2806 3574 2857 itt

1986 2889 2326 2959 defensionem
2355 2889 2622 2960 Evangelii
2647 2893 2839 2961 positus
2858 2909 2969 2944 sunt
2998 2910 3013 2944 :
3038 2893 3242 2962 quidam
3269 2909 3382 2946 vero
3409 2902 3453 2945 et
3487 2911 3575 2962 per

1985 2981 2352 3032 contumaciam
2393 2980 2646 3034 Christum
2693 2982 3016 3046 annuntiant,
3063 2999 3164 3034 non
3204 2993 3358 3047 caste,
3403 2984 3575 3037 existi-

1985 3081 2178 3124 mantes
2239 3073 2608 3124 tribulationem
2662 3073 2896 3125 suscitari
2970 3073 3182 3126 vinculis
3237 3074 3378 3126 meis.
3437 3074 3575 3141 Quid

1985 3163 2162 3216 enim?
2203 3161 2338 3215 Dum
2381 3163 2518 3215 onmi
2557 3163 2728 3228 modo,
2773 3164 2874 3218 sive
2912 3164 3190 3228 occasione,
3232 3164 3332 3218 sive
3369 3165 3576 3218 veritate

1991 3254 2212 3308 (‘ltristus
2241 3256 2586 3318 annuntietur,
2616 3266 2660 3308 ct
2689 3257 2738 3309 in
2768 3257 2862 3309 Itoc
2890 3256 3106 3326 gaudeo,
3139 3255 3228 3309 sed
3258 3265 3303 3309 et
3347 3256 3574 3326 gaudebo

1987 3347 2245 3416 (Philipp.
2287 3365 2318 3410 ι,
2372 3349 2587 3418 lii-l8).
2623 3347 2874 3402 Videmus
2907 3347 3038 3402 iSfos
3070 3363 3180 3402 rem
3208 3348 3418 3417 quidem
3447 3363 3572 3401 san-

1984 3451 2122 3492 ctant
2154 3449 2206 3492 et
2231 3448 2428 3491 castam
2469 3449 2521 3491 et
2564 3454 2768 3504 veram,
2812 3455 2916 3492 non
2962 3447 3136 3493 tanton
3180 3447 3327 3492 caste
3369 3454 3574 3493 annun-

1987 3530 2166 3596 tiasse,
2190 3530 2281 3584 Sed
2309 3547 2399 3600 per
2431 3531 2680 3584 iuvidiaut
2707 3539 2762 3584 et
2798 3532 3192 3585 contentionem
3217 3572 3232 3598 ,
3262 3532 3378 3588 sine
3402 3530 3575 3587 chari-

1989 3629 2118 3686 tate,
2150 3623 2265 3678 sine
2292 3623 2552 3679 castitate.
2577 3622 2730 3678 Certe
2757 3623 2915 3694 paulo
2941 3633 3064 3678 ante
3095 3623 3277 3679 laudes
3297 3624 3574 3679 charitatis

1987 3713 2244 3769 adversus
2271 3732 2368 3770 nos
2393 3716 2570 3770 dicere
2604 3717 2868 3770 videbaris
2895 3733 2957 3770 ex
2990 3717 3220 3785 Apostoli
3246 3718 3571 3783 testimonio,

1985 3804 2104 3872 quia
2135 3805 2221 3858 ubi
2253 3807 2482 3858 cbaritas
2504 3821 2607 3858 non
2639 3816 2742 3869 est,
2775 3807 3027 3876 quidquid
3059 3806 3220 3861 fuerit
3253 3809 3382 3861 nihil
3412 3809 3572 3876 prod-

1986 3905 2062 3948 est
2086 3911 2100 3947 :
2120 3909 2242 3947 ecce
2262 3895 2310 3946 itt
2334 3895 2446 3946 imis
2467 3895 2700 3948 Charitas
2721 3910 2824 3947 non
2848 3906 2948 3959 est,
2968 3906 3020 3949 et
3044 3907 3215 3949 tamen
3243 3907 3355 3951 erat
3375 3897 3570 3953 Christi

1989 3985 2312 4055 prsedieatio,
2351 3984 2418 4039 de
2467 4001 2566 4055 qua
2605 3999 2664 4037 se
2703 3985 2934 4054 gaudere
2972 3986 3050 4039 sic
3091 3986 3220 4040 dicit
3265 3987 3570 4057 Apostolus.

1988 4079 2166 4149 Neque
2195 4079 2336 4132 enim
2367 4078 2507 4132 malo
2537 4079 2748 4132 illorum
2779 4077 3010 4147 gaudet.
3045 4078 3137 4131 sed
3171 4078 3309 4133 bono
3341 4080 3574 4136 nominis

1986 4173 2203 4227 Christi.
2233 4171 2286 4226 In
2316 4172 2431 4242 ipso
2459 4173 2651 4242 quippe.
2680 4171 2910 4225 cltaritas
2935 4179 3050 4225 erat
3075 4212 3090 4235 ,
3118 4187 3235 4239 qttze
3260 4188 3358 4224 nou
3389 4177 3573 4242 gaudet

1986 4281 2137 4333 super
2156 4265 2434 4332 iniquitate,
2461 4263 2740 4332 congaudet
2762 4272 2926 4315 autem
2953 4263 3149 4316 veritati
3171 4261 3210 4334 (1
3228 4260 3344 4317 Cor.
3362 4279 3474 4328 xm,
3491 4263 3572 4334 ϐ).

1989 4356 2188 4411 Invidia
2222 4373 2378 4425 porro
2401 4397 2417 4421 ,
2447 4372 2563 4424 qua:
2609 4356 2659 4408 itt
2702 4355 2804 4409 illis
2831 4364 2974 4416 erat,
3008 4355 3329 4409 diabolitum
3375 4356 3570 4410 malunt

1986 4459 2066 4502 est
2095 4467 2105 4500 :
2137 4448 2236 4501 hac
2264 4446 2404 4501 enim
2435 4455 2484 4499 et
2515 4446 2700 4499 eecidit
2730 4455 2782 4500 et
2807 4445 3016 4515 dejecit.
3052 4447 3111 4500 lli
3137 4463 3262 4516 ergo
3291 4456 3393 4500 taut
3425 4447 3571 4512 mali,

1987 4555 2120 4609 quos
2149 4542 2223 4591 sic
2250 4539 2421 4607 arguit
2455 4538 2737 4605 Apostolus
2762 4580 2776 4603 ,
2808 4540 2858 4590 itt
2888 4539 3076 4608 quibus
3103 4549 3214 4592 erat
3244 4549 3445 4593 tantttut
3479 4539 3572 4594 ho-

1989 4647 2110 4682 Ittttn
2154 4629 2218 4682 de
2249 4645 2352 4698 quo
2389 4629 2582 4697 gaudet
2631 4629 2935 4696 Apostolus,
2970 4629 3054 4681 tibi
3097 4631 3286 4682 erant?
3318 4631 3478 4690 intus.
3507 4645 3573 4682 an

1990 4720 2158 4773 foris?
2183 4720 2328 4787 Elige
2355 4718 2496 4787 quod
2524 4719 2774 4771 volneris.
2809 4718 2862 4772 SE
2889 4720 3051 4783 intus,
3085 4735 3210 4774 cere
3239 4730 3456 4773 noverat
3481 4737 3574 4775 eos

1989 4811 2204 4876 Paulus,
2252 4820 2303 4863 et
2331 4827 2450 4864 eum
2482 4821 2655 4864 tamen
2698 4826 2804 4864 non
2836 4811 3142 4879 polluebant
3177 4829 3190 4864 :
3229 4806 3320 4865 sic~
3346 4829 3440 4866 vos
3469 4828 3573 4868 non

1989 4904 2284 4972 polluerent
2313 4903 2362 4956 itt
2395 4903 2594 4956 unitate
2615 4903 2758 4955 orbis
2781 4910 3062 4967 terrarum,
3094 4903 3160 4958 de
3182 4905 3372 4974 quibus
3396 4906 3576 4959 nescio

1989 5011 2106 5062 qnze
2133 5008 2224 5046 seu
2256 5009 2376 5047 vera
2407 4992 2599 5057 dicitis,
2621 5007 2714 5046 seu
2747 4992 2872 5046 falsa
2900 4993 3218 5060 cottlingitis.
3243 4993 3417 5061 Quare
3445 5010 3572 5061 ergo

1990 5101 2082 5139 ves
2123 5085 2446 5154 scparastis?
2490 5101 2654 5154 quare
2684 5086 2960 5154 Sacrilegio
2991 5085 3231 5138 seelerati
3270 5083 3572 5137 srltisntatis

1990 5177 2327 5247 peremistis?
2366 5177 2420 5232 Si
2459 5185 2634 5230 autem
2677 5174 2804 5229 foris
2836 5184 2988 5230 erant
3013 5217 3027 5242 ,
3057 5191 3182 5229 cccc
3207 5184 3262 5228 ct
3292 5175 3345 5228 in
3376 5175 3455 5228 eis
3480 5175 3567 5244 qui

1993 5269 2119 5322 loris
2139 5276 2281 5329 sunt,
2312 5277 2360 5322 et
2395 5267 2573 5337 utique
2602 5266 2666 5319 ad
2701 5267 2856 5319 vitant
2886 5275 3160 5330 teteruant,
3193 5265 3313 5334 quia
3340 5264 3568 5318 charita-

1992 5371 2094 5414 tcut
2144 5376 2246 5411 non
2295 5358 2488 5411 habent
2527 5369 2581 5411 et
2628 5359 2881 5412 unitatem
2929 5374 3031 5411 non
3066 5366 3263 5416 tenent,
3307 5356 3573 5425 pertinere

1991 5469 2094 5504 nou
2133 5460 2368 5520 possunt,
2398 5451 2536 5503 inest
2576 5459 2749 5504 tamen
2798 5453 3052 5503 sanctitas
3095 5449 3322 5502 nominis
3347 5448 3570 5514 Christi,

1991 5560 2214 5612 quorum
2250 5543 2676 5612 przedieatiottettt
2710 5543 2995 5612 Apostolus
3026 5550 3242 5611 propter
3271 5541 3437 5608 ipsum
3474 5557 3570 5593 no-

2056 5640 2067 5667 ¹
2100 5638 2251 5685 Verba
2279 5633 2356 5684 illa
2376 5671 2390 5688 .
2419 5633 2574 5694 Patris;
2595 5641 2753 5682 autem
2776 5642 2821 5683 et
2859 5633 3061 5694 Spirith
3084 5631 3233 5680 δαηΜὶ
3257 5644 3348 5681 non
3387 5631 3569 5691 valere.

1992 5705 2288 5757 tt-a’tereunt
2315 5697 2428 5745 editi
2457 5711 2466 5743 :
2497 5706 2720 5757 tostqne.
2750 5709 2916 5744 nomen
2947 5693 3054 5757 lilii
3081 5695 3236 5757 ralere
3255 5729 3268 5749 ,
3302 5696 3371 5743 sic
3409 5708 3550 5756 [rese

1991 5753 2234 5820 qutnttur:
2278 5757 2400 5816 Quid
2425 5757 2548 5806 enim
2583 5753 2726 5820 potest
2754 5757 2905 5803 tulere
2928 5757 2974 5802 in
2997 5753 3182 5804 homine
3220 5753 3452 5818 sanando,
3479 5767 3556 5809 etc

1995 5817 2309 5870 tittmuhuttut'
2338 5834 2429 5880 ope
2450 5821 2625 5868 cedit-is
2651 5817 2971 5865 I'lt'l'lut't‘lmlb.
