4028 6202
433 393 536 446 Si?)

425 505 581 556 muns
606 498 955 557 sanctitatem,
975 491 1214 563 quamvis
1240 491 1358 546 illos
1386 489 1698 554 detestetur,
1726 485 2003 558 gaudendo

423 595 719 646 rontirmat.
754 590 914 642 Recte
942 600 1071 656 ergo
1107 583 1204 654 ipsi
1247 583 1446 636 nomini
1477 599 1580 636 non
1611 581 1835 636 facimus
1863 578 2003 648 inju-

425 687 578 745 l'iatn,
605 697 722 735 cum
749 679 813 733 ad
846 691 944 732 nos
970 677 1186 731 veniunt
1217 676 1304 745 qui
1348 673 1475 729 foris
1505 673 1656 728 erant
1689 690 1700 724 :
1736 671 1830 726 sed
1863 672 2006 740 ipsos

423 773 758 841 corrigimus,
789 768 916 824 illud
948 768 1288 820 honoramus.
1326 764 1429 819 Vos
1457 764 1632 832 itaque
1655 761 1827 816 videte
1848 775 2004 830 quam

424 865 623 919 lti‘fal‘iC
670 865 722 917 in
766 864 864 925 eis,
915 875 1140 931 quorum
1187 860 1322 912 facta
1355 858 1491 912 sicut
1518 856 1725 910 videtur
1762 854 2004 924 argnitis,

423 957 578 1009 etiam
625 955 1025 1010 Sacramentum
1076 950 1304 1003 nominis
1349 947 1587 1012 Christi,
1639 944 1778 1016 quod
1834 946 1884 998 in
1930 943 2034 997 eis

423 1057 664 1102 sanetum
709 1055 809 1109 est,
864 1043 1175 1099 exsufflatis.
1226 1043 1290 1096 Et
1333 1050 1384 1094 ιιι
1427 1039 1637 1110 quidem
1683 1040 1832 1102 istos,
1876 1053 2008 1106 quos

421 1137 856 1192 commemoravit
910 1136 1216 1205 Apostolus,
1247 1133 1382 1186 sicut
1433 1131 1591 1185 verba
1622 1138 1707 1184 tua
1752 1128 2003 1192 indicant,

425 1232 553 1284 foris
602 1231 668 1283 ab
709 1228 944 1283 Ecclesia
993 1228 1152 1281 fuisse
1200 1225 1496 1280 arbitraris.
1529 1223 1599 1278 lia
1630 1238 1749 1277 cum
1793 1222 1945 1276 times
1979 1236 2006 1273 a

425 1321 708 1373 tiatholicis
729 1320 831 1388 pati
862 1318 1306 1388 persecutionem,
1335 1315 1401 1370 de
1427 1331 1527 1384 qua
1561 1315 1712 1367 nobis
1743 1311 2010 1381 loquendo

427 1410 554 1464 facis
592 1411 860 1471 invidiam,
903 1408 1228 1462 confirmasti
1276 1407 1328 1460 in
1387 1405 1652 1460 hmrcticis
1686 1404 1884 1458 Christi
1913 1419 2009 1456 no-

427 1517 576 1563 men,
617 1501 699 1554 cui
731 1498 1102 1567 rebaptizando
1131 1500 1144 1529 ¹
1175 1498 1300 1550 facis
1321 1496 1592 1562 injuriam.

495 1591 717 1646 CAPUT
750 1589 1007 1644 LXXXII.
1035 1617 1106 1629 —-
1142 1589 1258 1642 l8l.
1302 1587 1483 1641 Ρετιι..
1529 1586 1660 1639 dixit
1706 1603 1719 1638 :
1769 1584 1831 1640 Si
1859 1583 2013 1653 igitur

433 1693 574 1736 tanta
603 1683 824 1752 potentia
864 1683 983 1751 ﬁdei
1018 1698 1115 1734 non
1155 1691 1224 1733 est
1249 1678 1497 1749 aliquibus
1525 1678 1805 1741 adversata,
1837 1692 1935 1745 qua
1960 1683 2014 1728 tu

427 1775 619 1827 ratione
645 1773 972 1844 persequeris,
1003 1783 1055 1824 ut
1089 1788 1236 1842 cogas
1261 1771 1484 1824 homines
1507 1769 1803 1838 inquinari?

497 1864 618 1918 132.
661 1866 792 1917 Anc.
846 1863 1116 1932 reSpondit
1164 1882 1177 1917 :
1226 1862 1335 1916 Nec
1380 1862 1748 1930 persequimur
1768 1874 1878 1924 vos,
1910 1859 2012 1912 nisi

425 1954 870 2022 quemadmodum
916 1953 1248 2022 persequitur
1296 1953 1490 2005 veritas
1535 1950 1820 2003 falsitatem
1866 1965 2013 2003 :ncc

428 2046 492 2098 ad
543 2059 638 2098 nos
686 2050 934 2114 pertinet,
987 2043 1030 2097 si
1066 2043 1196 2112 quis
1226 2059 1324 2096 vos
1354 2043 1508 2095 aliter
1538 2051 1852 2109 persecutus
1892 2047 2010 2105 est;

428 2136 562 2188 sicut
595 2151 690 2188 nec
725 2134 789 2187 ad
833 2150 925 2186 vos
950 2132 1200 2202 quidquid
1243 2135 1401 2186 vestri
1442 2134 1460 2162 ¹
1489 2130 1734 2184 similiter
1773 2130 2008 2184 faciunt:

430 2242 526 2280 nec
552 2242 644 2280 vos
667 2227 901 2294 cogimus
933 2223 1214 2293 inquinari,
1246 2222 1338 2276 sed
1367 2221 1651 2276 suademus
1672 2221 1869 2275 sanari.
2004 2269 2010 2274 .

497 2317 723 2373 CAPUT
768 2317 1048 2372 LXXXIII.
1089 2346 1158 2356 —
1199 2317 1318 2371 185.
1363 2316 1546 2369 Ρετιι..
1577 2313 1750 2368 dixit:
1785 2311 1934 2376 Quod
1964 2313 2014 2366 si

434 2410 545 2479 cogi
577 2425 665 2476 per
708 2410 863 2478 legent
891 2409 1108 2476 aliquem
1134 2406 1207 2460 t'cl
1233 2406 1301 2458 ad
1330 2406 1457 2459 bona
1487 2405 1741 2467 licuisset,
1779 2418 1863 2456 vos
1891 2403 2010 2470 ipsi,

435 2500 621 2564 miseri,
655 2516 685 2551 a
714 2500 852 2552 nobis
877 2501 944 2550 ad
971 2498 1120 2566 [idem
1143 2498 1461 2567 purissimam
1485 2495 1595 2564 cogi
1616 2493 1873 2546 debuistis.
1909 2492 2015 2546 Sed

429 2590 555 2643 (.bsit
583 2632 597 2656 ,
630 2591 756 2643 absit
791 2607 822 2642 α
863 2599 1033 2643 nostra
1063 2587 1384 2654 conscientia,
1421 2596 1474 2639 ut
1504 2585 1570 2638 ad
1614 2593 1834 2637 nostram
1860 2583 2014 2653 ﬁdem

429 2682 645 2750 aliquem
673 2681 1051 2750 compellamus.

506 2771 628 2823 184.
671 2771 804 2824 Aco.
836 2769 1112 2839 respondit
1141 2787 1152 2822 :
1188 2768 1266 2822 Ad
1296 2768 1452 2822 fidem
1485 2766 1697 2836 quidem
1729 2765 1905 2817 mullus
1931 2772 2013 2818 est

431 2860 698 2930 cogendus
751 2860 966 2921 invitus,
1013 2859 1104 2913 sed
1153 2874 1246 2927 per
1293 2858 1653 2920 severitatem,
1697 2855 1802 2908 imo
1830 2863 1880 2908 et
1923 2869 2017 2922 per

433 2953 848 3008 miscricordiam
884 2953 973 3006 llci
1002 2993 1015 3015 ,
1050 2951 1443 3005 tribulationum
1485 2947 1705 3018 ﬂagellis
1733 2946 1866 2999 Solet
1899 2960 2016 3012 pcr-

432 3044 553 3096 ftdia
585 3044 852 3112 castigari.
898 3042 1164 3111 Numquid
1203 3042 1324 3110 quia
1357 3055 1533 3092 niores
1561 3037 1744 3108 Optimi
1775 3036 2016 3090 libertate

429 3136 712 3190 voluntatis
736 3137 1022 3205 eliguntur,
1053 3134 1170 3187 idco
1197 3148 1374 3185 mores
1406 3130 1618 3200 pessimi
1645 3143 1747 3182 non
1773 3127 1902 3197 legis
1930 3127 2013 3179 iu-

430 3226 670 3293 tegritale
701 3224 1021 3292 puniuntur?
1067 3221 1171 3275 Sed
1214 3230 1385 3274 tamen
1417 3220 1554 3273 male
1597 3217 1804 3271 vivendi
1849 3216 2010 3270 ultrix

427 3315 706 3384 disciplina
741 3325 1063 3384 przepostera
1084 3321 1184 3372 est,
1212 3312 1442 3366 nisieuzu
1468 3309 1771 3379 prmecdeus
1791 3308 1923 3362 bene
1941 3307 2018 3359 vi-

429 3407 582 3461 vendi
612 3406 848 3460 doctrina
893 3405 1268 3460 Contemnitur.
1316 3402 1370 3458 Si
1410 3418 1529 3472 qua:
1561 3402 1716 3472 igitur
1755 3401 2015 3454 adversus

431 3513 523 3548 vos
557 3497 696 3566 leges
727 3496 1029 3549 constituta:
1057 3504 1200 3556 sunt,
1245 3509 1350 3547 non
1381 3494 1458 3546 eis
1487 3493 1621 3546 bene
1669 3493 1840 3544 facere
1869 3491 2015 3558 cogi-

435 3589 584 3654 mini,
641 3588 732 3641 sed
774 3589 914 3642 male
952 3587 1126 3642 facere
1157 3586 1508 3656 prohibemini
1553 3584 1654 3657 (ιι).
1703 3584 1832 3638 Nam
1880 3585 2016 3639 bene

434 3679 605 3732 facere
632 3694 787 3731 nemo
817 3686 1007 3748 potest,
1042 3679 1140 3730 nisi
1171 3678 1426 3746 elegerit,
1456 3675 1557 3729 nisi
1593 3676 1850 3729 amaverit
1877 3675 2014 3744 quod

428 3779 508 3823 est
536 3769 585 3822 in
613 3769 776 3823 libera
808 3770 1077 3823 voluntate
1121 3786 1133 3822 :
1181 3769 1339 3822 timor
1368 3779 1542 3822 autem
1575 3783 1849 3837 pinnarum
1892 3775 1946 3820 et
1971 3767 2016 3820 si

429 3861 665 3914 nondum
689 3859 846 3914 habet
876 3861 1282 3915 delectationem
1312 3860 1464 3913 bona:
1509 3859 1874 3924 conscientice,
1905 3858 2013 3912 sal-

431 3961 534 4006 tem
565 3953 698 4006 iutra
725 3952 952 4005 claustra
981 3951 1316 4020 cogitationis
1343 3959 1555 4004 coercet
1589 3951 1780 4004 malam
1815 3949 2009 4020 cupidi-

431 4031 612 4096 tatem.
654 4041 751 4109 Qui
785 4053 958 4096 tamen
988 4042 1238 4095 adversas
1266 4041 1408 4110 leges
1433 4041 1859 4105 constituerunt,
1900 4041 2014 4109 qui-

431 4133 526 4184 bus
555 4147 728 4185 vesrra
760 4134 1141 4201 comprimatur
1163 4130 1420 4183 audacia?
1450 4146 1627 4184 nonne
1655 4130 1705 4182 hi
1731 4129 1797 4184 de
1819 4131 2010 4199 quibus

430 4227 557 4280 dicit
589 4227 892 4294 Apostolus,
911 4225 1042 4293 _quia
1067 4239 1168 4277 non
1197 4225 1311 4277 sine
1331 4238 1488 4276 causa
1513 4222 1742 4291 gladium
1770 4231 2010 4291 portant;

432 4316 653 4368 ministri
685 4314 826 4368 enim
858 4313 949 4367 Dei
981 4322 1125 4378 sunt,
1157 4313 1390 4366 vindices
1417 4312 1467 4365 in
1500 4312 1629 4365 iram
1662 4312 1710 4366 ci
1748 4312 1835 4381 qui
1873 4312 2013 4366 male

429 4410 532 4477 agit
559 4407 733 4475 (Ilmu.
756 4421 864 4468 xui,
890 4405 983 4474 .i)?
1009 4404 1138 4459 Tota
1164 4404 1321 4472 igitur
1345 4406 1568 4473 quaestio
1586 4413 1686 4470 est,
1715 4413 1892 4456 utrum
1919 4418 2012 4457 vos

438 4513 543 4550 non
579 4495 716 4550 tnale
745 4494 933 4564 agatis,
959 4493 1147 4563 quibus
1179 4495 1307 4548 tanti
1353 4495 1654 4548 schismatis
1682 4493 2012 4562 sacrilegium

432 4587 616 4657 objicit
646 4586 788 4640 orbis
821 4597 1078 4639 terrarum
1114 4602 1126 4638 :
1167 4585 1316 4652 cujus
1347 4585 1654 4654 quaestionis
1683 4584 2014 4638 disrusdone

404 4678 686 4752 neglecta,
741 4675 1004 4746 superﬂua
1037 4675 1344 4746 loquimini;
1379 4685 1432 4729 et
1469 4691 1587 4728 etim
1620 4674 1806 4727 vivatis
1847 4686 1900 4726 ut
1941 4675 2013 4726 la-

432 4780 645 4835 trones,
694 4769 828 4822 tnori
875 4784 968 4821 vos
998 4769 1211 4838 jactatis
1260 4777 1316 4820 ut
1357 4774 1615 4838 martyres
1649 4767 1743 4836 (b).
1779 4766 1843 4820 Et
1889 4767 2009 4836 quia

430 4863 509 4914 vel
566 4862 705 4930 ipsas
757 4860 939 4932 leges,
993 4861 1075 4914 vel
1126 4859 1375 4913 invidiam
1425 4857 1755 4920 formidatis,
1809 4860 1890 4912 \‘rl
1944 4857 2009 4911 ad

432 4953 780 5009 t'csislcudttttt
839 4954 1068 5023 impares
1120 4953 1268 5017 estis,
1321 4967 1423 5006 non
1465 4952 1585 5005 dico
1633 4951 1888 5006 adversus
1933 4959 2009 5004 tot

429 5048 686 5112 homines,
718 5046 810 5101 sed
833 5047 1088 5100 adversus
1115 5054 1192 5098 tot
1211 5055 1394 5112 gentes
1415 5044 1730 5108 catholicas;
1765 5045 1920 5098 etiam
1945 5043 2012 5097 de

428 5139 830 5194 mansuetudine
880 5136 1220 5207 gloriamini,
1271 5137 1410 5207 quod
1468 5135 1535 5190 ad
1597 5145 1824 5190 vestram
1887 5151 2010 5205 par-

429 5241 532 5282 tem
586 5231 851 5282 neminem
895 5227 1104 5296 cogitis.
1152 5225 1258 5280 Isto
1301 5226 1458 5281 modo
1507 5237 1558 5281 et
1612 5227 1824 5290 milvos,
1881 5242 2001 5279 cum

430 5322 600 5392 pullos
659 5335 846 5390 rapere
907 5319 1123 5374 territus
1187 5336 1290 5374 non
1359 5319 1626 5390 potuerit,
1695 5318 2002 5373 columbam

491 5496 506 5523 ι
532 5500 603 5542 Fr.
623 5502 672 5543 et
684 5501 814 5551 t.ov.,
828 5491 1127 5555 baptizando.
1149 5492 1313 5542 Melius
1331 5502 1428 5542 .tm.
1445 5502 1494 5544 et.
1509 5500 1632 5550 Mss,
1651 5491 2005 5554 rcbaptizcndo.

491 5556 510 5585 ²
532 5557 664 5612 tiditi,
708 5554 858 5605 nostri
888 5554 904 5604 ξ
932 5563 983 5603 et
1010 5555 1128 5602 infra
1171 5569 1281 5615 pro,
1308 5557 1390 5604 sed
1414 5560 1700 5612 3.‘t.’.’ll:’lilu8,
1733 5555 2003 5615 habe-baut,

425 5628 468 5664 st
489 5616 762 5667 suademus.
789 5617 1028 5666 Patiettdati
1055 5624 1166 5664 sunt
1193 5629 1252 5664 ex
1284 5625 1388 5665 Mss.

427 5677 561 5788 ﬂgiti:
598 5679 711 5726 \ide
737 5678 872 5738 infra,
899 5693 944 5726 n.
977 5678 1084 5737 ﬂl'i,
1110 5685 1156 5725 et
1187 5687 1352 5728 contra
1389 5679 1734 5737 Gut-inuitum,
1760 5676 1841 5726 lib.
1874 5679 1912 5740 l,
1955 5693 1983 5727 ιι

471 5753 532 5781 ”ι)
567 5769 578 5780 ο

490 5795 560 5856 (b)
587 5795 695 5842 \‘ide
724 5810 767 5858 ej
786 5799 859 5848 ist.
887 5801 965 5860 89,
991 5813 1034 5847 ιι.
1062 5801 1106 5848 8.

1271 378 1540 435 CONTRA
1584 376 1833 433 LITTl-ZR
1852 376 1923 430 ιδ
1965 375 2324 440 PETILIANI,
2365 375 2423 433 S.
2466 375 2831 435 AUGUSTI.“

3583 381 3693 438 Siti

2113 502 2172 542 se
2217 489 2469 543 nominet.
2531 489 2630 544 Ubi
2673 490 2816 544 enim
2861 489 3140 559 potuistis,
3189 500 3242 545 et
3293 505 3399 546 non
3456 492 3696 548 fecistis?

2116 578 2263 637 Unde
2306 579 2586 636 ostenditis
2631 597 2789 651 quam
2841 583 2985 650 plura
3033 584 3298 648 faceretis,
3348 585 3392 638 si
3444 593 3694 653 possetis.

2111 671 2335 736 Quando
2361 671 2604 726 Julianus
2629 672 2798 734 vobis,
2826 671 3022 726 Christi
3064 673 3306 727 invidens
3339 676 3476 742 paci,
3511 674 3697 728 basili-

2113 777 2203 816 cas
2232 762 2459 816 reddidit
2489 763 2725 826 unitatis,
2761 779 2880 832 qua:
2909 773 3115 833 strages
3144 778 3176 818 a
3203 765 3351 820 vobis
3383 765 3538 820 factio
3568 767 3697 832 sint,

2113 853 2324 921 quando
2356 853 2627 906 vobiscum
2654 855 2854 923 apertis
2880 855 3088 924 templis
3113 855 3222 908 suis
3243 856 3401 910 etiam
3425 856 3702 912 drmoaes

2113 944 2448 998 exsultabant
2473 985 2484 1008 ,
2514 945 2631 1013 quis
2661 960 3084 999 commemorare
3111 942 3382 1000 sufficiat?
3413 948 3556 1002 Bello
3581 947 3702 1002 Fir-

2115 1039 2290 1092 miano
2318 1055 2434 1106 qua:
2480 1054 2510 1092 a
2556 1038 2706 1093 vobis
2751 1039 2982 1108 Rogatus
3023 1039 3234 1095 Maurus
3267 1042 3545 1110 pertulerit
3587 1042 3694 1112 (a),

2115 1127 2225 1196 ipsa
2269 1127 2575 1182 Mauritania
2612 1128 2970 1183 Ca‘sarccnsis
3012 1129 3385 1202 interrogetur.
3435 1132 3703 1202 Tempore

2115 1219 2324 1273 Gildoni
2346 1236 2452 1283 tuo,
2483 1221 2606 1289 quia
2647 1237 2780 1276 unus
2808 1222 3007 1292 collega
3040 1233 3214 1278 vester
3239 1222 3696 1281 familiarissimus

2115 1312 2318 1363 amicus
2343 1311 2457 1378 ejus
2484 1311 2582 1364 fuit
2607 1311 2703 1380 (b),
2734 1311 2966 1366 viderint
2995 1312 3400 1368 Maximianistaa
3430 1331 3548 1384 qua:
3574 1331 3699 1371 seu-

2117 1400 2281 1453 serint
2310 1401 2349 1450 ⁸.
2395 1399 2525 1452 Nam
2559 1400 2883 1454 Felicianum
2917 1402 3087 1471 ipsum
3115 1403 3202 1472 qui
3235 1404 3395 1457 modo
3427 1404 3701 1459 vobiscum

2117 1501 2218 1554 est,
2259 1490 2301 1544 si
2343 1491 2406 1543 ad
2441 1481 2818 1560 jusjurandum
2852 1493 3034 1548 liceret
3084 1510 3396 1564 provocare,
3431 1508 3605 1550 utrum
3633 1497 3703 1553 ad

2117 1581 2545 1634 couununioncm
2579 1594 2813 1637 vestram
2849 1600 2950 1637 non
2993 1584 3215 1639 invitum
3263 1585 3487 1656 Optatos
3527 1589 3703 1644 redire

2117 1672 2432 1742 compulerit
2458 1691 2471 1738 ;
2503 1690 2718 1728 movere
2760 1675 2894 1730 labia
2925 1689 3028 1730 non
3060 1677 3301 1742 auderet,
3334 1683 3631 1750 pr:rscrtim
3659 1683 3704 1735 si

2118 1766 2234 1828 ejus
2265 1763 2448 1816 faciem
2481 1767 2704 1834 populus
2729 1765 3041 1822 Mnstitanus
3061 1767 3400 1835 'intnerctur,
3433 1787 3538 1841 quo
3569 1781 3706 1828 teste

2121 1851 2206 1904 illa
2242 1864 2363 1905 tunc
2405 1853 2536 1907 facta
2582 1863 2724 1908 sunt.
2754 1855 2857 1910 Sed
2895 1857 2999 1922 isti,
3052 1867 3107 1911 ut
3145 1859 3275 1924 disi,
3317 1861 3539 1916 viderint
3587 1879 3705 1932 qua:

2119 1944 2258 2014 passi
2300 1944 2500 1998 fuerint
2546 1946 2612 1999 ab
2642 1947 2740 2010 eis,
2789 1963 2910 2002 cum
2940 1943 3132 2018 quibus
3162 1949 3366 2020 Rogato
3405 1953 3526 2005 talia
3559 1952 3704 2008 fece-

2121 2043 2257 2088 rant.
2289 2035 2401 2103 lpsa
2435 2037 2667 2092 Ecclesia
2703 2039 2962 2094 catholica
3003 2041 3224 2096 solidata
3257 2043 3586 2113 principibus
3614 2062 3706 2102 ca-

2122 2126 2331 2181 tholicis
2357 2129 2737 2198 imperantibus
2763 2142 2900 2187 terra
2931 2136 3188 2205 marique,
3209 2139 3428 2193 arnmtis
3453 2141 3624 2196 turbis
3639 2143 3708 2197 ab

2121 2218 2308 2287 Optato
2351 2222 2598 2275 atrociter
2623 2233 2676 2276 et
2703 2223 2962 2278 hostiliter
2985 2238 3283 2296 oppugnata
3310 2239 3412 2284 est.
3461 2231 3591 2297 Qua:
3621 2248 3708 2288 ms

2120 2313 2292 2380 coegit
2322 2323 2446 2366 tunc
2473 2315 2642 2382 primo
2659 2315 2914 2371 adversus
2938 2333 3034 2372 vos
3054 2320 3270 2390 allegari
3288 2321 3428 2391 apud
3449 2323 3704 2380 vicarium

2120 2403 2376 2457 Soranum
2410 2405 2579 2472 legem
2609 2406 2749 2460 illam
2773 2407 2838 2462 de
2868 2407 3050 2464 decem
3086 2411 3236 2465 libris
3264 2414 3406 2478 auri,
3436 2430 3570 2484 quas
3590 2418 3708 2470 nul-

2121 2495 2203 2548 lus
2234 2507 2464 2549 vestrum
2497 2497 2670 2552 adhuc
2705 2501 2883 2568 pendit
2910 2542 2926 2567 ,
2971 2511 3024 2556 ct
3053 2518 3149 2557 nos
3174 2504 3508 2560 crudelitatis
3537 2513 3711 2578 argui-

2125 2588 2223 2641 tis!
2254 2589 2388 2657 Quid
2418 2602 2593 2645 autem
2625 2595 2954 2648 nmnsuetius
2983 2595 3070 2660 sit,
3099 2613 3258 2665 quam
3291 2608 3346 2653 ut
3385 2601 3711 2658 coercitione

2121 2679 2433 2736 damnorum
2462 2692 2600 2737 tanta
2625 2695 2798 2738 vestra
2829 2686 3028 2741 scelera
3054 2690 3438 2746 multarentur?
3462 2692 3590 2758 Quis
3610 2709 3707 2747 au-

2124 2784 2228 2828 tem
2259 2776 2422 2844 possit
2443 2793 2692 2832 enarrare
2713 2780 2912 2844 omnia,
2940 2797 3058 2850 qua:
3085 2783 3228 2836 nulla
3257 2783 3492 2838 amicitia
3521 2787 3540 2816 ³
3559 2785 3712 2855 judi-

2121 2883 2242 2921 cum
2270 2877 2361 2922 aut
2384 2869 2678 2938 aliquarum
2705 2883 3042 2941 potestatum,
3071 2877 3295 2945 quisque
3327 2878 3414 2932 ubi
3447 2880 3700 2948 potuerit,

2125 2959 2174 3012 in
2230 2960 2360 3013 locis
2405 2962 2596 3014 vestris
2662 2965 2871 3038 propria
2917 2964 3280 3022 dominatione
3325 2971 3712 3025 committatis?

2122 3052 2250 3118 Quis
2293 3062 2531 3106 nostrum
2575 3055 2624 3108 in
2658 3055 2896 3123 plebibus
2938 3059 3134 3114 nostris
3165 3060 3184 3090 ³
3223 3076 3328 3116 non
3373 3061 3572 3132 aliquid
3607 3064 3712 3120 tale

2122 3143 2204 3198 vel
2231 3159 2258 3195 a
2288 3143 2550 3212 prioribus
2569 3149 2848 3216 comperit,
2870 3151 2949 3203 vel
2975 3151 3086 3219 ipse
3111 3162 3361 3220 expertus
3385 3155 3505 3210 est?
3527 3155 3714 3211 Nonne

2121 3233 2256 3302 apud
2285 3233 2607 3302 Hipponem,
2630 3237 2715 3290 ubi
2745 3254 2844 3307 ego
2871 3255 3010 3303 sum,
3045 3257 3150 3295 non
3181 3242 3378 3297 desunt
3397 3247 3484 3314 qui
3523 3247 3713 3300 uterni-

2123 3326 2300 3379 nerint
2339 3325 2647 3381 Faustinum
2679 3339 2909 3384 vestrum
2941 3334 3089 3401 regni
3118 3334 3199 3386 sui
3233 3342 3474 3405 tempore
3501 3353 3711 3406 praece-

2125 3419 2286 3487 pisse,
2317 3419 2564 3487 quianam
2591 3417 2982 3476 Catlmlicorum
3008 3424 3075 3476 ibi
3101 3425 3340 3493 paucitas
3357 3438 3493 3492 erat,
3519 3439 3574 3481 ut
3597 3429 3715 3482 nul-

2125 3509 2202 3561 lus
2233 3509 2312 3562 eis
2341 3525 2528 3578 paulun
2551 3522 2820 3579 coqueret,
2843 3511 2911 3564 ita
2932 3522 2981 3565 ut
3004 3514 3278 3582 cujusdam
3307 3516 3513 3571 diaconi
3544 3521 3713 3574 nosn'i

2125 3597 2388 3652 furnarius
2416 3599 2702 3668 inquilinus
2727 3600 3009 3654 donmardii
3049 3603 3130 3655 sui
3174 3603 3194 3633 ⁸
3226 3619 3414 3671 panem
3445 3608 3715 3664 ineoctum

2122 3690 2395 3759 abjeccrit,
2419 3691 2572 3761 eique
2590 3692 2729 3745 nulla
2744 3693 2911 3746 exsilii
2933 3693 3046 3763 lege
3060 3693 3328 3760 damnato,
3348 3701 3720 3756 conmunica-

2123 3781 2320 3835 tionem
2342 3798 2444 3836 non
2463 3781 2632 3836 solum
2661 3783 2713 3835 in
2735 3783 2945 3838 civitate
2972 3783 3203 3838 Rotnana
3224 3786 3426 3856 (c),sed
3461 3789 3623 3844 ctiam
3660 3792 3714 3847 in

2122 3873 2288 3942 patria
2313 3889 2428 3938 sua,
2455 3889 2550 3927 nec
2567 3874 2737 3928 solum
2768 3874 2819 3928 in
2845 3877 3008 3944 patria
3030 3877 3253 3939 sua,scd
3282 3879 3441 3933 etiam
3470 3881 3522 3934 in
3549 3882 3714 3938 domo

2120 3980 2215 4018 sua
2244 3966 2550 4032 negaverit?
2577 3965 2709 4032 Quid
2738 3983 2905 4036 nuper
2925 4009 2939 4033 ,
2968 3969 3106 4037 qttod
3149 3969 3262 4039 ipse
3298 3970 3476 4028 adhuc
3521 3973 3712 4045 lugeo,

2121 4069 2296 4108 nonne
2324 4055 2600 4124 Crispinus
2633 4066 2805 4110 vester
2830 4058 3178 4127 Calamensis,
3198 4077 3318 4114 cum
3349 4062 3562 4118 eruisset
3591 4072 3715 4134 pes-

2121 4147 2416 4200 sessionem
2444 4187 2456 4208 ,
2489 4155 2543 4200 et
2572 4148 2673 4203 hoc
2702 4149 3149 4220 emphyteuticam
3168 4194 3184 4219 ,
3223 4169 3328 4207 non
3355 4153 3612 4212 dubitavit
3658 4158 3711 4212 in

2120 4239 2284 4292 fundo
2303 4238 2684 4293 catholicorum
2727 4241 3125 4309 imperatorum,
3149 4259 3373 4312 quorum
3399 4247 3598 4316 legibus
3612 4264 3712 4306 nec

2121 4333 2171 4386 in
2186 4332 2485 4386 civitatibus
2509 4346 2626 4388 esse
2647 4331 2781 4401 jussi
2803 4333 2949 4397 estis,
2971 4350 3075 4388 uno
3100 4336 3322 4390 terroris
3342 4337 3537 4406 impetu
3561 4347 3714 4393 octo-

2184 4515 2270 4574 {In
2293 4519 2412 4574 ante
2441 4510 2754 4574 editisgloeus
2777 4513 2868 4560 iste
2892 4513 2961 4562 sic
2997 4513 3147 4564 habet
3171 4529 3182 4564 :
3210 4513 3322 4574 onis
3336 4529 3712 4570 commemorare

2119 4572 2321 4641 sufﬁciat
2341 4608 2354 4631 ,
2398 4571 2518 4622 bello
2553 4571 2794 4641 nuntiabo
2817 4587 2926 4635 qua:
2949 4588 2979 4641 ᾳ
3003 4576 3127 4625 vobis
3146 4571 3355 4641 negatus
3381 4587 3572 4628 Marinus
3594 4593 3712 4641 per-

2119 4617 2280 4685 ἱέἑὶὲἑὶι
2291 4617 2321 4684 ’9
2342 4617 3125 4702 ipsa}.a}.;aa;sa'aaasarieh;;.”
3139 4617 3650 4702 ίὶὶὶἕῆἷόἇεὶἱιῗίιῗόνῗὶ
3657 4617 3713 4693 ξι

2119 4705 2332 4758 tempora
2367 4695 2648 4760 (.‘jldoutaua
2693 4697 2851 4760 (Am,
2891 4703 2936 4746 et
2977 4705 3186 4760 tempore
3209 4695 3501 4759 (.‘ildbuiani:
3542 4695 3636 4758 [ιη-,ζ
3664 4712 3714 4754 et

2120 4756 2673 4824 temporapildoniaui),
2688 4756 2799 4824 quia
2824 4772 2957 4824 unus
2981 4756 3167 4824 collga
3211 4767 3362 4824 restet"
3385 4756 3714 4824 ﬁttnilittrissi-

2120 4817 2225 4889 ntus
2259 4818 2442 4869 amicus
2474 4819 2579 4881 ejus
2603 4817 2708 4889 fuit.
2741 4819 2960 4889 Viderint
2985 4817 3126 4880 (Αιηᾷ
3176 4817 3421 4889 riderunt)
3448 4823 3714 4889 Maximin-

2119 4881 2390 4948 uislazgqmt:
2432 4881 2683 4948 senserint,
2710 4888 2804 4929 etc.
2831 4888 2992 4948 Errata
3014 4890 3066 4948 et
3103 4897 3272 4934 vocum
3309 4881 3527 4948 ineptam
3551 4886 3712 4937 inter-

2121 4958 2132 5004 ι
2152 4942 2428 4991 unctionem
2452 4945 2699 5004 corrigunt
2721 4951 2924 5004 veteres
2949 4942 3074 4992 libri.

2182 5007 2201 5036 ³
2227 5011 2383 5061 Forte,
2408 5004 2540 5052 nulla
2560 5002 2854 5052 auctoritate.

2183 5067 2203 5096 ³
2227 5066 2352 5138 Ειὶίιὶ.
2376 5065 2517 5138 πρηέες
2537 5071 2744 5116 vestrum
2764 5066 2813 5115 in
2835 5063 3050 5128 plebibus
3073 5065 3258 5118 vestris.
3296 5067 3620 5120 mandantur
3641 5084 3707 5122 ex

2118 5136 2466 5188 manuscriptts.

2182 5189 2201 5219 ὀ
2227 5195 2274 5235 ιιι
2301 5185 2512 5245 excusis,
2537 5185 2721 5237 domini
2739 5186 2832 5237 sui.
2859 5195 2911 5237 At
2937 5190 2982 5236 in
3001 5197 3126 5248 vss,
3153 5189 3417 5240 domnaedii
3447 5190 3540 5240 sui.
3569 5199 3706 5244 tunc

2116 5261 2284 5297 vocem
2303 5250 2400 5309 jatn
2419 5249 2537 5298 alias
2558 5251 2873 5305 restituimus.
2899 5251 2945 5298 in
2971 5257 3130 5300 tiuarr.
3167 5253 3213 5300 in
3238 5251 3355 5301 l’sal.
3379 5253 3458 5307 58,
3484 5268 3532 5302 n.
3559 5254 3637 5302 :ll.

2184 5311 2254 5370 (τι)
2281 5318 2347 5358 De
2373 5318 2548 5378 Rogato
2577 5317 2762 5369 Mauro,
2805 5314 3091 5360 Mauritaaize
3129 5315 3710 5378 Caesarecnsisepiscopo

2114 5373 2448 5428 Cat-tennensi,
2472 5385 2498 5420 a
2522 5385 2618 5433 quo
2653 5379 2961 5433 negatenses,
2989 5375 3334 5422 Imnatistarum
3370 5373 3604 5430 schisma,
3634 5373 3708 5426 Ιό-

2115 5435 2277 5494 quitur
2303 5433 2593 5493 Augusiuus
2625 5434 2671 5497 in
2699 5435 2840 5497 epist.
2871 5435 2960 5497 95,
2986 5435 3044 5482 ad
3075 5437 3387 5484 \iucentium.
3411 5443 3718 5497 [togati-uses-

2118 5508 2258 5554 torre
2280 5503 2486 5542 cazteros
2508 5496 2774 5558 Donatistas
2792 5496 3062 5553 l’irmianos,
3087 5498 3212 5558 quod
3237 5499 3298 5544 ab
3316 5499 3373 5546 iis
3392 5496 3488 5558 per
3504 5500 3712 5549 Firmum

2117 5565 2365 5620 tyrannum
2403 5557 2577 5620 acerba
2609 5555 2758 5620 multa
2791 5558 3012 5620 perpessi
3047 5555 3239 5613 esst'nt,
3278 5572 3320 5620 a;
3342 5555 3614 5620 pellebant,
3644 5575 3709 5611 ex

2117 5619 2258 5678 epist.
2283 5617 2361 5673 87,
2388 5617 2444 5664 ad
2467 5619 2739 5674 Emeritam,
2767 5617 2812 5665 ιι.
2847 5617 2917 5666 l0.

2179 5677 2250 5796 ἓῦ)
2277 5687 2325 5736 (ιι
2347 5685 2474 5725 tatus
2495 5679 2905 5739 t‘bamugadezisis.
2928 5681 3109 5728 amicus
3132 5678 3355 5728 Cildonis.

2202 5745 2247 5794 r)
2273 5741 2531 5796 lib-ponent
2557 5747 2771 5788 ttomantc
2794 5741 3123 5796 civitatisjuro
3149 5741 3355 5790 u--bilitat

2202 5745 2247 5794 r)
2273 5741 2531 5798 lib-ponent
2557 5747 2771 5788 Itomana‘
2794 5741 3123 5799 civitatisjuro
3149 5741 3441 5790 u--bilitata:n
3469 5742 3615 5790 "uisse.
3640 5748 3700 5791 st-

2117 5802 2304 5863 gadicit
2331 5802 2476 5849 etiam
2507 5804 2788 5863 augusti-ms
2815 5803 2861 5849 in
2887 5805 3025 5864 epist.
3053 5803 3128 5864 5C5,
3156 5803 3214 5852 ad
3238 5805 3507 5860 Eusebium,
3535 5819 3581 5853 ιι.
3611 5806 3659 5854 5.
