  <div class='ocr_page' id='page_1' title='image "/cluster/home/n/w/nwhite01/storage/ocr_20150623/43/hvd.32044096580659/164.png"; bbox 0 0 4028 6202; ppageno 0'>
   <div class='ocr_carea' id='block_1_1' title="bbox 229 400 337 454">
    <p class='ocr_par' dir='ltr' id='par_1_1' title="bbox 229 400 337 454">
     <span class='ocr_line' id='line_1_1' title="bbox 230 401 259 415; baseline 0 0"><span class='ocrx_word' id='word_1_1' title='bbox 230 401 259 415; x_wconf 71' lang='lat'><strong>-</strong></span> 
     </span>
     <span class='ocr_line' id='line_1_2' title="bbox 229 400 337 454; baseline -0.009 -1"><span class='ocrx_word' id='word_1_2' title='bbox 229 400 337 454; x_wconf 69' lang='lat' dir='ltr'><strong>al7</strong></span> 
     </span>
    </p>
   </div>
   <div class='ocr_carea' id='block_1_2' title="bbox 224 500 1822 588">
    <p class='ocr_par' dir='ltr' id='par_1_2' title="bbox 224 500 1822 588">
     <span class='ocr_line' id='line_1_3' title="bbox 224 500 1822 588; baseline -0.013 -17"><span class='ocrx_word' id='word_1_3' title='bbox 224 522 367 588; x_wconf 78' lang='lat' dir='ltr'><strong>ginta</strong></span> <span class='ocrx_word' id='word_1_4' title='bbox 397 514 568 569; x_wconf 82' lang='lat' dir='ltr'><strong>ferme</strong></span> <span class='ocrx_word' id='word_1_5' title='bbox 590 510 804 566; x_wconf 82' lang='lat' dir='ltr'><strong>animas</strong></span> <span class='ocrx_word' id='word_1_6' title='bbox 834 504 1120 562; x_wconf 88' lang='lat' dir='ltr'><strong>miserabili</strong></span> <span class='ocrx_word' id='word_1_7' title='bbox 1147 500 1345 573; x_wconf 80' lang='lat' dir='ltr'><strong>gemitu</strong></span> <span class='ocrx_word' id='word_1_8' title='bbox 1369 501 1715 555; x_wconf 71' lang='lat' dir='ltr'><strong>mussitantes</strong></span> <span class='ocrx_word' id='word_1_9' title='bbox 1741 512 1822 551; x_wconf 85' lang='lat' dir='ltr'><strong>re-</strong></span> 
     </span>
    </p>
   </div>
   <div class='ocr_carea' id='block_1_3' title="bbox 227 590 1824 677">
    <p class='ocr_par' dir='ltr' id='par_1_3' title="bbox 227 590 1824 677">
     <span class='ocr_line' id='line_1_4' title="bbox 227 590 1824 677; baseline -0.013 -15"><span class='ocrx_word' id='word_1_10' title='bbox 227 605 545 677; x_wconf 80' lang='lat' dir='ltr'><strong>baptizando</strong></span> <span class='ocrx_word' id='word_1_11' title='bbox 570 604 919 672; x_wconf 73' lang='lat' dir='ltr'><strong>submergere</strong></span> <span class='ocrx_word' id='word_1_12' title='bbox 950 599 1065 668; x_wconf 88' lang='lat' dir='ltr'><strong>(a)?</strong></span> <span class='ocrx_word' id='word_1_13' title='bbox 1111 597 1313 663; x_wconf 81' lang='lat' dir='ltr'><strong>Quibus</strong></span> <span class='ocrx_word' id='word_1_14' title='bbox 1338 604 1537 654; x_wconf 83' lang='lat' dir='ltr'><strong>autem.</strong></span> <span class='ocrx_word' id='word_1_15' title='bbox 1568 592 1668 646; x_wconf 87' lang='lat' dir='ltr'><strong>nisi</strong></span> <span class='ocrx_word' id='word_1_16' title='bbox 1701 590 1824 645; x_wconf 88' lang='lat' dir='ltr'><strong>tali-</strong></span> 
     </span>
    </p>
   </div>
   <div class='ocr_carea' id='block_1_4' title="bbox 230 682 1821 762">
    <p class='ocr_par' dir='ltr' id='par_1_4' title="bbox 230 682 1821 762">
     <span class='ocr_line' id='line_1_5' title="bbox 230 682 1821 762; baseline -0.011 -11"><span class='ocrx_word' id='word_1_17' title='bbox 230 700 325 751; x_wconf 74' lang='lat' dir='ltr'><strong>bus</strong></span> <span class='ocrx_word' id='word_1_18' title='bbox 346 698 502 751; x_wconf 87' lang='lat' dir='ltr'><strong>factis</strong></span> <span class='ocrx_word' id='word_1_19' title='bbox 521 735 539 761; x_wconf 91' lang='lat'><strong>,</strong></span> <span class='ocrx_word' id='word_1_20' title='bbox 566 695 729 750; x_wconf 84' lang='lat' dir='ltr'><strong>etiam</strong></span> <span class='ocrx_word' id='word_1_21' title='bbox 761 694 904 762; x_wconf 80' lang='lat' dir='ltr'><strong>ipsas</strong></span> <span class='ocrx_word' id='word_1_22' title='bbox 931 689 997 744; x_wconf 86' lang='lat' dir='ltr'><strong>de</strong></span> <span class='ocrx_word' id='word_1_23' title='bbox 1022 688 1213 758; x_wconf 79' lang='lat' dir='ltr'><strong>quibus</strong></span> <span class='ocrx_word' id='word_1_24' title='bbox 1239 682 1626 755; x_wconf 86' lang='lat' dir='ltr'><strong>conquerintini</strong></span> <span class='ocrx_word' id='word_1_25' title='bbox 1657 684 1821 752; x_wconf 85' lang='lat' dir='ltr'><strong>leges,</strong></span> 
     </span>
    </p>
   </div>
   <div class='ocr_carea' id='block_1_5' title="bbox 232 772 1825 859">
    <p class='ocr_par' dir='ltr' id='par_1_5' title="bbox 232 772 1825 859">
     <span class='ocr_line' id='line_1_6' title="bbox 232 772 1825 859; baseline -0.012 -15"><span class='ocrx_word' id='word_1_26' title='bbox 232 792 387 859; x_wconf 84' lang='lat' dir='ltr'><strong>longe</strong></span> <span class='ocrx_word' id='word_1_27' title='bbox 428 787 649 859; x_wconf 88' lang='lat' dir='ltr'><strong>quidem</strong></span> <span class='ocrx_word' id='word_1_28' title='bbox 690 784 825 838; x_wconf 88' lang='lat' dir='ltr'><strong>infra</strong></span> <span class='ocrx_word' id='word_1_29' title='bbox 854 780 1102 836; x_wconf 87' lang='lat' dir='ltr'><strong>meritum</strong></span> <span class='ocrx_word' id='word_1_30' title='bbox 1129 775 1351 832; x_wconf 83' lang='lat' dir='ltr'><strong>sceleris</strong></span> <span class='ocrx_word' id='word_1_31' title='bbox 1379 774 1562 839; x_wconf 89' lang='lat' dir='ltr'><strong>vestri,</strong></span> <span class='ocrx_word' id='word_1_32' title='bbox 1610 772 1706 827; x_wconf 92' lang='lat' dir='ltr'><strong>scd</strong></span> <span class='ocrx_word' id='word_1_33' title='bbox 1748 780 1825 826; x_wconf 85' lang='lat' dir='ltr'><strong>ta-</strong></span> 
     </span>
    </p>
   </div>
   <div class='ocr_carea' id='block_1_6' title="bbox 230 862 1825 949">
    <p class='ocr_par' dir='ltr' id='par_1_6' title="bbox 230 862 1825 949">
     <span class='ocr_line' id='line_1_7' title="bbox 230 862 1825 949; baseline -0.012 -13"><span class='ocrx_word' id='word_1_34' title='bbox 230 895 351 936; x_wconf 85' lang='lat' dir='ltr'><strong>men</strong></span> <span class='ocrx_word' id='word_1_35' title='bbox 383 878 805 949; x_wconf 78' lang='lat' dir='ltr'><strong>qualescumque</strong></span> <span class='ocrx_word' id='word_1_36' title='bbox 836 871 963 926; x_wconf 84' lang='lat' dir='ltr'><strong>ferri</strong></span> <span class='ocrx_word' id='word_1_37' title='bbox 991 866 1282 937; x_wconf 78' lang='lat' dir='ltr'><strong>coegistis?</strong></span> <span class='ocrx_word' id='word_1_38' title='bbox 1309 867 1392 920; x_wconf 84' lang='lat' dir='ltr'><strong>An</strong></span> <span class='ocrx_word' id='word_1_39' title='bbox 1419 880 1549 920; x_wconf 90' lang='lat' dir='ltr'><strong>vero</strong></span> <span class='ocrx_word' id='word_1_40' title='bbox 1577 862 1825 918; x_wconf 71' lang='lat' dir='ltr'><strong>violentis</strong></span> 
     </span>
    </p>
   </div>
   <div class='ocr_carea' id='block_1_7' title="bbox 232 954 1827 1029">
    <p class='ocr_par' dir='ltr' id='par_1_7' title="bbox 232 954 1827 1029">
     <span class='ocr_line' id='line_1_8' title="bbox 232 954 1827 1029; baseline -0.014 0"><span class='ocrx_word' id='word_1_41' title='bbox 232 972 535 1029; x_wconf 82' lang='lat' dir='ltr'><strong>incursibus</strong></span> <span class='ocrx_word' id='word_1_42' title='bbox 564 962 1071 1024; x_wconf 88' lang='lat' dir='ltr'><strong>Circutnecllionum</strong></span> <span class='ocrx_word' id='word_1_43' title='bbox 1096 968 1420 1022; x_wconf 85' lang='lat' dir='ltr'><strong>vestrorum,</strong></span> <span class='ocrx_word' id='word_1_44' title='bbox 1461 956 1551 1026; x_wconf 85' lang='lat' dir='ltr'><strong>qui</strong></span> <span class='ocrx_word' id='word_1_45' title='bbox 1588 954 1688 1011; x_wconf 87' lang='lat' dir='ltr'><strong>sub</strong></span> <span class='ocrx_word' id='word_1_46' title='bbox 1730 967 1827 1008; x_wconf 79' lang='lat' dir='ltr'><strong>ve-</strong></span> 
     </span>
    </p>
   </div>
   <div class='ocr_carea' id='block_1_8' title="bbox 232 1049 1826 1132">
    <p class='ocr_par' dir='ltr' id='par_1_8' title="bbox 232 1049 1826 1132">
     <span class='ocr_line' id='line_1_9' title="bbox 232 1049 1826 1132; baseline -0.012 -14"><span class='ocrx_word' id='word_1_47' title='bbox 232 1075 345 1120; x_wconf 82' lang='lat' dir='ltr'><strong>stro</strong></span> <span class='ocrx_word' id='word_1_48' title='bbox 380 1062 681 1132; x_wconf 88' lang='lat' dir='ltr'><strong>principatu</strong></span> <span class='ocrx_word' id='word_1_49' title='bbox 730 1056 944 1111; x_wconf 76' lang='lat' dir='ltr'><strong>furiosis</strong></span> <span class='ocrx_word' id='word_1_50' title='bbox 979 1051 1279 1124; x_wconf 80' lang='lat' dir='ltr'><strong>agminibus</strong></span> <span class='ocrx_word' id='word_1_51' title='bbox 1310 1049 1580 1113; x_wconf 88' lang='lat' dir='ltr'><strong>militant,</strong></span> <span class='ocrx_word' id='word_1_52' title='bbox 1623 1060 1729 1100; x_wconf 85' lang='lat' dir='ltr'><strong>non</strong></span> <span class='ocrx_word' id='word_1_53' title='bbox 1758 1058 1826 1101; x_wconf 79' lang='lat' dir='ltr'><strong>ex</strong></span> 
     </span>
    </p>
   </div>
   <div class='ocr_carea' id='block_1_9' title="bbox 234 1137 1825 1227">
    <p class='ocr_par' dir='ltr' id='par_1_9' title="bbox 234 1137 1825 1227">
     <span class='ocr_line' id='line_1_10' title="bbox 234 1137 1825 1227; baseline -0.014 -15"><span class='ocrx_word' id='word_1_54' title='bbox 234 1157 377 1227; x_wconf 80' lang='lat' dir='ltr'><strong>agris</strong></span> <span class='ocrx_word' id='word_1_55' title='bbox 406 1155 642 1223; x_wconf 86' lang='lat' dir='ltr'><strong>nudique</strong></span> <span class='ocrx_word' id='word_1_56' title='bbox 669 1144 989 1220; x_wconf 84' lang='lat' dir='ltr'><strong>pelleremur</strong></span> <span class='ocrx_word' id='word_1_57' title='bbox 1007 1188 1023 1212; x_wconf 91' lang='lat'><strong>,</strong></span> <span class='ocrx_word' id='word_1_58' title='bbox 1053 1145 1155 1200; x_wconf 86' lang='lat' dir='ltr'><strong>nisi</strong></span> <span class='ocrx_word' id='word_1_59' title='bbox 1190 1158 1285 1197; x_wconf 70' lang='lat' dir='ltr'><strong>vos</strong></span> <span class='ocrx_word' id='word_1_60' title='bbox 1314 1140 1531 1197; x_wconf 83' lang='lat' dir='ltr'><strong>obsides</strong></span> <span class='ocrx_word' id='word_1_61' title='bbox 1556 1139 1608 1192; x_wconf 91' lang='lat' dir='ltr'><strong>in</strong></span> <span class='ocrx_word' id='word_1_62' title='bbox 1636 1137 1825 1193; x_wconf 85' lang='lat' dir='ltr'><strong>civita-</strong></span> 
     </span>
    </p>
   </div>
   <div class='ocr_carea' id='block_1_10' title="bbox 236 1229 1827 1310">
    <p class='ocr_par' dir='ltr' id='par_1_10' title="bbox 236 1229 1827 1310">
     <span class='ocr_line' id='line_1_11' title="bbox 236 1229 1827 1310; baseline -0.012 -9"><span class='ocrx_word' id='word_1_63' title='bbox 236 1250 374 1302; x_wconf 81' lang='lat' dir='ltr'><strong>tibus</strong></span> <span class='ocrx_word' id='word_1_64' title='bbox 396 1256 725 1307; x_wconf 85' lang='lat' dir='ltr'><strong>teneremus,</strong></span> <span class='ocrx_word' id='word_1_65' title='bbox 754 1240 843 1310; x_wconf 83' lang='lat' dir='ltr'><strong>qui</strong></span> <span class='ocrx_word' id='word_1_66' title='bbox 874 1251 1088 1308; x_wconf 87' lang='lat' dir='ltr'><strong>quoque</strong></span> <span class='ocrx_word' id='word_1_67' title='bbox 1126 1234 1286 1289; x_wconf 89' lang='lat' dir='ltr'><strong>modo</strong></span> <span class='ocrx_word' id='word_1_68' title='bbox 1313 1234 1480 1303; x_wconf 87' lang='lat' dir='ltr'><strong>ipsam</strong></span> <span class='ocrx_word' id='word_1_69' title='bbox 1502 1229 1694 1286; x_wconf 85' lang='lat' dir='ltr'><strong>faciem</strong></span> <span class='ocrx_word' id='word_1_70' title='bbox 1725 1241 1827 1296; x_wconf 87' lang='lat' dir='ltr'><strong>pu-</strong></span> 
     </span>
    </p>
   </div>
   <div class='ocr_carea' id='block_1_11' title="bbox 236 1321 1825 1397">
    <p class='ocr_par' dir='ltr' id='par_1_11' title="bbox 236 1321 1825 1397">
     <span class='ocr_line' id='line_1_12' title="bbox 236 1321 1825 1397; baseline -0.013 -4"><span class='ocrx_word' id='word_1_71' title='bbox 236 1341 424 1394; x_wconf 87' lang='lat' dir='ltr'><strong>hlicam</strong></span> <span class='ocrx_word' id='word_1_72' title='bbox 445 1344 502 1391; x_wconf 78' lang='lat' dir='ltr'><strong>et</strong></span> <span class='ocrx_word' id='word_1_73' title='bbox 526 1335 873 1389; x_wconf 88' lang='lat' dir='ltr'><strong>honestorum</strong></span> <span class='ocrx_word' id='word_1_74' title='bbox 893 1327 1386 1397; x_wconf 73' lang='lat' dir='ltr'><strong>reprehensionem,</strong></span> <span class='ocrx_word' id='word_1_75' title='bbox 1406 1324 1451 1378; x_wconf 89' lang='lat' dir='ltr'><strong>si</strong></span> <span class='ocrx_word' id='word_1_76' title='bbox 1478 1336 1582 1377; x_wconf 89' lang='lat' dir='ltr'><strong>non</strong></span> <span class='ocrx_word' id='word_1_77' title='bbox 1612 1321 1825 1384; x_wconf 88' lang='lat' dir='ltr'><strong>timore,</strong></span> 
     </span>
    </p>
   </div>
   <div class='ocr_carea' id='block_1_12' title="bbox 237 1415 1828 1502">
    <p class='ocr_par' dir='ltr' id='par_1_12' title="bbox 237 1415 1828 1502">
     <span class='ocr_line' id='line_1_13' title="bbox 237 1415 1828 1502; baseline -0.011 -18"><span class='ocrx_word' id='word_1_78' title='bbox 237 1434 317 1488; x_wconf 81' lang='lat' dir='ltr'><strong>vel</strong></span> <span class='ocrx_word' id='word_1_79' title='bbox 344 1431 550 1502; x_wconf 82' lang='lat' dir='ltr'><strong>pudore</strong></span> <span class='ocrx_word' id='word_1_80' title='bbox 578 1429 719 1484; x_wconf 87' lang='lat' dir='ltr'><strong>ferre</strong></span> <span class='ocrx_word' id='word_1_81' title='bbox 749 1425 969 1480; x_wconf 86' lang='lat' dir='ltr'><strong>nolitis?</strong></span> <span class='ocrx_word' id='word_1_82' title='bbox 992 1423 1108 1478; x_wconf 87' lang='lat' dir='ltr'><strong>Noli</strong></span> <span class='ocrx_word' id='word_1_83' title='bbox 1130 1436 1258 1492; x_wconf 89' lang='lat' dir='ltr'><strong>ergo</strong></span> <span class='ocrx_word' id='word_1_84' title='bbox 1279 1420 1477 1482; x_wconf 84' lang='lat' dir='ltr'><strong>dicere.</strong></span> <span class='ocrx_word' id='word_1_85' title='bbox 1511 1417 1670 1482; x_wconf 83' lang='lat' dir='ltr'><strong>Absit,</strong></span> <span class='ocrx_word' id='word_1_86' title='bbox 1697 1415 1828 1471; x_wconf 87' lang='lat' dir='ltr'><strong>absit</strong></span> 
     </span>
    </p>
   </div>
   <div class='ocr_carea' id='block_1_13' title="bbox 235 1510 1828 1583">
    <p class='ocr_par' dir='ltr' id='par_1_13' title="bbox 235 1510 1828 1583">
     <span class='ocr_line' id='line_1_14' title="bbox 235 1510 1828 1583; baseline -0.011 -4"><span class='ocrx_word' id='word_1_87' title='bbox 235 1544 266 1578; x_wconf 90' lang='lat' dir='ltr'><strong>a</strong></span> <span class='ocrx_word' id='word_1_88' title='bbox 288 1534 464 1578; x_wconf 78' lang='lat' dir='ltr'><strong>nostra</strong></span> <span class='ocrx_word' id='word_1_89' title='bbox 489 1519 815 1583; x_wconf 85' lang='lat' dir='ltr'><strong>conscientia,</strong></span> <span class='ocrx_word' id='word_1_90' title='bbox 848 1527 902 1570; x_wconf 86' lang='lat' dir='ltr'><strong>ut</strong></span> <span class='ocrx_word' id='word_1_91' title='bbox 931 1515 998 1569; x_wconf 84' lang='lat' dir='ltr'><strong>ad</strong></span> <span class='ocrx_word' id='word_1_92' title='bbox 1017 1524 1241 1569; x_wconf 85' lang='lat' dir='ltr'><strong>nostram</strong></span> <span class='ocrx_word' id='word_1_93' title='bbox 1262 1512 1415 1582; x_wconf 82' lang='lat' dir='ltr'><strong>ﬁdem</strong></span> <span class='ocrx_word' id='word_1_94' title='bbox 1442 1510 1660 1580; x_wconf 81' lang='lat' dir='ltr'><strong>aliquem</strong></span> <span class='ocrx_word' id='word_1_95' title='bbox 1689 1524 1828 1562; x_wconf 88' lang='lat' dir='ltr'><strong>com-</strong></span> 
     </span>
    </p>
   </div>
   <div class='ocr_carea' id='block_1_14' title="bbox 231 1602 1827 1685">
    <p class='ocr_par' dir='ltr' id='par_1_14' title="bbox 231 1602 1827 1685">
     <span class='ocr_line' id='line_1_15' title="bbox 231 1602 1827 1685; baseline -0.012 -12"><span class='ocrx_word' id='word_1_96' title='bbox 231 1617 506 1685; x_wconf 70' lang='lat' dir='ltr'><strong>pellamus.</strong></span> <span class='ocrx_word' id='word_1_97' title='bbox 549 1611 744 1667; x_wconf 80' lang='lat' dir='ltr'><strong>Facitis</strong></span> <span class='ocrx_word' id='word_1_98' title='bbox 771 1609 939 1675; x_wconf 89' lang='lat' dir='ltr'><strong>enim,</strong></span> <span class='ocrx_word' id='word_1_99' title='bbox 980 1607 1071 1662; x_wconf 89' lang='lat' dir='ltr'><strong>ubi</strong></span> <span class='ocrx_word' id='word_1_100' title='bbox 1098 1605 1319 1676; x_wconf 89' lang='lat' dir='ltr'><strong>potestis</strong></span> <span class='ocrx_word' id='word_1_101' title='bbox 1352 1620 1364 1656; x_wconf 91' lang='lat'>:</span> <span class='ocrx_word' id='word_1_102' title='bbox 1397 1602 1485 1655; x_wconf 83' lang='lat' dir='ltr'><strong>tibi</strong></span> <span class='ocrx_word' id='word_1_103' title='bbox 1515 1609 1693 1655; x_wconf 77' lang='lat' dir='ltr'><strong>autem</strong></span> <span class='ocrx_word' id='word_1_104' title='bbox 1720 1615 1827 1654; x_wconf 88' lang='lat' dir='ltr'><strong>non</strong></span> 
     </span>
    </p>
   </div>
   <div class='ocr_carea' id='block_1_15' title="bbox 237 1696 1824 1776">
    <p class='ocr_par' dir='ltr' id='par_1_15' title="bbox 237 1696 1824 1776">
     <span class='ocr_line' id='line_1_16' title="bbox 237 1696 1824 1776; baseline -0.011 -13"><span class='ocrx_word' id='word_1_105' title='bbox 237 1711 429 1774; x_wconf 71' lang='lat' dir='ltr'><strong>tacitis,</strong></span> <span class='ocrx_word' id='word_1_106' title='bbox 458 1723 564 1762; x_wconf 87' lang='lat' dir='ltr'><strong>non</strong></span> <span class='ocrx_word' id='word_1_107' title='bbox 597 1705 840 1776; x_wconf 79' lang='lat' dir='ltr'><strong>potestis,</strong></span> <span class='ocrx_word' id='word_1_108' title='bbox 869 1705 982 1758; x_wconf 83' lang='lat' dir='ltr'><strong>sive</strong></span> <span class='ocrx_word' id='word_1_109' title='bbox 1005 1703 1204 1773; x_wconf 82' lang='lat' dir='ltr'><strong>legum,</strong></span> <span class='ocrx_word' id='word_1_110' title='bbox 1236 1699 1348 1754; x_wconf 89' lang='lat' dir='ltr'><strong>sive</strong></span> <span class='ocrx_word' id='word_1_111' title='bbox 1380 1696 1588 1752; x_wconf 76' lang='lat' dir='ltr'><strong>invidia:</strong></span> <span class='ocrx_word' id='word_1_112' title='bbox 1613 1696 1824 1758; x_wconf 90' lang='lat' dir='ltr'><strong>timore,</strong></span> 
     </span>
    </p>
   </div>
   <div class='ocr_carea' id='block_1_16' title="bbox 237 1794 1124 1858">
    <p class='ocr_par' dir='ltr' id='par_1_16' title="bbox 237 1794 1124 1858">
     <span class='ocr_line' id='line_1_17' title="bbox 237 1794 1124 1858; baseline -0.011 0"><span class='ocrx_word' id='word_1_113' title='bbox 237 1805 352 1858; x_wconf 76' lang='lat' dir='ltr'><strong>sive</strong></span> <span class='ocrx_word' id='word_1_114' title='bbox 375 1800 741 1856; x_wconf 72' lang='lat' dir='ltr'><strong>resistentium</strong></span> <span class='ocrx_word' id='word_1_115' title='bbox 767 1794 1124 1852; x_wconf 80' lang='lat' dir='ltr'><strong>multitudine.</strong></span> 
     </span>
    </p>
   </div>
   <div class='ocr_carea' id='block_1_17' title="bbox 303 1877 1828 1951">
    <p class='ocr_par' dir='ltr' id='par_1_17' title="bbox 303 1877 1828 1951">
     <span class='ocr_line' id='line_1_18' title="bbox 303 1877 1828 1951; baseline -0.014 0"><span class='ocrx_word' id='word_1_116' title='bbox 303 1893 535 1951; x_wconf 69' lang='lat' dir='ltr'><strong>CAPUT</strong></span> <span class='ocrx_word' id='word_1_117' title='bbox 577 1888 859 1947; x_wconf 77' lang='lat' dir='ltr'><strong>LXXXIV.</strong></span> <span class='ocrx_word' id='word_1_118' title='bbox 881 1919 953 1930; x_wconf 94' lang='lat'><strong>—</strong></span> <span class='ocrx_word' id='word_1_119' title='bbox 973 1887 1094 1943; x_wconf 80' lang='grc'><strong>185.</strong></span> <span class='ocrx_word' id='word_1_120' title='bbox 1137 1886 1321 1941; x_wconf 80' lang='grc' dir='ltr'><strong>Ρετιι..</strong></span> <span class='ocrx_word' id='word_1_121' title='bbox 1350 1882 1516 1938; x_wconf 75' lang='lat' dir='ltr'><strong>dixit:</strong></span> <span class='ocrx_word' id='word_1_122' title='bbox 1542 1879 1673 1934; x_wconf 83' lang='lat' dir='ltr'><strong>Dicit</strong></span> <span class='ocrx_word' id='word_1_123' title='bbox 1693 1877 1828 1933; x_wconf 90' lang='lat' dir='ltr'><strong>enim</strong></span> 
     </span>
    </p>
   </div>
   <div class='ocr_carea' id='block_1_18' title="bbox 238 1969 1830 2054">
    <p class='ocr_par' dir='ltr' id='par_1_18' title="bbox 238 1969 1830 2054">
     <span class='ocr_line' id='line_1_19' title="bbox 238 1969 1830 2054; baseline -0.014 -11"><span class='ocrx_word' id='word_1_124' title='bbox 238 1989 489 2043; x_wconf 79' lang='lat' dir='ltr'><strong>Dominus</strong></span> <span class='ocrx_word' id='word_1_125' title='bbox 515 1986 766 2046; x_wconf 85' lang='lat' dir='ltr'><strong>Christus,</strong></span> <span class='ocrx_word' id='word_1_126' title='bbox 805 2003 824 2035; x_wconf 82' lang='grc' dir='ltr'><strong>ι</strong></span> <span class='ocrx_word' id='word_1_127' title='bbox 861 1980 1023 2037; x_wconf 83' lang='lat' dir='ltr'><strong>Nemo</strong></span> <span class='ocrx_word' id='word_1_128' title='bbox 1044 1981 1174 2054; x_wconf 69' lang='lat' dir='ltr'><strong>eguit</strong></span> <span class='ocrx_word' id='word_1_129' title='bbox 1200 1979 1269 2032; x_wconf 84' lang='lat' dir='ltr'><strong>ad</strong></span> <span class='ocrx_word' id='word_1_130' title='bbox 1292 1992 1389 2040; x_wconf 86' lang='lat' dir='ltr'><strong>me,</strong></span> <span class='ocrx_word' id='word_1_131' title='bbox 1424 1975 1521 2029; x_wconf 83' lang='lat' dir='ltr'><strong>nisi</strong></span> <span class='ocrx_word' id='word_1_132' title='bbox 1548 1988 1693 2044; x_wconf 86' lang='lat' dir='ltr'><strong>quem</strong></span> <span class='ocrx_word' id='word_1_133' title='bbox 1725 1969 1830 2022; x_wconf 82' lang='lat' dir='ltr'><strong>Pa-</strong></span> 
     </span>
    </p>
   </div>
   <div class='ocr_carea' id='block_1_19' title="bbox 236 2060 1829 2147">
    <p class='ocr_par' dir='ltr' id='par_1_19' title="bbox 236 2060 1829 2147">
     <span class='ocr_line' id='line_1_20' title="bbox 236 2060 1829 2147; baseline -0.011 -16"><span class='ocrx_word' id='word_1_134' title='bbox 236 2091 310 2133; x_wconf 89' lang='lat' dir='ltr'><strong>ter</strong></span> <span class='ocrx_word' id='word_1_135' title='bbox 354 2077 618 2132; x_wconf 72' lang='lat' dir='ltr'><strong>attraxerit</strong></span> <span class='ocrx_word' id='word_1_136' title='bbox 651 2095 671 2128; x_wconf 76' lang='grc' dir='ltr'><strong>ι</strong></span> <span class='ocrx_word' id='word_1_137' title='bbox 707 2074 885 2147; x_wconf 85' lang='lat' dir='ltr'><strong>(Joan.</strong></span> <span class='ocrx_word' id='word_1_138' title='bbox 916 2089 993 2139; x_wconf 84' lang='lat' dir='ltr'><strong>vt,</strong></span> <span class='ocrx_word' id='word_1_139' title='bbox 1030 2071 1144 2142; x_wconf 66' lang='grc'><strong>44).</strong></span> <span class='ocrx_word' id='word_1_140' title='bbox 1174 2067 1278 2124; x_wconf 86' lang='lat' dir='ltr'><strong>Cur</strong></span> <span class='ocrx_word' id='word_1_141' title='bbox 1319 2079 1488 2121; x_wconf 85' lang='lat' dir='ltr'><strong>autem</strong></span> <span class='ocrx_word' id='word_1_142' title='bbox 1519 2081 1605 2119; x_wconf 82' lang='lat' dir='ltr'><strong>ros</strong></span> <span class='ocrx_word' id='word_1_143' title='bbox 1630 2078 1731 2116; x_wconf 86' lang='lat' dir='ltr'><strong>non</strong></span> <span class='ocrx_word' id='word_1_144' title='bbox 1761 2060 1799 2115; x_wconf 89' lang='lat' dir='ltr'><strong>li</strong></span> <span class='ocrx_word' id='word_1_145' title='bbox 1810 2092 1829 2104; x_wconf 89' lang='lat'><strong>-</strong></span> 
     </span>
    </p>
   </div>
   <div class='ocr_carea' id='block_1_20' title="bbox 236 2153 1832 2235">
    <p class='ocr_par' dir='ltr' id='par_1_20' title="bbox 236 2153 1832 2235">
     <span class='ocr_line' id='line_1_21' title="bbox 236 2153 1832 2235; baseline -0.012 -11"><span class='ocrx_word' id='word_1_146' title='bbox 236 2171 410 2224; x_wconf 71' lang='lat' dir='ltr'><strong>berum</strong></span> <span class='ocrx_word' id='word_1_147' title='bbox 439 2168 704 2222; x_wconf 82' lang='lat' dir='ltr'><strong>arbitrium</strong></span> <span class='ocrx_word' id='word_1_148' title='bbox 749 2165 1015 2235; x_wconf 84' lang='lat' dir='ltr'><strong>unicuique</strong></span> <span class='ocrx_word' id='word_1_149' title='bbox 1055 2162 1192 2231; x_wconf 87' lang='lat' dir='ltr'><strong>sequi</strong></span> <span class='ocrx_word' id='word_1_150' title='bbox 1219 2158 1523 2230; x_wconf 76' lang='lat' dir='ltr'><strong>permittitis,</strong></span> <span class='ocrx_word' id='word_1_151' title='bbox 1566 2171 1684 2209; x_wconf 87' lang='lat' dir='ltr'><strong>cum</strong></span> <span class='ocrx_word' id='word_1_152' title='bbox 1722 2153 1832 2223; x_wconf 81' lang='lat' dir='ltr'><strong>ipse</strong></span> 
     </span>
    </p>
   </div>
   <div class='ocr_carea' id='block_1_21' title="bbox 239 2246 1830 2335">
    <p class='ocr_par' dir='ltr' id='par_1_21' title="bbox 239 2246 1830 2335">
     <span class='ocr_line' id='line_1_22' title="bbox 239 2246 1830 2335; baseline -0.013 -19"><span class='ocrx_word' id='word_1_153' title='bbox 239 2264 490 2335; x_wconf 75' lang='lat' dir='ltr'><strong>Dominus</strong></span> <span class='ocrx_word' id='word_1_154' title='bbox 538 2259 672 2313; x_wconf 78' lang='lat' dir='ltr'><strong>Deus</strong></span> <span class='ocrx_word' id='word_1_155' title='bbox 710 2259 920 2313; x_wconf 73' lang='lat' dir='ltr'><strong>liberant</strong></span> <span class='ocrx_word' id='word_1_156' title='bbox 971 2254 1235 2308; x_wconf 83' lang='lat' dir='ltr'><strong>arbitrium</strong></span> <span class='ocrx_word' id='word_1_157' title='bbox 1281 2250 1471 2304; x_wconf 79' lang='lat' dir='ltr'><strong>dederit</strong></span> <span class='ocrx_word' id='word_1_158' title='bbox 1512 2246 1830 2307; x_wconf 83' lang='lat' dir='ltr'><strong>hominibus;</strong></span> 
     </span>
    </p>
   </div>
   <div class='ocr_carea' id='block_1_22' title="bbox 238 2337 1830 2421">
    <p class='ocr_par' dir='ltr' id='par_1_22' title="bbox 238 2337 1830 2421">
     <span class='ocr_line' id='line_1_23' title="bbox 238 2337 1830 2421; baseline -0.011 -14"><span class='ocrx_word' id='word_1_159' title='bbox 238 2357 367 2408; x_wconf 79' lang='lat' dir='ltr'><strong>riam</strong></span> <span class='ocrx_word' id='word_1_160' title='bbox 394 2365 565 2406; x_wconf 85' lang='lat' dir='ltr'><strong>tamen</strong></span> <span class='ocrx_word' id='word_1_161' title='bbox 587 2350 803 2421; x_wconf 78' lang='lat' dir='ltr'><strong>jastitite</strong></span> <span class='ocrx_word' id='word_1_162' title='bbox 825 2347 1110 2411; x_wconf 84' lang='lat' dir='ltr'><strong>ostendens,</strong></span> <span class='ocrx_word' id='word_1_163' title='bbox 1157 2360 1218 2398; x_wconf 85' lang='lat' dir='ltr'><strong>ne</strong></span> <span class='ocrx_word' id='word_1_164' title='bbox 1246 2344 1357 2413; x_wconf 84' lang='lat' dir='ltr'><strong>quis</strong></span> <span class='ocrx_word' id='word_1_165' title='bbox 1390 2341 1603 2412; x_wconf 74' lang='lat' dir='ltr'><strong>forsitan</strong></span> <span class='ocrx_word' id='word_1_166' title='bbox 1634 2337 1830 2391; x_wconf 77' lang='lat' dir='ltr'><strong>nescius</strong></span> 
     </span>
    </p>
   </div>
   <div class='ocr_carea' id='block_1_23' title="bbox 235 2429 1826 2517">
    <p class='ocr_par' dir='ltr' id='par_1_23' title="bbox 235 2429 1826 2517">
     <span class='ocr_line' id='line_1_24' title="bbox 235 2429 1826 2517; baseline -0.013 -17"><span class='ocrx_word' id='word_1_167' title='bbox 235 2448 507 2517; x_wconf 75' lang='lat' dir='ltr'><strong>deperiret.</strong></span> <span class='ocrx_word' id='word_1_168' title='bbox 544 2444 680 2497; x_wconf 75' lang='lat' dir='ltr'><strong>Dixit</strong></span> <span class='ocrx_word' id='word_1_169' title='bbox 701 2443 833 2496; x_wconf 88' lang='lat' dir='ltr'><strong>enim</strong></span> <span class='ocrx_word' id='word_1_170' title='bbox 861 2458 879 2496; x_wconf 91' lang='lat'><strong><em>:</em></strong></span> <span class='ocrx_word' id='word_1_171' title='bbox 905 2460 925 2494; x_wconf 73' lang='grc' dir='ltr'><strong>ι</strong></span> <span class='ocrx_word' id='word_1_172' title='bbox 961 2439 1117 2494; x_wconf 86' lang='lat' dir='ltr'><strong>Posui</strong></span> <span class='ocrx_word' id='word_1_173' title='bbox 1137 2446 1251 2490; x_wconf 87' lang='lat' dir='ltr'><strong>ante</strong></span> <span class='ocrx_word' id='word_1_174' title='bbox 1270 2446 1318 2489; x_wconf 87' lang='lat' dir='ltr'><strong>te</strong></span> <span class='ocrx_word' id='word_1_175' title='bbox 1342 2436 1521 2488; x_wconf 88' lang='lat' dir='ltr'><strong>bonum</strong></span> <span class='ocrx_word' id='word_1_176' title='bbox 1549 2442 1592 2485; x_wconf 84' lang='lat' dir='ltr'><strong>et</strong></span> <span class='ocrx_word' id='word_1_177' title='bbox 1616 2429 1826 2495; x_wconf 78' lang='lat' dir='ltr'><strong>malum,</strong></span> 
     </span>
    </p>
   </div>
   <div class='ocr_carea' id='block_1_24' title="bbox 236 2524 1823 2609">
    <p class='ocr_par' dir='ltr' id='par_1_24' title="bbox 236 2524 1823 2609">
     <span class='ocr_line' id='line_1_25' title="bbox 236 2524 1823 2609; baseline -0.01 -19"><span class='ocrx_word' id='word_1_178' title='bbox 236 2540 386 2609; x_wconf 79' lang='lat' dir='ltr'><strong>posui</strong></span> <span class='ocrx_word' id='word_1_179' title='bbox 414 2547 536 2591; x_wconf 86' lang='lat' dir='ltr'><strong>ante</strong></span> <span class='ocrx_word' id='word_1_180' title='bbox 577 2544 623 2590; x_wconf 88' lang='lat' dir='ltr'><strong>te</strong></span> <span class='ocrx_word' id='word_1_181' title='bbox 665 2537 833 2608; x_wconf 82' lang='lat' dir='ltr'><strong>ignem</strong></span> <span class='ocrx_word' id='word_1_182' title='bbox 875 2543 919 2587; x_wconf 87' lang='lat' dir='ltr'><strong>et</strong></span> <span class='ocrx_word' id='word_1_183' title='bbox 948 2546 1169 2601; x_wconf 82' lang='lat' dir='ltr'><strong>aquam;</strong></span> <span class='ocrx_word' id='word_1_184' title='bbox 1198 2528 1332 2599; x_wconf 83' lang='lat' dir='ltr'><strong>quod</strong></span> <span class='ocrx_word' id='word_1_185' title='bbox 1370 2525 1585 2580; x_wconf 81' lang='lat' dir='ltr'><strong>uolueris</strong></span> <span class='ocrx_word' id='word_1_186' title='bbox 1626 2524 1773 2593; x_wconf 83' lang='lat' dir='ltr'><strong>elige.</strong></span> <span class='ocrx_word' id='word_1_187' title='bbox 1804 2540 1823 2574; x_wconf 72' lang='grc' dir='ltr'><strong>ι</strong></span> 
     </span>
    </p>
   </div>
   <div class='ocr_carea' id='block_1_25' title="bbox 238 2614 1830 2708">
    <p class='ocr_par' dir='ltr' id='par_1_25' title="bbox 238 2614 1830 2708">
     <span class='ocr_line' id='line_1_26' title="bbox 238 2614 1830 2708; baseline -0.012 -23"><span class='ocrx_word' id='word_1_188' title='bbox 238 2631 322 2685; x_wconf 71' lang='lat' dir='ltr'><strong>Ex</strong></span> <span class='ocrx_word' id='word_1_189' title='bbox 373 2647 487 2708; x_wconf 44' lang='lat' dir='ltr'><strong>quo.</strong></span> <span class='ocrx_word' id='word_1_190' title='bbox 522 2645 611 2682; x_wconf 84' lang='lat' dir='ltr'><strong>ros</strong></span> <span class='ocrx_word' id='word_1_191' title='bbox 654 2627 881 2690; x_wconf 87' lang='lat' dir='ltr'><strong>arbitrio,</strong></span> <span class='ocrx_word' id='word_1_192' title='bbox 927 2624 1119 2689; x_wconf 77' lang='lat' dir='ltr'><strong>miseri,</strong></span> <span class='ocrx_word' id='word_1_193' title='bbox 1159 2621 1295 2676; x_wconf 80' lang='lat' dir='ltr'><strong>vobis</strong></span> <span class='ocrx_word' id='word_1_194' title='bbox 1340 2636 1439 2673; x_wconf 88' lang='lat' dir='ltr'><strong>non</strong></span> <span class='ocrx_word' id='word_1_195' title='bbox 1487 2632 1692 2686; x_wconf 82' lang='lat' dir='ltr'><strong>aquam,</strong></span> <span class='ocrx_word' id='word_1_196' title='bbox 1742 2614 1830 2668; x_wconf 83' lang='lat' dir='ltr'><strong>sed</strong></span> 
     </span>
    </p>
   </div>
   <div class='ocr_carea' id='block_1_26' title="bbox 238 2706 1829 2792">
    <p class='ocr_par' dir='ltr' id='par_1_26' title="bbox 238 2706 1829 2792">
     <span class='ocr_line' id='line_1_27' title="bbox 238 2706 1829 2792; baseline -0.013 -15"><span class='ocrx_word' id='word_1_197' title='bbox 238 2727 403 2792; x_wconf 74' lang='lat' dir='ltr'><strong>ignem</strong></span> <span class='ocrx_word' id='word_1_198' title='bbox 459 2706 633 2792; x_wconf 72' lang='lat' dir='ltr'><strong>potius</strong></span> <span class='ocrx_word' id='word_1_199' title='bbox 685 2718 922 2789; x_wconf 71' lang='lat' dir='ltr'><strong>elegistis.</strong></span> <span class='ocrx_word' id='word_1_200' title='bbox 956 2734 974 2767; x_wconf 82' lang='lat' dir='ltr'><strong>t</strong></span> <span class='ocrx_word' id='word_1_201' title='bbox 1007 2715 1113 2770; x_wconf 81' lang='lat' dir='ltr'><strong>Sed</strong></span> <span class='ocrx_word' id='word_1_202' title='bbox 1174 2722 1361 2776; x_wconf 83' lang='lat' dir='ltr'><strong>tamen,</strong></span> <span class='ocrx_word' id='word_1_203' title='bbox 1408 2710 1589 2774; x_wconf 80' lang='lat' dir='ltr'><strong>inquit,</strong></span> <span class='ocrx_word' id='word_1_204' title='bbox 1643 2706 1829 2758; x_wconf 85' lang='lat' dir='ltr'><strong>bonum</strong></span> 
     </span>
    </p>
   </div>
   <div class='ocr_carea' id='block_1_27' title="bbox 239 2800 1830 2886">
    <p class='ocr_par' dir='ltr' id='par_1_27' title="bbox 239 2800 1830 2886">
     <span class='ocr_line' id='line_1_28' title="bbox 239 2800 1830 2886; baseline -0.013 -17"><span class='ocrx_word' id='word_1_205' title='bbox 239 2817 384 2886; x_wconf 70' lang='lat' dir='ltr'><strong>elige,</strong></span> <span class='ocrx_word' id='word_1_206' title='bbox 410 2824 464 2868; x_wconf 86' lang='lat' dir='ltr'><strong>ut</strong></span> <span class='ocrx_word' id='word_1_207' title='bbox 489 2815 629 2868; x_wconf 77' lang='lat' dir='ltr'><strong>viras</strong></span> <span class='ocrx_word' id='word_1_208' title='bbox 654 2832 673 2865; x_wconf 72' lang='grc' dir='ltr'><strong>ι</strong></span> <span class='ocrx_word' id='word_1_209' title='bbox 705 2809 890 2884; x_wconf 83' lang='lat' dir='ltr'><strong>(Eccli.</strong></span> <span class='ocrx_word' id='word_1_210' title='bbox 922 2824 1010 2873; x_wconf 80' lang='lat' dir='ltr'><strong>xv,</strong></span> <span class='ocrx_word' id='word_1_211' title='bbox 1041 2807 1129 2871; x_wconf 78' lang='grc' dir='ltr'><strong>Π,</strong></span> <span class='ocrx_word' id='word_1_212' title='bbox 1161 2806 1273 2875; x_wconf 77' lang='lat' dir='ltr'><strong>IS).</strong></span> <span class='ocrx_word' id='word_1_213' title='bbox 1306 2802 1407 2871; x_wconf 88' lang='lat' dir='ltr'><strong>Qui</strong></span> <span class='ocrx_word' id='word_1_214' title='bbox 1434 2818 1532 2854; x_wconf 87' lang='lat' dir='ltr'><strong>non</strong></span> <span class='ocrx_word' id='word_1_215' title='bbox 1553 2805 1626 2854; x_wconf 85' lang='lat' dir='ltr'><strong>vis</strong></span> <span class='ocrx_word' id='word_1_216' title='bbox 1647 2800 1830 2852; x_wconf 84' lang='lat' dir='ltr'><strong>bonum</strong></span> 
     </span>
    </p>
   </div>
   <div class='ocr_carea' id='block_1_28' title="bbox 243 2899 1209 2980">
    <p class='ocr_par' dir='ltr' id='par_1_28' title="bbox 243 2899 1209 2980">
     <span class='ocr_line' id='line_1_29' title="bbox 243 2899 1209 2980; baseline -0.008 -21"><span class='ocrx_word' id='word_1_217' title='bbox 243 2909 444 2980; x_wconf 75' lang='lat' dir='ltr'><strong>eligere,</strong></span> <span class='ocrx_word' id='word_1_218' title='bbox 477 2908 641 2960; x_wconf 71' lang='lat' dir='ltr'><strong>cicere</strong></span> <span class='ocrx_word' id='word_1_219' title='bbox 665 2914 712 2958; x_wconf 87' lang='lat' dir='ltr'><strong>te</strong></span> <span class='ocrx_word' id='word_1_220' title='bbox 737 2901 870 2957; x_wconf 89' lang='lat' dir='ltr'><strong>nolle</strong></span> <span class='ocrx_word' id='word_1_221' title='bbox 899 2899 1151 2954; x_wconf 86' lang='lat' dir='ltr'><strong>damnasti</strong></span> <span class='ocrx_word' id='word_1_222' title='bbox 1171 2899 1209 2951; x_wconf 77' lang='grc'><strong>⁸.</strong></span> 
     </span>
    </p>
   </div>
   <div class='ocr_carea' id='block_1_29' title="bbox 312 2982 1829 3066">
    <p class='ocr_par' dir='ltr' id='par_1_29' title="bbox 312 2982 1829 3066">
     <span class='ocr_line' id='line_1_30' title="bbox 312 2982 1829 3066; baseline -0.015 -10"><span class='ocrx_word' id='word_1_223' title='bbox 312 3001 436 3057; x_wconf 77' lang='grc'><strong>186.</strong></span> <span class='ocrx_word' id='word_1_224' title='bbox 479 3000 619 3055; x_wconf 79' lang='lat' dir='ltr'><strong>Atto.</strong></span> <span class='ocrx_word' id='word_1_225' title='bbox 662 2994 936 3066; x_wconf 81' lang='lat' dir='ltr'><strong>respondit</strong></span> <span class='ocrx_word' id='word_1_226' title='bbox 965 3011 980 3048; x_wconf 90' lang='lat'><strong>:</strong></span> <span class='ocrx_word' id='word_1_227' title='bbox 1008 2992 1062 3048; x_wconf 90' lang='lat' dir='ltr'><strong>Si</strong></span> <span class='ocrx_word' id='word_1_228' title='bbox 1102 2990 1198 3045; x_wconf 88' lang='lat' dir='ltr'><strong>tibi</strong></span> <span class='ocrx_word' id='word_1_229' title='bbox 1237 3000 1531 3059; x_wconf 80' lang='lat' dir='ltr'><strong>proponam</strong></span> <span class='ocrx_word' id='word_1_230' title='bbox 1576 2982 1829 3053; x_wconf 74' lang='lat' dir='ltr'><strong>qumstio-</strong></span> 
     </span>
    </p>
   </div>
   <div class='ocr_carea' id='block_1_30' title="bbox 242 3076 1833 3162">
    <p class='ocr_par' dir='ltr' id='par_1_30' title="bbox 242 3076 1833 3162">
     <span class='ocr_line' id='line_1_31' title="bbox 242 3076 1833 3162; baseline -0.013 -14"><span class='ocrx_word' id='word_1_231' title='bbox 242 3108 384 3156; x_wconf 82' lang='lat' dir='ltr'><strong>netu,</strong></span> <span class='ocrx_word' id='word_1_232' title='bbox 413 3086 685 3162; x_wconf 77' lang='lat' dir='ltr'><strong>qttomOtlo</strong></span> <span class='ocrx_word' id='word_1_233' title='bbox 717 3088 854 3141; x_wconf 88' lang='lat' dir='ltr'><strong>Dens</strong></span> <span class='ocrx_word' id='word_1_234' title='bbox 883 3085 1041 3138; x_wconf 79' lang='lat' dir='ltr'><strong>Pater</strong></span> <span class='ocrx_word' id='word_1_235' title='bbox 1068 3081 1297 3136; x_wconf 86' lang='lat' dir='ltr'><strong>attrahat</strong></span> <span class='ocrx_word' id='word_1_236' title='bbox 1338 3079 1402 3133; x_wconf 87' lang='lat' dir='ltr'><strong>ad</strong></span> <span class='ocrx_word' id='word_1_237' title='bbox 1440 3078 1632 3132; x_wconf 85' lang='lat' dir='ltr'><strong>Filium</strong></span> <span class='ocrx_word' id='word_1_238' title='bbox 1661 3076 1833 3128; x_wconf 86' lang='lat' dir='ltr'><strong>homi-</strong></span> 
     </span>
    </p>
   </div>
   <div class='ocr_carea' id='block_1_31' title="bbox 244 3166 1830 3252">
    <p class='ocr_par' dir='ltr' id='par_1_31' title="bbox 244 3166 1830 3252">
     <span class='ocr_line' id='line_1_32' title="bbox 244 3166 1830 3252; baseline -0.012 -15"><span class='ocrx_word' id='word_1_239' title='bbox 244 3200 359 3249; x_wconf 85' lang='lat' dir='ltr'><strong>nes,</strong></span> <span class='ocrx_word' id='word_1_240' title='bbox 402 3197 542 3252; x_wconf 89' lang='lat' dir='ltr'><strong>quos</strong></span> <span class='ocrx_word' id='word_1_241' title='bbox 590 3180 641 3234; x_wconf 89' lang='lat' dir='ltr'><strong>in</strong></span> <span class='ocrx_word' id='word_1_242' title='bbox 684 3178 855 3233; x_wconf 88' lang='lat' dir='ltr'><strong>libero</strong></span> <span class='ocrx_word' id='word_1_243' title='bbox 886 3174 1086 3229; x_wconf 87' lang='lat' dir='ltr'><strong>dimisit</strong></span> <span class='ocrx_word' id='word_1_244' title='bbox 1123 3171 1375 3234; x_wconf 86' lang='lat' dir='ltr'><strong>arbitrio,</strong></span> <span class='ocrx_word' id='word_1_245' title='bbox 1425 3166 1668 3223; x_wconf 70' lang='lat' dir='ltr'><strong>fortassis</strong></span> <span class='ocrx_word' id='word_1_246' title='bbox 1713 3180 1830 3221; x_wconf 86' lang='lat' dir='ltr'><strong>eam</strong></span> 
     </span>
    </p>
   </div>
   <div class='ocr_carea' id='block_1_32' title="bbox 243 3256 1835 3335">
    <p class='ocr_par' dir='ltr' id='par_1_32' title="bbox 243 3256 1835 3335">
     <span class='ocr_line' id='line_1_33' title="bbox 243 3256 1835 3335; baseline -0.013 -6"><span class='ocrx_word' id='word_1_247' title='bbox 243 3274 463 3329; x_wconf 87' lang='lat' dir='ltr'><strong>diflicile</strong></span> <span class='ocrx_word' id='word_1_248' title='bbox 496 3272 770 3327; x_wconf 81' lang='lat' dir='ltr'><strong>soluturus</strong></span> <span class='ocrx_word' id='word_1_249' title='bbox 798 3282 875 3322; x_wconf 91' lang='lat' dir='ltr'><strong>cs.</strong></span> <span class='ocrx_word' id='word_1_250' title='bbox 907 3264 1188 3335; x_wconf 84' lang='lat' dir='ltr'><strong>Quomodo</strong></span> <span class='ocrx_word' id='word_1_251' title='bbox 1215 3262 1356 3315; x_wconf 89' lang='lat' dir='ltr'><strong>enim</strong></span> <span class='ocrx_word' id='word_1_252' title='bbox 1402 3258 1642 3324; x_wconf 82' lang='lat' dir='ltr'><strong>attrahit,</strong></span> <span class='ocrx_word' id='word_1_253' title='bbox 1682 3256 1835 3310; x_wconf 86' lang='lat' dir='ltr'><strong>si&#39;di-</strong></span> 
     </span>
    </p>
   </div>
   <div class='ocr_carea' id='block_1_33' title="bbox 244 3352 1836 3432">
    <p class='ocr_par' dir='ltr' id='par_1_33' title="bbox 244 3352 1836 3432">
     <span class='ocr_line' id='line_1_34' title="bbox 244 3352 1836 3432; baseline -0.014 -10"><span class='ocrx_word' id='word_1_254' title='bbox 244 3367 407 3422; x_wconf 87' lang='lat' dir='ltr'><strong>mittit</strong></span> <span class='ocrx_word' id='word_1_255' title='bbox 443 3374 500 3420; x_wconf 90' lang='lat' dir='ltr'><strong>ut</strong></span> <span class='ocrx_word' id='word_1_256' title='bbox 528 3362 649 3432; x_wconf 83' lang='lat' dir='ltr'><strong>quis</strong></span> <span class='ocrx_word' id='word_1_257' title='bbox 675 3357 818 3431; x_wconf 86' lang='lat' dir='ltr'><strong>quod</strong></span> <span class='ocrx_word' id='word_1_258' title='bbox 850 3357 1074 3410; x_wconf 87' lang='lat' dir='ltr'><strong>voluerit</strong></span> <span class='ocrx_word' id='word_1_259' title='bbox 1100 3352 1292 3423; x_wconf 81' lang='lat' dir='ltr'><strong>eligat?</strong></span> <span class='ocrx_word' id='word_1_260' title='bbox 1319 3352 1387 3406; x_wconf 87' lang='lat' dir='ltr'><strong>Et</strong></span> <span class='ocrx_word' id='word_1_261' title='bbox 1426 3357 1603 3405; x_wconf 79' lang='lat' dir='ltr'><strong>tamen</strong></span> <span class='ocrx_word' id='word_1_262' title='bbox 1630 3359 1836 3403; x_wconf 90' lang='lat' dir='ltr'><strong>utrum-</strong></span> 
     </span>
    </p>
   </div>
   <div class='ocr_carea' id='block_1_34' title="bbox 242 3439 1833 3529">
    <p class='ocr_par' dir='ltr' id='par_1_34' title="bbox 242 3439 1833 3529">
     <span class='ocr_line' id='line_1_35' title="bbox 242 3439 1833 3529; baseline -0.011 -18"><span class='ocrx_word' id='word_1_263' title='bbox 242 3474 347 3529; x_wconf 87' lang='lat' dir='ltr'><strong>quc</strong></span> <span class='ocrx_word' id='word_1_264' title='bbox 390 3471 578 3512; x_wconf 87' lang='lat' dir='ltr'><strong>verum</strong></span> <span class='ocrx_word' id='word_1_265' title='bbox 617 3450 855 3507; x_wconf 80' lang='lat' dir='ltr'><strong>estzscd</strong></span> <span class='ocrx_word' id='word_1_266' title='bbox 902 3448 1171 3503; x_wconf 86' lang='lat' dir='ltr'><strong>intellectu</strong></span> <span class='ocrx_word' id='word_1_267' title='bbox 1209 3445 1312 3500; x_wconf 93' lang='lat' dir='ltr'><strong>hoc</strong></span> <span class='ocrx_word' id='word_1_268' title='bbox 1359 3452 1641 3514; x_wconf 87' lang='lat' dir='ltr'><strong>penetrare</strong></span> <span class='ocrx_word' id='word_1_269' title='bbox 1678 3439 1833 3512; x_wconf 83' lang='lat' dir='ltr'><strong>pauci</strong></span> 
     </span>
    </p>
   </div>
   <div class='ocr_carea' id='block_1_35' title="bbox 244 3531 1865 3611">
    <p class='ocr_par' dir='ltr' id='par_1_35' title="bbox 244 3531 1865 3611">
     <span class='ocr_line' id='line_1_36' title="bbox 244 3531 1865 3611; baseline -0.012 -9"><span class='ocrx_word' id='word_1_270' title='bbox 244 3551 441 3604; x_wconf 60' lang='lat' dir='ltr'><strong>valent.</strong></span> <span class='ocrx_word' id='word_1_271' title='bbox 473 3548 625 3602; x_wconf 86' lang='lat' dir='ltr'><strong>Sicut</strong></span> <span class='ocrx_word' id='word_1_272' title='bbox 643 3557 772 3611; x_wconf 87' lang='lat' dir='ltr'><strong>ergo</strong></span> <span class='ocrx_word' id='word_1_273' title='bbox 806 3541 925 3596; x_wconf 78' lang='lat' dir='ltr'><strong>ﬁeri</strong></span> <span class='ocrx_word' id='word_1_274' title='bbox 954 3548 1127 3609; x_wconf 82' lang='lat' dir='ltr'><strong>potest</strong></span> <span class='ocrx_word' id='word_1_275' title='bbox 1155 3547 1213 3591; x_wconf 92' lang='lat' dir='ltr'><strong>ut</strong></span> <span class='ocrx_word' id='word_1_276' title='bbox 1237 3551 1371 3607; x_wconf 88' lang='lat' dir='ltr'><strong>quos</strong></span> <span class='ocrx_word' id='word_1_277' title='bbox 1399 3535 1451 3590; x_wconf 89' lang='lat' dir='ltr'><strong>in</strong></span> <span class='ocrx_word' id='word_1_278' title='bbox 1474 3535 1644 3589; x_wconf 89' lang='lat' dir='ltr'><strong>libero</strong></span> <span class='ocrx_word' id='word_1_279' title='bbox 1673 3531 1828 3586; x_wconf 88' lang='lat' dir='ltr'><strong>dinti-</strong></span> <span class='ocrx_word' id='word_1_280' title='bbox 1858 3550 1865 3555; x_wconf 64' lang='grc' dir='ltr'><em>ί</em></span> 
     </span>
    </p>
   </div>
   <div class='ocr_carea' id='block_1_36' title="bbox 242 3623 1837 3701">
    <p class='ocr_par' dir='ltr' id='par_1_36' title="bbox 242 3623 1837 3701">
     <span class='ocr_line' id='line_1_37' title="bbox 242 3623 1837 3701; baseline -0.014 -4"><span class='ocrx_word' id='word_1_281' title='bbox 242 3646 316 3699; x_wconf 82' lang='lat' dir='ltr'><strong>sit</strong></span> <span class='ocrx_word' id='word_1_282' title='bbox 365 3638 609 3701; x_wconf 85' lang='lat' dir='ltr'><strong>arbitrio,</strong></span> <span class='ocrx_word' id='word_1_283' title='bbox 664 3634 897 3690; x_wconf 82' lang='lat' dir='ltr'><strong>attrahat</strong></span> <span class='ocrx_word' id='word_1_284' title='bbox 941 3641 1118 3694; x_wconf 86' lang='lat' dir='ltr'><strong>tamen</strong></span> <span class='ocrx_word' id='word_1_285' title='bbox 1167 3627 1326 3683; x_wconf 85' lang='lat' dir='ltr'><strong>Pater</strong></span> <span class='ocrx_word' id='word_1_286' title='bbox 1372 3626 1438 3681; x_wconf 89' lang='lat' dir='ltr'><strong>ad</strong></span> <span class='ocrx_word' id='word_1_287' title='bbox 1488 3626 1714 3682; x_wconf 81' lang='lat' dir='ltr'><strong>Filium.</strong></span> <span class='ocrx_word' id='word_1_288' title='bbox 1758 3623 1837 3676; x_wconf 89' lang='lat' dir='ltr'><strong>sic</strong></span> 
     </span>
    </p>
   </div>
   <div class='ocr_carea' id='block_1_37' title="bbox 246 3714 1837 3802">
    <p class='ocr_par' dir='ltr' id='par_1_37' title="bbox 246 3714 1837 3802">
     <span class='ocr_line' id='line_1_38' title="bbox 246 3714 1837 3802; baseline -0.015 -12"><span class='ocrx_word' id='word_1_289' title='bbox 246 3735 361 3790; x_wconf 80' lang='lat' dir='ltr'><strong>ﬁeri</strong></span> <span class='ocrx_word' id='word_1_290' title='bbox 393 3740 567 3802; x_wconf 83' lang='lat' dir='ltr'><strong>potest</strong></span> <span class='ocrx_word' id='word_1_291' title='bbox 595 3738 652 3782; x_wconf 91' lang='lat' dir='ltr'><strong>ttt</strong></span> <span class='ocrx_word' id='word_1_292' title='bbox 679 3743 740 3782; x_wconf 91' lang='lat' dir='ltr'><strong>ea</strong></span> <span class='ocrx_word' id='word_1_293' title='bbox 768 3742 886 3796; x_wconf 66' lang='lat' dir='ltr'><strong>qua:</strong></span> <span class='ocrx_word' id='word_1_294' title='bbox 912 3725 1086 3793; x_wconf 77' lang='lat' dir='ltr'><strong>legum</strong></span> <span class='ocrx_word' id='word_1_295' title='bbox 1110 3718 1520 3776; x_wconf 86' lang='lat' dir='ltr'><strong>coercitionibus</strong></span> <span class='ocrx_word' id='word_1_296' title='bbox 1540 3714 1837 3769; x_wconf 84' lang='lat' dir='ltr'><strong>admouen-</strong></span> 
     </span>
    </p>
   </div>
   <div class='ocr_carea' id='block_1_38' title="bbox 247 3804 1835 3891">
    <p class='ocr_par' dir='ltr' id='par_1_38' title="bbox 247 3804 1835 3891">
     <span class='ocr_line' id='line_1_39' title="bbox 247 3804 1835 3891; baseline -0.014 -10"><span class='ocrx_word' id='word_1_297' title='bbox 247 3839 355 3891; x_wconf 88' lang='lat' dir='ltr'><strong>tur,</strong></span> <span class='ocrx_word' id='word_1_298' title='bbox 376 3843 484 3880; x_wconf 87' lang='lat' dir='ltr'><strong>non</strong></span> <span class='ocrx_word' id='word_1_299' title='bbox 519 3823 763 3876; x_wconf 77' lang='lat' dir='ltr'><strong>auferant</strong></span> <span class='ocrx_word' id='word_1_300' title='bbox 794 3819 1020 3873; x_wconf 85' lang='lat' dir='ltr'><strong>liberum</strong></span> <span class='ocrx_word' id='word_1_301' title='bbox 1057 3813 1356 3869; x_wconf 85' lang='lat' dir='ltr'><strong>arbitrium.</strong></span> <span class='ocrx_word' id='word_1_302' title='bbox 1384 3806 1648 3877; x_wconf 82' lang='lat' dir='ltr'><strong>Quidquid</strong></span> <span class='ocrx_word' id='word_1_303' title='bbox 1691 3804 1835 3860; x_wconf 92' lang='lat' dir='ltr'><strong>enim</strong></span> 
     </span>
    </p>
   </div>
   <div class='ocr_carea' id='block_1_39' title="bbox 248 3902 1838 3977">
    <p class='ocr_par' dir='ltr' id='par_1_39' title="bbox 248 3902 1838 3977">
     <span class='ocr_line' id='line_1_40' title="bbox 248 3902 1838 3977; baseline -0.017 -2"><span class='ocrx_word' id='word_1_304' title='bbox 248 3926 409 3976; x_wconf 70' lang='lat' dir='ltr'><strong>homo</strong></span> <span class='ocrx_word' id='word_1_305' title='bbox 433 3918 630 3972; x_wconf 88' lang='lat' dir='ltr'><strong>durum</strong></span> <span class='ocrx_word' id='word_1_306' title='bbox 666 3923 720 3969; x_wconf 90' lang='lat' dir='ltr'><strong>et</strong></span> <span class='ocrx_word' id='word_1_307' title='bbox 747 3913 1031 3967; x_wconf 90' lang='lat' dir='ltr'><strong>molestum</strong></span> <span class='ocrx_word' id='word_1_308' title='bbox 1061 3906 1276 3977; x_wconf 87' lang='lat' dir='ltr'><strong>patitur,</strong></span> <span class='ocrx_word' id='word_1_309' title='bbox 1319 3902 1636 3956; x_wconf 82' lang='lat' dir='ltr'><strong>admonetur</strong></span> <span class='ocrx_word' id='word_1_310' title='bbox 1662 3904 1717 3950; x_wconf 91' lang='lat' dir='ltr'><strong>ttt</strong></span> <span class='ocrx_word' id='word_1_311' title='bbox 1743 3910 1838 3950; x_wconf 87' lang='lat' dir='ltr'><strong>co-</strong></span> 
     </span>
    </p>
   </div>
   <div class='ocr_carea' id='block_1_40' title="bbox 244 3991 1841 4083">
    <p class='ocr_par' dir='ltr' id='par_1_40' title="bbox 244 3991 1841 4083">
     <span class='ocr_line' id='line_1_41' title="bbox 244 3991 1841 4083; baseline -0.016 -15"><span class='ocrx_word' id='word_1_312' title='bbox 244 4014 380 4083; x_wconf 81' lang='lat' dir='ltr'><strong>gitet</strong></span> <span class='ocrx_word' id='word_1_313' title='bbox 426 4024 595 4081; x_wconf 89' lang='lat' dir='ltr'><strong>quare</strong></span> <span class='ocrx_word' id='word_1_314' title='bbox 632 4005 903 4077; x_wconf 89' lang='lat' dir='ltr'><strong>patiatur:</strong></span> <span class='ocrx_word' id='word_1_315' title='bbox 934 4009 991 4056; x_wconf 91' lang='grc' dir='ltr'><strong>ιιι</strong></span> <span class='ocrx_word' id='word_1_316' title='bbox 1028 4002 1070 4054; x_wconf 87' lang='lat' dir='ltr'><strong>si</strong></span> <span class='ocrx_word' id='word_1_317' title='bbox 1112 4013 1210 4068; x_wconf 88' lang='lat' dir='ltr'><strong>pro</strong></span> <span class='ocrx_word' id='word_1_318' title='bbox 1233 3994 1437 4066; x_wconf 88' lang='lat' dir='ltr'><strong>justitia</strong></span> <span class='ocrx_word' id='word_1_319' title='bbox 1482 4008 1541 4048; x_wconf 92' lang='lat' dir='ltr'><strong>se</strong></span> <span class='ocrx_word' id='word_1_320' title='bbox 1581 3991 1686 4060; x_wconf 88' lang='lat' dir='ltr'><strong>pati</strong></span> <span class='ocrx_word' id='word_1_321' title='bbox 1720 4006 1841 4061; x_wconf 82' lang='lat' dir='ltr'><strong>pcr-</strong></span> 
     </span>
    </p>
   </div>
   <div class='ocr_carea' id='block_1_41' title="bbox 245 4086 1841 4174">
    <p class='ocr_par' dir='ltr' id='par_1_41' title="bbox 245 4086 1841 4174">
     <span class='ocr_line' id='line_1_42' title="bbox 245 4086 1841 4174; baseline -0.013 -14"><span class='ocrx_word' id='word_1_322' title='bbox 245 4104 505 4174; x_wconf 77' lang='lat' dir='ltr'><strong>spexerit,</strong></span> <span class='ocrx_word' id='word_1_323' title='bbox 538 4100 767 4167; x_wconf 88' lang='lat' dir='ltr'><strong>idipsum</strong></span> <span class='ocrx_word' id='word_1_324' title='bbox 798 4097 996 4151; x_wconf 90' lang='lat' dir='ltr'><strong>bonum</strong></span> <span class='ocrx_word' id='word_1_325' title='bbox 1039 4092 1198 4161; x_wconf 80' lang='lat' dir='ltr'><strong>eligat</strong></span> <span class='ocrx_word' id='word_1_326' title='bbox 1227 4105 1320 4159; x_wconf 88' lang='lat' dir='ltr'><strong>pro</strong></span> <span class='ocrx_word' id='word_1_327' title='bbox 1342 4087 1543 4158; x_wconf 73' lang='lat' dir='ltr'><strong>iustitia</strong></span> <span class='ocrx_word' id='word_1_328' title='bbox 1574 4086 1697 4140; x_wconf 87' lang='lat' dir='ltr'><strong>talia</strong></span> <span class='ocrx_word' id='word_1_329' title='bbox 1723 4100 1841 4140; x_wconf 84' lang='lat' dir='ltr'><strong>sus-</strong></span> 
     </span>
    </p>
   </div>
   <div class='ocr_carea' id='block_1_42' title="bbox 253 4181 1840 4259">
    <p class='ocr_par' dir='ltr' id='par_1_42' title="bbox 253 4181 1840 4259">
     <span class='ocr_line' id='line_1_43' title="bbox 253 4181 1840 4259; baseline -0.013 -8"><span class='ocrx_word' id='word_1_330' title='bbox 253 4199 459 4259; x_wconf 86' lang='lat' dir='ltr'><strong>tinere;</strong></span> <span class='ocrx_word' id='word_1_331' title='bbox 502 4193 546 4246; x_wconf 89' lang='lat' dir='ltr'><strong>si</strong></span> <span class='ocrx_word' id='word_1_332' title='bbox 590 4199 766 4243; x_wconf 85' lang='lat' dir='ltr'><strong>autem</strong></span> <span class='ocrx_word' id='word_1_333' title='bbox 822 4185 1016 4240; x_wconf 89' lang='lat' dir='ltr'><strong>viderit</strong></span> <span class='ocrx_word' id='word_1_334' title='bbox 1058 4181 1389 4251; x_wconf 83' lang='lat' dir='ltr'><strong>iniquitatem</strong></span> <span class='ocrx_word' id='word_1_335' title='bbox 1432 4192 1554 4232; x_wconf 87' lang='lat' dir='ltr'><strong>esse</strong></span> <span class='ocrx_word' id='word_1_336' title='bbox 1597 4191 1695 4246; x_wconf 87' lang='lat' dir='ltr'><strong>pro</strong></span> <span class='ocrx_word' id='word_1_337' title='bbox 1735 4191 1840 4246; x_wconf 87' lang='lat' dir='ltr'><strong>qua</strong></span> 
     </span>
    </p>
   </div>
   <div class='ocr_carea' id='block_1_43' title="bbox 250 4268 1839 4358">
    <p class='ocr_par' dir='ltr' id='par_1_43' title="bbox 250 4268 1839 4358">
     <span class='ocr_line' id='line_1_44' title="bbox 250 4268 1839 4358; baseline -0.011 -19"><span class='ocrx_word' id='word_1_338' title='bbox 250 4290 467 4358; x_wconf 76' lang='lat' dir='ltr'><strong>patitur,</strong></span> <span class='ocrx_word' id='word_1_339' title='bbox 510 4299 569 4338; x_wconf 90' lang='lat' dir='ltr'><strong>se</strong></span> <span class='ocrx_word' id='word_1_340' title='bbox 613 4275 1091 4335; x_wconf 79' lang='lat' dir='ltr'><strong>infrt-rtuosissimc</strong></span> <span class='ocrx_word' id='word_1_341' title='bbox 1126 4273 1369 4328; x_wconf 88' lang='lat' dir='ltr'><strong>laborare</strong></span> <span class='ocrx_word' id='word_1_342' title='bbox 1413 4279 1573 4339; x_wconf 89' lang='lat' dir='ltr'><strong>atque</strong></span> <span class='ocrx_word' id='word_1_343' title='bbox 1615 4268 1839 4323; x_wconf 86' lang='lat' dir='ltr'><strong>cruciari</strong></span> 
     </span>
    </p>
   </div>
   <div class='ocr_carea' id='block_1_44' title="bbox 249 4358 1842 4434">
    <p class='ocr_par' dir='ltr' id='par_1_44' title="bbox 249 4358 1842 4434">
     <span class='ocr_line' id='line_1_45' title="bbox 249 4358 1842 4434; baseline -0.013 -2"><span class='ocrx_word' id='word_1_344' title='bbox 249 4376 626 4434; x_wconf 81' lang='lat' dir='ltr'><strong>considerans,</strong></span> <span class='ocrx_word' id='word_1_345' title='bbox 658 4379 826 4425; x_wconf 91' lang='lat' dir='ltr'><strong>mutet</strong></span> <span class='ocrx_word' id='word_1_346' title='bbox 868 4366 919 4420; x_wconf 90' lang='lat' dir='ltr'><strong>itt</strong></span> <span class='ocrx_word' id='word_1_347' title='bbox 962 4364 1155 4419; x_wconf 89' lang='lat' dir='ltr'><strong>melius</strong></span> <span class='ocrx_word' id='word_1_348' title='bbox 1188 4362 1535 4425; x_wconf 84' lang='lat' dir='ltr'><strong>voluntatem,</strong></span> <span class='ocrx_word' id='word_1_349' title='bbox 1577 4358 1842 4428; x_wconf 88' lang='lat' dir='ltr'><strong>simulque</strong></span> 
     </span>
    </p>
   </div>
   <div class='ocr_carea' id='block_1_45' title="bbox 249 4451 1842 4525">
    <p class='ocr_par' dir='ltr' id='par_1_45' title="bbox 249 4451 1842 4525">
     <span class='ocr_line' id='line_1_46' title="bbox 249 4451 1842 4525; baseline -0.014 1"><span class='ocrx_word' id='word_1_350' title='bbox 249 4479 432 4525; x_wconf 85' lang='lat' dir='ltr'><strong>careat</strong></span> <span class='ocrx_word' id='word_1_351' title='bbox 474 4476 531 4522; x_wconf 90' lang='lat' dir='ltr'><strong>et</strong></span> <span class='ocrx_word' id='word_1_352' title='bbox 580 4461 822 4519; x_wconf 75' lang='lat' dir='ltr'><strong>molestia</strong></span> <span class='ocrx_word' id='word_1_353' title='bbox 870 4457 1037 4512; x_wconf 89' lang='lat' dir='ltr'><strong>sterili</strong></span> <span class='ocrx_word' id='word_1_354' title='bbox 1080 4466 1134 4511; x_wconf 90' lang='lat' dir='ltr'><strong>et</strong></span> <span class='ocrx_word' id='word_1_355' title='bbox 1174 4454 1286 4524; x_wconf 85' lang='lat' dir='ltr'><strong>ipsa</strong></span> <span class='ocrx_word' id='word_1_356' title='bbox 1338 4452 1632 4523; x_wconf 86' lang='lat' dir='ltr'><strong>iniquitate,</strong></span> <span class='ocrx_word' id='word_1_357' title='bbox 1674 4451 1842 4505; x_wconf 91' lang='lat' dir='ltr'><strong>multo</strong></span> 
     </span>
    </p>
   </div>
   <div class='ocr_carea' id='block_1_46' title="bbox 250 4544 1840 4632">
    <p class='ocr_par' dir='ltr' id='par_1_46' title="bbox 250 4544 1840 4632">
     <span class='ocr_line' id='line_1_47' title="bbox 250 4544 1840 4632; baseline -0.013 -16"><span class='ocrx_word' id='word_1_358' title='bbox 250 4563 435 4632; x_wconf 86' lang='lat' dir='ltr'><strong>utique</strong></span> <span class='ocrx_word' id='word_1_359' title='bbox 477 4555 693 4627; x_wconf 82' lang='lat' dir='ltr'><strong>gravius</strong></span> <span class='ocrx_word' id='word_1_360' title='bbox 719 4561 773 4608; x_wconf 91' lang='lat' dir='ltr'><strong>et</strong></span> <span class='ocrx_word' id='word_1_361' title='bbox 799 4547 1149 4622; x_wconf 78' lang='lat' dir='ltr'><strong>perniciosius</strong></span> <span class='ocrx_word' id='word_1_362' title='bbox 1189 4544 1450 4599; x_wconf 87' lang='lat' dir='ltr'><strong>nocitura.</strong></span> <span class='ocrx_word' id='word_1_363' title='bbox 1502 4544 1577 4603; x_wconf 85' lang='lat' dir='ltr'><strong>Et</strong></span> <span class='ocrx_word' id='word_1_364' title='bbox 1595 4558 1689 4596; x_wconf 87' lang='lat' dir='ltr'><strong>vos</strong></span> <span class='ocrx_word' id='word_1_365' title='bbox 1720 4557 1840 4597; x_wconf 91' lang='lat' dir='ltr'><strong>cum</strong></span> 
     </span>
    </p>
   </div>
   <div class='ocr_carea' id='block_1_47' title="bbox 250 4635 1843 4722">
    <p class='ocr_par' dir='ltr' id='par_1_47' title="bbox 250 4635 1843 4722">
     <span class='ocr_line' id='line_1_48' title="bbox 250 4635 1843 4722; baseline -0.012 -16"><span class='ocrx_word' id='word_1_366' title='bbox 250 4651 453 4722; x_wconf 84' lang='lat' dir='ltr'><strong>aliquid</strong></span> <span class='ocrx_word' id='word_1_367' title='bbox 481 4648 739 4702; x_wconf 87' lang='lat' dir='ltr'><strong>adversus</strong></span> <span class='ocrx_word' id='word_1_368' title='bbox 763 4657 858 4697; x_wconf 88' lang='lat' dir='ltr'><strong>vos</strong></span> <span class='ocrx_word' id='word_1_369' title='bbox 882 4655 1034 4710; x_wconf 83' lang='lat' dir='ltr'><strong>reges</strong></span> <span class='ocrx_word' id='word_1_370' title='bbox 1062 4636 1411 4697; x_wconf 88' lang='lat' dir='ltr'><strong>constituunt,</strong></span> <span class='ocrx_word' id='word_1_371' title='bbox 1443 4635 1716 4688; x_wconf 87' lang='lat' dir='ltr'><strong>admoneri</strong></span> <span class='ocrx_word' id='word_1_372' title='bbox 1747 4647 1843 4688; x_wconf 87' lang='lat' dir='ltr'><strong>vos</strong></span> 
     </span>
    </p>
   </div>
   <div class='ocr_carea' id='block_1_48' title="bbox 249 4724 1846 4805">
    <p class='ocr_par' dir='ltr' id='par_1_48' title="bbox 249 4724 1846 4805">
     <span class='ocr_line' id='line_1_49' title="bbox 249 4724 1846 4805; baseline -0.013 -7"><span class='ocrx_word' id='word_1_373' title='bbox 249 4742 479 4805; x_wconf 77' lang='lat' dir='ltr'><strong>credite,</strong></span> <span class='ocrx_word' id='word_1_374' title='bbox 513 4747 570 4792; x_wconf 89' lang='grc' dir='ltr'><strong>ιιι</strong></span> <span class='ocrx_word' id='word_1_375' title='bbox 598 4735 840 4805; x_wconf 76' lang='lat' dir='ltr'><strong>cogitetis</strong></span> <span class='ocrx_word' id='word_1_376' title='bbox 864 4745 1028 4802; x_wconf 87' lang='lat' dir='ltr'><strong>quare</strong></span> <span class='ocrx_word' id='word_1_377' title='bbox 1068 4728 1168 4782; x_wconf 87' lang='lat' dir='ltr'><strong>ista</strong></span> <span class='ocrx_word' id='word_1_378' title='bbox 1206 4725 1477 4796; x_wconf 85' lang='lat' dir='ltr'><strong>patiamini</strong></span> <span class='ocrx_word' id='word_1_379' title='bbox 1510 4742 1523 4779; x_wconf 88' lang='lat'><strong>:</strong></span> <span class='ocrx_word' id='word_1_380' title='bbox 1552 4724 1595 4778; x_wconf 91' lang='lat' dir='ltr'><strong>si</strong></span> <span class='ocrx_word' id='word_1_381' title='bbox 1628 4733 1846 4795; x_wconf 84' lang='lat' dir='ltr'><strong>propter</strong></span> 
     </span>
    </p>
   </div>
   <div class='ocr_carea' id='block_1_49' title="bbox 248 4816 1845 4906">
    <p class='ocr_par' dir='ltr' id='par_1_49' title="bbox 248 4816 1845 4906">
     <span class='ocr_line' id='line_1_50' title="bbox 248 4816 1845 4906; baseline -0.01 -21"><span class='ocrx_word' id='word_1_382' title='bbox 248 4832 531 4906; x_wconf 74' lang='lat' dir='ltr'><strong>iustitiam,</strong></span> <span class='ocrx_word' id='word_1_383' title='bbox 566 4841 752 4882; x_wconf 85' lang='lat' dir='ltr'><strong>revera</strong></span> <span class='ocrx_word' id='word_1_384' title='bbox 803 4823 876 4878; x_wconf 91' lang='lat' dir='ltr'><strong>illi</strong></span> <span class='ocrx_word' id='word_1_385' title='bbox 920 4828 1290 4892; x_wconf 87' lang='lat' dir='ltr'><strong>persecutores</strong></span> <span class='ocrx_word' id='word_1_386' title='bbox 1335 4816 1497 4871; x_wconf 81' lang='lat' dir='ltr'><strong>vestri</strong></span> <span class='ocrx_word' id='word_1_387' title='bbox 1546 4826 1698 4881; x_wconf 88' lang='lat' dir='ltr'><strong>sunt;</strong></span> <span class='ocrx_word' id='word_1_388' title='bbox 1748 4830 1845 4869; x_wconf 88' lang='lat' dir='ltr'><strong>vos</strong></span> 
     </span>
    </p>
   </div>
   <div class='ocr_carea' id='block_1_50' title="bbox 248 4907 1846 4988">
    <p class='ocr_par' dir='ltr' id='par_1_50' title="bbox 248 4907 1846 4988">
     <span class='ocr_line' id='line_1_51' title="bbox 248 4907 1846 4988; baseline -0.011 -9"><span class='ocrx_word' id='word_1_389' title='bbox 248 4935 435 4979; x_wconf 79' lang='lat' dir='ltr'><strong>autem</strong></span> <span class='ocrx_word' id='word_1_390' title='bbox 481 4918 623 4975; x_wconf 87' lang='lat' dir='ltr'><strong>beati</strong></span> <span class='ocrx_word' id='word_1_391' title='bbox 663 4917 753 4988; x_wconf 85' lang='lat' dir='ltr'><strong>qui</strong></span> <span class='ocrx_word' id='word_1_392' title='bbox 794 4914 1222 4987; x_wconf 89' lang='lat' dir='ltr'><strong>persecutionem</strong></span> <span class='ocrx_word' id='word_1_393' title='bbox 1263 4910 1406 4980; x_wconf 85' lang='lat' dir='ltr'><strong>passi</strong></span> <span class='ocrx_word' id='word_1_394' title='bbox 1452 4918 1668 4980; x_wconf 86' lang='lat' dir='ltr'><strong>prepter</strong></span> <span class='ocrx_word' id='word_1_395' title='bbox 1688 4907 1846 4979; x_wconf 83' lang='lat' dir='ltr'><strong>justi-</strong></span> 
     </span>
    </p>
   </div>
   <div class='ocr_carea' id='block_1_51' title="bbox 251 4999 1843 5083">
    <p class='ocr_par' dir='ltr' id='par_1_51' title="bbox 251 4999 1843 5083">
     <span class='ocr_line' id='line_1_52' title="bbox 251 4999 1843 5083; baseline -0.009 -12"><span class='ocrx_word' id='word_1_396' title='bbox 251 5019 408 5079; x_wconf 86' lang='lat' dir='ltr'><strong>tiam,</strong></span> <span class='ocrx_word' id='word_1_397' title='bbox 457 5008 800 5083; x_wconf 84' lang='lat' dir='ltr'><strong>possidebitis</strong></span> <span class='ocrx_word' id='word_1_398' title='bbox 840 5021 1062 5076; x_wconf 85' lang='lat' dir='ltr'><strong>regnum</strong></span> <span class='ocrx_word' id='word_1_399' title='bbox 1108 5003 1367 5058; x_wconf 69' lang='lat' dir='ltr'><strong>canorum</strong></span> <span class='ocrx_word' id='word_1_400' title='bbox 1410 4999 1627 5072; x_wconf 76' lang='lat' dir='ltr'><strong>(Matth.</strong></span> <span class='ocrx_word' id='word_1_401' title='bbox 1656 5000 1843 5068; x_wconf 74' lang='lat' dir='ltr'><strong>v,10;</strong></span> 
     </span>
    </p>
   </div>
   <div class='ocr_carea' id='block_1_52' title="bbox 252 5093 1847 5175">
    <p class='ocr_par' dir='ltr' id='par_1_52' title="bbox 252 5093 1847 5175">
     <span class='ocr_line' id='line_1_53' title="bbox 252 5093 1847 5175; baseline -0.013 -10"><span class='ocrx_word' id='word_1_402' title='bbox 252 5112 268 5165; x_wconf 92' lang='lat' dir='ltr'><strong>I</strong></span> <span class='ocrx_word' id='word_1_403' title='bbox 307 5107 452 5163; x_wconf 82' lang='lat' dir='ltr'><strong>Pctr.</strong></span> <span class='ocrx_word' id='word_1_404' title='bbox 483 5121 542 5172; x_wconf 87' lang='lat' dir='ltr'><strong>tt,</strong></span> <span class='ocrx_word' id='word_1_405' title='bbox 567 5102 662 5175; x_wconf 73' lang='lat'><strong>20)</strong></span> <span class='ocrx_word' id='word_1_406' title='bbox 694 5120 708 5156; x_wconf 89' lang='lat'><strong>:</strong></span> <span class='ocrx_word' id='word_1_407' title='bbox 740 5102 784 5158; x_wconf 91' lang='lat' dir='ltr'><strong>si</strong></span> <span class='ocrx_word' id='word_1_408' title='bbox 838 5110 1015 5155; x_wconf 85' lang='lat' dir='ltr'><strong>autent</strong></span> <span class='ocrx_word' id='word_1_409' title='bbox 1060 5107 1276 5168; x_wconf 80' lang='lat' dir='ltr'><strong>propter</strong></span> <span class='ocrx_word' id='word_1_410' title='bbox 1318 5095 1646 5166; x_wconf 88' lang='lat' dir='ltr'><strong>iniquitatem</strong></span> <span class='ocrx_word' id='word_1_411' title='bbox 1702 5093 1847 5148; x_wconf 87' lang='lat' dir='ltr'><strong>schi-</strong></span> 
     </span>
    </p>
   </div>
   <div class='ocr_carea' id='block_1_53' title="bbox 250 5181 1845 5264">
    <p class='ocr_par' dir='ltr' id='par_1_53' title="bbox 250 5181 1845 5264">
     <span class='ocr_line' id='line_1_54' title="bbox 250 5181 1845 5264; baseline -0.011 -11"><span class='ocrx_word' id='word_1_412' title='bbox 250 5198 445 5254; x_wconf 81' lang='lat' dir='ltr'><strong>stnatis</strong></span> <span class='ocrx_word' id='word_1_413' title='bbox 480 5195 665 5262; x_wconf 82' lang='lat' dir='ltr'><strong>vestri,</strong></span> <span class='ocrx_word' id='word_1_414' title='bbox 709 5192 835 5264; x_wconf 87' lang='lat' dir='ltr'><strong>quid</strong></span> <span class='ocrx_word' id='word_1_415' title='bbox 877 5191 953 5245; x_wconf 90' lang='lat' dir='ltr'><strong>illi</strong></span> <span class='ocrx_word' id='word_1_416' title='bbox 995 5188 1096 5244; x_wconf 88' lang='lat' dir='ltr'><strong>nisi</strong></span> <span class='ocrx_word' id='word_1_417' title='bbox 1134 5196 1464 5242; x_wconf 77' lang='lat' dir='ltr'><strong>correctores</strong></span> <span class='ocrx_word' id='word_1_418' title='bbox 1496 5184 1658 5240; x_wconf 87' lang='lat' dir='ltr'><strong>vestri</strong></span> <span class='ocrx_word' id='word_1_419' title='bbox 1694 5181 1845 5249; x_wconf 85' lang='lat' dir='ltr'><strong>sunt&#39;;</strong></span> 
     </span>
    </p>
   </div>
   <div class='ocr_carea' id='block_1_54' title="bbox 250 5275 1844 5352">
    <p class='ocr_par' dir='ltr' id='par_1_54' title="bbox 250 5275 1844 5352">
     <span class='ocr_line' id='line_1_55' title="bbox 250 5275 1844 5352; baseline -0.01 -9"><span class='ocrx_word' id='word_1_420' title='bbox 250 5306 354 5345; x_wconf 78' lang='lat' dir='ltr'><strong>ms</strong></span> <span class='ocrx_word' id='word_1_421' title='bbox 412 5297 611 5352; x_wconf 88' lang='lat' dir='ltr'><strong>autem,</strong></span> <span class='ocrx_word' id='word_1_422' title='bbox 654 5287 791 5339; x_wconf 87' lang='lat' dir='ltr'><strong>sicut</strong></span> <span class='ocrx_word' id='word_1_423' title='bbox 833 5279 1010 5338; x_wconf 71' lang='lat' dir='ltr'><strong>casteri</strong></span> <span class='ocrx_word' id='word_1_424' title='bbox 1058 5279 1391 5334; x_wconf 87' lang='lat' dir='ltr'><strong>diversorum</strong></span> <span class='ocrx_word' id='word_1_425' title='bbox 1435 5277 1698 5330; x_wconf 87' lang='lat' dir='ltr'><strong>scelerum</strong></span> <span class='ocrx_word' id='word_1_426' title='bbox 1748 5275 1844 5338; x_wconf 87' lang='lat' dir='ltr'><strong>rei,</strong></span> 
     </span>
    </p>
   </div>
   <div class='ocr_carea' id='block_1_55' title="bbox 250 5366 1851 5454">
    <p class='ocr_par' dir='ltr' id='par_1_55' title="bbox 250 5366 1851 5454">
     <span class='ocr_line' id='line_1_56' title="bbox 250 5366 1851 5454; baseline -0.011 -19"><span class='ocrx_word' id='word_1_427' title='bbox 250 5383 346 5454; x_wconf 78' lang='lat' dir='ltr'><strong>qui</strong></span> <span class='ocrx_word' id='word_1_428' title='bbox 404 5393 589 5450; x_wconf 75' lang='lat' dir='ltr'><strong>pauuts</strong></span> <span class='ocrx_word' id='word_1_429' title='bbox 635 5377 838 5446; x_wconf 84' lang='lat' dir='ltr'><strong>legibus</strong></span> <span class='ocrx_word' id='word_1_430' title='bbox 883 5371 1155 5443; x_wconf 86' lang='lat' dir='ltr'><strong>pendunt,</strong></span> <span class='ocrx_word' id='word_1_431' title='bbox 1215 5369 1456 5440; x_wconf 80' lang='lat' dir='ltr'><strong>proiecto</strong></span> <span class='ocrx_word' id='word_1_432' title='bbox 1502 5366 1741 5421; x_wconf 71' lang='lat' dir='ltr'><strong>infelices</strong></span> <span class='ocrx_word' id='word_1_433' title='bbox 1796 5375 1851 5419; x_wconf 91' lang='lat' dir='ltr'><strong>et</strong></span> 
     </span>
    </p>
   </div>
   <div class='ocr_carea' id='block_1_56' title="bbox 255 5456 1852 5530">
    <p class='ocr_par' dir='ltr' id='par_1_56' title="bbox 255 5456 1852 5530">
     <span class='ocr_line' id='line_1_57' title="bbox 255 5456 1852 5530; baseline -0.012 -1"><span class='ocrx_word' id='word_1_434' title='bbox 255 5474 315 5529; x_wconf 81' lang='lat' dir='ltr'><strong>in</strong></span> <span class='ocrx_word' id='word_1_435' title='bbox 362 5472 465 5526; x_wconf 88' lang='lat' dir='ltr'><strong>hoc</strong></span> <span class='ocrx_word' id='word_1_436' title='bbox 489 5469 686 5525; x_wconf 70' lang='lat' dir='ltr'><strong>smculo</strong></span> <span class='ocrx_word' id='word_1_437' title='bbox 715 5476 771 5523; x_wconf 91' lang='lat' dir='ltr'><strong>et</strong></span> <span class='ocrx_word' id='word_1_438' title='bbox 799 5467 852 5522; x_wconf 90' lang='lat' dir='ltr'><strong>in</strong></span> <span class='ocrx_word' id='word_1_439' title='bbox 898 5462 1115 5520; x_wconf 84' lang='lat' dir='ltr'><strong>futuro?</strong></span> <span class='ocrx_word' id='word_1_440' title='bbox 1142 5461 1310 5517; x_wconf 84' lang='lat' dir='ltr'><strong>Nemo</strong></span> <span class='ocrx_word' id='word_1_441' title='bbox 1344 5475 1472 5530; x_wconf 88' lang='lat' dir='ltr'><strong>ergo</strong></span> <span class='ocrx_word' id='word_1_442' title='bbox 1500 5457 1650 5513; x_wconf 90' lang='lat' dir='ltr'><strong>vobis</strong></span> <span class='ocrx_word' id='word_1_443' title='bbox 1680 5456 1852 5511; x_wconf 78' lang='lat' dir='ltr'><strong>aufert</strong></span> 
     </span>
    </p>
   </div>
   <div class='ocr_carea' id='block_1_57' title="bbox 252 5547 1852 5622">
    <p class='ocr_par' dir='ltr' id='par_1_57' title="bbox 252 5547 1852 5622">
     <span class='ocr_line' id='line_1_58' title="bbox 252 5547 1852 5622; baseline -0.012 -3"><span class='ocrx_word' id='word_1_444' title='bbox 252 5564 489 5619; x_wconf 83' lang='lat' dir='ltr'><strong>liberum</strong></span> <span class='ocrx_word' id='word_1_445' title='bbox 530 5561 812 5616; x_wconf 86' lang='lat' dir='ltr'><strong>arbitrium</strong></span> <span class='ocrx_word' id='word_1_446' title='bbox 845 5576 857 5611; x_wconf 91' lang='lat'><strong>:</strong></span> <span class='ocrx_word' id='word_1_447' title='bbox 890 5556 982 5612; x_wconf 83' lang='lat' dir='ltr'><strong>sed</strong></span> <span class='ocrx_word' id='word_1_448' title='bbox 1012 5570 1107 5609; x_wconf 89' lang='lat' dir='ltr'><strong>vos</strong></span> <span class='ocrx_word' id='word_1_449' title='bbox 1134 5552 1417 5622; x_wconf 84' lang='lat' dir='ltr'><strong>diligenter</strong></span> <span class='ocrx_word' id='word_1_450' title='bbox 1441 5550 1700 5604; x_wconf 89' lang='lat' dir='ltr'><strong>attendite</strong></span> <span class='ocrx_word' id='word_1_451' title='bbox 1728 5547 1852 5617; x_wconf 88' lang='lat' dir='ltr'><strong>quid</strong></span> 
     </span>
    </p>
   </div>
   <div class='ocr_carea' id='block_1_58' title="bbox 254 5639 1851 5726">
    <p class='ocr_par' dir='ltr' id='par_1_58' title="bbox 254 5639 1851 5726">
     <span class='ocr_line' id='line_1_59' title="bbox 254 5639 1851 5726; baseline -0.008 -21"><span class='ocrx_word' id='word_1_452' title='bbox 254 5655 444 5726; x_wconf 72' lang='grc' dir='ltr'>ιηιιὶιιε</span> <span class='ocrx_word' id='word_1_453' title='bbox 487 5653 716 5723; x_wconf 86' lang='lat' dir='ltr'><strong>eligatis,</strong></span> <span class='ocrx_word' id='word_1_454' title='bbox 751 5660 926 5704; x_wconf 82' lang='lat' dir='ltr'><strong>utrum</strong></span> <span class='ocrx_word' id='word_1_455' title='bbox 954 5645 1177 5702; x_wconf 81' lang='lat' dir='ltr'><strong>correcti</strong></span> <span class='ocrx_word' id='word_1_456' title='bbox 1208 5644 1387 5698; x_wconf 83' lang='lat' dir='ltr'><strong>vivere</strong></span> <span class='ocrx_word' id='word_1_457' title='bbox 1426 5642 1479 5696; x_wconf 91' lang='lat' dir='ltr'><strong>in</strong></span> <span class='ocrx_word' id='word_1_458' title='bbox 1524 5656 1674 5711; x_wconf 87' lang='lat' dir='ltr'><strong>pace,</strong></span> <span class='ocrx_word' id='word_1_459' title='bbox 1702 5655 1767 5693; x_wconf 90' lang='lat' dir='ltr'><strong>an</strong></span> <span class='ocrx_word' id='word_1_460' title='bbox 1801 5639 1851 5693; x_wconf 88' lang='lat' dir='ltr'><strong>itt</strong></span> 
     </span>
    </p>
   </div>
   <div class='ocr_carea' id='block_1_59' title="bbox 329 5776 1666 5847">
    <p class='ocr_par' dir='ltr' id='par_1_59' title="bbox 329 5776 1666 5847">
     <span class='ocr_line' id='line_1_60' title="bbox 329 5776 1666 5847; baseline -0.007 -11"><span class='ocrx_word' id='word_1_461' title='bbox 329 5789 347 5819; x_wconf 82' lang='grc'>¹</span> <span class='ocrx_word' id='word_1_462' title='bbox 379 5786 748 5847; x_wconf 47' lang='grc' dir='ltr'><strong>(δἐἰτδιιιιριιξήέ</strong></span> <span class='ocrx_word' id='word_1_463' title='bbox 787 5784 941 5847; x_wconf 75' lang='lat' dir='ltr'><strong>codrx</strong></span> <span class='ocrx_word' id='word_1_464' title='bbox 968 5782 1055 5830; x_wconf 80' lang='lat' dir='ltr'><strong>hoc</strong></span> <span class='ocrx_word' id='word_1_465' title='bbox 1079 5788 1260 5847; x_wconf 82' lang='lat' dir='ltr'><strong>tantum</strong></span> <span class='ocrx_word' id='word_1_466' title='bbox 1285 5778 1409 5847; x_wconf 71' lang='lat' dir='ltr'><strong>loco,</strong></span> <span class='ocrx_word' id='word_1_467' title='bbox 1434 5776 1666 5847; x_wconf 64' lang='lat' dir='ltr'><strong>rluntasti.</strong></span> 
     </span>
    </p>
   </div>
   <div class='ocr_carea' id='block_1_60' title="bbox 335 5838 1727 5911">
    <p class='ocr_par' dir='ltr' id='par_1_60' title="bbox 335 5838 1727 5911">
     <span class='ocr_line' id='line_1_61' title="bbox 335 5838 1727 5911; baseline -0.006 -15"><span class='ocrx_word' id='word_1_468' title='bbox 335 5838 492 5911; x_wconf 46' lang='lat' dir='ltr'><strong>(aliis</strong></span> <span class='ocrx_word' id='word_1_469' title='bbox 517 5849 576 5899; x_wconf 80' lang='lat' dir='ltr'><strong>de</strong></span> <span class='ocrx_word' id='word_1_470' title='bbox 597 5863 653 5897; x_wconf 80' lang='lat' dir='ltr'><strong>rc</strong></span> <span class='ocrx_word' id='word_1_471' title='bbox 677 5862 757 5909; x_wconf 67' lang='lat' dir='ltr'><strong>ex,</strong></span> <span class='ocrx_word' id='word_1_472' title='bbox 776 5844 949 5895; x_wconf 68' lang='lat' dir='ltr'><strong>tstulat</strong></span> <span class='ocrx_word' id='word_1_473' title='bbox 969 5858 1076 5894; x_wconf 72' lang='grc' dir='ltr'>ςιιιιι</span> <span class='ocrx_word' id='word_1_474' title='bbox 1104 5845 1133 5904; x_wconf 68' lang='lat' dir='ltr'><strong>i;</strong></span> <span class='ocrx_word' id='word_1_475' title='bbox 1151 5858 1205 5891; x_wconf 79' lang='lat' dir='ltr'><strong>so</strong></span> <span class='ocrx_word' id='word_1_476' title='bbox 1225 5845 1338 5905; x_wconf 64' lang='lat' dir='ltr'><strong>Lt&#39;is‘}</strong></span> <span class='ocrx_word' id='word_1_477' title='bbox 1359 5842 1453 5901; x_wconf 78' lang='lat' dir='ltr'><strong>iuo,</strong></span> <span class='ocrx_word' id='word_1_478' title='bbox 1484 5854 1528 5903; x_wconf 67' lang='grc' dir='ltr'><strong>υ,</strong></span> <span class='ocrx_word' id='word_1_479' title='bbox 1548 5840 1623 5890; x_wconf 78' lang='lat' dir='ltr'><strong>ist.</strong></span> <span class='ocrx_word' id='word_1_480' title='bbox 1651 5838 1727 5888; x_wconf 65' lang='lat'><strong>60.</strong></span> 
     </span>
    </p>
   </div>
   <div class='ocr_carea' id='block_1_61' title="bbox 1547 381 2160 443">
    <p class='ocr_par' dir='ltr' id='par_1_61' title="bbox 1547 381 2160 443">
     <span class='ocr_line' id='line_1_62' title="bbox 1547 381 2160 443; baseline -0.01 0"><span class='ocrx_word' id='word_1_481' title='bbox 1547 385 1745 443; x_wconf 73' lang='lat' dir='ltr'><strong>LIBER</strong></span> <span class='ocrx_word' id='word_1_482' title='bbox 1785 381 2160 441; x_wconf 73' lang='lat' dir='ltr'><strong>SECUNDUS.</strong></span> 
     </span>
    </p>
   </div>
   <div class='ocr_carea' id='block_1_62' title="bbox 3409 386 3511 442">
    <p class='ocr_par' dir='ltr' id='par_1_62' title="bbox 3409 386 3511 442">
     <span class='ocr_line' id='line_1_63' title="bbox 3409 386 3511 442; baseline -0.02 0"><span class='ocrx_word' id='word_1_483' title='bbox 3409 386 3511 442; x_wconf 65' lang='grc'><strong>518</strong></span> 
     </span>
    </p>
   </div>
   <div class='ocr_carea' id='block_1_63' title="bbox 1935 498 3514 572">
    <p class='ocr_par' dir='ltr' id='par_1_63' title="bbox 1935 498 3514 572">
     <span class='ocr_line' id='line_1_64' title="bbox 1935 498 3514 572; baseline 0.001 -18"><span class='ocrx_word' id='word_1_484' title='bbox 1935 501 2130 555; x_wconf 89' lang='lat' dir='ltr'><strong>malitia</strong></span> <span class='ocrx_word' id='word_1_485' title='bbox 2174 510 2603 572; x_wconf 85' lang='lat' dir='ltr'><strong>perseverantes,</strong></span> <span class='ocrx_word' id='word_1_486' title='bbox 2657 498 2772 555; x_wconf 81' lang='lat' dir='ltr'><strong>falsi</strong></span> <span class='ocrx_word' id='word_1_487' title='bbox 2826 498 3065 571; x_wconf 75' lang='lat' dir='ltr'><strong>martyrii</strong></span> <span class='ocrx_word' id='word_1_488' title='bbox 3124 498 3340 555; x_wconf 88' lang='lat' dir='ltr'><strong>nomine</strong></span> <span class='ocrx_word' id='word_1_489' title='bbox 3388 515 3514 555; x_wconf 85' lang='lat' dir='ltr'><strong>vera</strong></span> 
     </span>
    </p>
   </div>
   <div class='ocr_carea' id='block_1_64' title="bbox 1931 591 3513 664">
    <p class='ocr_par' dir='ltr' id='par_1_64' title="bbox 1931 591 3513 664">
     <span class='ocr_line' id='line_1_65' title="bbox 1931 591 3513 664; baseline -0.001 -15"><span class='ocrx_word' id='word_1_490' title='bbox 1931 594 2187 664; x_wconf 66' lang='lat' dir='ltr'><strong>supplicia</strong></span> <span class='ocrx_word' id='word_1_491' title='bbox 2232 599 2515 649; x_wconf 88' lang='lat' dir='ltr'><strong>sustinere.</strong></span> <span class='ocrx_word' id='word_1_492' title='bbox 2560 592 2649 649; x_wconf 86' lang='lat' dir='ltr'><strong>Sic</strong></span> <span class='ocrx_word' id='word_1_493' title='bbox 2688 608 2784 648; x_wconf 85' lang='lat' dir='ltr'><strong>vos</strong></span> <span class='ocrx_word' id='word_1_494' title='bbox 2834 602 3011 646; x_wconf 90' lang='lat' dir='ltr'><strong>autem</strong></span> <span class='ocrx_word' id='word_1_495' title='bbox 3059 591 3324 662; x_wconf 86' lang='lat' dir='ltr'><strong>alloquor,</strong></span> <span class='ocrx_word' id='word_1_496' title='bbox 3357 594 3513 663; x_wconf 84' lang='lat' dir='ltr'><strong>quasi</strong></span> 
     </span>
    </p>
   </div>
   <div class='ocr_carea' id='block_1_65' title="bbox 1932 683 3512 754">
    <p class='ocr_par' dir='ltr' id='par_1_65' title="bbox 1932 683 3512 754">
     <span class='ocr_line' id='line_1_66' title="bbox 1932 683 3512 754; baseline 0.001 -17"><span class='ocrx_word' id='word_1_497' title='bbox 1932 700 2058 739; x_wconf 85' lang='lat' dir='ltr'><strong>vero</strong></span> <span class='ocrx_word' id='word_1_498' title='bbox 2082 685 2277 754; x_wconf 88' lang='lat' dir='ltr'><strong>aliquid</strong></span> <span class='ocrx_word' id='word_1_499' title='bbox 2307 685 2520 754; x_wconf 83' lang='lat' dir='ltr'><strong>dignum</strong></span> <span class='ocrx_word' id='word_1_500' title='bbox 2553 695 2727 740; x_wconf 88' lang='lat' dir='ltr'><strong>vestra</strong></span> <span class='ocrx_word' id='word_1_501' title='bbox 2768 684 3045 754; x_wconf 90' lang='lat' dir='ltr'><strong>iniquitate</strong></span> <span class='ocrx_word' id='word_1_502' title='bbox 3070 683 3363 754; x_wconf 85' lang='lat' dir='ltr'><strong>patiamini,</strong></span> <span class='ocrx_word' id='word_1_503' title='bbox 3391 700 3512 738; x_wconf 88' lang='lat' dir='ltr'><strong>eum</strong></span> 
     </span>
    </p>
   </div>
   <div class='ocr_carea' id='block_1_66' title="bbox 1932 777 3517 849">
    <p class='ocr_par' dir='ltr' id='par_1_66' title="bbox 1932 777 3517 849">
     <span class='ocr_line' id='line_1_67' title="bbox 1932 777 3517 849; baseline -0.003 -14"><span class='ocrx_word' id='word_1_504' title='bbox 1932 788 2074 835; x_wconf 89' lang='lat' dir='ltr'><strong>tanta</strong></span> <span class='ocrx_word' id='word_1_505' title='bbox 2106 780 2317 849; x_wconf 85' lang='lat' dir='ltr'><strong>indigna</strong></span> <span class='ocrx_word' id='word_1_506' title='bbox 2363 777 2587 845; x_wconf 82' lang='lat' dir='ltr'><strong>faciatis,</strong></span> <span class='ocrx_word' id='word_1_507' title='bbox 2625 787 2679 833; x_wconf 90' lang='lat' dir='ltr'><strong>et</strong></span> <span class='ocrx_word' id='word_1_508' title='bbox 2721 778 2772 832; x_wconf 88' lang='lat' dir='ltr'><strong>itt</strong></span> <span class='ocrx_word' id='word_1_509' title='bbox 2801 787 2944 833; x_wconf 88' lang='lat' dir='ltr'><strong>tanta</strong></span> <span class='ocrx_word' id='word_1_510' title='bbox 2984 777 3297 847; x_wconf 83' lang='lat' dir='ltr'><strong>impunitate</strong></span> <span class='ocrx_word' id='word_1_511' title='bbox 3326 792 3517 846; x_wconf 77' lang='lat' dir='ltr'><strong>regne-</strong></span> 
     </span>
    </p>
   </div>
   <div class='ocr_carea' id='block_1_67' title="bbox 1931 868 3510 941">
    <p class='ocr_par' dir='ltr' id='par_1_67' title="bbox 1931 868 3510 941">
     <span class='ocr_line' id='line_1_68' title="bbox 1931 868 3510 941; baseline -0.003 -14"><span class='ocrx_word' id='word_1_512' title='bbox 1931 873 2030 937; x_wconf 90' lang='lat' dir='ltr'><strong>tis;</strong></span> <span class='ocrx_word' id='word_1_513' title='bbox 2063 873 2131 927; x_wconf 89' lang='lat' dir='ltr'><strong>ita</strong></span> <span class='ocrx_word' id='word_1_514' title='bbox 2157 872 2358 936; x_wconf 91' lang='lat' dir='ltr'><strong>furiosi,</strong></span> <span class='ocrx_word' id='word_1_515' title='bbox 2392 880 2449 927; x_wconf 93' lang='lat' dir='ltr'><strong>ut</strong></span> <span class='ocrx_word' id='word_1_516' title='bbox 2477 886 2572 941; x_wconf 87' lang='lat' dir='ltr'><strong>per</strong></span> <span class='ocrx_word' id='word_1_517' title='bbox 2598 870 2691 927; x_wconf 91' lang='lat' dir='ltr'><strong>Dei</strong></span> <span class='ocrx_word' id='word_1_518' title='bbox 2718 870 2906 926; x_wconf 88' lang='lat' dir='ltr'><strong>laudes</strong></span> <span class='ocrx_word' id='word_1_519' title='bbox 2931 869 3160 940; x_wconf 88' lang='lat' dir='ltr'><strong>amplius</strong></span> <span class='ocrx_word' id='word_1_520' title='bbox 3188 883 3343 939; x_wconf 89' lang='lat' dir='ltr'><strong>quam</strong></span> <span class='ocrx_word' id='word_1_521' title='bbox 3376 868 3510 922; x_wconf 82' lang='lat' dir='ltr'><strong>buc-</strong></span> 
     </span>
    </p>
   </div>
   <div class='ocr_carea' id='block_1_68' title="bbox 1934 962 3513 1031">
    <p class='ocr_par' dir='ltr' id='par_1_68' title="bbox 1934 962 3513 1031">
     <span class='ocr_line' id='line_1_69' title="bbox 1934 962 3513 1031; baseline -0.003 -12"><span class='ocrx_word' id='word_1_522' title='bbox 1934 965 2053 1019; x_wconf 87' lang='lat' dir='ltr'><strong>cina</strong></span> <span class='ocrx_word' id='word_1_523' title='bbox 2083 964 2269 1020; x_wconf 88' lang='lat' dir='ltr'><strong>bellica</strong></span> <span class='ocrx_word' id='word_1_524' title='bbox 2303 965 2581 1031; x_wconf 79' lang='lat' dir='ltr'><strong>terrentis;</strong></span> <span class='ocrx_word' id='word_1_525' title='bbox 2610 965 2679 1019; x_wconf 91' lang='lat' dir='ltr'><strong>ita</strong></span> <span class='ocrx_word' id='word_1_526' title='bbox 2706 962 3042 1030; x_wconf 87' lang='lat' dir='ltr'><strong>calumniosi,</strong></span> <span class='ocrx_word' id='word_1_527' title='bbox 3075 971 3132 1017; x_wconf 90' lang='lat' dir='ltr'><strong>ut</strong></span> <span class='ocrx_word' id='word_1_528' title='bbox 3156 962 3316 1017; x_wconf 89' lang='lat' dir='ltr'><strong>etiam</strong></span> <span class='ocrx_word' id='word_1_529' title='bbox 3345 975 3513 1030; x_wconf 83' lang='lat' dir='ltr'><strong>spon—</strong></span> 
     </span>
    </p>
   </div>
   <div class='ocr_carea' id='block_1_69' title="bbox 1934 1052 3515 1127">
    <p class='ocr_par' dir='ltr' id='par_1_69' title="bbox 1934 1052 3515 1127">
     <span class='ocr_line' id='line_1_70' title="bbox 1934 1052 3515 1127; baseline -0.003 -17"><span class='ocrx_word' id='word_1_530' title='bbox 1934 1065 2090 1111; x_wconf 83' lang='lat' dir='ltr'><strong>tanea</strong></span> <span class='ocrx_word' id='word_1_531' title='bbox 2133 1066 2430 1111; x_wconf 89' lang='lat' dir='ltr'><strong>vestrorum</strong></span> <span class='ocrx_word' id='word_1_532' title='bbox 2479 1056 2769 1127; x_wconf 68' lang='lat' dir='ltr'><strong>prmeipitia</strong></span> <span class='ocrx_word' id='word_1_533' title='bbox 2809 1055 3006 1111; x_wconf 87' lang='lat' dir='ltr'><strong>nostris</strong></span> <span class='ocrx_word' id='word_1_534' title='bbox 3052 1052 3515 1124; x_wconf 70' lang='lat' dir='ltr'><strong>persecutionibtts’</strong></span> 
     </span>
    </p>
   </div>
   <div class='ocr_carea' id='block_1_70' title="bbox 1933 1147 2999 1218">
    <p class='ocr_par' dir='ltr' id='par_1_70' title="bbox 1933 1147 2999 1218">
     <span class='ocr_line' id='line_1_71' title="bbox 1933 1147 2999 1218; baseline -0.001 -16"><span class='ocrx_word' id='word_1_535' title='bbox 1933 1147 2227 1218; x_wconf 89' lang='lat' dir='ltr'><strong>imputetis.</strong></span> <span class='ocrx_word' id='word_1_536' title='bbox 2998 1206 2999 1209; x_wconf 30' lang='grc' dir='ltr'><strong>η</strong></span> 
     </span>
    </p>
   </div>
   <div class='ocr_carea' id='block_1_71' title="bbox 2002 1237 3514 1313">
    <p class='ocr_par' dir='ltr' id='par_1_71' title="bbox 2002 1237 3514 1313">
     <span class='ocr_line' id='line_1_72' title="bbox 2002 1237 3514 1313; baseline -0.006 -15"><span class='ocrx_word' id='word_1_537' title='bbox 2002 1243 2126 1299; x_wconf 76' lang='grc'><strong>187.</strong></span> <span class='ocrx_word' id='word_1_538' title='bbox 2170 1242 2305 1298; x_wconf 89' lang='lat' dir='ltr'><strong>Dicit</strong></span> <span class='ocrx_word' id='word_1_539' title='bbox 2350 1244 2510 1298; x_wconf 90' lang='lat' dir='ltr'><strong>etiam</strong></span> <span class='ocrx_word' id='word_1_540' title='bbox 2546 1241 2697 1313; x_wconf 89' lang='lat' dir='ltr'><strong>quasi</strong></span> <span class='ocrx_word' id='word_1_541' title='bbox 2741 1248 3036 1312; x_wconf 84' lang='lat' dir='ltr'><strong>praeceptor</strong></span> <span class='ocrx_word' id='word_1_542' title='bbox 3082 1237 3514 1308; x_wconf 75' lang='lat' dir='ltr'><strong>benignissimus,</strong></span> 
     </span>
    </p>
   </div>
   <div class='ocr_carea' id='block_1_72' title="bbox 1934 1329 3516 1402">
    <p class='ocr_par' dir='ltr' id='par_1_72' title="bbox 1934 1329 3516 1402">
     <span class='ocr_line' id='line_1_73' title="bbox 1934 1329 3516 1402; baseline -0.003 -15"><span class='ocrx_word' id='word_1_543' title='bbox 1934 1332 2034 1399; x_wconf 88' lang='lat' dir='ltr'><strong>Qui</strong></span> <span class='ocrx_word' id='word_1_544' title='bbox 2069 1350 2169 1388; x_wconf 84' lang='lat' dir='ltr'><strong>non</strong></span> <span class='ocrx_word' id='word_1_545' title='bbox 2212 1334 2285 1388; x_wconf 80' lang='lat' dir='ltr'><strong>vis</strong></span> <span class='ocrx_word' id='word_1_546' title='bbox 2325 1334 2507 1389; x_wconf 84' lang='lat' dir='ltr'><strong>bonum</strong></span> <span class='ocrx_word' id='word_1_547' title='bbox 2552 1334 2754 1402; x_wconf 84' lang='lat' dir='ltr'><strong>eligere,</strong></span> <span class='ocrx_word' id='word_1_548' title='bbox 2794 1333 2952 1386; x_wconf 78' lang='lat' dir='ltr'><strong>vivere</strong></span> <span class='ocrx_word' id='word_1_549' title='bbox 2991 1341 3040 1385; x_wconf 88' lang='lat' dir='ltr'><strong>te</strong></span> <span class='ocrx_word' id='word_1_550' title='bbox 3074 1331 3208 1384; x_wconf 84' lang='lat' dir='ltr'><strong>nolle</strong></span> <span class='ocrx_word' id='word_1_551' title='bbox 3242 1329 3516 1383; x_wconf 84' lang='lat' dir='ltr'><strong>damnasti.</strong></span> 
     </span>
    </p>
   </div>
   <div class='ocr_carea' id='block_1_73' title="bbox 1932 1418 3515 1492">
    <p class='ocr_par' dir='ltr' id='par_1_73' title="bbox 1932 1418 3515 1492">
     <span class='ocr_line' id='line_1_74' title="bbox 1932 1418 3515 1492; baseline -0.003 -13"><span class='ocrx_word' id='word_1_552' title='bbox 1932 1425 2006 1480; x_wconf 88' lang='lat' dir='ltr'><strong>Ita</strong></span> <span class='ocrx_word' id='word_1_553' title='bbox 2036 1440 2182 1492; x_wconf 82' lang='lat' dir='ltr'><strong>vero,</strong></span> <span class='ocrx_word' id='word_1_554' title='bbox 2221 1426 2266 1481; x_wconf 91' lang='lat' dir='ltr'><strong>si</strong></span> <span class='ocrx_word' id='word_1_555' title='bbox 2299 1426 2488 1482; x_wconf 89' lang='lat' dir='ltr'><strong>vestris</strong></span> <span class='ocrx_word' id='word_1_556' title='bbox 2526 1424 2987 1480; x_wconf 84' lang='lat' dir='ltr'><strong>criminationibus</strong></span> <span class='ocrx_word' id='word_1_557' title='bbox 3024 1421 3387 1483; x_wconf 85' lang='lat' dir='ltr'><strong>crederemus,</strong></span> <span class='ocrx_word' id='word_1_558' title='bbox 3418 1418 3515 1474; x_wconf 87' lang='lat' dir='ltr'><strong>be-</strong></span> 
     </span>
    </p>
   </div>
   <div class='ocr_carea' id='block_1_74' title="bbox 1931 1511 3516 1592">
    <p class='ocr_par' dir='ltr' id='par_1_74' title="bbox 1931 1511 3516 1592">
     <span class='ocr_line' id='line_1_75' title="bbox 1931 1511 3516 1592; baseline -0.006 -17"><span class='ocrx_word' id='word_1_559' title='bbox 1931 1521 2091 1592; x_wconf 78' lang='lat' dir='ltr'><strong>nigne</strong></span> <span class='ocrx_word' id='word_1_560' title='bbox 2133 1521 2469 1577; x_wconf 67' lang='lat' dir='ltr'><strong>viveremus‘</strong></span> <span class='ocrx_word' id='word_1_561' title='bbox 2503 1537 2517 1573; x_wconf 93' lang='lat'><strong>:</strong></span> <span class='ocrx_word' id='word_1_562' title='bbox 2546 1519 2668 1590; x_wconf 88' lang='lat' dir='ltr'><strong>quia</strong></span> <span class='ocrx_word' id='word_1_563' title='bbox 2713 1518 2805 1572; x_wconf 89' lang='lat' dir='ltr'><strong>Dei</strong></span> <span class='ocrx_word' id='word_1_564' title='bbox 2849 1513 3295 1587; x_wconf 86' lang='lat' dir='ltr'><strong>prontissionibus</strong></span> <span class='ocrx_word' id='word_1_565' title='bbox 3338 1511 3516 1567; x_wconf 70' lang='lat' dir='ltr'><strong>credi~</strong></span> 
     </span>
    </p>
   </div>
   <div class='ocr_carea' id='block_1_75' title="bbox 1933 1607 3514 1680">
    <p class='ocr_par' dir='ltr' id='par_1_75' title="bbox 1933 1607 3514 1680">
     <span class='ocr_line' id='line_1_76' title="bbox 1933 1607 3514 1680; baseline -0.006 -11"><span class='ocrx_word' id='word_1_566' title='bbox 1933 1631 2072 1680; x_wconf 80' lang='lat' dir='ltr'><strong>mus,</strong></span> <span class='ocrx_word' id='word_1_567' title='bbox 2104 1616 2283 1670; x_wconf 87' lang='lat' dir='ltr'><strong>vivere</strong></span> <span class='ocrx_word' id='word_1_568' title='bbox 2311 1629 2408 1668; x_wconf 92' lang='lat' dir='ltr'><strong>nos</strong></span> <span class='ocrx_word' id='word_1_569' title='bbox 2440 1614 2579 1668; x_wconf 85' lang='lat' dir='ltr'><strong>nolle</strong></span> <span class='ocrx_word' id='word_1_570' title='bbox 2607 1612 2941 1668; x_wconf 78' lang='lat' dir='ltr'><strong>damnamus.</strong></span> <span class='ocrx_word' id='word_1_571' title='bbox 2976 1609 3141 1671; x_wconf 85' lang='lat' dir='ltr'><strong>Bene.</strong></span> <span class='ocrx_word' id='word_1_572' title='bbox 3172 1614 3232 1664; x_wconf 89' lang='lat' dir='ltr'><strong>ut</strong></span> <span class='ocrx_word' id='word_1_573' title='bbox 3256 1607 3514 1669; x_wconf 80' lang='lat' dir='ltr'><strong>arbitror,</strong></span> 
     </span>
    </p>
   </div>
   <div class='ocr_carea' id='block_1_76' title="bbox 1931 1695 3514 1777">
    <p class='ocr_par' dir='ltr' id='par_1_76' title="bbox 1931 1695 3514 1777">
     <span class='ocr_line' id='line_1_77' title="bbox 1931 1695 3514 1777; baseline -0.008 -14"><span class='ocrx_word' id='word_1_574' title='bbox 1931 1708 2249 1764; x_wconf 72' lang='lat' dir='ltr'><strong>meministis</strong></span> <span class='ocrx_word' id='word_1_575' title='bbox 2293 1707 2416 1777; x_wconf 79' lang='lat' dir='ltr'><strong>quid</strong></span> <span class='ocrx_word' id='word_1_576' title='bbox 2470 1705 2707 1776; x_wconf 80' lang='lat' dir='ltr'><strong>Apostoli</strong></span> <span class='ocrx_word' id='word_1_577' title='bbox 2758 1703 2989 1757; x_wconf 75' lang='lat' dir='ltr'><strong>dixerint</strong></span> <span class='ocrx_word' id='word_1_578' title='bbox 3033 1700 3254 1766; x_wconf 69' lang='lat' dir='ltr'><strong>Judznis,</strong></span> <span class='ocrx_word' id='word_1_579' title='bbox 3298 1695 3514 1769; x_wconf 86' lang='lat' dir='ltr'><strong>quando</strong></span> 
     </span>
    </p>
   </div>
   <div class='ocr_carea' id='block_1_77' title="bbox 1931 1793 3517 1871">
    <p class='ocr_par' dir='ltr' id='par_1_77' title="bbox 1931 1793 3517 1871">
     <span class='ocr_line' id='line_1_78' title="bbox 1931 1793 3517 1871; baseline -0.009 -14"><span class='ocrx_word' id='word_1_580' title='bbox 1931 1803 2202 1857; x_wconf 90' lang='lat' dir='ltr'><strong>Christum</strong></span> <span class='ocrx_word' id='word_1_581' title='bbox 2232 1800 2525 1871; x_wconf 73' lang='lat' dir='ltr'><strong>prmdicarc</strong></span> <span class='ocrx_word' id='word_1_582' title='bbox 2557 1796 2972 1867; x_wconf 86' lang='lat' dir='ltr'><strong>prohibebantur</strong></span> <span class='ocrx_word' id='word_1_583' title='bbox 2998 1813 3010 1848; x_wconf 92' lang='lat'>:</span> <span class='ocrx_word' id='word_1_584' title='bbox 3037 1793 3139 1848; x_wconf 88' lang='lat' dir='ltr'><strong>hoc</strong></span> <span class='ocrx_word' id='word_1_585' title='bbox 3178 1808 3306 1862; x_wconf 86' lang='lat' dir='ltr'><strong>ergo</strong></span> <span class='ocrx_word' id='word_1_586' title='bbox 3335 1800 3388 1846; x_wconf 90' lang='lat' dir='ltr'><strong>ct</strong></span> <span class='ocrx_word' id='word_1_587' title='bbox 3417 1804 3517 1844; x_wconf 80' lang='lat' dir='ltr'><strong>nos</strong></span> 
     </span>
    </p>
   </div>
   <div class='ocr_carea' id='block_1_78' title="bbox 1931 1881 3519 1960">
    <p class='ocr_par' dir='ltr' id='par_1_78' title="bbox 1931 1881 3519 1960">
     <span class='ocr_line' id='line_1_79' title="bbox 1931 1881 3519 1960; baseline -0.008 -12"><span class='ocrx_word' id='word_1_588' title='bbox 1931 1894 2179 1958; x_wconf 77' lang='lat' dir='ltr'><strong>dicimus,</strong></span> <span class='ocrx_word' id='word_1_589' title='bbox 2233 1903 2290 1946; x_wconf 91' lang='lat' dir='ltr'><strong>ttt</strong></span> <span class='ocrx_word' id='word_1_590' title='bbox 2332 1889 2700 1960; x_wconf 47' lang='lat' dir='ltr'><strong>respondeatis</strong></span> <span class='ocrx_word' id='word_1_591' title='bbox 2755 1888 2926 1948; x_wconf 85' lang='lat' dir='ltr'><strong>nobis.</strong></span> <span class='ocrx_word' id='word_1_592' title='bbox 2977 1895 3152 1939; x_wconf 90' lang='lat' dir='ltr'><strong>utrum</strong></span> <span class='ocrx_word' id='word_1_593' title='bbox 3200 1883 3312 1938; x_wconf 84' lang='lat' dir='ltr'><strong>Deo</strong></span> <span class='ocrx_word' id='word_1_594' title='bbox 3351 1881 3519 1950; x_wconf 85' lang='lat' dir='ltr'><strong>magis</strong></span> 
     </span>
    </p>
   </div>
   <div class='ocr_carea' id='block_1_79' title="bbox 1933 1971 3519 2048">
    <p class='ocr_par' dir='ltr' id='par_1_79' title="bbox 1933 1971 3519 2048">
     <span class='ocr_line' id='line_1_80' title="bbox 1933 1971 3519 2048; baseline -0.009 -10"><span class='ocrx_word' id='word_1_595' title='bbox 1933 1982 2286 2038; x_wconf 88' lang='lat' dir='ltr'><strong>obcdiendttm</strong></span> <span class='ocrx_word' id='word_1_596' title='bbox 2316 1983 2405 2048; x_wconf 89' lang='lat' dir='ltr'><strong>sit,</strong></span> <span class='ocrx_word' id='word_1_597' title='bbox 2449 1996 2513 2035; x_wconf 87' lang='lat' dir='ltr'><strong>an</strong></span> <span class='ocrx_word' id='word_1_598' title='bbox 2544 1979 2848 2034; x_wconf 81' lang='lat' dir='ltr'><strong>hominibus</strong></span> <span class='ocrx_word' id='word_1_599' title='bbox 2880 1976 3016 2045; x_wconf 70' lang='lat' dir='ltr'><strong>(.lct.</strong></span> <span class='ocrx_word' id='word_1_600' title='bbox 3044 1990 3096 2038; x_wconf 88' lang='lat' dir='ltr'><strong>v,</strong></span> <span class='ocrx_word' id='word_1_601' title='bbox 3126 1973 3243 2043; x_wconf 72' lang='lat'><strong>29).</strong></span> <span class='ocrx_word' id='word_1_602' title='bbox 3270 1971 3519 2027; x_wconf 80' lang='lat' dir='ltr'><strong>Tradite-</strong></span> 
     </span>
    </p>
   </div>
   <div class='ocr_carea' id='block_1_80' title="bbox 1934 2064 3516 2141">
    <p class='ocr_par' dir='ltr' id='par_1_80' title="bbox 1934 2064 3516 2141">
     <span class='ocr_line' id='line_1_81' title="bbox 1934 2064 3516 2141; baseline -0.008 -11"><span class='ocrx_word' id='word_1_603' title='bbox 1934 2090 2041 2141; x_wconf 76' lang='lat' dir='ltr'><strong>res,</strong></span> <span class='ocrx_word' id='word_1_604' title='bbox 2072 2072 2881 2140; x_wconf 76' lang='lat' dir='ltr'><strong>tltut&#39;ilicatorcs,persecutores,</strong></span> <span class='ocrx_word' id='word_1_605' title='bbox 2913 2066 3075 2121; x_wconf 87' lang='lat' dir='ltr'><strong>verba</strong></span> <span class='ocrx_word' id='word_1_606' title='bbox 3102 2073 3225 2119; x_wconf 88' lang='lat' dir='ltr'><strong>sunt</strong></span> <span class='ocrx_word' id='word_1_607' title='bbox 3246 2064 3516 2118; x_wconf 89' lang='lat' dir='ltr'><strong>hominum</strong></span> 
     </span>
    </p>
   </div>
   <div class='ocr_carea' id='block_1_81' title="bbox 1933 2155 3538 2226">
    <p class='ocr_par' dir='ltr' id='par_1_81' title="bbox 1933 2155 3538 2226">
     <span class='ocr_line' id='line_1_82' title="bbox 1933 2155 3538 2226; baseline -0.009 -2"><span class='ocrx_word' id='word_1_608' title='bbox 1933 2180 2116 2226; x_wconf 88' lang='lat' dir='ltr'><strong>contra</strong></span> <span class='ocrx_word' id='word_1_609' title='bbox 2143 2167 2409 2222; x_wconf 90' lang='lat' dir='ltr'><strong>homines.</strong></span> <span class='ocrx_word' id='word_1_610' title='bbox 2450 2164 2505 2219; x_wconf 87' lang='lat' dir='ltr'><strong>lu</strong></span> <span class='ocrx_word' id='word_1_611' title='bbox 2535 2164 2649 2218; x_wconf 89' lang='lat' dir='ltr'><strong>sola</strong></span> <span class='ocrx_word' id='word_1_612' title='bbox 2680 2161 2999 2225; x_wconf 49' lang='lat' dir='ltr'><strong>dilectione,”</strong></span> <span class='ocrx_word' id='word_1_613' title='bbox 3033 2156 3220 2212; x_wconf 90' lang='lat' dir='ltr'><strong>Donati</strong></span> <span class='ocrx_word' id='word_1_614' title='bbox 3261 2155 3538 2220; x_wconf 78' lang='lat' dir='ltr'><strong>remansit</strong></span> 
     </span>
    </p>
   </div>
   <div class='ocr_carea' id='block_1_82' title="bbox 1932 2246 3516 2317">
    <p class='ocr_par' dir='ltr' id='par_1_82' title="bbox 1932 2246 3516 2317">
     <span class='ocr_line' id='line_1_83' title="bbox 1932 2246 3516 2317; baseline -0.011 -1"><span class='ocrx_word' id='word_1_615' title='bbox 1932 2261 2175 2317; x_wconf 85' lang='lat' dir='ltr'><strong>Christus</strong></span> <span class='ocrx_word' id='word_1_616' title='bbox 2203 2278 2216 2313; x_wconf 93' lang='lat'><strong>:</strong></span> <span class='ocrx_word' id='word_1_617' title='bbox 2243 2258 2402 2314; x_wconf 87' lang='lat' dir='ltr'><strong>verba</strong></span> <span class='ocrx_word' id='word_1_618' title='bbox 2435 2264 2560 2311; x_wconf 89' lang='lat' dir='ltr'><strong>sunt</strong></span> <span class='ocrx_word' id='word_1_619' title='bbox 2594 2253 2866 2307; x_wconf 88' lang='lat' dir='ltr'><strong>hominum</strong></span> <span class='ocrx_word' id='word_1_620' title='bbox 2897 2248 3264 2305; x_wconf 81' lang='lat' dir='ltr'><strong>extollentittm</strong></span> <span class='ocrx_word' id='word_1_621' title='bbox 3292 2246 3516 2317; x_wconf 76' lang='lat' dir='ltr'><strong>gloriam</strong></span> 
     </span>
    </p>
   </div>
   <div class='ocr_carea' id='block_1_83' title="bbox 1937 2339 3520 2411">
    <p class='ocr_par' dir='ltr' id='par_1_83' title="bbox 1937 2339 3520 2411">
     <span class='ocr_line' id='line_1_84' title="bbox 1937 2339 3520 2411; baseline -0.01 -5"><span class='ocrx_word' id='word_1_622' title='bbox 1937 2352 2166 2406; x_wconf 89' lang='lat' dir='ltr'><strong>botttinis</strong></span> <span class='ocrx_word' id='word_1_623' title='bbox 2214 2350 2313 2403; x_wconf 90' lang='lat' dir='ltr'><strong>sub</strong></span> <span class='ocrx_word' id='word_1_624' title='bbox 2371 2346 2585 2402; x_wconf 86' lang='lat' dir='ltr'><strong>nomine</strong></span> <span class='ocrx_word' id='word_1_625' title='bbox 2633 2343 2853 2409; x_wconf 82' lang='lat' dir='ltr'><strong>Christi,</strong></span> <span class='ocrx_word' id='word_1_626' title='bbox 2912 2353 2973 2397; x_wconf 88' lang='lat' dir='ltr'><strong>ut</strong></span> <span class='ocrx_word' id='word_1_627' title='bbox 3027 2339 3195 2411; x_wconf 80' lang='lat' dir='ltr'><strong>gloria</strong></span> <span class='ocrx_word' id='word_1_628' title='bbox 3249 2340 3520 2393; x_wconf 89' lang='lat' dir='ltr'><strong>minuatur</strong></span> 
     </span>
    </p>
   </div>
   <div class='ocr_carea' id='block_1_84' title="bbox 1936 2429 3521 2513">
    <p class='ocr_par' dir='ltr' id='par_1_84' title="bbox 1936 2429 3521 2513">
     <span class='ocr_line' id='line_1_85' title="bbox 1936 2429 3521 2513; baseline -0.01 -17"><span class='ocrx_word' id='word_1_629' title='bbox 1936 2443 2100 2513; x_wconf 83' lang='lat' dir='ltr'><strong>ipsius</strong></span> <span class='ocrx_word' id='word_1_630' title='bbox 2130 2439 2345 2496; x_wconf 89' lang='lat' dir='ltr'><strong>Christi.</strong></span> <span class='ocrx_word' id='word_1_631' title='bbox 2366 2438 2630 2508; x_wconf 88' lang='lat' dir='ltr'><strong>Scriptum</strong></span> <span class='ocrx_word' id='word_1_632' title='bbox 2663 2442 2745 2489; x_wconf 79' lang='lat' dir='ltr'><strong>e‘st</strong></span> <span class='ocrx_word' id='word_1_633' title='bbox 2771 2434 2938 2498; x_wconf 89' lang='lat' dir='ltr'><strong>enim,</strong></span> <span class='ocrx_word' id='word_1_634' title='bbox 2971 2430 3033 2485; x_wconf 88' lang='lat' dir='ltr'><strong>In</strong></span> <span class='ocrx_word' id='word_1_635' title='bbox 3061 2432 3165 2485; x_wconf 87' lang='lat' dir='ltr'><strong>lata</strong></span> <span class='ocrx_word' id='word_1_636' title='bbox 3187 2440 3334 2501; x_wconf 85' lang='lat' dir='ltr'><strong>gente</strong></span> <span class='ocrx_word' id='word_1_637' title='bbox 3357 2429 3521 2498; x_wconf 84' lang='lat' dir='ltr'><strong>gloria</strong></span> 
     </span>
    </p>
   </div>
   <div class='ocr_carea' id='block_1_85' title="bbox 1933 2518 3522 2606">
    <p class='ocr_par' dir='ltr' id='par_1_85' title="bbox 1933 2518 3522 2606">
     <span class='ocr_line' id='line_1_86' title="bbox 1933 2518 3522 2606; baseline -0.013 -16"><span class='ocrx_word' id='word_1_638' title='bbox 1933 2536 2096 2606; x_wconf 86' lang='lat' dir='ltr'><strong>regis;</strong></span> <span class='ocrx_word' id='word_1_639' title='bbox 2125 2533 2177 2586; x_wconf 90' lang='lat' dir='ltr'><strong>in</strong></span> <span class='ocrx_word' id='word_1_640' title='bbox 2215 2530 2549 2585; x_wconf 87' lang='lat' dir='ltr'><strong>diminutione</strong></span> <span class='ocrx_word' id='word_1_641' title='bbox 2593 2536 2760 2581; x_wconf 87' lang='lat' dir='ltr'><strong>autent</strong></span> <span class='ocrx_word' id='word_1_642' title='bbox 2807 2522 2984 2596; x_wconf 81' lang='lat' dir='ltr'><strong>populi</strong></span> <span class='ocrx_word' id='word_1_643' title='bbox 3013 2521 3246 2576; x_wconf 85' lang='lat' dir='ltr'><strong>contritio</strong></span> <span class='ocrx_word' id='word_1_644' title='bbox 3277 2518 3522 2589; x_wconf 78' lang='lat' dir='ltr'><strong>principis</strong></span> 
     </span>
    </p>
   </div>
   <div class='ocr_carea' id='block_1_86' title="bbox 1935 2612 3523 2696">
    <p class='ocr_par' dir='ltr' id='par_1_86' title="bbox 1935 2612 3523 2696">
     <span class='ocr_line' id='line_1_87' title="bbox 1935 2612 3523 2696; baseline -0.012 -15"><span class='ocrx_word' id='word_1_645' title='bbox 1935 2627 2113 2696; x_wconf 82' lang='lat' dir='ltr'><strong>(Prov.</strong></span> <span class='ocrx_word' id='word_1_646' title='bbox 2149 2641 2253 2687; x_wconf 80' lang='lat' dir='ltr'><strong>xtv,</strong></span> <span class='ocrx_word' id='word_1_647' title='bbox 2285 2622 2376 2691; x_wconf 71' lang='lat'><strong>28)</strong></span> <span class='ocrx_word' id='word_1_648' title='bbox 2407 2639 2421 2675; x_wconf 75' lang='grc' dir='ltr'><strong>ε</strong></span> <span class='ocrx_word' id='word_1_649' title='bbox 2452 2621 2566 2675; x_wconf 83' lang='lat' dir='ltr'><strong>lure</strong></span> <span class='ocrx_word' id='word_1_650' title='bbox 2591 2635 2718 2689; x_wconf 85' lang='lat' dir='ltr'><strong>ergo</strong></span> <span class='ocrx_word' id='word_1_651' title='bbox 2742 2618 2921 2690; x_wconf 67' lang='lat' dir='ltr'><strong>verba</strong></span> <span class='ocrx_word' id='word_1_652' title='bbox 2961 2622 3085 2670; x_wconf 90' lang='lat' dir='ltr'><strong>sunt</strong></span> <span class='ocrx_word' id='word_1_653' title='bbox 3112 2612 3407 2667; x_wconf 89' lang='lat' dir='ltr'><strong>hominum.</strong></span> <span class='ocrx_word' id='word_1_654' title='bbox 3453 2612 3523 2664; x_wconf 73' lang='lat' dir='ltr'><strong>At</strong></span> 
     </span>
    </p>
   </div>
   <div class='ocr_carea' id='block_1_87' title="bbox 1934 2701 3523 2782">
    <p class='ocr_par' dir='ltr' id='par_1_87' title="bbox 1934 2701 3523 2782">
     <span class='ocr_line' id='line_1_88' title="bbox 1934 2701 3523 2782; baseline -0.013 -11"><span class='ocrx_word' id='word_1_655' title='bbox 1934 2718 2020 2772; x_wconf 79' lang='lat' dir='ltr'><strong>illa</strong></span> <span class='ocrx_word' id='word_1_656' title='bbox 2069 2717 2119 2769; x_wconf 90' lang='lat' dir='ltr'><strong>in</strong></span> <span class='ocrx_word' id='word_1_657' title='bbox 2169 2712 2473 2782; x_wconf 68' lang='lat' dir='ltr'><strong>livangelio,</strong></span> <span class='ocrx_word' id='word_1_658' title='bbox 2521 2711 2653 2778; x_wconf 84' lang='lat' dir='ltr'><strong>Quia</strong></span> <span class='ocrx_word' id='word_1_659' title='bbox 2703 2706 2961 2778; x_wconf 81' lang='lat' dir='ltr'><strong>Oportebat</strong></span> <span class='ocrx_word' id='word_1_660' title='bbox 3006 2703 3259 2758; x_wconf 84' lang='lat' dir='ltr'><strong>Christum</strong></span> <span class='ocrx_word' id='word_1_661' title='bbox 3299 2701 3425 2772; x_wconf 83' lang='lat' dir='ltr'><strong>pati,</strong></span> <span class='ocrx_word' id='word_1_662' title='bbox 3476 2710 3523 2752; x_wconf 77' lang='lat' dir='ltr'><strong>et</strong></span> 
     </span>
    </p>
   </div>
   <div class='ocr_carea' id='block_1_88' title="bbox 1932 2792 3513 2877">
    <p class='ocr_par' dir='ltr' id='par_1_88' title="bbox 1932 2792 3513 2877">
     <span class='ocr_line' id='line_1_89' title="bbox 1932 2792 3513 2877; baseline -0.015 -14"><span class='ocrx_word' id='word_1_663' title='bbox 1932 2822 2193 2877; x_wconf 82' lang='lat' dir='ltr'><strong>resurgere</strong></span> <span class='ocrx_word' id='word_1_664' title='bbox 2229 2804 2375 2858; x_wconf 78' lang='lat' dir='ltr'><strong>tertia</strong></span> <span class='ocrx_word' id='word_1_665' title='bbox 2418 2804 2520 2867; x_wconf 82' lang='lat' dir='ltr'><strong>die,</strong></span> <span class='ocrx_word' id='word_1_666' title='bbox 2562 2809 2609 2854; x_wconf 92' lang='lat' dir='ltr'><strong>et</strong></span> <span class='ocrx_word' id='word_1_667' title='bbox 2651 2796 2919 2869; x_wconf 65' lang='lat' dir='ltr'><strong>praedicari</strong></span> <span class='ocrx_word' id='word_1_668' title='bbox 2947 2795 3000 2847; x_wconf 88' lang='lat' dir='ltr'><strong>in</strong></span> <span class='ocrx_word' id='word_1_669' title='bbox 3041 2793 3242 2847; x_wconf 85' lang='lat' dir='ltr'><strong>nomine</strong></span> <span class='ocrx_word' id='word_1_670' title='bbox 3277 2792 3388 2860; x_wconf 87' lang='lat' dir='ltr'><strong>ejus</strong></span> <span class='ocrx_word' id='word_1_671' title='bbox 3416 2804 3513 2860; x_wconf 75' lang='grc' dir='ltr'><strong>ρω-</strong></span> 
     </span>
    </p>
   </div>
   <div class='ocr_carea' id='block_1_89' title="bbox 1933 2889 3517 2963">
    <p class='ocr_par' dir='ltr' id='par_1_89' title="bbox 1933 2889 3517 2963">
     <span class='ocr_line' id='line_1_90' title="bbox 1933 2889 3517 2963; baseline -0.013 -9"><span class='ocrx_word' id='word_1_672' title='bbox 1933 2901 2194 2955; x_wconf 84' lang='lat' dir='ltr'><strong>nitentiam</strong></span> <span class='ocrx_word' id='word_1_673' title='bbox 2220 2906 2263 2951; x_wconf 89' lang='lat' dir='ltr'><strong>et</strong></span> <span class='ocrx_word' id='word_1_674' title='bbox 2296 2895 2638 2949; x_wconf 80' lang='lat' dir='ltr'><strong>remissionem</strong></span> <span class='ocrx_word' id='word_1_675' title='bbox 2668 2898 2986 2963; x_wconf 83' lang='lat' dir='ltr'><strong>peccatorum</strong></span> <span class='ocrx_word' id='word_1_676' title='bbox 3016 2901 3105 2954; x_wconf 80' lang='lat' dir='ltr'><strong>per</strong></span> <span class='ocrx_word' id='word_1_677' title='bbox 3132 2898 3303 2937; x_wconf 87' lang='lat' dir='ltr'><strong>omnes</strong></span> <span class='ocrx_word' id='word_1_678' title='bbox 3325 2889 3517 2952; x_wconf 78' lang='lat' dir='ltr'><strong>gentes,</strong></span> 
     </span>
    </p>
   </div>
   <div class='ocr_carea' id='block_1_90' title="bbox 1934 2972 3519 3063">
    <p class='ocr_par' dir='ltr' id='par_1_90' title="bbox 1934 2972 3519 3063">
     <span class='ocr_line' id='line_1_91' title="bbox 1934 2972 3519 3063; baseline -0.015 -16"><span class='ocrx_word' id='word_1_679' title='bbox 1934 2993 2286 3063; x_wconf 78' lang='lat' dir='ltr'><strong>incipientibus</strong></span> <span class='ocrx_word' id='word_1_680' title='bbox 2319 2988 2380 3041; x_wconf 90' lang='lat' dir='ltr'><strong>ab</strong></span> <span class='ocrx_word' id='word_1_681' title='bbox 2406 2986 2693 3040; x_wconf 78' lang='lat' dir='ltr'><strong>Jerusalem</strong></span> <span class='ocrx_word' id='word_1_682' title='bbox 2722 2980 2871 3054; x_wconf 86' lang='lat' dir='ltr'><strong>(Luc.</strong></span> <span class='ocrx_word' id='word_1_683' title='bbox 2896 2993 3044 3041; x_wconf 75' lang='lat' dir='ltr'><strong>xxrv,</strong></span> <span class='ocrx_word' id='word_1_684' title='bbox 3077 2976 3168 3042; x_wconf 67' lang='lat'><strong>46,</strong></span> <span class='ocrx_word' id='word_1_685' title='bbox 3198 2972 3327 3045; x_wconf 62' lang='lat' dir='ltr'><strong>b7);</strong></span> <span class='ocrx_word' id='word_1_686' title='bbox 3358 2972 3519 3025; x_wconf 82' lang='lat' dir='ltr'><strong>verba</strong></span> 
     </span>
    </p>
   </div>
   <div class='ocr_carea' id='block_1_91' title="bbox 1935 3062 3520 3141">
    <p class='ocr_par' dir='ltr' id='par_1_91' title="bbox 1935 3062 3520 3141">
     <span class='ocr_line' id='line_1_92' title="bbox 1935 3062 3520 3141; baseline -0.016 -1"><span class='ocrx_word' id='word_1_687' title='bbox 1935 3062 2057 3140; x_wconf 85' lang='lat' dir='ltr'><strong>sunt</strong></span> <span class='ocrx_word' id='word_1_688' title='bbox 2100 3080 2296 3137; x_wconf 75' lang='lat' dir='ltr'><strong>Christi</strong></span> <span class='ocrx_word' id='word_1_689' title='bbox 2339 3074 2759 3133; x_wconf 86' lang='lat' dir='ltr'><strong>commendantis</strong></span> <span class='ocrx_word' id='word_1_690' title='bbox 2794 3070 3018 3141; x_wconf 82' lang='lat' dir='ltr'><strong>gloriam</strong></span> <span class='ocrx_word' id='word_1_691' title='bbox 3056 3081 3217 3137; x_wconf 88' lang='lat' dir='ltr'><strong>quam</strong></span> <span class='ocrx_word' id='word_1_692' title='bbox 3258 3062 3465 3131; x_wconf 83' lang='lat' dir='ltr'><strong>accepit</strong></span> <span class='ocrx_word' id='word_1_693' title='bbox 3491 3076 3520 3114; x_wconf 89' lang='lat' dir='ltr'><strong>a</strong></span> 
     </span>
    </p>
   </div>
   <div class='ocr_carea' id='block_1_92' title="bbox 1935 3152 3523 3235">
    <p class='ocr_par' dir='ltr' id='par_1_92' title="bbox 1935 3152 3523 3235">
     <span class='ocr_line' id='line_1_93' title="bbox 1935 3152 3523 3235; baseline -0.016 -4"><span class='ocrx_word' id='word_1_694' title='bbox 1935 3177 2094 3232; x_wconf 75' lang='lat' dir='ltr'><strong>Patre</strong></span> <span class='ocrx_word' id='word_1_695' title='bbox 2122 3175 2173 3228; x_wconf 91' lang='lat' dir='ltr'><strong>in</strong></span> <span class='ocrx_word' id='word_1_696' title='bbox 2220 3170 2494 3226; x_wconf 79' lang='lat' dir='ltr'><strong>latitudine</strong></span> <span class='ocrx_word' id='word_1_697' title='bbox 2534 3164 2680 3235; x_wconf 76' lang='lat' dir='ltr'><strong>regni</strong></span> <span class='ocrx_word' id='word_1_698' title='bbox 2712 3162 2813 3218; x_wconf 90' lang='lat' dir='ltr'><strong>sui.</strong></span> <span class='ocrx_word' id='word_1_699' title='bbox 2849 3160 3100 3228; x_wconf 83' lang='lat' dir='ltr'><strong>Utrisque</strong></span> <span class='ocrx_word' id='word_1_700' title='bbox 3137 3155 3355 3219; x_wconf 89' lang='lat' dir='ltr'><strong>auditis,</strong></span> <span class='ocrx_word' id='word_1_701' title='bbox 3383 3152 3523 3207; x_wconf 89' lang='lat' dir='ltr'><strong>hanc</strong></span> 
     </span>
    </p>
   </div>
   <div class='ocr_carea' id='block_1_93' title="bbox 1939 3242 3524 3322">
    <p class='ocr_par' dir='ltr' id='par_1_93' title="bbox 1939 3242 3524 3322">
     <span class='ocr_line' id='line_1_94' title="bbox 1939 3242 3524 3322; baseline -0.018 -1"><span class='ocrx_word' id='word_1_702' title='bbox 1939 3265 2190 3321; x_wconf 67' lang='lat' dir='ltr'><strong>Ecclesiae</strong></span> <span class='ocrx_word' id='word_1_703' title='bbox 2241 3258 2670 3316; x_wconf 82' lang='lat' dir='ltr'><strong>comnumimtetn</strong></span> <span class='ocrx_word' id='word_1_704' title='bbox 2718 3251 2896 3322; x_wconf 88' lang='lat' dir='ltr'><strong>potius</strong></span> <span class='ocrx_word' id='word_1_705' title='bbox 2941 3248 3208 3318; x_wconf 81' lang='lat' dir='ltr'><strong>eligimus,</strong></span> <span class='ocrx_word' id='word_1_706' title='bbox 3255 3254 3309 3300; x_wconf 88' lang='lat' dir='ltr'><strong>et</strong></span> <span class='ocrx_word' id='word_1_707' title='bbox 3347 3242 3524 3297; x_wconf 89' lang='lat' dir='ltr'><strong>homi-</strong></span> 
     </span>
    </p>
   </div>
   <div class='ocr_carea' id='block_1_94' title="bbox 1940 3333 3527 3412">
    <p class='ocr_par' dir='ltr' id='par_1_94' title="bbox 1940 3333 3527 3412">
     <span class='ocr_line' id='line_1_95' title="bbox 1940 3333 3527 3412; baseline -0.018 0"><span class='ocrx_word' id='word_1_708' title='bbox 1940 3373 2062 3411; x_wconf 92' lang='lat' dir='ltr'><strong>num</strong></span> <span class='ocrx_word' id='word_1_709' title='bbox 2104 3354 2278 3409; x_wconf 71' lang='lat' dir='ltr'><strong>verbis</strong></span> <span class='ocrx_word' id='word_1_710' title='bbox 2316 3348 2516 3405; x_wconf 83' lang='lat' dir='ltr'><strong>Christi</strong></span> <span class='ocrx_word' id='word_1_711' title='bbox 2559 3344 2722 3400; x_wconf 76' lang='lat' dir='ltr'><strong>verba</strong></span> <span class='ocrx_word' id='word_1_712' title='bbox 2769 3340 3147 3412; x_wconf 63' lang='lat' dir='ltr'><strong>pra‘ponimus.</strong></span> <span class='ocrx_word' id='word_1_713' title='bbox 3192 3337 3362 3405; x_wconf 74' lang='lat' dir='ltr'><strong>Rogo,</strong></span> <span class='ocrx_word' id='word_1_714' title='bbox 3406 3333 3527 3401; x_wconf 87' lang='lat' dir='ltr'><strong>quis</strong></span> 
     </span>
    </p>
   </div>
   <div class='ocr_carea' id='block_1_95' title="bbox 1937 3427 3524 3521">
    <p class='ocr_par' dir='ltr' id='par_1_95' title="bbox 1937 3427 3524 3521">
     <span class='ocr_line' id='line_1_96' title="bbox 1937 3427 3524 3521; baseline -0.019 -13"><span class='ocrx_word' id='word_1_715' title='bbox 1937 3461 2021 3507; x_wconf 84' lang='lat' dir='ltr'><strong>et</strong></span> <span class='ocrx_word' id='word_1_716' title='bbox 2062 3450 2149 3521; x_wconf 87' lang='lat' dir='ltr'><strong>qui</strong></span> <span class='ocrx_word' id='word_1_717' title='bbox 2191 3462 2287 3502; x_wconf 89' lang='lat' dir='ltr'><strong>uos</strong></span> <span class='ocrx_word' id='word_1_718' title='bbox 2331 3446 2470 3499; x_wconf 82' lang='lat' dir='ltr'><strong>dicat</strong></span> <span class='ocrx_word' id='word_1_719' title='bbox 2516 3442 2652 3496; x_wconf 90' lang='lat' dir='ltr'><strong>mala</strong></span> <span class='ocrx_word' id='word_1_720' title='bbox 2688 3438 2936 3508; x_wconf 69' lang='lat' dir='ltr'><strong>elegisse,</strong></span> <span class='ocrx_word' id='word_1_721' title='bbox 2980 3433 3079 3489; x_wconf 86' lang='lat' dir='ltr'><strong>nisi</strong></span> <span class='ocrx_word' id='word_1_722' title='bbox 3116 3431 3207 3503; x_wconf 89' lang='lat' dir='ltr'><strong>qui</strong></span> <span class='ocrx_word' id='word_1_723' title='bbox 3253 3427 3524 3483; x_wconf 79' lang='lat' dir='ltr'><strong>Christum</strong></span> 
     </span>
    </p>
   </div>
   <div class='ocr_carea' id='block_1_96' title="bbox 1939 3533 2530 3597">
    <p class='ocr_par' dir='ltr' id='par_1_96' title="bbox 1939 3533 2530 3597">
     <span class='ocr_line' id='line_1_97' title="bbox 1939 3533 2530 3597; baseline -0.017 0"><span class='ocrx_word' id='word_1_724' title='bbox 1939 3542 2066 3597; x_wconf 82' lang='lat' dir='ltr'><strong>dicit</strong></span> <span class='ocrx_word' id='word_1_725' title='bbox 2092 3541 2224 3594; x_wconf 85' lang='lat' dir='ltr'><strong>tna&#39;a</strong></span> <span class='ocrx_word' id='word_1_726' title='bbox 2247 3533 2530 3593; x_wconf 87' lang='lat' dir='ltr'><strong>docuisse?</strong></span> 
     </span>
    </p>
   </div>
   <div class='ocr_carea' id='block_1_97' title="bbox 2011 3626 3529 3708">
    <p class='ocr_par' dir='ltr' id='par_1_97' title="bbox 2011 3626 3529 3708">
     <span class='ocr_line' id='line_1_98' title="bbox 2011 3626 3529 3708; baseline -0.019 0"><span class='ocrx_word' id='word_1_727' title='bbox 2011 3650 2236 3708; x_wconf 73' lang='lat' dir='ltr'><strong>CAPUT</strong></span> <span class='ocrx_word' id='word_1_728' title='bbox 2275 3645 2540 3704; x_wconf 81' lang='lat' dir='ltr'><strong>LXXXV.</strong></span> <span class='ocrx_word' id='word_1_729' title='bbox 2569 3674 2636 3685; x_wconf 92' lang='lat'><strong>-</strong></span> <span class='ocrx_word' id='word_1_730' title='bbox 2666 3643 2787 3698; x_wconf 78' lang='lat' dir='ltr'><strong>l88.</strong></span> <span class='ocrx_word' id='word_1_731' title='bbox 2830 3640 3013 3696; x_wconf 79' lang='grc' dir='ltr'><strong>Ρετιι..</strong></span> <span class='ocrx_word' id='word_1_732' title='bbox 3057 3635 3190 3691; x_wconf 74' lang='lat' dir='ltr'><strong>dixit</strong></span> <span class='ocrx_word' id='word_1_733' title='bbox 3218 3649 3237 3688; x_wconf 89' lang='lat'><strong><em>:</em></strong></span> <span class='ocrx_word' id='word_1_734' title='bbox 3267 3626 3529 3700; x_wconf 78' lang='lat' dir='ltr'><strong>Numquid</strong></span> 
     </span>
    </p>
   </div>
   <div class='ocr_carea' id='block_1_98' title="bbox 1940 3721 3527 3817">
    <p class='ocr_par' dir='ltr' id='par_1_98' title="bbox 1940 3721 3527 3817">
     <span class='ocr_line' id='line_1_99' title="bbox 1940 3721 3527 3817; baseline -0.016 -18"><span class='ocrx_word' id='word_1_735' title='bbox 1940 3746 2094 3817; x_wconf 87' lang='lat' dir='ltr'><strong>igitur</strong></span> <span class='ocrx_word' id='word_1_736' title='bbox 2120 3743 2307 3797; x_wconf 71' lang='lat' dir='ltr'><strong>ca&#39;dem</strong></span> <span class='ocrx_word' id='word_1_737' title='bbox 2335 3741 2410 3793; x_wconf 87' lang='lat' dir='ltr'><strong>vel</strong></span> <span class='ocrx_word' id='word_1_738' title='bbox 2426 3735 2758 3793; x_wconf 85' lang='lat' dir='ltr'><strong>schismaticis</strong></span> <span class='ocrx_word' id='word_1_739' title='bbox 2783 3730 2917 3785; x_wconf 85' lang='lat' dir='ltr'><strong>Deus</strong></span> <span class='ocrx_word' id='word_1_740' title='bbox 2933 3729 3088 3803; x_wconf 86' lang='lat' dir='ltr'><strong>jussit</strong></span> <span class='ocrx_word' id='word_1_741' title='bbox 3108 3725 3292 3797; x_wconf 79' lang='lat' dir='ltr'><strong>inferri</strong></span> <span class='ocrx_word' id='word_1_742' title='bbox 3311 3725 3336 3777; x_wconf 72' lang='grc' dir='ltr'>Σ)</span> <span class='ocrx_word' id='word_1_743' title='bbox 3359 3722 3458 3790; x_wconf 89' lang='lat' dir='ltr'><strong>Qui</strong></span> <span class='ocrx_word' id='word_1_744' title='bbox 3482 3721 3527 3773; x_wconf 86' lang='lat' dir='ltr'><strong>si</strong></span> 
     </span>
    </p>
   </div>
   <div class='ocr_carea' id='block_1_99' title="bbox 1942 3812 3528 3904">
    <p class='ocr_par' dir='ltr' id='par_1_99' title="bbox 1942 3812 3528 3904">
     <span class='ocr_line' id='line_1_100' title="bbox 1942 3812 3528 3904; baseline -0.018 -13"><span class='ocrx_word' id='word_1_745' title='bbox 1942 3838 2147 3891; x_wconf 86' lang='lat' dir='ltr'><strong>omnino</strong></span> <span class='ocrx_word' id='word_1_746' title='bbox 2189 3832 2501 3904; x_wconf 68' lang='lat' dir='ltr'><strong>praxiperet,</strong></span> <span class='ocrx_word' id='word_1_747' title='bbox 2551 3842 2636 3879; x_wconf 82' lang='lat' dir='ltr'><strong>vos</strong></span> <span class='ocrx_word' id='word_1_748' title='bbox 2678 3823 2918 3876; x_wconf 80' lang='lat' dir='ltr'><strong>deberetis</strong></span> <span class='ocrx_word' id='word_1_749' title='bbox 2963 3818 3123 3873; x_wconf 83' lang='lat' dir='ltr'><strong>occidi</strong></span> <span class='ocrx_word' id='word_1_750' title='bbox 3170 3815 3231 3868; x_wconf 78' lang='lat' dir='ltr'><strong>ab</strong></span> <span class='ocrx_word' id='word_1_751' title='bbox 3278 3812 3528 3882; x_wconf 84' lang='lat' dir='ltr'><strong>aliquibus</strong></span> 
     </span>
    </p>
   </div>
   <div class='ocr_carea' id='block_1_100' title="bbox 1945 3908 3243 3999">
    <p class='ocr_par' dir='ltr' id='par_1_100' title="bbox 1945 3908 3243 3999">
     <span class='ocr_line' id='line_1_101' title="bbox 1945 3908 3243 3999; baseline -0.02 -14"><span class='ocrx_word' id='word_1_752' title='bbox 1945 3927 2150 3999; x_wconf 75' lang='lat' dir='ltr'><strong>Scythis</strong></span> <span class='ocrx_word' id='word_1_753' title='bbox 2176 3941 2233 3978; x_wconf 88' lang='lat' dir='ltr'><strong>ac</strong></span> <span class='ocrx_word' id='word_1_754' title='bbox 2254 3919 2512 3982; x_wconf 84' lang='lat' dir='ltr'><strong>Barbaris,</strong></span> <span class='ocrx_word' id='word_1_755' title='bbox 2547 3933 2646 3970; x_wconf 88' lang='lat' dir='ltr'><strong>non</strong></span> <span class='ocrx_word' id='word_1_756' title='bbox 2678 3925 2842 3968; x_wconf 87' lang='lat' dir='ltr'><strong>tamen</strong></span> <span class='ocrx_word' id='word_1_757' title='bbox 2871 3929 2901 3964; x_wconf 88' lang='grc' dir='ltr'><em>α</em></span> <span class='ocrx_word' id='word_1_758' title='bbox 2924 3908 3243 3965; x_wconf 82' lang='lat' dir='ltr'><strong>Christianis.</strong></span> 
     </span>
    </p>
   </div>
   <div class='ocr_carea' id='block_1_101' title="bbox 2017 3993 3529 4080">
    <p class='ocr_par' dir='ltr' id='par_1_101' title="bbox 2017 3993 3529 4080">
     <span class='ocr_line' id='line_1_102' title="bbox 2017 3993 3529 4080; baseline -0.017 -7"><span class='ocrx_word' id='word_1_759' title='bbox 2017 3993 2139 4073; x_wconf 56' lang='grc' dir='ltr'><strong>ἰδέ).</strong></span> <span class='ocrx_word' id='word_1_760' title='bbox 2179 4014 2314 4071; x_wconf 73' lang='lat' dir='ltr'><strong>Avo.</strong></span> <span class='ocrx_word' id='word_1_761' title='bbox 2356 4008 2655 4080; x_wconf 84' lang='lat' dir='ltr'><strong>respondit:</strong></span> <span class='ocrx_word' id='word_1_762' title='bbox 2685 4003 2855 4059; x_wconf 74' lang='lat' dir='ltr'><strong>Vestri</strong></span> <span class='ocrx_word' id='word_1_763' title='bbox 2888 3998 3349 4057; x_wconf 77' lang='lat' dir='ltr'><strong>Circumcelliones</strong></span> <span class='ocrx_word' id='word_1_764' title='bbox 3377 3993 3529 4065; x_wconf 83' lang='lat' dir='ltr'><strong>quie-</strong></span> 
     </span>
    </p>
   </div>
   <div class='ocr_carea' id='block_1_102' title="bbox 1952 4088 3531 4173">
    <p class='ocr_par' dir='ltr' id='par_1_102' title="bbox 1952 4088 3531 4173">
     <span class='ocr_line' id='line_1_103' title="bbox 1952 4088 3531 4173; baseline -0.018 -7"><span class='ocrx_word' id='word_1_765' title='bbox 1952 4120 2125 4173; x_wconf 88' lang='lat' dir='ltr'><strong>scant,</strong></span> <span class='ocrx_word' id='word_1_766' title='bbox 2168 4117 2222 4162; x_wconf 89' lang='lat' dir='ltr'><strong>et</strong></span> <span class='ocrx_word' id='word_1_767' title='bbox 2269 4105 2391 4160; x_wconf 91' lang='lat' dir='ltr'><strong>uolo</strong></span> <span class='ocrx_word' id='word_1_768' title='bbox 2419 4117 2516 4158; x_wconf 90' lang='lat' dir='ltr'><strong>nos</strong></span> <span class='ocrx_word' id='word_1_769' title='bbox 2537 4101 2557 4133; x_wconf 85' lang='grc'><strong>³</strong></span> <span class='ocrx_word' id='word_1_770' title='bbox 2586 4099 2650 4154; x_wconf 84' lang='lat' dir='ltr'><strong>de</strong></span> <span class='ocrx_word' id='word_1_771' title='bbox 2676 4094 2920 4152; x_wconf 80' lang='lat' dir='ltr'><strong>Barbaris</strong></span> <span class='ocrx_word' id='word_1_772' title='bbox 2962 4103 3183 4147; x_wconf 82' lang='lat' dir='ltr'><strong>torreas.</strong></span> <span class='ocrx_word' id='word_1_773' title='bbox 3216 4088 3403 4145; x_wconf 20' lang='lat' dir='ltr'><strong>Utrum</strong></span> <span class='ocrx_word' id='word_1_774' title='bbox 3431 4100 3531 4139; x_wconf 84' lang='lat' dir='ltr'><strong>au-</strong></span> 
     </span>
    </p>
   </div>
   <div class='ocr_carea' id='block_1_103' title="bbox 1948 4185 3529 4259">
    <p class='ocr_par' dir='ltr' id='par_1_103' title="bbox 1948 4185 3529 4259">
     <span class='ocr_line' id='line_1_104' title="bbox 1948 4185 3529 4259; baseline -0.017 -3"><span class='ocrx_word' id='word_1_775' title='bbox 1948 4212 2052 4259; x_wconf 88' lang='lat' dir='ltr'><strong>tem</strong></span> <span class='ocrx_word' id='word_1_776' title='bbox 2083 4194 2405 4255; x_wconf 81' lang='lat' dir='ltr'><strong>schismatici</strong></span> <span class='ocrx_word' id='word_1_777' title='bbox 2455 4208 2553 4248; x_wconf 87' lang='lat' dir='ltr'><strong>nos</strong></span> <span class='ocrx_word' id='word_1_778' title='bbox 2596 4189 2763 4245; x_wconf 88' lang='lat' dir='ltr'><strong>simus</strong></span> <span class='ocrx_word' id='word_1_779' title='bbox 2807 4202 2872 4240; x_wconf 88' lang='lat' dir='ltr'><strong>an</strong></span> <span class='ocrx_word' id='word_1_780' title='bbox 2912 4199 3027 4247; x_wconf 86' lang='lat' dir='ltr'><strong>vos,</strong></span> <span class='ocrx_word' id='word_1_781' title='bbox 3059 4196 3157 4236; x_wconf 79' lang='lat' dir='ltr'><strong>nec</strong></span> <span class='ocrx_word' id='word_1_782' title='bbox 3198 4196 3295 4251; x_wconf 79' lang='lat' dir='ltr'><strong>ego</strong></span> <span class='ocrx_word' id='word_1_783' title='bbox 3328 4193 3425 4233; x_wconf 89' lang='lat' dir='ltr'><strong>nec</strong></span> <span class='ocrx_word' id='word_1_784' title='bbox 3453 4185 3529 4238; x_wconf 87' lang='lat' dir='ltr'><strong>tu,</strong></span> 
     </span>
    </p>
   </div>
   <div class='ocr_carea' id='block_1_104' title="bbox 1945 4274 3526 4355">
    <p class='ocr_par' dir='ltr' id='par_1_104' title="bbox 1945 4274 3526 4355">
     <span class='ocr_line' id='line_1_105' title="bbox 1945 4274 3526 4355; baseline -0.017 -5"><span class='ocrx_word' id='word_1_785' title='bbox 1945 4295 2040 4350; x_wconf 86' lang='lat' dir='ltr'><strong>sed</strong></span> <span class='ocrx_word' id='word_1_786' title='bbox 2059 4291 2297 4348; x_wconf 84' lang='lat' dir='ltr'><strong>Christus</strong></span> <span class='ocrx_word' id='word_1_787' title='bbox 2317 4287 2691 4355; x_wconf 81' lang='lat' dir='ltr'><strong>interrogetur,</strong></span> <span class='ocrx_word' id='word_1_788' title='bbox 2713 4291 2767 4333; x_wconf 92' lang='lat' dir='ltr'><strong>ut</strong></span> <span class='ocrx_word' id='word_1_789' title='bbox 2788 4278 2983 4333; x_wconf 85' lang='lat' dir='ltr'><strong>iudicet</strong></span> <span class='ocrx_word' id='word_1_790' title='bbox 2999 4276 3018 4307; x_wconf 67' lang='grc'>⁵</span> <span class='ocrx_word' id='word_1_791' title='bbox 3040 4274 3332 4329; x_wconf 76' lang='lat' dir='ltr'><strong>Ecclesium</strong></span> <span class='ocrx_word' id='word_1_792' title='bbox 3351 4286 3526 4325; x_wconf 84' lang='lat' dir='ltr'><strong>suam.</strong></span> 
     </span>
    </p>
   </div>
   <div class='ocr_carea' id='block_1_105' title="bbox 1945 4366 3532 4459">
    <p class='ocr_par' dir='ltr' id='par_1_105' title="bbox 1945 4366 3532 4459">
     <span class='ocr_line' id='line_1_106' title="bbox 1945 4366 3532 4459; baseline -0.018 -14"><span class='ocrx_word' id='word_1_793' title='bbox 1945 4389 2089 4459; x_wconf 87' lang='lat' dir='ltr'><strong>Lege</strong></span> <span class='ocrx_word' id='word_1_794' title='bbox 2116 4401 2242 4457; x_wconf 86' lang='lat' dir='ltr'><strong>ergo</strong></span> <span class='ocrx_word' id='word_1_795' title='bbox 2270 4379 2650 4451; x_wconf 85' lang='lat' dir='ltr'><strong>Evangelium;</strong></span> <span class='ocrx_word' id='word_1_796' title='bbox 2679 4382 2734 4430; x_wconf 90' lang='lat' dir='ltr'><strong>ct</strong></span> <span class='ocrx_word' id='word_1_797' title='bbox 2759 4370 3049 4443; x_wconf 83' lang='lat' dir='ltr'><strong>respondet</strong></span> <span class='ocrx_word' id='word_1_798' title='bbox 3075 4368 3189 4433; x_wconf 86' lang='lat' dir='ltr'><strong>tibi,</strong></span> <span class='ocrx_word' id='word_1_799' title='bbox 3223 4366 3286 4420; x_wconf 88' lang='lat' dir='ltr'><strong>In</strong></span> <span class='ocrx_word' id='word_1_800' title='bbox 3315 4366 3532 4421; x_wconf 81' lang='lat' dir='ltr'><strong>Jerusa-</strong></span> 
     </span>
    </p>
   </div>
   <div class='ocr_carea' id='block_1_106' title="bbox 1948 4457 3528 4536">
    <p class='ocr_par' dir='ltr' id='par_1_106' title="bbox 1948 4457 3528 4536">
     <span class='ocr_line' id='line_1_107' title="bbox 1948 4457 3528 4536; baseline -0.019 0"><span class='ocrx_word' id='word_1_801' title='bbox 1948 4482 2044 4536; x_wconf 84' lang='lat' dir='ltr'><strong>lem</strong></span> <span class='ocrx_word' id='word_1_802' title='bbox 2073 4489 2117 4534; x_wconf 85' lang='lat' dir='ltr'><strong>et</strong></span> <span class='ocrx_word' id='word_1_803' title='bbox 2147 4480 2197 4532; x_wconf 87' lang='lat' dir='ltr'><strong>in</strong></span> <span class='ocrx_word' id='word_1_804' title='bbox 2223 4486 2376 4530; x_wconf 88' lang='lat' dir='ltr'><strong>totam</strong></span> <span class='ocrx_word' id='word_1_805' title='bbox 2402 4471 2641 4527; x_wconf 72' lang='lat' dir='ltr'><strong>Jntlazam</strong></span> <span class='ocrx_word' id='word_1_806' title='bbox 2680 4479 2727 4523; x_wconf 87' lang='lat' dir='ltr'><strong>et</strong></span> <span class='ocrx_word' id='word_1_807' title='bbox 2758 4463 3068 4528; x_wconf 86' lang='lat' dir='ltr'><strong>Samariam,</strong></span> <span class='ocrx_word' id='word_1_808' title='bbox 3104 4469 3148 4514; x_wconf 87' lang='lat' dir='ltr'><strong>et</strong></span> <span class='ocrx_word' id='word_1_809' title='bbox 3176 4475 3329 4529; x_wconf 82' lang='lat' dir='ltr'><strong>usque</strong></span> <span class='ocrx_word' id='word_1_810' title='bbox 3356 4457 3407 4509; x_wconf 89' lang='lat' dir='ltr'><strong>iu</strong></span> <span class='ocrx_word' id='word_1_811' title='bbox 3448 4465 3528 4508; x_wconf 84' lang='lat' dir='ltr'><strong>to-</strong></span> 
     </span>
    </p>
   </div>
   <div class='ocr_carea' id='block_1_107' title="bbox 1948 4547 3529 4639">
    <p class='ocr_par' dir='ltr' id='par_1_107' title="bbox 1948 4547 3529 4639">
     <span class='ocr_line' id='line_1_108' title="bbox 1948 4547 3529 4639; baseline -0.016 -12"><span class='ocrx_word' id='word_1_812' title='bbox 1948 4585 2051 4627; x_wconf 87' lang='lat' dir='ltr'><strong>tam</strong></span> <span class='ocrx_word' id='word_1_813' title='bbox 2091 4581 2275 4624; x_wconf 83' lang='lat' dir='ltr'><strong>terram</strong></span> <span class='ocrx_word' id='word_1_814' title='bbox 2316 4567 2449 4639; x_wconf 71' lang='lat' dir='ltr'><strong>(Act.</strong></span> <span class='ocrx_word' id='word_1_815' title='bbox 2483 4580 2519 4630; x_wconf 85' lang='grc' dir='ltr'>ι,</span> <span class='ocrx_word' id='word_1_816' title='bbox 2565 4563 2644 4634; x_wconf 88' lang='lat'><strong>8).</strong></span> <span class='ocrx_word' id='word_1_817' title='bbox 2686 4557 2937 4629; x_wconf 86' lang='lat' dir='ltr'><strong>Quisquis</strong></span> <span class='ocrx_word' id='word_1_818' title='bbox 2983 4554 3141 4625; x_wconf 87' lang='lat' dir='ltr'><strong>igitur</strong></span> <span class='ocrx_word' id='word_1_819' title='bbox 3189 4552 3238 4604; x_wconf 89' lang='lat' dir='ltr'><strong>itt</strong></span> <span class='ocrx_word' id='word_1_820' title='bbox 3290 4547 3529 4603; x_wconf 75' lang='lat' dir='ltr'><strong>Ectrlesia</strong></span> 
     </span>
    </p>
   </div>
   <div class='ocr_carea' id='block_1_108' title="bbox 1952 4641 3535 4726">
    <p class='ocr_par' dir='ltr' id='par_1_108' title="bbox 1952 4641 3535 4726">
     <span class='ocr_line' id='line_1_109' title="bbox 1952 4641 3535 4726; baseline -0.018 -6"><span class='ocrx_word' id='word_1_821' title='bbox 1952 4682 2056 4721; x_wconf 90' lang='lat' dir='ltr'><strong>non</strong></span> <span class='ocrx_word' id='word_1_822' title='bbox 2088 4661 2375 4723; x_wconf 89' lang='lat' dir='ltr'><strong>invenitur,</strong></span> <span class='ocrx_word' id='word_1_823' title='bbox 2401 4657 2507 4726; x_wconf 85' lang='lat' dir='ltr'><strong>jam</strong></span> <span class='ocrx_word' id='word_1_824' title='bbox 2537 4671 2643 4710; x_wconf 87' lang='lat' dir='ltr'><strong>ttott</strong></span> <span class='ocrx_word' id='word_1_825' title='bbox 2675 4653 3053 4720; x_wconf 82' lang='lat' dir='ltr'><strong>interrogetur,</strong></span> <span class='ocrx_word' id='word_1_826' title='bbox 3100 4641 3192 4697; x_wconf 83' lang='lat' dir='ltr'><strong>sed</strong></span> <span class='ocrx_word' id='word_1_827' title='bbox 3224 4649 3315 4695; x_wconf 91' lang='lat' dir='ltr'><strong>aut</strong></span> <span class='ocrx_word' id='word_1_828' title='bbox 3352 4654 3535 4692; x_wconf 83' lang='lat' dir='ltr'><strong>corrc-</strong></span> 
     </span>
    </p>
   </div>
   <div class='ocr_carea' id='block_1_109' title="bbox 1951 4743 3460 4815">
    <p class='ocr_par' dir='ltr' id='par_1_109' title="bbox 1951 4743 3460 4815">
     <span class='ocr_line' id='line_1_110' title="bbox 1951 4743 3460 4815; baseline -0.019 -2"><span class='ocrx_word' id='word_1_829' title='bbox 1951 4748 2068 4813; x_wconf 82' lang='lat' dir='ltr'><strong>ctus</strong></span> <span class='ocrx_word' id='word_1_830' title='bbox 2096 4761 2462 4815; x_wconf 83' lang='lat' dir='ltr'><strong>convertatur,</strong></span> <span class='ocrx_word' id='word_1_831' title='bbox 2494 4758 2584 4802; x_wconf 87' lang='lat' dir='ltr'><strong>aut</strong></span> <span class='ocrx_word' id='word_1_832' title='bbox 2621 4753 2903 4813; x_wconf 87' lang='lat' dir='ltr'><strong>cortepttts</strong></span> <span class='ocrx_word' id='word_1_833' title='bbox 2947 4755 3051 4795; x_wconf 87' lang='lat' dir='ltr'><strong>non</strong></span> <span class='ocrx_word' id='word_1_834' title='bbox 3081 4743 3460 4807; x_wconf 84' lang='lat' dir='ltr'><strong>conqueratur.</strong></span> 
     </span>
    </p>
   </div>
   <div class='ocr_carea' id='block_1_110' title="bbox 2021 4845 3538 4923">
    <p class='ocr_par' dir='ltr' id='par_1_110' title="bbox 2021 4845 3538 4923">
     <span class='ocr_line' id='line_1_111' title="bbox 2021 4845 3538 4923; baseline -0.018 1"><span class='ocrx_word' id='word_1_835' title='bbox 2021 4866 2244 4923; x_wconf 70' lang='lat' dir='ltr'><strong>CAPUT</strong></span> <span class='ocrx_word' id='word_1_836' title='bbox 2291 4860 2576 4920; x_wconf 81' lang='lat' dir='ltr'><strong>LXXXVI.</strong></span> <span class='ocrx_word' id='word_1_837' title='bbox 2621 4888 2691 4899; x_wconf 91' lang='lat'><strong>—</strong></span> <span class='ocrx_word' id='word_1_838' title='bbox 2730 4856 2833 4912; x_wconf 75' lang='lat'><strong>190</strong></span> <span class='ocrx_word' id='word_1_839' title='bbox 2895 4855 3080 4908; x_wconf 76' lang='lat' dir='ltr'><strong>PETIL.</strong></span> <span class='ocrx_word' id='word_1_840' title='bbox 3118 4850 3255 4904; x_wconf 77' lang='lat' dir='ltr'><strong>dixit</strong></span> <span class='ocrx_word' id='word_1_841' title='bbox 3296 4865 3310 4902; x_wconf 90' lang='lat'><strong>:</strong></span> <span class='ocrx_word' id='word_1_842' title='bbox 3356 4845 3538 4917; x_wconf 76' lang='lat' dir='ltr'><strong>Neque</strong></span> 
     </span>
    </p>
   </div>
   <div class='ocr_carea' id='block_1_111' title="bbox 1950 4937 3535 5017">
    <p class='ocr_par' dir='ltr' id='par_1_111' title="bbox 1950 4937 3535 5017">
     <span class='ocr_line' id='line_1_112' title="bbox 1950 4937 3535 5017; baseline -0.017 -1"><span class='ocrx_word' id='word_1_843' title='bbox 1950 4964 2084 5017; x_wconf 88' lang='lat' dir='ltr'><strong>enim</strong></span> <span class='ocrx_word' id='word_1_844' title='bbox 2122 4957 2366 5010; x_wconf 81' lang='lat' dir='ltr'><strong>Dominus</strong></span> <span class='ocrx_word' id='word_1_845' title='bbox 2404 4953 2540 5007; x_wconf 84' lang='lat' dir='ltr'><strong>Deus</strong></span> <span class='ocrx_word' id='word_1_846' title='bbox 2577 4952 2796 5004; x_wconf 77' lang='lat' dir='ltr'><strong>humano</strong></span> <span class='ocrx_word' id='word_1_847' title='bbox 2839 4946 3087 5015; x_wconf 83' lang='lat' dir='ltr'><strong>sanguine</strong></span> <span class='ocrx_word' id='word_1_848' title='bbox 3124 4939 3400 5010; x_wconf 81' lang='lat' dir='ltr'><strong>aliquando</strong></span> <span class='ocrx_word' id='word_1_849' title='bbox 3443 4937 3535 4990; x_wconf 81' lang='grc' dir='ltr'><strong>ιω-</strong></span> 
     </span>
    </p>
   </div>
   <div class='ocr_carea' id='block_1_112' title="bbox 1953 5030 3540 5117">
    <p class='ocr_par' dir='ltr' id='par_1_112' title="bbox 1953 5030 3540 5117">
     <span class='ocr_line' id='line_1_113' title="bbox 1953 5030 3540 5117; baseline -0.016 -10"><span class='ocrx_word' id='word_1_850' title='bbox 1953 5063 2086 5108; x_wconf 87' lang='lat' dir='ltr'><strong>tatus</strong></span> <span class='ocrx_word' id='word_1_851' title='bbox 2106 5061 2198 5117; x_wconf 83' lang='lat' dir='ltr'><strong>est;</strong></span> <span class='ocrx_word' id='word_1_852' title='bbox 2214 5065 2330 5102; x_wconf 90' lang='lat' dir='ltr'><strong>cum</strong></span> <span class='ocrx_word' id='word_1_853' title='bbox 2353 5047 2620 5101; x_wconf 69' lang='lat' dir='ltr'><strong>occisor-ent</strong></span> <span class='ocrx_word' id='word_1_854' title='bbox 2641 5041 2814 5112; x_wconf 79' lang='lat' dir='ltr'><strong>fratris</strong></span> <span class='ocrx_word' id='word_1_855' title='bbox 2827 5038 2953 5095; x_wconf 84' lang='lat' dir='ltr'><strong>Cain</strong></span> <span class='ocrx_word' id='word_1_856' title='bbox 2980 5037 3032 5091; x_wconf 90' lang='lat' dir='ltr'><strong>in</strong></span> <span class='ocrx_word' id='word_1_857' title='bbox 3052 5036 3151 5091; x_wconf 79' lang='lat' dir='ltr'><strong>vita</strong></span> <span class='ocrx_word' id='word_1_858' title='bbox 3173 5032 3412 5100; x_wconf 71' lang='lat' dir='ltr'><strong>carniﬁce</strong></span> <span class='ocrx_word' id='word_1_859' title='bbox 3425 5030 3445 5059; x_wconf 84' lang='grc'>³</span> <span class='ocrx_word' id='word_1_860' title='bbox 3462 5044 3540 5082; x_wconf 54' lang='lat' dir='ltr'><strong>ro.</strong></span> 
     </span>
    </p>
   </div>
   <div class='ocr_carea' id='block_1_113' title="bbox 1953 5147 2439 5215">
    <p class='ocr_par' dir='ltr' id='par_1_113' title="bbox 1953 5147 2439 5215">
     <span class='ocr_line' id='line_1_114' title="bbox 1953 5147 2439 5215; baseline -0.021 -12"><span class='ocrx_word' id='word_1_861' title='bbox 1953 5147 2101 5203; x_wconf 81' lang='lat' dir='ltr'><strong>luerit</strong></span> <span class='ocrx_word' id='word_1_862' title='bbox 2129 5157 2439 5215; x_wconf 79' lang='lat' dir='ltr'><strong>permanere.</strong></span> 
     </span>
    </p>
   </div>
   <div class='ocr_carea' id='block_1_114' title="bbox 1997 5265 3178 5332">
    <p class='ocr_par' dir='ltr' id='par_1_114' title="bbox 1997 5265 3178 5332">
     <span class='ocr_line' id='line_1_115' title="bbox 1997 5265 3178 5332; baseline -0.013 -4"><span class='ocrx_word' id='word_1_863' title='bbox 1997 5281 2036 5312; x_wconf 59' lang='grc' dir='ltr'><strong>η¹</strong></span> <span class='ocrx_word' id='word_1_864' title='bbox 2061 5276 2374 5328; x_wconf 70' lang='lat' dir='ltr'><strong>Floriaceusis</strong></span> <span class='ocrx_word' id='word_1_865' title='bbox 2393 5282 2535 5323; x_wconf 82' lang='lat' dir='ltr'><strong>vetus</strong></span> <span class='ocrx_word' id='word_1_866' title='bbox 2557 5271 2734 5332; x_wconf 80' lang='lat' dir='ltr'><strong>codex,</strong></span> <span class='ocrx_word' id='word_1_867' title='bbox 2760 5267 2874 5319; x_wconf 84' lang='lat' dir='ltr'><strong>bene</strong></span> <span class='ocrx_word' id='word_1_868' title='bbox 2897 5265 3178 5317; x_wconf 68' lang='lat' dir='ltr'><strong>t‘it‘eremus.</strong></span> 
     </span>
    </p>
   </div>
   <div class='ocr_carea' id='block_1_115' title="bbox 2020 5337 2444 5393">
    <p class='ocr_par' dir='ltr' id='par_1_115' title="bbox 2020 5337 2444 5393">
     <span class='ocr_line' id='line_1_116' title="bbox 2020 5337 2444 5393; baseline -0.009 -4"><span class='ocrx_word' id='word_1_869' title='bbox 2020 5344 2041 5374; x_wconf 74' lang='grc'>³</span> <span class='ocrx_word' id='word_1_870' title='bbox 2064 5348 2106 5388; x_wconf 60' lang='lat' dir='ltr'><strong>lo</strong></span> <span class='ocrx_word' id='word_1_871' title='bbox 2118 5348 2221 5393; x_wconf 71' lang='lat' dir='ltr'><strong>rte.</strong></span> <span class='ocrx_word' id='word_1_872' title='bbox 2249 5337 2444 5389; x_wconf 80' lang='lat' dir='ltr'><strong>ditione.</strong></span> 
     </span>
    </p>
   </div>
   <div class='ocr_carea' id='block_1_116' title="bbox 2022 5398 2532 5454">
    <p class='ocr_par' dir='ltr' id='par_1_116' title="bbox 2022 5398 2532 5454">
     <span class='ocr_line' id='line_1_117' title="bbox 2022 5398 2532 5454; baseline 0.031 -20"><span class='ocrx_word' id='word_1_873' title='bbox 2022 5404 2042 5434; x_wconf 83' lang='lat' dir='ltr'><strong>s</strong></span> <span class='ocrx_word' id='word_1_874' title='bbox 2069 5398 2233 5454; x_wconf 60' lang='lat' dir='ltr'><strong>Forte,</strong></span> <span class='ocrx_word' id='word_1_875' title='bbox 2252 5402 2295 5445; x_wconf 79' lang='lat' dir='ltr'><strong>et</strong></span> <span class='ocrx_word' id='word_1_876' title='bbox 2316 5410 2408 5446; x_wconf 78' lang='lat' dir='ltr'><strong>non</strong></span> <span class='ocrx_word' id='word_1_877' title='bbox 2427 5410 2532 5450; x_wconf 82' lang='lat' dir='ltr'><strong>nos.</strong></span> 
     </span>
    </p>
   </div>
   <div class='ocr_carea' id='block_1_117' title="bbox 2020 5449 3291 5523">
    <p class='ocr_par' dir='ltr' id='par_1_117' title="bbox 2020 5449 3291 5523">
     <span class='ocr_line' id='line_1_118' title="bbox 2020 5449 3291 5523; baseline -0.01 -12"><span class='ocrx_word' id='word_1_878' title='bbox 2020 5463 2042 5494; x_wconf 73' lang='grc'>⁸</span> <span class='ocrx_word' id='word_1_879' title='bbox 2068 5463 2181 5512; x_wconf 75' lang='lat' dir='ltr'><strong>Fditi</strong></span> <span class='ocrx_word' id='word_1_880' title='bbox 2203 5449 2229 5521; x_wconf 52' lang='grc'><strong>,⁷</strong></span> <span class='ocrx_word' id='word_1_881' title='bbox 2256 5460 2473 5523; x_wconf 68' lang='lat' dir='ltr'><strong>jndicet.</strong></span> <span class='ocrx_word' id='word_1_882' title='bbox 2510 5457 2810 5523; x_wconf 68' lang='lat' dir='ltr'><strong>instigatuttr</strong></span> <span class='ocrx_word' id='word_1_883' title='bbox 2835 5465 2908 5523; x_wconf 39' lang='lat' dir='ltr'><strong>es.</strong></span> <span class='ocrx_word' id='word_1_884' title='bbox 2937 5449 3291 5523; x_wconf 65' lang='lat' dir='ltr'><strong>manuscriptis.</strong></span> 
     </span>
    </p>
   </div>
   <div class='ocr_carea' id='block_1_118' title="bbox 2023 5506 3551 5579">
    <p class='ocr_par' dir='ltr' id='par_1_118' title="bbox 2023 5506 3551 5579">
     <span class='ocr_line' id='line_1_119' title="bbox 2023 5506 3551 5579; baseline -0.013 -5"><span class='ocrx_word' id='word_1_885' title='bbox 2023 5527 2045 5558; x_wconf 77' lang='grc'>⁸</span> <span class='ocrx_word' id='word_1_886' title='bbox 2068 5506 2181 5573; x_wconf 58' lang='lat' dir='ltr'><strong>iis?</strong></span> <span class='ocrx_word' id='word_1_887' title='bbox 2204 5506 2276 5573; x_wconf 64' lang='grc' dir='ltr'><strong>ἒ(</strong></span> <span class='ocrx_word' id='word_1_888' title='bbox 2430 5506 2439 5508; x_wconf 13' lang='grc' dir='ltr'>ἡ</span> <span class='ocrx_word' id='word_1_889' title='bbox 2455 5520 2507 5571; x_wconf 83' lang='lat' dir='ltr'><strong>in</strong></span> <span class='ocrx_word' id='word_1_890' title='bbox 2564 5506 2668 5569; x_wconf 59' lang='lat' dir='ltr'><strong>te&quot;.</strong></span> <span class='ocrx_word' id='word_1_891' title='bbox 2735 5512 3045 5579; x_wconf 31' lang='lat' dir='ltr'><strong>carnificem.‘</strong></span> <span class='ocrx_word' id='word_1_892' title='bbox 3084 5506 3193 5562; x_wconf 71' lang='lat' dir='ltr'><strong>Ubi&#39;</strong></span> <span class='ocrx_word' id='word_1_893' title='bbox 3223 5506 3551 5579; x_wconf 63' lang='lat' dir='ltr'><strong>Levaaienses</strong></span> 
     </span>
    </p>
   </div>
   <div class='ocr_carea' id='block_1_119' title="bbox 1963 5567 3548 5641">
    <p class='ocr_par' dir='ltr' id='par_1_119' title="bbox 1963 5567 3548 5641">
     <span class='ocr_line' id='line_1_120' title="bbox 1963 5567 3548 5641; baseline -0.014 -4"><span class='ocrx_word' id='word_1_894' title='bbox 1963 5601 2028 5637; x_wconf 80' lang='lat' dir='ltr'><strong>ex</strong></span> <span class='ocrx_word' id='word_1_895' title='bbox 2068 5567 2415 5635; x_wconf 24' lang='lat' dir='ltr'><strong>“assimulet</strong></span> <span class='ocrx_word' id='word_1_896' title='bbox 2458 5567 2816 5641; x_wconf 30' lang='lat' dir='ltr'><strong>vcastigarunt,</strong></span> <span class='ocrx_word' id='word_1_897' title='bbox 2873 5567 2934 5627; x_wconf 70' lang='lat' dir='ltr'><strong>&#39;iu</strong></span> <span class='ocrx_word' id='word_1_898' title='bbox 2979 5574 3095 5641; x_wconf 83' lang='lat' dir='ltr'><strong>__rita</strong></span> <span class='ocrx_word' id='word_1_899' title='bbox 3150 5568 3397 5641; x_wconf 76' lang='lat' dir='ltr'><strong>carniﬁce.</strong></span> <span class='ocrx_word' id='word_1_900' title='bbox 3455 5567 3548 5621; x_wconf 72' lang='lat' dir='ltr'><strong>Sed</strong></span> 
     </span>
    </p>
   </div>
   <div class='ocr_carea' id='block_1_120' title="bbox 1965 5637 3550 5712">
    <p class='ocr_par' dir='ltr' id='par_1_120' title="bbox 1965 5637 3550 5712">
     <span class='ocr_line' id='line_1_121' title="bbox 1965 5637 3550 5712; baseline -0.013 -14"><span class='ocrx_word' id='word_1_901' title='bbox 1965 5650 2054 5712; x_wconf 81' lang='lat' dir='ltr'><strong>ipsi</strong></span> <span class='ocrx_word' id='word_1_902' title='bbox 2116 5655 2278 5712; x_wconf 81' lang='lat' dir='ltr'><strong>tamen</strong></span> <span class='ocrx_word' id='word_1_903' title='bbox 2344 5651 2515 5712; x_wconf 65' lang='lat' dir='ltr'><strong>postea</strong></span> <span class='ocrx_word' id='word_1_904' title='bbox 2571 5637 2877 5712; x_wconf 74' lang='lat' dir='ltr'><strong>superiorum</strong></span> <span class='ocrx_word' id='word_1_905' title='bbox 2930 5637 3179 5712; x_wconf 53' lang='lat' dir='ltr'><strong>editorttttt</strong></span> <span class='ocrx_word' id='word_1_906' title='bbox 3233 5640 3447 5712; x_wconf 54' lang='lat' dir='ltr'><strong>erratum</strong></span> <span class='ocrx_word' id='word_1_907' title='bbox 3499 5642 3550 5679; x_wconf 81' lang='lat' dir='ltr'><strong>tu</strong></span> 
     </span>
    </p>
   </div>
   <div class='ocr_carea' id='block_1_121' title="bbox 1964 5691 3549 5778">
    <p class='ocr_par' dir='ltr' id='par_1_121' title="bbox 1964 5691 3549 5778">
     <span class='ocr_line' id='line_1_122' title="bbox 1964 5691 3549 5778; baseline -0.013 -18"><span class='ocrx_word' id='word_1_908' title='bbox 1964 5691 2563 5778; x_wconf 34' lang='lat' dir='ltr'><strong>Augustinivresfonsititte</strong></span> <span class='ocrx_word' id='word_1_909' title='bbox 2586 5691 2741 5751; x_wconf 65' lang='lat' dir='ltr'><strong>secuti</strong></span> <span class='ocrx_word' id='word_1_910' title='bbox 2772 5695 3179 5778; x_wconf 36' lang='lat' dir='ltr'><strong>pospentntnscd</strong></span> <span class='ocrx_word' id='word_1_911' title='bbox 3200 5691 3549 5778; x_wconf 37' lang='lat' dir='ltr'><strong>relinquitur-</strong></span> 
     </span>
    </p>
   </div>
   <div class='ocr_carea' id='block_1_122' title="bbox 1964 5754 3549 5833">
    <p class='ocr_par' dir='ltr' id='par_1_122' title="bbox 1964 5754 3549 5833">
     <span class='ocr_line' id='line_1_123' title="bbox 1964 5754 3549 5833; baseline -0.012 -12"><span class='ocrx_word' id='word_1_912' title='bbox 1964 5754 2099 5833; x_wconf 58' lang='lat' dir='ltr'><strong>ni,’ii&#39;t&#39;</strong></span> <span class='ocrx_word' id='word_1_913' title='bbox 2122 5754 2455 5833; x_wconf 12' lang='lat' dir='ltr'><strong>t-itnttt’fipnul</strong></span> <span class='ocrx_word' id='word_1_914' title='bbox 2481 5779 2566 5827; x_wconf 64' lang='lat' dir='ltr'><strong>per</strong></span> <span class='ocrx_word' id='word_1_915' title='bbox 2587 5778 2673 5813; x_wconf 82' lang='lat' dir='ltr'><strong>nos</strong></span> <span class='ocrx_word' id='word_1_916' title='bbox 2695 5754 2985 5833; x_wconf 60' lang='lat' dir='ltr'><strong>etu&#39;endatur</strong></span> <span class='ocrx_word' id='word_1_917' title='bbox 3024 5754 3082 5833; x_wconf 69' lang='lat' dir='ltr'><strong>ad</strong></span> <span class='ocrx_word' id='word_1_918' title='bbox 3108 5765 3308 5829; x_wconf 69' lang='lat' dir='ltr'><strong>veteres</strong></span> <span class='ocrx_word' id='word_1_919' title='bbox 3327 5754 3549 5833; x_wconf 47' lang='lat' dir='ltr'><strong>codices,</strong></span> 
     </span>
    </p>
   </div>
   <div class='ocr_carea' id='block_1_123' title="bbox 1968 5816 3546 5899">
    <p class='ocr_par' dir='ltr' id='par_1_123' title="bbox 1968 5816 3546 5899">
     <span class='ocr_line' id='line_1_124' title="bbox 1968 5816 3546 5899; baseline -0.011 -18"><span class='ocrx_word' id='word_1_920' title='bbox 1968 5816 2378 5899; x_wconf 61' lang='lat' dir='ltr'><strong>quiacarni/icon}:</strong></span> <span class='ocrx_word' id='word_1_921' title='bbox 2395 5816 2667 5879; x_wconf 49' lang='lat' dir='ltr'><strong>constanter</strong></span> <span class='ocrx_word' id='word_1_922' title='bbox 2689 5826 2898 5887; x_wconf 77' lang='lat' dir='ltr'><strong>jungunt</strong></span> <span class='ocrx_word' id='word_1_923' title='bbox 2922 5829 2974 5873; x_wconf 88' lang='lat' dir='ltr'><strong>ut</strong></span> <span class='ocrx_word' id='word_1_924' title='bbox 2999 5820 3288 5884; x_wconf 69' lang='lat' dir='ltr'><strong>adjectivum</strong></span> <span class='ocrx_word' id='word_1_925' title='bbox 3309 5818 3367 5868; x_wconf 83' lang='lat' dir='ltr'><strong>sd</strong></span> <span class='ocrx_word' id='word_1_926' title='bbox 3389 5816 3546 5869; x_wconf 77' lang='lat' dir='ltr'><strong>ritum.</strong></span> 
     </span>
    </p>
   </div>
  </div>
