4024 6196
473 402 574 457 319

550 515 667 567 191.
716 514 845 566 At'c.
883 506 1154 576 respondit
1185 524 1195 556 :
1226 504 1278 557 Si
1319 499 1540 554 occisuri
1570 496 1750 549 fratris
1794 495 1937 547 Deus
1964 507 2061 543 no-

480 605 573 657 qu
618 603 792 655 inferri
838 608 1083 654 mortem.
1116 595 1209 649 sed
1256 590 1479 660 relinqui
1507 584 2055 642 carniﬁcem-vitam:

477 698 595 748 vnle
628 711 692 747 ne
724 694 855 746 forte
888 694 987 745 huc
1032 690 1118 753 sit,
1149 686 1288 757 quod
1331 700 1450 739 cum
1498 681 1635 750 regis
1680 694 1774 731 cor
1802 677 1852 729 in
1899 689 2057 728 manu

482 788 570 839 Dei
599 788 687 851 sit,
733 785 867 837 unde
909 784 1099 837 multas
1129 780 1192 833 ad
1223 794 1312 831 vos
1356 770 1777 830 eotnmonendos
1807 777 1861 822 et
1890 765 2056 821 corri-

484 878 704 948 piendos
747 880 888 947 leges
921 879 1031 947 ipc
1074 873 1365 934 Cthlllllil,
1413 869 1552 923 nulla
1584 876 1760 920 tamen
1788 864 1870 916 lex
1918 858 2059 926 regia

479 987 575 1022 vos
600 971 756 1038 jussit
802 970 1001 1034 occidi;
1054 970 1275 1021 fortasse
1309 973 1609 1032 propterea,
1642 968 1698 1012 ut
1738 956 2061 1026 quicumque

482 1073 716 1116 vestrum
743 1063 791 1115 in
828 1060 1080 1129 pertinaci
1108 1056 1346 1124 sacrilegi
1379 1053 1570 1105 luroris
1592 1064 1717 1101 aura
1748 1046 2058 1116 persistunt,

475 1155 604 1207 (Iain
640 1154 914 1222 parricide
954 1152 1229 1221 supplicio,
1269 1149 1371 1200 vita
1404 1143 1689 1200 carniliee‘
1735 1138 2059 1194 crucientur.

482 1246 731 1313 Legimus
768 1246 908 1300 enim
942 1245 1139 1297 nmltos
1186 1257 1213 1293 a
1246 1238 1443 1293 mutulo
1489 1235 1581 1288 Dei
1631 1232 1812 1303 Moyse
1858 1226 2064 1282 miseri-

481 1336 716 1390 corditer
750 1336 1055 1389 interfectos
1083 1352 1094 1384 :
1128 1347 1247 1385 nam
1281 1332 1331 1383 in
1373 1344 1438 1384 eo
1469 1325 1609 1396 quod
1638 1339 1733 1394 pro
1757 1335 1942 1377 eorum
1970 1333 2063 1372 ne-

480 1426 613 1478 fario
643 1426 921 1494 sacrilegio
947 1426 1021 1477 sic
1044 1433 1124 1476 est
1150 1422 1430 1474 Dominum
1460 1418 1798 1486 deprecatus,
1830 1421 1887 1465 ut
1909 1410 2059 1464 dice-

479 1524 560 1567 ret
592 1533 603 1568 :
639 1515 870 1577 Domine,
919 1516 963 1566 si
1005 1514 1213 1565 dimittis
1254 1511 1358 1563 illis
1389 1517 1667 1577 peccatum,
1716 1504 1944 1563 dimitte;
1987 1499 2067 1552 sin

479 1616 669 1666 autem,
708 1606 817 1657 dele
862 1622 939 1657 me
983 1604 1045 1656 de
1086 1603 1212 1655 libro
1257 1612 1341 1653 tuo
1376 1598 1567 1667 (Exod.
1602 1612 1772 1658 xxxn,
1815 1594 1905 1655 28,
1944 1590 2063 1661 5|);

484 1697 766 1751 ineffabilis
797 1697 912 1765 ejus
944 1695 1171 1748 cbaritas
1194 1701 1242 1746 et
1274 1688 1637 1744 misericordia
1666 1686 1794 1739 satis
1824 1688 2062 1752 apparet.

478 1788 740 1858 Numquid
783 1804 910 1857 ergo
956 1787 1131 1839 subito
1167 1784 1397 1839 crudelis
1441 1781 1661 1835 effectus
1697 1784 1798 1839 est,
1840 1790 1960 1829 eum
2002 1771 2067 1825 de

481 1888 662 1933 monte
704 1879 1037 1932 descendens
1067 1885 1142 1930 tot
1174 1875 1335 1929 millia
1364 1874 1573 1941 juberet
1621 1868 1827 1923 occidi?
1870 1864 2060 1919 Consi-

479 1970 662 2022 derate
711 1968 887 2037 itaque
941 1984 1004 2019 ne
1052 1965 1185 2019 forte
1216 1964 1415 2032 majore
1441 1960 1710 2016 iracundia
1740 1958 1828 2012 Dei
1861 1971 1954 2025 per
1982 1962 2060 2007 tot

482 2060 626 2128 leges
654 2059 911 2113 :Ml\Cl‘StlS
940 2073 1032 2110 vos
1056 2060 1186 2110 lat..s
1213 2072 1239 2107 a
1272 2054 1416 2108 nullo
1443 2054 1770 2121 lmperatore
1793 2047 1926 2117 thSsi
1959 2044 2070 2098 luc-

485 2153 602 2204 ritis
632 2149 819 2203 υοι-ἱιιί.
857 2150 935 2203 An
984 2148 1059 2202 illi
1099 2144 1380 2200 fratricidth
1424 2160 1528 2197 non
1559 2157 1651 2195 vos
1679 2134 2069 2207 cnmparandos

486 2241 721 2309 putatis?
749 2241 939 2295 Audite
972 2240 1250 2294 Dominum
1280 2252 1375 2306 per
1408 2234 1719 2305 prephetam
1759 2232 2022 2285 dicentem
2054 2245 2067 2280 :

484 2332 559 2385 Ab
589 2342 701 2384 ortu
732 2331 854 2385 solis
885 2346 1041 2397 usque
1068 2330 1135 2382 ad
1161 2344 1393 2381 occasum
1425 2325 1760 2395 gloriﬁcatum
1792 2330 1862 2373 est
1891 2335 2069 2371 nomen

482 2439 646 2474 meum
675 2423 725 2475 in
753 2421 1059 2484 nationibus,
1094 2429 1139 2473 et
1171 2420 1220 2472 in
1247 2416 1381 2471 ontni
1412 2416 1521 2469 loco
1553 2416 1807 2467 incensum
1838 2409 2070 2461 admove-

484 2512 620 2564 bitur
645 2513 837 2565 nomini
859 2528 987 2577 meo,
1014 2522 1058 2564 et
1081 2511 1242 2562 hostia
1264 2525 1410 2578 pura.
1444 2505 1494 2558 Μ
1502 2521 1686 2574 agnum
1711 2519 1887 2555 nomen
1907 2517 2070 2552 meum

486 2602 539 2653 in
580 2601 886 2665 nationibus,
930 2601 1049 2653 dicit
1101 2599 1345 2652 Dominus
1389 2596 1702 2664 omnipotens
1747 2589 1996 2662 (iutllllCIl.
2031 2604 2067 2653 ι,

487 2693 594 2762 Η).
626 2692 757 2746 lluie
780 2692 1012 2747 fraterno
1033 2690 1294 2745 sacriﬁcio
1318 2704 1479 2757 super
1499 2685 1639 2757 quod
1669 2684 1883 2751 respicit
1908 2682 2065 2749 Deus,

484 2783 719 2838 invidere
749 2800 844 2839 vos
886 2799 978 2852 per
1015 2782 1310 2836 calumnias
1338 2789 1543 2833 vestras
1585 2775 1867 2831 ostenditis
1899 2783 1985 2828 :et
2020 2773 2064 2827 si

484 2875 700 2943 quando
736 2874 1033 2937 audieritis,
1078 2889 1107 2926 a
1151 2873 1281 2926 solis
1329 2879 1448 2925 ortu
1497 2884 1663 2936 usque
1709 2867 1774 2920 ad
1822 2879 2069 2919 occasum

490 2964 689 3018 laudari
732 2980 929 3019 nomen
962 2964 1165 3017 Domini
1199 2961 1374 3033 (Psal.
1419 2977 1547 3022 cxu,
1579 2961 1668 3028 5);
1699 2956 1837 3027 quod
1879 2965 1955 3009 est
1987 2954 2067 3007 vi-

488 3070 607 3106 vmn
633 3055 973 3117 sacriﬁcium,
1004 3053 1071 3107 de
1099 3068 1202 3122 quo
1240 3052 1435 3106 dictum
1468 3060 1569 3110 est,
1602 3047 1818 3101 ltmnola
1849 3046 1955 3098 Deo
1982 3062 2071 3097 sa-

486 3146 737 3214 t'riﬁcittttt
765 3146 931 3199 laudis
961 3144 1133 3214 (Psal.
1165 3160 1309 3206 χιιι,
1343 3143 1429 3211 Η)
1460 3160 1473 3195 :
1510 3142 1578 3193 ita
1621 3138 1865 3193 concidet
1895 3137 2071 3191 vultus

492 3249 688 3297 vester,
723 3246 775 3291 ut
807 3238 947 3291 illius
973 3236 1271 3290 homicid.e.
1291 3234 1393 3290 Sed
1417 3235 1535 3303 quia
1559 3233 1863 3287 universum
1888 3231 2069 3285 orbem

489 3329 797 3383 interimere
836 3346 939 3381 non
972 3328 1213 3397 potestis,
1254 3326 1378 3380 odio
1420 3326 1534 3395 ipso
1564 3326 1640 3379 rei
1689 3322 1963 3388 tenemini,
1992 3322 2074 3376 di-

487 3432 641 3475 cente
684 3420 911 3484 Joanne,
958 3420 1059 3486 Qui
1102 3420 1207 3472 odit
1240 3421 1445 3488 fratrem
1486 3433 1653 3481 suum,
1704 3415 1954 3468 homicida
1998 3422 2070 3467 est

491 3512 530 3579 (1
559 3510 714 3563 Joan.
742 3528 817 3575 ιιι,
857 3513 959 3580 15).
991 3512 1052 3563 lit
1079 3511 1279 3563 utinam
1311 3510 1564 3561 innocens
1592 3506 1754 3560 frater
1777 3509 1827 3558 iu
1855 3513 2061 3558 vestro-

488 3619 603 3655 rum
638 3604 809 3670 potius
851 3600 1347 3655 Cll‘CUtIlCCllittlluttt
1382 3599 1483 3653 tela
1518 3596 1879 3659 trucidandus,
1914 3611 2070 3665 quam

490 3696 540 3746 in
574 3702 801 3747 vestram
836 3693 1061 3761 linguam
1082 3694 1101 3722 ²
1132 3690 1535 3759 rebaptizandns
1566 3690 1792 3742 incurrat
1818 3689 1831 3742 !

558 3785 784 3840 CAPUT
828 3784 1130 3838 LXXXV".
1152 3782 1358 3837 —192.
1405 3783 1588 3835 Ρετιι..
1614 3781 1742 3834 di\it
1771 3798 1783 3834 :
1812 3778 2073 3832 .lloncmus

488 3893 574 3929 eos
615 3892 753 3945 ergo,
801 3876 844 3928 si
870 3874 1079 3927 libenter
1109 3874 1350 3933 audiatis,
1388 3884 1433 3926 et
1473 3872 1516 3925 si
1555 3888 1652 3923 non
1690 3870 1895 3923 libenter
1938 3869 2075 3921 acci-

490 3969 626 4036 p.'tis,
671 3965 1035 4028 admonemus;
1077 3966 1194 4035 quia
1241 3963 1487 4016 Dominus
1523 3962 1751 4015 Christus
1790 3978 1889 4013 non
1937 3959 2074 4012 oet-i—

490 4058 643 4111 alendi
663 4062 901 4128 formam,
933 4057 1021 4111 sed
1051 4055 1316 4119 moriendi,
1348 4054 1643 4107 Christianis
1675 4054 1905 4106 instituit.
1940 4051 2075 4105 Nam

489 4150 531 4201 si
555 4150 623 4201 ita
652 4161 991 4218 rcpngnmtes
1029 4149 1279 4216 diligeret,
1315 4146 1465 4198 nollet
1494 4160 1585 4214 pro
1617 4143 1757 4196 nobis
1780 4144 1958 4195 occidi.

566 4240 689 4293 195.
732 4242 865 4293 Acc.
897 4239 1168 4305 respondit
1197 4254 1209 4289 :
1244 4236 1456 4292 Utinam
1492 4234 1711 4288 formam
1743 4234 1857 4302 ejus
1882 4248 2075 4302 seque-

497 4338 682 4381 rentur
713 4337 973 4397 martyres
1008 4327 1167 4378 vestri
1194 4342 1207 4387 ;
1258 4342 1359 4377 non
1391 4341 1448 4378 se
1478 4323 1900 4393 prmeipitareut;
1934 4322 2075 4390 quod

494 4420 580 4472 ille
621 4418 832 4471 di:tb..lo
881 4428 1196 4487 suggerente
1238 4432 1339 4468 non
1387 4417 1507 4470 fecit
1555 4414 1779 4485 (Matth.
1811 4429 1879 4476 tv,
1922 4415 1974 4479 6,
2000 4414 2073 4481 7).

498 4512 601 4565 Vos
628 4523 804 4564 autem
827 4526 944 4563 cum
975 4512 1203 4578 majores
1230 4518 1440 4563 nostros
1463 4510 1619 4563 etiam
1646 4507 1921 4561 defunctos
1948 4506 2078 4560 falso

493 4600 797 4655 testimonio
819 4600 1217 4670 persequimini,
1247 4600 1331 4651 tibi
1356 4599 1636 4667 accepistis
1657 4598 1793 4651 hanc
1815 4596 2078 4650 formam?

495 4693 644 4759 Quod
679 4708 774 4744 nos
806 4693 1100 4762 ignotorum
1144 4690 1452 4744 criminibus
1494 4689 1758 4743 maculare
1787 4687 2075 4755 eonamini,

497 4799 616 4835 cum
642 4792 940 4837 vestrorum
971 4783 1247 4836 malefacta
1283 4782 1556 4835 notissima
1586 4779 1735 4832 vobis
1764 4780 1952 4833 obesse
1980 4795 2078 4831 no-

495 4875 621 4939 litis,
651 4873 736 4926 ubi
759 4873 1037 4942 accepistis
1062 4872 1198 4926 hanc
1225 4872 1481 4925 formam?
1512 4870 1615 4926 Sed
1646 4870 1863 4924 nimium
1892 4885 2081 4940 super-

496 4967 686 5029 bimus,
711 4964 753 5017 si
782 4964 849 5017 de
878 4964 1029 5017 nobis
1051 4978 1451 5029 succensemus,
1475 4979 1595 5017 cum
1624 4962 1879 5017 adversus
1908 4962 2078 5031 ipsmn

498 5056 776 5109 Dntttittum
809 5071 903 5108 vos
931 5054 1120 5109 falsum
1153 5056 1512 5109 testimonium
1559 5056 1737 5109 dicere
1764 5054 2079 5109 videmnus:

493 5144 922 5215 quandoquidem
954 5146 1066 5215 ipse
1100 5144 1393 5199 Ecclesium
1425 5159 1572 5198 suam
1607 5160 1702 5215 per
1735 5160 1921 5197 omnes
1945 5158 2079 5211 geu-

495 5248 573 5289 tes
595 5245 647 5288 et
676 5235 919 5305 promisit
947 5245 999 5288 et
1024 5234 1291 5297 exhibuit;
1321 5243 1375 5288 et
1402 5250 1494 5288 vos
1516 5233 1900 5288 contradicitis.
1933 5233 2081 5288 llanc

497 5342 622 5378 ιρι-ι)
656 5325 878 5378 formam
912 5339 1008 5377 nec
1038 5322 1105 5376 ab
1150 5323 1278 5391 ipsis
1306 5321 1503 5377 Jnd.cis
1530 5322 1957 5391 persecutoribus
1986 5335 2079 5374 ac-

493 5416 708 5486 cepistis
738 5434 750 5469 :
785 5415 863 5470 illi
892 5414 1033 5470 enim
1067 5415 1329 5484 persecuti
1362 5424 1482 5468 sunt
1510 5429 1725 5469 carnem
1755 5414 2081 5468 ambulantis

492 5530 564 5575 sic
585 5541 775 5597 rursum
802 5526 921 5576 infra
944 5539 1052 5575 cum
1078 5526 1297 5588 ipsismet
1322 5524 1465 5574 editis
1482 5524 1661 5573 habent
1679 5560 1694 5585 ,
1726 5522 1820 5573 rita
1854 5520 2082 5585 camiﬁce

498 5597 791 5639 crucientur.

561 5671 583 5739 ι.
604 5672 737 5778 ﬁctili,
761 5676 806 5722 ct
830 5670 924 5721 vita
946 5666 1193 5734 carniﬁce.
1220 5668 1468 5729 Particulo,
1493 5674 1554 5729 et,
1584 5683 1675 5718 non
1703 5676 1777 5719 est
1823 5670 1870 5718 ia
1918 5683 2082 5717 manu-

563 5744 619 5778 ἰιι
646 5745 701 5778 ts.

496 5744 701 5779 Stfl'HlUS.

564 5746 587 5777 'I
614 5746 701 5779 ais.

561 5746 700 5902 flaua:
730 5801 779 5842 ct
802 5800 895 5855 ιιι·Ὶ
933 5794 983 5845 in
1007 5800 1207 5845 vestram
1248 5807 1422 5859 aquam
1455 5806 1468 5843 :
1493 5793 1892 5843 dissentientibus
1917 5807 2083 5843 manu-

561 5866 621 5902 rn-
674 5866 702 5901 ‘.

498 5866 702 5913 seru-us.

1317 386 1585 441 CONTRA
1628 378 1961 436 LITTEIKAS
1997 376 2354 441 PiiTlLl.\.‘il,
2421 377 2477 432 S.

2520 376 2883 433 AUGUSTiXl
3660 372 3772 429 3"!”

2177 490 2227 542 itt
2280 499 2446 552 terra;
2496 505 2589 544 vos
2636 491 2975 561 livangelium
3028 491 3267 549 sedentis
3312 493 3364 549 in
3409 495 3566 550 cmlo.
3609 498 3768 565 Quod

2176 582 2513 651 l-Ivaugelinm
2545 583 2721 636 mitius
2766 583 2981 652 pertulit
3022 586 3360 638 szevicutium
3394 604 3579 656 regum
3605 589 3767 643 llam-

2174 689 2306 730 mas.
2342 689 2497 742 quam
2533 685 2737 727 vestras
2769 676 2961 743 patitur
2984 676 3189 746 linguas
3217 695 3229 730 :
3261 692 3380 729 nam
3425 679 3531 733 illis
3575 681 3768 733 inren-

2174 766 2423 819 dentibus
2475 767 2649 819 unitas
2707 768 2921 832 mansit,
2971 768 3122 821 Vobis
3168 770 3508 838 loquentibus
3548 788 3769 827 mam-rc

2174 872 2278 910 non
2310 858 2495 926 potuit.
2524 858 2621 925 Qui
2658 858 2815 911 verba
2853 860 3058 912 Domini
3087 872 3281 916 exusta
3314 864 3602 930 cupiebant
3632 866 3768 919 abo-

2174 949 2290 1013 leri,
2326 966 2428 1005 non
2461 951 2745 1004 credebant
2778 966 2933 1019 posse
2963 952 3096 1005 lecta
3143 956 3433 1008 contemni.
3476 956 3590 1009 Non
3636 974 3770 1025 ergo

2174 1041 2247 1094 ilii
2313 1041 2363 1095 ia
2438 1042 2721 1111 Evangelia
2774 1052 3086 1097 exercerent
3117 1044 3358 1099 flammas
3399 1061 3540 1112 s:tas,
3590 1051 3633 1102 si
3679 1050 3764 1105 eis

2173 1144 2356 1187 contra
2429 1135 2767 1204 Evangeliutn
2823 1136 3201 1203 permitteretis
3270 1137 3477 1207 linguas
3536 1151 3764 1196 vestras.

2176 1224 2228 1277 In
2262 1225 2346 1278 illa
2381 1227 2753 1295 persecutione
2796 1227 3139 1296 livaugeliam
3168 1225 3366 1283 Christi
3398 1230 3465 1283 ab
3498 1232 3618 1286 aliis
3658 1248 3761 1285 sm-

2172 1318 2437 1373 vientibus
2477 1318 2835 1388 quarrehatur,
2867 1318 2934 1371 ab
2962 1319 3081 1372 aliis
3111 1320 3468 1375 metuentibus
3495 1323 3766 1391 prodeba-

2176 1416 2280 1469 tur,
2317 1407 2384 1461 ab
2419 1408 2538 1461 aliis
2564 1407 2903 1462 satvientibns
2941 1408 3348 1474 incendebatur,
3389 1411 3457 1464 ab
3490 1412 3611 1467 aliis
3638 1414 3761 1469 dili-

2173 1498 2421 1565 gentibus
2462 1497 2921 1563 abscondebatur;
2954 1499 3111 1552 nullis
3139 1501 3630 1557 contradicentibus
3665 1522 3765 1575 op-

2176 1589 2505 1657 pugnabatur
2534 1606 2547 1642 :
2577 1589 2949 1643 sceleratiores
2975 1590 3124 1644 vobis
3156 1592 3544 1660 persecutionis
3583 1607 3767 1664 partes

2177 1687 2441 1732 transacta
2479 1679 2714 1749 gentium
2746 1678 3113 1747 persecutione
3152 1683 3429 1736 servastis.
3461 1684 3559 1750 Qui
3605 1685 3763 1739 Chri-

2176 1772 2241 1823 sti
2272 1786 2463 1824 nomen
2500 1770 2972 1841 persequebantur,
3004 1770 3218 1827 Christo
3258 1774 3595 1830 crediderunt
3632 1779 3763 1848 :qui

2177 1874 2395 1933 prnpter
2436 1864 2631 1918 Christi
2672 1880 2864 1919 nomen
2907 1864 3256 1932 honorantur,
3297 1866 3511 1923 Christo
3543 1881 3764 1925 contra-

2175 1954 2376 2007 dicunt.

2248 2043 2472 2099 CAPUT
2520 2044 2853 2099 LXXXVIII.
2892 2076 2960 2085 -
3009 2046 3127 2101 191.
3171 2046 3358 2103 Ρετιι.
3402 2050 3535 2105 dixit
3572 2070 3586 2105 :
3634 2052 3764 2110 Ecce

2177 2134 2310 2189 vobis
2355 2136 2703 2205 plenissimum
2742 2138 3114 2205 documentum,
3155 2141 3289 2209 quod
3334 2142 3624 2199 Christiano
3664 2165 3764 2202 non

2180 2223 2325 2277 liccat
2355 2225 2405 2277 in
2437 2228 2656 2294 pernicie
2685 2225 2851 2280 aliena
2894 2229 3100 2281 versari.
3136 2228 3432 2299 Disciplina:
3457 2243 3629 2287 autem
3670 2238 3767 2290 hu—

2169 2316 2257 2385 jus
2293 2317 2491 2370 initium
2530 2316 2683 2371 Petro
2728 2328 2801 2372 est
2829 2321 3171 2385 constitutum,
3219 2322 3346 2375 sicut
3375 2325 3620 2393 scriptum
3651 2338 3764 2383 est:

2185 2426 2201 2458 ι
2239 2406 2491 2461 Percussi:
2538 2407 2724 2463 Petrus
2773 2412 3053 2463 auriculam
3095 2412 3224 2465 scrri
3270 2414 3513 2482 principis
3548 2415 3765 2470 Juda'o-

2177 2518 2310 2567 rum,
2349 2513 2393 2554 et
2434 2501 2645 2555 abscidit
2693 2520 2801 2557 eam
2861 2502 3097 2574 Dixitque
3138 2504 3213 2557 illi
3249 2505 3397 2558 Jcsus
3425 2523 3443 2559 :
3477 2506 3644 2569 Petre,
3689 2527 3769 2562 re-

2177 2590 2336 2643 conde
2361 2591 2590 2662 gladium
2616 2602 2755 2645 tuum
2796 2594 2847 2645 in
2877 2592 3040 2646 theca.
3084 2594 3185 2658 Qui
3212 2596 3342 2649 enim
3385 2598 3559 2667 gladio
3584 2601 3766 2667 utitur,

2185 2681 2356 2751 gladio
2394 2683 2635 2735 morietur
2671 2702 2688 2733 ›
2723 2682 2935 2753 (Matth.
2966 2700 3115 2751 xxvt,
3146 2686 3238 2750 51,
3266 2687 3380 2756 59.).

2252 2774 2373 2827 193.
2414 2774 2547 2829 Auc.
2591 2774 2863 2843 respondit
2891 2794 2903 2830 :
2931 2775 3037 2830 Cur
3061 2791 3190 2847 ergo
3211 2793 3315 2832 non
3341 2778 3430 2832 tali
3457 2796 3583 2835 voce
3610 2797 3769 2836 eom-

2180 2865 2395 2931 pescitis
2421 2880 2568 2917 arma
2599 2864 3143 2922 Circumcellionum?
3182 2870 3263 2922 An
3293 2879 3484 2939 printer
3514 2872 3770 2943 Evange-

2179 2953 2307 3007 lium
2345 2968 2438 3006 vos
2488 2954 2630 3023 loqui
2676 2955 3030 3022 arbitremini,
3079 2957 3123 3011 si
3163 2958 3432 3026 dixeritis,
3474 2961 3571 3029 Qui
3627 2962 3770 3018 fuste

2179 3060 2305 3099 usus
2336 3044 2511 3115 fuerit,
2546 3046 2679 3099 fuste
2711 3047 3008 3101 morietur?
3054 3049 3181 3103 Date
3213 3066 3339 3121 ergo
3370 3053 3600 3119 veniam,
3643 3055 3768 3121 quia

2180 3152 2277 3190 nec
2302 3136 2421 3191 illos
2456 3153 2483 3188 a
2513 3138 2704 3206 quibus
2747 3138 3032 3193 Marculum
3072 3142 3454 3211 prmcipitatum
3483 3160 3599 3199 esse
3630 3161 3769 3215 quc-

2180 3228 2378 3292 rimini,
2427 3230 2696 3298 potuerint
2748 3230 3031 3299 prohibere
3082 3234 3220 3300 majo
3251 3250 3310 3288 es
3355 3236 3523 3289 nostri
3554 3254 3567 3290 :
3597 3253 3771 3306 neque

2180 3322 2322 3376 enim
2353 3322 2607 3391 scriptum
2637 3333 2717 3376 est
2746 3322 2797 3376 in
2831 3323 3141 3393 Evangelio,
3173 3326 3271 3393 Qui
3320 3327 3549 3396 aliquem
3579 3329 3770 3397 pra'ci-

2182 3416 2443 3483 pitaverit,
2488 3416 2789 3484 rprmcipitio
2844 3418 3118 3471 morietur.
3170 3420 3343 3488 Atque
3388 3421 3585 3473 utinam
3629 3422 3774 3476 sicut

2185 3506 2269 3559 illa
2314 3505 2395 3558 \‘ti
2437 3505 2565 3559 falsa
2607 3508 2685 3561 vel
2732 3516 2995 3560 transacta
3037 3515 3179 3573 sunt,
3226 3510 3303 3563 sic
3355 3510 3577 3565 istorum
3633 3511 3773 3580 ligna

2181 3600 2510 3652 cessarent‘.
2554 3598 2862 3668 Quanquam
2894 3597 3115 3652 fortasse
3161 3598 3470 3665 irascimini,
3512 3601 3655 3670 quod
3697 3602 3774 3656 le-

2181 3690 2425 3758 gionibus
2482 3690 2695 3754 Vestris,
2753 3689 2850 3743 etsi
2907 3704 3011 3741 non
3066 3688 3288 3756 legibus,
3348 3690 3534 3742 saltem
3586 3691 3773 3746 verbis

2182 3780 2541 3834 subtrahimus
2588 3790 2931 3842 armaturam,
2976 3781 3096 3849 quia
3146 3796 3237 3833 cas
3281 3781 3410 3835 solis
3452 3781 3641 3837 SJ‘A'll‘C
3686 3782 3775 3835 fu-

2184 3872 2353 3925 stibus
2380 3871 2637 3925 dicimus.
2667 3871 2832 3925 \‘ctus
2853 3871 3046 3941 quippe
3076 3871 3174 3924 ista
3207 3886 3391 3925 eorum
3420 3872 3618 3925 malitia
3652 3872 3773 3940 fuit,

2185 3977 2323 4014 nunc
2361 3970 2535 4014 autem
2586 3962 2807 4015 nimium
2857 3963 3212 4031 proiecerunt.
3260 3961 3392 4015 Nam
3440 3962 3576 4016 inter
3617 3963 3773 4017 vino-

2184 4054 2323 4107 lenta
2352 4054 2613 4117 convivia,
2648 4063 2699 4106 ct
2729 4070 2848 4108 cum
2884 4054 3095 4107 feminis
3128 4054 3348 4107 maritos
3379 4070 3483 4106 non
3524 4054 3772 4109 habenti-

2186 4144 2303 4209 bus,
2354 4143 2573 4197 liberam
2618 4144 2930 4210 uomitandi,
2973 4144 3218 4214 vagandi,
3256 4144 3492 4212 jncattdi,
3533 4144 3771 4207 bibendi,

2188 4236 2539 4305 pernoctandi
2572 4236 2860 4300 licentiam,
2891 4251 2995 4290 non
3026 4237 3193 4288 solum
3229 4235 3393 4290 fustes
3420 4246 3651 4299 tornare,
3676 4235 3772 4289 sed

2186 4330 2345 4381 etiam
2388 4328 2585 4383 ferrum
2612 4330 2835 4399 jvibrare
2879 4339 2932 4382 et
2960 4328 3148 4381 fundas
3176 4328 3537 4399 circumagere
3567 4327 3773 4384 dulice.

2188 4429 2330 4474 runt.
2379 4420 2483 4475 Sed
2522 4436 2618 4475 cur
2647 4420 2726 4474 eis
2756 4434 2863 4473 non
2893 4419 3065 4473 dicam
3099 4418 3227 4490 (quo
3271 4421 3450 4474 animo
3485 4418 3681 4486 diram,
3718 4430 3773 4474 et

2185 4528 2290 4581 quo
2321 4512 2391 4565 illi
2423 4511 2705 4580 accipiant,
2739 4511 2946 4563 noverit
2989 4512 3173 4581 Deus),
3208 4512 3401 4572 Insani,
3429 4511 3633 4581 gladius
3669 4511 3774 4566 Pc-

2188 4605 2251 4657 tri
2294 4605 2536 4674 quamvis
2579 4603 2754 4658 adhuc
2801 4604 2997 4657 earnali
3046 4614 3192 4656 motu
3236 4604 3422 4668 animi,
3458 4613 3633 4658 tamen
3676 4618 3774 4673 pro

2186 4693 2382 4749 Christi
2418 4709 2642 4764 corpore
2674 4694 2724 4747 in
2755 4709 2949 4761 corpus
2980 4695 3340 4762 persecutoris
3380 4704 3625 4748 exsertus
3653 4705 3774 4759 est;

2187 4795 2362 4839 vestra
2410 4801 2534 4839 vero
2580 4801 2725 4839 artna
2772 4784 3029 4837 adversus
3077 4784 3351 4838 Christum
3400 4785 3566 4839 divisa
3612 4795 3772 4839 sunt:

2185 4891 2383 4945 corpus
2420 4892 2543 4929 vero
2566 4876 2649 4929 cui
2685 4876 2773 4928 ille
2799 4883 2955 4942 caput
2999 4884 3102 4939 est,
3135 4874 3185 4928 id
3232 4884 3334 4942 est,
3370 4875 3609 4929 Ecclesia
3637 4876 3772 4944 ejus,

2190 4982 2282 5036 per
2308 4983 2495 5023 oumes
2532 4978 2718 5037 gentes
2756 4975 2856 5019 est.
2892 4965 3009 5034 Ipse
3037 4965 3138 5019 hoc
3178 4966 3335 5033 dixit,
3374 4976 3429 5021 et
3456 4966 3697 5022 ascendit
3726 4968 3777 5021 in

2187 5059 2403 5125 etclam,
2436 5076 2543 5130 quo
2574 5075 2694 5113 eum
2734 5059 2881 5112 furor
2907 5058 3216 5114 Judmorum
3246 5060 3401 5129 sequi
3432 5075 3537 5113 non
3567 5060 3779 5129 potuit;

2187 5166 2239 5213 et
2280 5155 2517 5210 membra
2560 5154 2678 5222 ejus
2730 5153 2780 5206 in
2831 5167 3057 5221 corpore
3101 5151 3240 5221 quod
3283 5152 3584 5208 ascendens
3632 5166 3781 5206 com-

2188 5246 2477 5308 mendavit,
2512 5244 2658 5298 furor
2700 5253 2872 5297 vester
2900 5251 3188 5312 eppngttat.
3223 5242 3328 5296 Pro
3373 5242 3489 5297 istis
3525 5242 3781 5297 membris

2187 5338 2443 5393 adversus
2475 5352 2568 5390 vos
2597 5334 2843 5399 saeviunt,
2877 5344 2930 5386 et
2957 5334 3103 5387 vobis
3142 5332 3419 5399 resistunt,
3452 5332 3781 5402 quicumque

2190 5430 2241 5483 in
2270 5427 2539 5484 Catholica
2568 5441 2743 5495 parva:
2771 5424 2947 5478 adlmc
2988 5424 3131 5489 fidei,
3174 5438 3241 5478 eo
3282 5424 3463 5477 animo
3490 5432 3638 5488 sunt,
3670 5439 3776 5491 quo

2190 5530 2317 5575 tunc
2361 5520 2549 5574 Petrus
2594 5517 2711 5582 fuit,
2760 5533 2881 5571 eum
2926 5515 3125 5570 ferrum
3172 5532 3267 5585 pro
3311 5516 3509 5570 Christi
3565 5516 3783 5569 nomine

2190 5613 2422 5667 strinxit.
2461 5610 2563 5665 Sed
2605 5612 2826 5664 multum
2867 5609 3090 5663 interest
3139 5610 3284 5664 inter
3324 5616 3557 5663 vestram
3599 5622 3780 5678 perse-

2259 5788 2445 5859 trid‘tti,
2488 5785 2649 5849 lingua
2704 5792 2925 5838 cessaret.
2961 5785 3278 5837 l-‘mcndantur
3333 5785 3619 5836 auctoritate
3679 5796 3778 5833 ma-

2196 5857 2561 5913 misera-torum.
