4028 6202
241 239 344 290 321

243 360 514 405 cntionem
561 360 612 404 et
655 349 898 406 istorum.
937 351 1041 405 Vos
1067 352 1268 408 similes
1310 354 1436 408 estis
1466 369 1622 409 servo
1662 370 1841 408 sacer-

245 441 390 492 dotis
408 439 719 494 Judmorum
744 458 758 505 ;
788 443 908 512 quia
941 443 1238 498 servientes
1265 445 1591 514 principibus
1620 436 1843 511 vestris,

245 531 505 585 adversus
560 532 854 586 Erclesiam
909 535 1264 600 catholicam,
1313 535 1362 589 id
1411 545 1528 601 est,
1584 537 1843 591 adversus

247 622 448 677 (Jbristi
477 618 974 692 cnrpnsarmamiui
1005 643 1016 678 :
1047 625 1131 679 isti
1162 635 1337 681 autem
1366 627 1499 681 tales
1527 636 1672 690 sunt,
1708 643 1840 697 qna-

249 715 316 768 lis
344 724 471 768 tnnc
501 715 692 769 Petrus
734 714 853 779 fuit,
894 717 981 785 qui
1026 732 1120 786 pro
1159 715 1354 770 Christi
1389 733 1635 787 corpore,
1668 717 1717 771 id
1743 728 1844 784 cst,

252 821 349 875 pro
372 805 638 871 Ecclesia,
669 807 830 860 etiam
855 807 1207 876 corporaliter
1237 819 1490 877 pugnant.
1521 808 1625 864 Sed
1653 810 1694 862 si
1721 810 1848 878 ipsis

248 897 554 952 dicitur'ut
595 899 891 968 quiescant,
936 900 1077 954 sicut
1126 899 1283 954 Petro
1323 911 1446 954 tunc
1486 901 1684 954 dirlttttt
1729 911 1844 965 est;

248 1001 450 1061 quanto
480 992 651 1061 magis
677 991 829 1045 vobis
856 990 1142 1046 dicendum
1173 1000 1274 1058 est,
1303 1002 1358 1045 ttt
1384 992 1640 1047 lueretico
1669 995 1847 1047 l‘nrore

251 1082 524 1151 tlcposito‘
577 1081 642 1134 ad
688 1097 750 1135 ea
780 1081 1016 1136 membra
1053 1082 1380 1151 pertineatis,
1418 1098 1512 1151 pro
1539 1084 1731 1152 quibus
1773 1083 1844 1135 illi

213 1185 234 1192 “
255 1174 331 1226 sic
357 1173 636 1225 dimicant.
669 1172 773 1226 Sed
807 1173 916 1226 lassi
946 1189 972 1224 :t
1008 1173 1203 1225 talibus
1233 1173 1390 1226 etiam
1421 1188 1516 1226 nos
1544 1173 1752 1238 odistis,
1793 1182 1847 1226 et

255 1272 500 1332 tattqtrmt
543 1279 703 1318 aures
743 1263 992 1316 dexteras
1034 1263 1395 1332 perdideritis,
1443 1264 1716 1317 Christum
1763 1279 1847 1317 sc-

253 1355 468 1410 dcntcm
507 1355 574 1408 :td
620 1355 789 1408 Patris
820 1354 1097 1410 dexteram
1141 1371 1246 1408 non
1278 1355 1492 1408 auditis.
1521 1355 1623 1410 Sed
1653 1355 1847 1425 quibus

254 1446 463 1514 loquar,
509 1455 601 1499 aut
625 1447 836 1516 quando
865 1446 945 1500 eis
965 1445 1173 1516 loquar,
1203 1446 1392 1515 quibus
1421 1462 1517 1500 nec
1549 1447 1733 1500 horam
1765 1447 1846 1500 in-

254 1541 432 1604 venio,
489 1538 672 1591 vinum
721 1539 884 1593 etiam
936 1553 1093 1592 mane
1141 1538 1530 1600 ructnantibus,
1581 1539 1695 1592 sive
1735 1539 1845 1608 jatn

252 1630 440 1690 ebriis,
483 1629 596 1682 sive
636 1627 850 1683 adltue'
876 1628 899 1680 ?
925 1627 1175 1695 Quinimo
1202 1636 1255 1682 et
1286 1628 1578 1694 minantur,
1613 1613 1715 1682 non
1756 1643 1845 1682 so-

255 1721 366 1773 lttnt
412 1719 509 1782 illi,
553 1718 648 1772 sed
676 1718 742 1772 de
788 1718 890 1773 illis
919 1719 1076 1772 etiam
1118 1702 1352 1786 episcopi
1385 1717 1644 1787 ipsorum,
1678 1719 1845 1788 parati

253 1827 456 1881 negare
501 1810 568 1864 ad
609 1826 667 1865 se
711 1811 974 1878 pertinere
1020 1809 1158 1880 quod
1192 1808 1435 1862 fecerint.
1485 1809 1655 1864 Donet
1695 1809 1848 1865 nobis

252 1902 519 1956 Dominus
565 1903 830 1955 canticum
873 1899 1152 1970 graduum,
1193 1915 1300 1970 quo
1341 1899 1522 1954 dicere
1561 1901 1844 1968 possimus,

253 1992 382 2046 Cant
423 1995 501 2046 his
538 1993 626 2063 qui
659 1993 871 2045 oderunt
900 2009 1092 2062 pacein,
1135 2009 1272 2046 erant
1303 1993 1545 2063 pari/iens
1566 2011 1584 2058 ;
1629 1988 1848 2047 cunt’lo-

252 2085 444 2154 qnebur
473 2085 565 2149 eis,
593 2084 908 2137 debellubant
936 2101 1014 2137 me
1037 2085 1196 2154 gratis
1229 2081 1401 2155 (Psal.
1430 2099 1574 2148 cvtx,
1610 2084 1686 2154 7).
1716 2085 1847 2138 Dicit

253 2175 396 2228 ruitn
429 2175 530 2229 ltste
561 2190 755 2244 Corpus
785 2175 1004 2240 Clu-isti,
1038 2174 1178 2244 qttod
1213 2190 1306 2244 per
1335 2183 1496 2228 totam
1531 2183 1747 2240 terram,
1780 2175 1848 2226 ab

253 2267 374 2320 aliis
394 2267 501 2331 hic,
529 2267 597 2319 ab
626 2266 742 2320 aliis
769 2265 913 2330 alibi,
949 2277 1000 2319 et
1032 2265 1098 2320 ab
1128 2265 1375 2319 omnibus
1401 2265 1517 2319 aliis
1543 2276 1702 2336 atque
1729 2266 1847 2321 aliis

258 2357 580 2426 ubicumque
601 2365 744 2417 snut,
779 2355 1047 2410 ltmreticis
1073 2363 1410 2425 oppugnatur
1437 2355 1531 2426 (a).
1630 2429 1632 2431 ὶ

326 2447 555 2503 (ἈΡΠΤ
595 2447 861 2501 LXXXIX
887 2477 957 2486 —
993 2447 1108 2502 I95.
1141 2447 1327 2501 PETIL.
1358 2446 1490 2500 dixit
1521 2465 1532 2500 :
1574 2445 1729 2516 Ergo,
1761 2447 1816 2500 in

255 2557 424 2609 quam,
452 2548 663 2592 mortem
685 2557 777 2609 pro
798 2541 899 2608 ﬁde
918 2540 1229 2594 subeundam
1255 2540 1530 2606 constituit,
1561 2556 1714 2608 quant
1738 2542 1852 2594 cui.

254 2647 403 2698 quam
431 2647 529 2700 pro
571 2631 922 2693 communione
949 2631 1234 2703 faciendam
1261 2630 1302 2684 ³.
1336 2629 1690 2686 Christianitas
1715 2637 1847 2685 enim

257 2722 503 2774 mortibus
537 2723 758 2791 pro/irit.
805 2720 944 2775 Nam
985 2739 1129 2776 nemo
1158 2722 1482 2791 ﬁdelissimus
1512 2721 1533 2752 ‘
1563 2722 1774 2783 viveret,
1804 2723 1848 2776 si

259 2830 391 2868 mors
427 2831 459 2867 a
487 2813 726 2881 ﬁdelibus
755 2815 1030 2867 timeretur.
1075 2813 1209 2867 Dicit
1243 2815 1375 2867 enim
1424 2811 1669 2866 Dominus
1695 2812 1845 2868 Chri-

257 2914 360 2959 stus
384 2921 407 2960 :
443 2926 462 2956 ι
497 2905 564 2960 Si
595 2921 813 2976 granum
839 2905 990 2958 tritici
1025 2905 1211 2959 cadens
1238 2906 1288 2958 in
1317 2915 1503 2958 terram
1528 2921 1625 2958 non
1656 2905 1843 2957 moria—

258 3009 356 3064 tur,
381 2999 553 3053 solum
581 3007 784 3068 manet;
811 3000 856 3052 si
889 2989 1058 3052 autem
1092 2999 1356 3064 moriatur,
1387 2999 1595 3051 multutn
1627 3000 1846 3068 fructum

259 3090 377 3159 facit
407 3108 426 3140 ι
458 3063 643 3158 (Ιοηῗ.
671 3104 768 3154 xu,
797 3089 888 3156 2i,
913 3089 1028 3161 25).

330 3180 453 3236 197.
487 3181 628 3236 Atzc.
665 3181 939 3251 respondit
966 3198 980 3235 :
1010 3180 1215 3235 Vellem
1259 3181 1397 3237 scire
1437 3183 1557 3251 quis
1588 3182 1757 3251 primo
1781 3182 1848 3238 de

259 3284 404 3344 parte
431 3284 610 3328 vestra
637 3289 695 3328 sc
722 3273 1074 3343 praecipitaret
1092 3273 1151 3327 it.
1176 3272 1340 3326 Valde
1361 3275 1555 3342 qa'ppe
1582 3275 1706 3327 illud
1729 3289 1850 3344 gia-

259 3382 382 3419 num
415 3366 591 3421 fertile
621 3366 739 3431 fuit,
771 3365 910 3420 ttnde
942 3374 1082 3419 tanta
1115 3379 1266 3434 seges
1290 3366 1736 3434 pr:rcipitatorum
1761 3383 1849 3420 ca-

257 3455 514 3509 daverum
543 3456 838 3524 puliulavit.
867 3456 1005 3510 Sane
1027 3469 1146 3510 eum
1181 3455 1459 3508 verborum
1497 3457 1701 3510 Domini
1731 3474 1845 3510 tne-

261 3546 545 3622 ntiucritis,
590 3547 712 3615 quia
740 3560 799 3600 se
828 3545 961 3599 dixit
987 3560 1210 3615 granum
1246 3546 1557 3600 moriturum
1581 3589 1595 3613 ,
1627 3557 1679 3600 rt
1708 3549 1845 3602 ntul-

259 3648 369 3692 tum
402 3639 630 3694 fructum
660 3638 952 3701 iacturum;
981 3629 1274 3708 quateipsi
1307 3638 1498 3692 fructui
1525 3682 1538 3702 ,
1583 3641 1721 3710 quod
1757 3659 1848 3709 per

261 3739 428 3786 tntunt
457 3731 713 3785 mundum
737 3730 1078 3786 veracissime
1105 3729 1203 3802 (b),
1237 3731 1540 3800 provenerit
1562 3731 1842 3796 invidetis;

259 3835 313 3878 ct
341 3826 390 3879 ei
421 3824 745 3878 lilnltittl‘lltll
773 3824 853 3878 vel
892 3823 1057 3893 pale;e
1086 3822 1329 3889 crimina,
1367 3822 1450 3876 vel
1481 3839 1598 3892 qua:
1623 3823 1847 3879 audistis

257 3918 339 3971 vel
368 3933 488 3986 qua:
521 3917 767 3983 littxistis,
797 3917 1072 3984 obﬁcitis?

328 4010 560 4066 CAPUT
600 4009 712 4066 XC.
743 4039 817 4051 —
849 4009 968 4066 198.
999 4009 1182 4064 Ρετιι.
1215 4009 1352 4064 dixit
1384 4027 1398 4064 ε
1428 4009 1534 4065 Sed
1561 4025 1646 4064 vos
1673 4010 1847 4078 spinas

269 4115 410 4172 atque
435 4102 658 4168 zizania,
692 4119 791 4155 non
818 4101 1010 4154 semina
1035 4101 1274 4171 spargitis
1293 4141 1308 4167 ,
1339 4117 1450 4154 cum
1475 4101 1653 4168 quibus
1684 4118 1768 4154 ros
1794 4102 1847 4156 in

267 4209 454 4247 omento
473 4193 675 4264 judicio
703 4192 874 4245 deceat
914 4189 1246 4244 concremari.
1295 4189 1416 4244 Non
1464 4191 1809 4243 maledicimus
1827 4205 1848 4254 ;

271 4283 347 4336 -d
394 4282 556 4336 omnis
599 4281 805 4351 spinosa
844 4280 1147 4334 conscientia
1173 4321 1187 4346 ,
1233 4279 1330 4334 Dei
1369 4280 1612 4334 sententia
1653 4280 1726 4334 sic
1771 4290 1847 4354 te-_

279 4389 426 4429 .utur.

332 4465 458 4522 199.
491 4467 628 4534 Atta.
655 4465 929 4536 respondit
961 4482 974 4518 :
1005 4459 1204 4522 Saltem
1233 4465 1738 4521 commemoratione
1769 4465 1848 4520 zi-

263 4559 545 4613 zaniorum
572 4559 731 4613 simul
771 4559 864 4613 tibi
894 4567 950 4612 et
976 4560 1208 4612 triticum
1246 4559 1453 4613 veniret
1489 4558 1540 4612 itt
1571 4567 1846 4626 mentem;

261 4653 385 4720 quia
412 4661 636 4722 utraque
678 4667 777 4723 per
816 4667 1003 4722 agrum
1039 4650 1188 4722 jussa
1233 4659 1356 4704 sunt
1396 4665 1643 4706 crescere
1683 4666 1850 4723 usque

325 4852 344 4918 ξ
378 4860 475 4899 Am.
502 4855 671 4918 et_Er.,
692 4863 859 4918 errore
883 4848 1112 4918 deposito.
1173 4915 1187 4918 _
1328 4907 1339 4918 .
1431 4881 1434 4884 η

324 4915 348 4945 ⁸
372 4919 496 4970 rost,
519 4911 617 4975 sire
637 4913 799 4962 adhuc
816 4955 830 4975 ,
855 4909 1144 4975 adjecerunt
1167 4909 1512 4975 tovanienses,
1537 4909 1803 4972 potantibus
1833 4924 1851 4962 :

257 4988 323 5024 ex
351 4969 490 5022 mera
512 4974 790 5034 conjectura
814 4969 1007 5030 ilras'mi,
1028 4973 1108 5034 qni
1136 4970 1180 5019 id
1206 4971 1269 5034 ibi
1303 4969 1484 5019 deesse
1525 4969 1777 5034 notaverat
1803 4976 1851 5024 in

255 5049 343 5084 ora
372 5035 498 5084 libri.
522 5032 616 5085 Sed
637 5048 699 5084 eo
736 5034 825 5084 loci
868 5032 1549 5096 subintelligendunrnomen,
1575 5032 1754 5094 ebriis;
1776 5044 1846 5095 ut,

253 5098 360 5148 sive
384 5096 562 5157 adluit,
589 5099 880 5147 ebrietatem
901 5096 1104 5146 denotet
1125 5094 1232 5143 'noa
1256 5094 1587 5156 incipientem,
1627 5097 1715 5144 sed
1736 5094 1849 5158 per-

253 5161 472 5270 mnsit-gi.e
473 5174 536 5271 21t-
548 5227 681 5279 tot,
705 5232 814 5282 qua:
836 5218 1006 5278 cuique
1028 5230 1116 5280 pro
1138 5215 1460 5267 comuumione
1481 5216 1721 5282 facienda.
1766 5226 1851 5282 Lo-

252 5296 374 5331 cum
396 5280 760 5332 lovaniensiuin
773 5282 952 5343 judicio
973 5287 1249 5343 corruptum
1271 5291 1494 5327 sanamus
1515 5281 1730 5329 subsidio
1746 5280 1853 5329 nal-

255 5345 528 5393 licaaorum
551 5352 999 5404 ntanuscrtptorum.

285 5467 298 5477 _
323 5407 348 5435 δ
377 5413 579 5456 Veteres
600 5400 928 5464 codices'duo,
953 5403 1263 5453 Endoviensis
1286 5410 1336 5452 et
1354 5400 1681 5460 Floriacensis,
1707 5401 1848 5466 ﬁdis-

249 5480 739 5640 ωἲῗιῖὸὶάῗέἷὴτυηι
761 5528 793 5576 5
812 5535 977 5578 contra
1007 5527 1340 5585 Cresconium,
1360 5537 1464 5589 αψ.
1489 5524 1568 5587 67,
1598 5533 1649 5575 et
1683 5525 1766 5574 lib.
1795 5525 1839 5585 4,

250 5605 369 5640 catt.
481 5607 507 5640 e
609 5627 622 5639 .

250 5592 731 5768 ῖὲὁῖῗιῖξῖξέίοτοι
748 5687 762 5714 ,
781 5649 1091 5714 ferocissime.
1135 5650 1250 5701 vide
1280 5647 1510 5699 t‘lement.
1537 5649 1710 5710 Critic.,
1739 5661 1847 5714 mg.

1568 241 1761 298 tunsa
1803 241 2181 328 s:.cu.\'tn_;s-

3435 261 3537 312 522

3475 297 3539 312 ‘-

1957 354 2023 407 ad
2056 371 2282 412 messem
2315 377 2327 414 :
2360 377 2452 413 vos
2479 375 2653 417 autent
2680 366 2890 420 oculum
2916 370 3299 436 malevolenth
3323 380 3373 430 in
3400 381 3538 433 ziit~

1950 445 2060 499 .niis
2098 449 2296 504 acriter
2325 450 2516 521 lignis,
2562 464 2614 508 ct
2658 468 2841 512 contra
2872 467 3191 518 sententiam
3236 467 3431 523 Cltristi
3478 487 3541 525 ea

1956 539 2070 593 sttla
2104 555 2196 609 per
2223 543 2405 598 urbem
2440 555 2737 615 terrarum,
2783 563 3002 622 excepta
3044 555 3263 625 Africa,
3311 564 3544 618 crevisse

1957 632 2296 688 cozttenditis.

2029 721 2254 777 CAPUT
2297 723 2429 777 XCI.
2459 757 2528 764 —
2562 727 2688 783 200.
2721 731 2902 786 Ρετιι..
2933 733 3066 789 dixit
3101 756 3114 791 :
3149 738 3246 792 libi
3289 754 3363 794 est
3408 745 3542 810 quod

1957 813 2076 866 dicit
2101 813 2351 870 Dominus
2387 819 2616 874 (.hristus
2645 839 2662 874 .'
2699 841 2717 873 ι
2757 825 2815 878 Si
2842 832 3093 896 acceperis
3121 831 3322 907 alapam
3348 877 3363 896 ,
3407 852 3538 900 prte-

1958 919 2085 970 parn
2109 915 2154 958 et
2186 907 2395 959 alterum
2425 912 2684 965 ntaxill.:nt
2725 935 2742 966 ι
2781 915 2988 980 (Matth.
3025 934 3074 976 v.
3106 919 3236 989 59)?
3265 922 3360 975 Ubi
3387 938 3455 977 est
3481 929 3543 978 il-

1956 995 2064 1059 lud,
2097 998 2233 1067 quod
2264 1009 2413 1064 sputa
2441 1002 2490 1053 in
2516 1005 2646 1072 facie
2671 1023 2850 1074 passus
2880 1021 2972 1075 est,
3007 1012 3088 1077 qni
3127 1024 3271 1083 sputo
3299 1034 3390 1068 suo
3417 1037 3537 1070 san-

1956 1087 2176 1140 ctissimo
2207 1091 2324 1143 ca’ci
2354 1093 2527 1146 oculos
2571 1099 2844 1165 patefecit?
2875 1100 2970 1154 Ubi
2997 1112 3064 1154 est
3093 1107 3225 1173 quod
3255 1107 3374 1159 dicit
3412 1126 3540 1174 apo-

1954 1178 2113 1230 stolus
2148 1178 2340 1234 Paulus
2367 1199 2385 1234 :
2417 1201 2434 1234 (
2474 1185 2534 1237 Si
2554 1187 2664 1254 quis
2693 1205 2775 1240 ros
2798 1190 2846 1241 in
2875 1193 3054 1260 [aciem
3076 1196 3264 1250 cwdit?
3295 1216 3312 1247 ι
3351 1198 3447 1253 Ubi
3469 1212 3538 1254 est

1953 1269 2090 1336 quod
2114 1270 2292 1324 iterum
2321 1273 2440 1326 dicit
2475 1291 2492 1328 .'
2529 1299 2544 1326 I
2586 1275 2648 1330 In
2679 1280 2842 1349 plagis
2871 1299 3024 1350 supra
3055 1287 3291 1349 modum,
3323 1291 3375 1342 in
3404 1307 3539 1345 tne;-

1956 1358 2086 1414 tibus
2129 1364 2442 1430 frequenter,
2484 1366 2535 1419 itt
2565 1371 2844 1424 carceribus
2873 1373 3212 1431 abundantius
3249 1398 3268 1431 ι
3324 1379 3386 1449 (ll
3421 1380 3538 1435 Cor.

1954 1465 2038 1513 XI,
2073 1450 2177 1516 20,
2207 1453 2343 1523 23)?
2389 1455 2515 1520 Quae
2553 1458 2758 1527 pertulit
2794 1475 3072 1528 memorat,
3117 1484 3214 1521 non
3252 1487 3364 1538 qtae
3399 1473 3538 1539 fecit.

1955 1539 2240 1607 Sit/fecerat
2271 1545 2389 1612 [idei
2415 1547 2704 1624 christiana;
2724 1568 2754 1603 a
2777 1551 2979 1607 Judwis
3001 1556 3108 1609 Iut'c
3136 1558 3247 1627 ﬁeri
3275 1576 3293 1613 :
3320 1577 3410 1614 cur
3435 1563 3542 1617 ha'c

1957 1632 2128 1685 miseri
2153 1638 2452 1703 perpetratis
2472 1639 2498 1690 I’

2025 1725 2150 1781 20L
2183 1729 2316 1784 Aea.
2346 1731 2622 1800 respondit
2656 1752 2668 1787 :
2701 1735 2845 1791 Itane
2873 1753 2997 1793 vero
3025 1757 3120 1796 vos
3147 1755 3359 1815 accepta
3387 1749 3536 1819 alapa

1957 1820 2209 1886 probetis
2238 1823 2460 1877 alteram
2495 1828 2802 1882 maxillam?
2834 1830 2945 1886 Non
2979 1835 3131 1889 istaut
3165 1839 3313 1892 vobis
3346 1839 3537 1896 fatnant

1956 1909 2156 1965 furiosa
2195 1924 2368 1967 vestra
2399 1918 2606 1984 agmina
2639 1936 2733 1987 per
2764 1930 2924 1975 totam
2968 1923 3200 1980 Africam
3230 1943 3349 1982 cum
3384 1935 3539 1986 terri-

1955 2002 2045 2056 bili
2071 2006 2395 2074 turpitttdinc
2419 2010 2612 2077 passim
2642 2014 2881 2082 vagantia
2908 2031 3301 2086 compararunt.
3328 2022 3538 2078 Utinam

1958 2094 2230 2150 vobiscum
2257 2099 2650 2166 paciscerentur
2667 2102 2930 2170 homines,
2957 2118 3012 2162 ut
3032 2111 3220 2165 saltem
3245 2115 3538 2169 secundum

1955 2195 2190 2240 veterem
2219 2188 2434 2258 Legem,
2467 2194 2680 2248 ocnlnnt
2707 2211 2800 2264 pro
2826 2199 3002 2264 oculo,
3027 2201 3240 2257 dentem
3265 2221 3361 2272 pro
3383 2208 3540 2264 dente

1957 2281 2207 2348 peteretis
2239 2281 2414 2355 (Deut.
2445 2301 2567 2350 xix,
2607 2287 2702 2358 2i)
2727 2327 2743 2353 ,
2776 2305 2880 2344 non
2912 2306 3008 2361 pro
3035 2296 3230 2350 auditis
3255 2298 3432 2354 verbis
3460 2299 3541 2354 fu-

1953 2381 2064 2425 stes
2100 2373 2399 2442 crigerelis.
3319 2443 3322 2446 ,

2025 2483 2250 2540 C.\PUT
2293 2485 2448 2541 XCII.
2481 2520 2552 2529 —
2593 2490 2698 2545 202
2766 2493 2950 2549 Ρετη..
2995 2496 3130 2553 dixit
3158 2517 3172 2555 :
3203 2501 3339 2568 Quid
3375 2514 3540 2558 autem

1954 2574 2090 2628 vobis
2115 2586 2186 2629 est
2211 2593 2322 2630 cum
2353 2581 2550 2648 regibus
2580 2583 2772 2649 sa'culi,
2798 2602 2922 2655 quos
2951 2605 3207 2660 nunquam
3234 2592 3538 2649 Christiani-

1955 2675 2032 2718 tas
2060 2667 2152 2720 nisi
2185 2669 2382 2723 invidos
2406 2673 2608 2725 sensit?
2643 2673 2790 2740 Quod
2820 2688 2872 2729 ut
2907 2677 3118 2733 breviter
3155 2683 3382 2750 doceam,
3427 2686 3540 2739 Ma.

1953 2756 2183 2811 chabwos
2207 2762 2389 2829 fratres
2413 2778 2504 2814 rex
2528 2774 2816 2830 persecutus
2841 2780 2912 2820 est
2936 2771 2952 2836 (
2961 2770 2998 2822 11
3027 2771 3262 2826 llas/tab.
3288 2776 3410 2845 vn).
3427 2777 3540 2831 Rere

1953 2864 2146 2917 quoque
2172 2859 2270 2903 (res
2299 2867 2503 2918 pueros,
2532 2869 2644 2905 cum
2675 2855 2782 2924 ipse
2810 2859 3088 2930 sacrilegus
3113 2874 3241 2916 esset
3261 2907 3274 2928 ,
3313 2868 3535 2934 ﬂammis

1955 2940 2148 2993 nescius
2178 2942 2422 3010 religiosis
2461 2943 2658 2996 addixit
2687 2944 2828 3015 (Dan
2893 2951 2993 3017 tu).
3021 2950 3133 3004 Rea:
3161 2957 3386 3022 qutrsit'it
3421 2961 3535 3012 ani-

1953 3047 2087 3083 mant
2115 3033 2257 3101 pueri
2285 3033 2566 3088 Salvator-is
2595 3035 2801 3107 (Matth.
2829 3055 2902 3101 ΣΙ,
2937 3043 3044 3112 lli).
3070 3042 3183 3098 Rea:
3201 3047 3539 3115 justissimutn

1954 3119 2219 3212 Danielem
2241 3123 2416 3191 ferinis
2437 3126 2702 3193 morsibus,
2725 3138 2779 3182 ut
2801 3133 3030 3199 putabat,
3055 3135 3233 3204 objecit
3255 3137 3414 3208 (Datt.
3439 3141 3539 3212 vt).

1957 3211 2232 3283 Ipsumque
2271 3213 2545 3270 Dominum
2585 3216 2841 3272 Christum
2865 3223 3029 3290 judea:
3055 3228 3387 3294 nequissimus
3410 3211 3539 3302 regis

1953 3304 2133 3356 occidit
2157 3304 2367 3374 (Matth.
2401 3323 2571 3372 xxvu,
2597 3309 2710 3379 20).
2738 3309 2765 3362 I
2771 3312 2869 3365 nde
2893 3323 2966 3366 est
2987 3317 3120 3384 quod
3139 3317 3408 3386 Apostolus
3430 3323 3540 3374 cla-

1955 3403 2058 3446 mat
2089 3410 2109 3448 :
2144 3413 2162 3444 s
2200 3394 2515 3466 Sapientiam
2554 3399 2805 3469 loquimur
2847 3403 2977 3457 inter
3017 3411 3291 3477 perfectos,
3334 3413 3539 3480 sapien-

1953 3487 2072 3538 tiant
2102 3503 2201 3539 non
2231 3489 2380 3559 hujus
2405 3489 2576 3542 sa’culi
2596 3532 2610 3552 ,
2649 3508 2806 3562 neque
2844 3496 3132 3566 principum
3166 3500 3318 3570 hujus
3355 3505 3530 3557 mutuli

1953 3591 2066 3646 quia
2089 3587 2397 3639 evacuatur;
2436 3581 2525 3632 sed
2556 3581 2808 3652 loquimur
2837 3583 2934 3639 Dei
2963 3589 3262 3655 sapientiam
3289 3593 3339 3644 in
3365 3611 3537 3648 sacra-

1953 3680 2137 3731 mento,
2169 3686 2282 3736 qua:
2309 3670 2404 3739 fuit
2430 3673 2745 3749 abscondita,
2772 3693 2920 3744 quant
2959 3681 3214 3734 constituit
3249 3683 3386 3739 Deus
3421 3699 3537 3742 ante

1952 3759 2140 3812 swcula
2169 3761 2219 3812 in
2245 3762 2729 3830 glorianutostram,
2766 3783 2915 3833 quam
2947 3786 3092 3824 nemo
3129 3774 3415 3843 principatu
3446 3781 3540 3832 hu-

1943 3851 2034 3918 jus
2063 3851 2237 3904 sa'culi
2264 3853 2512 3921 cognovit.
2559 3853 2620 3907 Si
2654 3857 2786 3908 enim
2817 3862 3160 3928 coynovissent
3184 3904 3198 3927 ,
3230 3883 3330 3920 non
3369 3871 3540 3942 utique

1952 3940 2227 3994 Dominum
2272 3943 2548 4012 majestatis
2574 3946 2943 4014 cruci/ixissent
2981 3970 2999 4002 ι
3044 3951 3084 4021 (l
3127 3953 3241 4008 Cor.
3271 3972 3340 4020 tt,

1954 4032 2062 4087 Sed
2101 4033 2164 4086 de
2200 4033 2426 4101 pristinis
2457 4035 2656 4106 regibus
2689 4040 2901 4108 paganis
2932 4039 3025 4094 hoc
3067 4043 3257 4098 dictum
3300 4050 3385 4102 sit.
3441 4032 3537 4107 Vos

1954 4135 2120 4180 autem
2141 4167 2156 4190 ,
2183 4126 2336 4196 hujus
2362 4129 2538 4182 sa'culi
2563 4129 2888 4198 imperatores
2914 4174 2927 4195 ,
2974 4135 3096 4202 quia
3139 4136 3407 4193 christiani
3433 4160 3540 4197 esse

1954 4217 2256 4282 desiderant,
2288 4233 2388 4271 non
2413 4219 2698 4286 permittitis
2722 4237 2826 4276 esse
2845 4223 3146 4280 christianos
3164 4269 3176 4289 ,
3205 4245 3318 4283 cum
3347 4234 3466 4304 fuco
3493 4247 3538 4288 et

1954 4309 2137 4362 nebula
2163 4308 2311 4362 vestri
2335 4309 2583 4364 mendacii
2611 4311 2809 4366 eosdem
2835 4311 2965 4368 bona
2989 4327 3152 4371 mente
3175 4322 3448 4388 credentes,
3473 4327 3539 4379 ad

1953 4401 2261 4472 iniquitatem
2286 4411 2498 4456 vestram
2521 4420 2727 4474 prorsus
2747 4406 3017 4473 adducitis,
3039 4421 3095 4462 ut
3115 4413 3269 4467 armis
3293 4417 3396 4470 suis
3421 4434 3540 4472 con-

1956 4501 2035 4547 tra
2078 4493 2242 4547 hostes
2267 4493 2556 4563 reipublicae
2594 4499 2896 4568 praeparatis
2937 4501 2987 4554 itt
3026 4499 3339 4560 Christianos
3376 4509 3538 4564 incur-

1956 4593 2090 4650 rant,
2121 4595 2388 4657 putentque
2414 4603 2466 4642 se
2491 4589 2810 4644 suasionibus
2847 4592 3021 4646 vestris
3052 4593 3159 4648 Deo
3195 4597 3409 4666 oﬁcium
3447 4606 3526 4672 ρι-

1957 4695 2088 4745 cere,
2111 4679 2154 4733 si
2174 4695 2263 4732 nos
2287 4696 2411 4749 quos
2437 4679 2614 4734 odistis
2639 4681 2890 4748 occidant,
2919 4681 3114 4740 dicente
3139 4685 3356 4744 Domino
3381 4690 3532 4747 Chri-

1956 4780 2050 4835 sto,
2092 4790 2110 4824 t
2158 4770 2360 4834 Veniet,
2411 4772 2608 4842 inquit,
2661 4783 2858 4844 tempus
2895 4782 2951 4828 ut
3001 4778 3090 4848 qui
3135 4794 3221 4832 tos
3269 4782 3536 4843 occiderit.

1960 4872 2095 4933 putet
2120 4879 2173 4916 se
2197 4861 2306 4915 Deo
2342 4863 2558 4932 ofﬁcium
2584 4867 2750 4935 facere
2780 4883 2799 4916 t
2829 4863 3008 4938 (Joan.
3033 4883 3136 4930 xw,
3163 4870 3242 4939 2).
3271 4872 3420 4927 Nihil
3441 4875 3536 4945 igio

1960 4966 2038 5008 tur
2066 4957 2266 5008 interest
2309 4955 2444 5008 vobis
2485 4958 2618 5009 male
2661 4956 2954 5011 docentibus
2975 5000 2992 5024 ,
3025 4966 3191 5014 utrum
3220 4979 3361 5034 reges
3407 4965 3538 5019 orbis

1959 5056 2227 5110 terrarum,
2258 5047 2464 5116 pagani,
2497 5045 2632 5110 quod
2655 5045 2802 5111 absit,
2829 5062 2895 5100 an
2921 5047 3185 5103 christiani
3211 5067 3319 5106 esse
3341 5052 3539 5106 deside-

1958 5149 2100 5203 rent;
2126 5155 2239 5192 cutu
2270 5139 2466 5192 eosdem
2505 5148 2680 5191 contra
2709 5137 2898 5192 Christi
2928 5138 3304 5211 fantiliom‘nbn
3333 5146 3540 5198 cessatis

1958 5248 2174 5286 armare.
2205 5230 2426 5285 Nescitis
2453 5241 2650 5298 autem,
2689 5241 2778 5284 aut
2813 5233 2980 5301 potius
3008 5247 3107 5289 non
3125 5229 3318 5307 ilegistis
3338 5278 3354 5303 ,
3406 5239 3542 5310 quod

1958 5327 2166 5380 crimine
2199 5325 2448 5378 hominem
2478 5325 2743 5378 occidentis
2774 5327 2940 5396 majus
2965 5327 3152 5381 crimen
3177 5337 3248 5382 est
3279 5329 3538 5384 suaseris!

1957 5417 2163 5472 Iezabel
2200 5417 2252 5470 in
2291 5424 2500 5468 mortem
2525 5414 2740 5468 hominis
2765 5416 2897 5486 justi
2936 5418 3012 5471 vel
3041 5418 3280 5487 pauperis
3303 5420 3539 5475 maritum

1960 5527 2105 5565 suutn
2126 5508 2423 5562 excitaverat
2450 5521 2634 5575 regem,
2658 5507 2769 5574 pari
2788 5515 2953 5562 tamen
2978 5508 3226 5578 supplicio
3250 5509 3326 5560 vir
3346 5518 3392 5563 et
3412 5526 3542 5564 uxor

1962 5603 2108 5656 ambo
2139 5599 2391 5669 perierunt
2419 5590 2504 5666 (Ill
2533 5596 2655 5667 Reg.
2683 5599 2818 5668 χιι).
2844 5597 3022 5669 Neque
3040 5599 3169 5652 enim
3189 5615 3275 5653 vos
3293 5600 3438 5655 aliter
3458 5619 3539 5654 re-

1963 5711 2046 5770 ges
2072 5692 2360 5765 impellitis,
2404 5706 2551 5761 quatn
2579 5698 2629 5744 ut
2667 5705 2800 5760 stupe
2841 5691 3037 5746 subtilis
3071 5689 3282 5746 suadela
3323 5694 3542 5760 [ciuium
