4028 6202
519 217 621 269 3‘25

517 346 652 401 reqes
679 327 875 398 inpulit
901 331 950 382 in
981 338 1195 380 reatum.
1231 321 1426 374 Etenim
1459 335 1547 388 per
1573 319 1735 386 ﬁliam
1776 334 1904 370 uxor
1939 317 2106 372 liere-

515 435 596 475 ats
615 421 894 490 impetrat-rt
911 433 971 470 ac
992 413 1168 470 meruit
1195 415 1246 466 in
1274 413 1412 465 disco
1431 411 1498 463 ad
1522 427 1741 464 mensam
1769 420 1920 478 caput
1942 409 2106 463 Joan-

518 515 595 568 nis
621 511 795 579 afferri
825 508 1031 583 (Matth.
1064 520 1175 568 xw,
1205 505 1258 570 8,
1288 503 1367 575 9).
1403 502 1642 556 Pontium
1672 501 1899 554 Pilatum
1927 500 2104 554 Juda'i

517 610 586 660 sic
628 612 926 672 coegerunt,
959 611 1011 652 ut
1041 599 1297 652 Christum
1339 596 1612 650 Dominum
1655 594 1791 648 cruci
1816 594 2099 663 stt/ﬁgeret,

516 700 660 766 cujus
687 693 982 762 sanguinem
1014 691 1257 742 vindicem
1293 704 1446 756 super
1471 703 1524 739 se
1552 702 1745 755 semper
1769 701 1828 736 ac
1853 701 1970 737 suos
1997 699 2105 735 ma-

519 804 632 839 uere
659 787 918 859 voluerunt
947 781 1054 853 (Id.
1089 797 1236 834 xxvn
1264 821 1276 843 ,
1319 778 1534 846 21-26).
1572 776 1656 830 Ita
1699 792 1782 830 vas
1815 777 1966 844 igitur
1992 791 2104 829 san-

519 880 666 949 guine
690 887 858 928 nostro
891 885 1150 943 peccantes
1193 872 1418 924 obruitis.
1465 869 1582 923 Non
1613 870 1744 923 enim
1770 911 1784 932 ,
1819 869 1908 920 etsi
1940 867 2104 938 judea:

521 972 796 1037 percutiat,
844 987 941 1021 non
980 978 1153 1019 vestra:
1192 983 1281 1018 nos
1325 966 1488 1034 potius
1535 964 1801 1016 calumnia:
1839 963 2098 1032 ferierunt.

523 1063 653 1115 Dicit
684 1063 812 1116 enim
841 1061 1086 1131 propheta
1122 1058 1282 1110 David
1309 1074 1370 1110 ec
1396 1056 1597 1108 Domini
1623 1056 1810 1109 Christi
1852 1071 2064 1122 persona
2085 1096 2098 1120 ,

523 1173 540 1204 ι
585 1155 750 1220 Quare
771 1157 1079 1221 fremuerunt
1103 1161 1291 1220 gentes,
1321 1159 1365 1201 et
1395 1148 1568 1219 papuli
1597 1147 1819 1199 meditati
1847 1156 1960 1198 sunt
1987 1146 2101 1197 ina-

517 1245 647 1297 nia?
676 1245 950 1295 .Alstitcrunt
977 1259 1114 1310 rcges
1144 1251 1307 1304 terra',
1338 1249 1382 1290 et
1411 1238 1662 1306 principes
1691 1245 2022 1288 convenerunt
2050 1237 2101 1288 in

519 1351 698 1397 unum,
727 1335 966 1386 adversus
1011 1332 1300 1394 Dominum,
1335 1340 1378 1382 et
1407 1329 1643 1382 adversus
1677 1327 1930 1381 Christum
1967 1329 2096 1398 ejus.

519 1426 908 1493 Disrumpamtts
936 1423 1132 1476 viticula
1158 1438 1348 1484 eorum,
1381 1429 1426 1472 et
1462 1419 1760 1490 abjiciamus
1789 1436 1818 1470 a
1845 1418 1985 1470 nobis
2004 1418 2098 1487 ju-

518 1535 637 1588 gum
663 1519 905 1586 ipsorum.
935 1514 1032 1580 Qui
1057 1513 1247 1566 habitat
1269 1514 1318 1564 in
1346 1511 1503 1576 caelis,
1534 1509 1759 1563 irridebit
1781 1526 1883 1573 cos,
1913 1518 1957 1561 et
1993 1508 2100 1562 Do-

518 1610 682 1661 minus
719 1606 1046 1661 subsannabit
1091 1606 1225 1658 illos.
1259 1604 1401 1657 Tunc
1431 1603 1660 1673 loquetur
1699 1600 1768 1653 ad
1804 1616 1888 1654 eos
1936 1601 1988 1652 in
2024 1601 2100 1653 ira

513 1717 626 1765 sua,
657 1709 702 1752 et
727 1701 779 1752 in
805 1703 976 1768 furore
1003 1714 1093 1750 suo
1120 1695 1433 1749 conturbabit
1456 1710 1558 1747 eos.
1587 1692 1695 1763 Ego
1725 1701 1890 1745 autem
1914 1691 2103 1745 consti-

514 1804 651 1846 tutus
680 1807 792 1844 sum
832 1807 919 1843 rex
949 1790 1008 1841 ab
1032 1806 1089 1842 eo
1115 1804 1266 1855 super
1293 1787 1418 1841 Sion
1457 1796 1675 1838 montem
1699 1794 1927 1838 sanctum
1957 1783 2096 1853 ejus,

517 1884 798 1953 pra'dicans
821 1890 1125 1951 prceceptunt
1145 1880 1270 1948 ejus.
1295 1876 1542 1929 Dominus
1561 1875 1688 1927 dixit
1705 1876 1771 1926 ad
1793 1890 1869 1926 me
1887 1889 1906 1926 :
1933 1873 2098 1925 Filius

518 1989 656 2026 meus
684 1989 734 2024 es
758 1982 830 2037 tu,
864 1987 953 2040 ego
983 1969 1130 2022 hodie
1155 1967 1303 2039 genui
1333 1977 1396 2020 te.
1424 1963 1548 2018 Pete
1575 1982 1605 2017 a
1628 1981 1705 2018 me
1723 2005 1738 2030 ,
1761 1972 1807 2017 et
1837 1962 1966 2016 dabo
2010 1962 2098 2014 tibi

513 2076 681 2135 gentes
702 2063 1042 2116 hccrcdt'tatem
1066 2071 1224 2125 tuam,
1254 2069 1298 2113 et
1322 2060 1680 2128 possessionem
1704 2067 1841 2110 tuam
1857 2055 2096 2110 terminos

515 2167 680 2210 terrae.
707 2154 869 2225 Reges
899 2171 982 2206 eos
1008 2154 1058 2206 in
1088 2153 1225 2221 virga
1254 2155 1445 2221 ferrea,
1477 2159 1522 2202 et
1559 2159 1797 2217 tanquam
1836 2162 1921 2200 vas
1951 2147 2099 2216 ﬁguli

510 2247 627 2300 illos
648 2245 969 2298 comminues.
999 2261 1017 2294 ι
1048 2242 1310 2312 Ipsosque,
1340 2240 1477 2294 idest
1506 2257 1663 2311 reges,
1691 2255 1751 2292 ne
1770 2238 1915 2307 quasi
1931 2237 2100 2307 ignari

513 2337 589 2389 vel
626 2335 777 2389 nescii
805 2334 1030 2404 persequi
1061 2342 1295 2399 cuperent
1323 2329 1637 2384 Christianos
1660 2369 1676 2395 ,
1717 2328 1795 2381 his
1836 2328 2100 2397 prteceptis

511 2425 807 2488 admonuit,
836 2438 897 2477 ne
935 2423 1150 2493 perirent
1181 2435 1334 2489 :qua:
1372 2419 1488 2472 illos
1517 2427 1798 2489 prcecepta,
1840 2417 1960 2482 quia
2002 2432 2094 2469 ne-

511 2519 696 2582 sciunt,
728 2517 920 2568 utinam
947 2515 1237 2566 doceremus
1258 2528 1274 2575 ;
1297 2522 1382 2564 aut
1411 2521 1542 2564 certe
1571 2527 1655 2563 vos
1686 2510 1789 2562 illis
1811 2509 1920 2562 sine
1946 2507 2097 2560 dubio

510 2610 855 2673 ostendet-etis,
893 2608 935 2660 si
962 2606 1150 2660 velletis
1181 2614 1232 2657 ut
1260 2605 1509 2667 viverent;
1537 2603 1613 2657 vel
1631 2611 1781 2668 certe,
1817 2601 1954 2672 quod
1993 2610 2098 2653 ter-

512 2703 635 2754 tium
657 2710 747 2763 est,
771 2699 906 2768 ipsos
927 2698 1116 2751 sibimet
1151 2695 1311 2767 legere
1340 2708 1501 2748 vestra
1529 2694 1720 2747 malitia
1749 2692 2097 2761 permisisset:

513 2793 705 2862 primus
733 2788 1004 2842 Davididts
1027 2787 1250 2857 psalmus
1270 2786 1370 2838 dlis
1393 2787 1594 2838 omnino
1612 2785 1866 2845 suaderet,
1891 2793 1944 2835 ut
1965 2783 2100 2834 chri-

511 2883 661 2937 stiani
691 2883 904 2936 riverent
931 2889 974 2934 et
1011 2888 1317 2950 regnarent;
1356 2894 1480 2946 quos
1506 2878 1707 2944 quidem
1743 2877 1875 2929 male
1899 2875 2100 2943 decepi-

511 2977 622 3041 stis,
653 2975 774 3028 dum
811 2973 946 3028 vobis
977 2989 1083 3026 sese
1112 2972 1446 3024 committunt.
1494 2969 1588 3022 l’os
1619 2984 1832 3036 namque
1855 2968 1958 3020 illis
1983 2980 2099 3033 quc

511 3069 644 3121 mala
667 3078 785 3120 sunt
804 3065 1013 3135 ﬁngitis,
1043 3073 1089 3116 et
1110 3077 1221 3132 qute
1244 3060 1374 3114 bona
1395 3069 1509 3113 sunt
1532 3059 1812 3112 occultatis.
1850 3056 1961 3110 lloc
1983 3067 2098 3110 tan-

510 3159 624 3213 dem
655 3157 820 3227 legant
841 3155 917 3209 vel
941 3155 1122 3216 serius,
1150 3153 1286 3222 quod
1311 3152 1431 3204 olim
1453 3152 1613 3220 legere
1639 3151 1934 3203 debuerunt.
1960 3149 2095 3214 Quid

511 3251 644 3304 enim
683 3247 853 3302 dicit?
887 3265 905 3298 ι
947 3245 1011 3300 Et
1037 3261 1168 3298 nunc
1191 3284 1205 3310 ,
1235 3260 1406 3314 reges,
1449 3242 1746 3312 itttelligite;
1789 3241 2092 3305 erudimini,

510 3342 595 3398 aui
618 3341 856 3407 iudicatis
881 3349 1086 3392 terrant.
1110 3335 1304 3392 Servite
1325 3334 1544 3388 Domino
1566 3335 1618 3387 in
1638 3334 1833 3398 timore,
1857 3343 1902 3386 et
1925 3333 2097 3386 exsul-

511 3441 612 3486 tate
657 3431 699 3483 ei
745 3446 858 3483 cum
905 3437 1146 3491 tremore;
1195 3424 1557 3494 apprehendite
1599 3423 1946 3492 disciplinam,
1998 3439 2093 3476 ne-

511 3519 712 3589 quando
757 3520 1006 3571 irascatur
1051 3515 1322 3576 Dominus,
1371 3523 1416 3566 et
1457 3514 1670 3580 pereatis
1709 3512 1772 3566 de
1817 3515 1897 3566 via
1926 3513 2090 3582 justa.

512 3609 638 3664 Cum
679 3607 920 3664 exarserit
953 3623 1108 3676 quam
1151 3606 1248 3659 cito
1291 3605 1367 3658 ira
1400 3605 1560 3674 ipsius
1605 3619 1757 3674 super
1797 3619 1882 3658 vos
1906 3643 1920 3669 ,
1965 3604 2096 3657 beati

509 3717 680 3756 omnes
703 3699 787 3772 qui
811 3698 1070 3768 conﬁdunt
1102 3697 1153 3751 in
1180 3713 1237 3750 eo
1274 3715 1293 3749 ι
1326 3694 1494 3769 (Psal.
1522 3695 1602 3768 ιι).
1634 3694 1990 3765 Imperatores,
2015 3697 2096 3750 in-

509 3809 683 3862 quam,
711 3790 1030 3846 suasionibus
1057 3788 1302 3858 premitis,
1330 3797 1381 3840 ut
1407 3786 1653 3853 Pilatum,
1683 3803 1850 3856 quem,
1881 3797 1936 3841 ut
1960 3787 2093 3841 dixi-

511 3900 643 3948 mus,
673 3880 842 3935 Judcet
873 3888 1182 3951 presserunt,
1216 3879 1327 3933 licet
1350 3879 1459 3947 ipse
1481 3877 1768 3932 clamaverit
1793 3878 1968 3931 lavans
1997 3880 2094 3946 pte-4

512 3977 635 4031 blice
678 3989 858 4028 manus
885 4015 900 4040 ,
947 3990 967 4025 ι
1005 3969 1156 4025 Liber
1191 3987 1302 4026 sum
1346 3986 1378 4023 α
1424 3969 1670 4040 sanguine
1712 3969 1864 4040 hujus
1899 3969 2032 4040 justi
2063 3988 2084 4021 ι

512 4067 724 4140 (Matth.
765 4081 914 4121 xxvu
937 4108 951 4132 ,
992 4065 1082 4134 24)
1113 4082 1132 4118 ;
1161 4074 1325 4117 tamen
1359 4062 1610 4132 quomodo
1638 4071 1796 4132 potest
1823 4078 1855 4115 a
1881 4062 2091 4116 crimine

507 4159 726 4213 mundus
752 4173 858 4213 esse
879 4157 963 4226 qui
987 4157 1101 4227 fecit
1121 4155 1148 4208 Γ
1175 4155 1279 4212 Sed
1305 4163 1358 4207 ut
1386 4162 1549 4209 vetera
1575 4163 1766 4207 taceam
1785 4195 1800 4222 ,
1832 4154 1886 4207 in
1915 4155 2090 4208 vestris

505 4251 748 4322 exemplis
785 4248 1026 4302 advertite
1064 4247 1389 4320 imperatores
1421 4263 1573 4316 quam
1612 4245 1782 4316 plures
1810 4262 1870 4300 ac
1892 4246 2089 4315 judices

506 4353 693 4398 vestros
721 4341 1110 4413 persecutionem
1137 4339 1278 4394 nobis
1313 4340 1545 4409 faciendo
1573 4339 1797 4410 periisse.
1831 4337 1898 4394 Ut
1927 4338 2087 4393 relin-

503 4450 655 4497 quant
679 4431 955 4497 Neronem,
982 4431 1068 4501 qui
1093 4431 1287 4502 primus
1316 4440 1386 4485 est
1417 4439 1704 4501 persecutus
1733 4429 2088 4494 Christianos;

508 4526 854 4583 Domitianum
882 4525 1117 4580 similiter
1144 4522 1367 4579 Neronis
1391 4525 1669 4578 maximam
1695 4534 1886 4593 partem
1905 4563 1920 4588 ,
1953 4521 2086 4576 Tra-

498 4621 700 4690 ianum,
730 4616 908 4672 Getam
935 4616 951 4650 ¹
975 4658 990 4681 ,
1017 4614 1247 4683 Decium,
1295 4615 1637 4682 Valerianum,
1673 4615 2084 4680 Diocletianum;

507 4710 651 4778 periit
680 4709 832 4764 etiam
869 4707 1217 4763 Maximianus
1247 4723 1266 4762 :
1294 4708 1380 4778 qui
1405 4723 1521 4760 cum
1546 4707 1699 4760 thura
1728 4706 2081 4777 prazdicarent,

499 4801 716 4855 incensis
739 4799 991 4854 codicibus
1017 4798 1280 4852 dominicis
1299 4839 1314 4862 ,
1357 4799 1550 4870 primus
1581 4796 1938 4863 Marcellinus,
1969 4798 2083 4867 epi-

501 4907 684 4965 scopus
709 4891 1057 4946 Romanorum
1083 4890 1167 4961 qui
1192 4891 1310 4961 fuit,
1343 4890 1430 4944 sed
1456 4899 1500 4943 et
1528 4887 1851 4959 Carthaginis
1879 4889 2083 4942 Mensu-

501 4985 630 5051 rius,
657 4991 701 5037 et
739 4981 1061 5047 Carcitianus,
1099 4998 1161 5036 ea:
1187 4983 1310 5050 ipsis
1332 4982 1589 5050 sacrilegis
1619 4981 1838 5050 ﬂammis
1859 5021 1873 5044 ,
1918 4989 1970 5033 ut
1997 4983 2081 5049 {a—

499 5074 632 5128 villa:
653 5072 731 5128 vel
765 5073 954 5128 cineres
979 5081 1344 5125 remanserunt.
1387 5069 1574 5125 Thuris
1609 5071 1744 5124 enim
1776 5070 2082 5123 conscientia

497 5181 668 5220 onmes
698 5164 966 5234 implicuit,
991 5163 1074 5234 qui
1107 5161 1367 5217 Mensurio
1388 5162 1733 5217 consensistis.
1770 5159 1930 5215 Periit
1959 5159 2081 5214 Ma-

559 5344 575 5374 ι
604 5340 843 5390 Fditioncs
869 5349 964 5389 Am.
1009 5348 1060 5391 et
1082 5348 1154 5390 Er.
1176 5341 1295 5400 loco,
1323 5348 1465 5400 ﬂetur,
1501 5343 1815 5397 substituunt.
1868 5341 2077 5392 t'arium.

495 5405 596 5452 t-‘uit
620 5403 662 5452 is
694 5401 914 5452 Aurelius
959 5406 1218 5466 Antoninus
1259 5406 1597 5466 Heliogabalus
1633 5417 1723 5452 seu
1767 5404 2078 5465 Alagabalns,

499 5466 619 5513 \arii
642 5477 837 5518 nomen,
863 5464 991 5527 quod
1015 5467 1148 5514 vario
1167 5474 1216 5514 et
1240 5464 1424 5516 incerto
1446 5468 1635 5514 semine
1658 5464 1924 5527 conceptus
1946 5477 2080 5527 puta-

495 5535 651 5582 retur,
689 5528 906 5583 sortitus,
931 5533 983 5574 ut
1007 5527 1295 5589 Lampridius
1317 5536 1495 5576 narrat.
1521 5527 1610 5576 sed
1635 5529 1944 5590 manuscripti
1969 5543 2080 5577 ςιιιι-

495 5593 681 5651 stanter
704 5591 998 5651 praeferunt.
1037 5596 1229 5651 (ictam:
1253 5590 1380 5651 quod
1406 5602 1583 5639 nomen
1619 5589 1760 5639 alteri
1793 5589 1957 5639 Severi
1983 5590 2078 5638 tilio

493 5645 599 5709 fuit,
618 5645 748 5699 Entri
773 5652 990 5702 Antonini
1006 5649 1271 5701 (maestum.

1371 207 1639 260 CONTRA
1683 205 2020 260 I.lTTER.\S
2061 204 2420 270 PETlLIAXl,
2463 204 2516 260 S.
2563 203 2928 261 AUGUSTI.“

3691 201 3796 261 3‘2".

2213 319 2396 381 carius,
2425 317 2567 386 periit
2600 317 2837 370 Ursucius
2863 319 2959 387 (ct),
2987 317 3249 380 cunctique
3271 315 3486 369 Comites
3509 319 3675 378 restri,
3707 318 3806 375 Dei

2213 413 2402 480 pariter
2431 409 2649 463 vindicta
2680 410 2952 478 perierunt.
2998 407 3262 462 Ursaciunt
3292 425 3507 470 namque
3535 409 3800 462 barbarica

2212 519 2380 572 pugna
2403 511 2726 571 prostratum,
2756 503 2899 555 saevis
2923 501 3171 571 unguibus
3193 501 3337 554 alites
3359 517 3643 569 canumque
3662 505 3809 560 ιιι-ἰόὶ

2210 593 2382 648 dentes
2409 596 2654 647 morsibus
2691 595 3081 664 discerpserunt.
3117 593 3301 648 Nonne
3335 594 3466 646 idem
3499 606 3659 648 vestro
3697 600 3796 648 im-

2210 686 2358 754 pulsu
2389 703 2652 754 pt'l'CttSSOi'
2677 697 2769 751 est,
2799 688 2904 755 qui,
2938 697 2990 740 ut
3018 703 3108 740 rex
3127 686 3317 749 Achab,
3345 704 3490 756 quem
3521 689 3741 741 diximus
3769 706 3800 740 a

2209 777 2416 830 muliere
2445 795 2760 845 persuasum,
2796 780 2991 848 justum
3030 796 3304 848 pauperem
3335 780 3518 832 occidit
3550 781 3637 852 (lll
3671 781 3793 852 Reg.

2209 867 2360 938 XXI)?
2401 867 2484 920 Ita
2527 885 2618 922 nos
2649 871 2661 900 ¹
2693 886 2888 937 quoque
2914 871 3084 938 justas
3114 881 3158 922 et
3190 887 3435 938 pauperes
3467 870 3624 940 (circa
3651 890 3798 941 Opem

2207 962 2420 1014 dixerim
2452 962 2761 1014 mundanam
2796 963 2816 992 ⁸
2840 1002 2852 1022 ,
2881 979 2997 1014 nam
3034 963 3197 1031 gratia
3233 961 3325 1016 Dei
3352 963 3402 1015 in
3430 964 3571 1016 nobis
3601 981 3698 1016 non
3727 977 3796 1018 est

2207 1053 2420 1122 pauper)
2473 1069 2571 1104 non
2617 1053 2843 1106 desinitis
2881 1055 3144 1123 jugulare.
3195 1053 3314 1106 Non
3355 1055 3486 1107 enim
3529 1056 3591 1125 (si
3633 1067 3796 1109 tamen

2206 1160 2361 1196 manu
2391 1161 2486 1197 non
2515 1145 2702 1215 facitis)
2731 1163 2827 1197 non
2851 1147 3024 1214 lingua
3045 1146 3282 1214 carniﬁce
3311 1147 3562 1200 hominem
3582 1150 3798 1219 jugula-

2207 1235 2288 1286 tis.
2323 1234 2584 1300 Scriptum
2612 1246 2682 1288 est
2709 1237 2840 1288 enim
2870 1251 2888 1288 :
2921 1254 2938 1287 ι
2980 1235 3124 1289 Mors
3154 1247 3197 1290 et
3229 1238 3330 1290 vita
3359 1238 3409 1290 in
3439 1239 3673 1293 manibus
3698 1230 3795 1292 lin;

2205 1341 2318 1394 gnte
2353 1344 2370 1376 ι
2409 1324 2587 1397 (Prov.
2632 1343 2757 1380 xvm
2781 1369 2794 1390 ,
2825 1326 2937 1397 2|).
2974 1327 3161 1381 Omnes
3198 1346 3316 1396 ergo
3342 1329 3427 1399 qui
3457 1331 3610 1384 occisi
3637 1341 3751 1384 sunt
3774 1375 3787 1393 ,

2205 1425 2256 1467 tu
2284 1417 2368 1485 qui
2395 1433 2572 1470 suasor
2596 1433 2648 1470 es
2673 1418 2924 1471 occidisti.
2962 1417 3140 1488 Neque
3174 1421 3305 1472 enim
3336 1437 3515 1474 manus
3539 1423 3793 1491 carniﬁcis

2204 1507 2301 1559 nisi
2323 1508 2497 1578 lingua
2517 1517 2602 1560 tua
2630 1511 2878 1576 fervescit,
2911 1519 2956 1562 et
2978 1510 3063 1563 ille
3092 1510 3233 1562 dirus
3267 1509 3288 1541 ³
3317 1513 3534 1580 pectoris
3563 1513 3705 1566 calor
3741 1515 3790 1566 in

2204 1599 2425 1651 alienum
2459 1599 2755 1668 sanguinem
2786 1599 2944 1653 verbis
2987 1601 3086 1653 tuis
3123 1601 3420 1656 accenditur
3441 1644 3455 1668 ,
3495 1605 3786 1674 sanguinem

2192 1689 2392 1758 justum
2423 1690 2502 1744 sui
2528 1690 2773 1743 vindicem
2801 1689 3080 1756 di/fusoris.

2272 1781 2399 1834 205.
2439 1783 2573 1837 Auo.
2612 1783 2888 1851 respondit
2919 1799 2930 1836 :
2965 1782 3096 1836 lluic
3132 1782 3249 1837 loco
3290 1789 3396 1837 tam
3427 1783 3644 1853 copiose
3676 1800 3703 1837 a
3735 1795 3786 1840 te

2201 1882 2520 1942 exaggerato
2547 1882 2706 1942 atque
2736 1874 2960 1942 digesto,
2993 1873 3077 1927 ubi
3108 1874 3175 1929 de
3219 1875 3434 1943 regibus
3465 1876 3650 1930 saculi
3699 1877 3791 1930 ad-

2203 1980 2388 2020 versus
2415 1981 2512 2021 nos
2543 1965 2801 2020 invidiose
2854 1966 3130 2036 loquimini
3158 2009 3171 2034 ,
3223 1968 3266 2022 si
3317 1967 3495 2022 debite
3525 1968 3788 2040 digneque

2202 2056 2575 2127 respondeam,
2602 2073 2792 2113 vereor
2833 2074 2897 2111 ne
2928 2074 3011 2112 me
3040 2073 3250 2128 quoque
3278 2059 3581 2115 crimineris
3605 2077 3787 2131 regum

2203 2148 2529 2203 iracundiam
2558 2150 2608 2203 in
2636 2164 2731 2203 vos
2756 2151 3023 2203 concitare
3054 2150 3305 2204 voluisse.
3326 2150 3640 2222 Quanquam
3668 2169 3785 2207 cum

2203 2255 2351 2293 more
2378 2249 2557 2293 vestro
2585 2239 2954 2294 univcrsalitcr
2992 2241 3042 2293 in
3083 2255 3270 2296 omnes
3299 2242 3605 2298 Catholieos
3634 2243 3788 2314 hujus

2203 2332 2514 2388 invectionis
2545 2335 2741 2404 impetu
2797 2332 2985 2389 l‘ercris
3013 2333 3062 2399 ⁸,
3103 2350 3201 2390 nec
3241 2351 3325 2389 me
3355 2338 3536 2406 utique
3565 2347 3787 2408 prmtcr~

2202 2422 2384 2476 mittis.
2416 2422 2624 2478 Curabo
2654 2435 2830 2478 tamen
2863 2424 3176 2490 ostendere,
3209 2424 3251 2479 si
3285 2433 3538 2494 potuero,
3593 2438 3644 2482 te
3691 2429 3790 2483 hoc

2203 2513 2376 2581 potius
2399 2511 2588 2568 fecisse
2619 2513 2741 2567 talia
2768 2513 3016 2579 dicendo,
3043 2530 3199 2583 quam
3229 2531 3313 2568 me
3339 2516 3531 2570 talibus
3561 2533 3783 2589 rCSpon-

2201 2602 2397 2656 dendo.
2431 2606 2507 2657 Ac
2538 2604 2766 2673 primum
2791 2604 2912 2659 vide
2939 2605 3384 2675 quemadmodum
3432 2608 3524 2662 tibi
3578 2617 3630 2662 tu
3677 2610 3788 2679 ipse

2201 2695 2498 2750 advel-seris
2529 2713 2541 2750 :
2571 2705 2717 2752 certe
2749 2697 2904 2751 istum
2944 2698 3116 2753 locum
3158 2699 3236 2753 sic
3280 2715 3503 2754 exorsus
3533 2717 3610 2766 cs,
3650 2701 3788 2766 Quid

2199 2797 2364 2839 autem
2385 2788 2519 2840 vobis
2541 2798 2612 2841 est
2639 2804 2755 2840 cum
2779 2788 2975 2856 regibus
2999 2790 3191 2854 siccati,
3213 2805 3333 2859 quos
3351 2808 3604 2860 nunquam
3633 2792 3787 2846 Chri-

2199 2879 2429 2932 stianitas
2449 2879 2546 2932 nisi
2565 2879 2759 2932 invidos
2784 2881 2934 2934 sensit
2957 2881 2982 2933 .9
3010 2881 3102 2936 llis
3130 2882 3307 2936 verbis
3327 2883 3576 2953 prohibes
3604 2884 3789 2955 utique

2200 2985 2297 3024 nos
2325 2969 2391 3023 ad
2421 2985 2572 3040 rcges
2601 2971 2781 3026 smculi
2810 2971 3088 3026 accedere.
3140 2973 3207 3026 Et.
3252 2973 3407 3042 paulo
3446 2984 3564 3044 post
3604 2976 3740 3030 dicis
3772 2994 3785 3029 :

2201 3059 2466 3132 Ipsosque,
2497 3061 2549 3113 id
2575 3071 2645 3114 est
2673 3077 2831 3132 reges,
2862 3079 2924 3116 ne
2949 3063 3091 3132 quasi
3122 3063 3288 3133 ignari
3321 3065 3398 3118 vel
3435 3066 3590 3119 nescii
3618 3083 3788 3135 perse—

2198 3155 2284 3223 qui
2334 3163 2569 3220 cuperent
2614 3153 2943 3216 Christianos,
2981 3155 3058 3208 his
3089 3157 3350 3226 pra‘ceptis
3378 3157 3679 3223 admonuit,
3728 3175 3788 3211 ne

2197 3246 2413 3312 perirent
2441 3260 2461 3298 :
2485 3261 2598 3312 qua:
2639 3245 2754 3298 illos
2803 3257 3072 3315 prcecepta,
3120 3249 3238 3316 quia
3278 3249 3546 3314 nesciunt,
3591 3251 3788 3303 minans

2198 3336 2486 3392 duceremus
2511 3353 2529 3400 ;
2558 3348 2644 3390 aut
2672 3349 2801 3390 certe
2828 3355 2912 3391 vos
2941 3339 3044 3391 illis
3083 3341 3189 3392 sine
3230 3340 3379 3392 dubio
3418 3343 3747 3395 ostenderetis
3770 3385 3786 3406 ,

2197 3428 2241 3481 si
2286 3430 2473 3483 velletis
2496 3439 2549 3481 ut
2588 3429 2825 3484 viverent.
2877 3429 3156 3496 Quomodo
3188 3430 3347 3499 igitur
3377 3447 3472 3485 nos
3499 3449 3683 3502 regum
3713 3436 3789 3486 vis

2196 3536 2315 3575 esse
2344 3521 2624 3575 doctores?
2647 3521 2710 3574 Et
2740 3520 2906 3573 nostri
2952 3520 3190 3589 quidem,
3224 3521 3268 3574 si
3299 3539 3400 3591 qua
3433 3525 3512 3577 eis
3552 3527 3786 3581 amicitia

2196 3621 2279 3668 est
2303 3629 2422 3668 cum
2451 3613 2663 3682 regibus
2690 3611 3013 3678 christianis,
3059 3613 3102 3665 si
3129 3627 3190 3667 ea
3215 3612 3350 3668 bene
3372 3623 3612 3682 utuntur,
3652 3619 3787 3672 nihil

2197 3717 2419 3776 peccant
2446 3723 2458 3759 :
2488 3707 2530 3760 si
2557 3705 2644 3775 qui
2672 3721 2799 3759 vero
2837 3704 2958 3760 inde
2992 3705 3349 3771 extolluntur,
3398 3707 3566 3761 nmlto
3612 3709 3788 3765 levius

2195 3813 2351 3868 quam
2379 3811 2473 3851 vos
2501 3806 2741 3866 peccant.
2773 3795 2935 3850 Vobis
2965 3797 3128 3862 enim,
3161 3798 3248 3867 qui
3278 3799 3354 3852 sic
3382 3814 3479 3853 nos
3508 3802 3741 3870 arguitis
3771 3845 3784 3866 ,

2195 3890 2319 3960 quid
2351 3891 2446 3943 fuit
2488 3905 2608 3944 cum
2660 3905 2786 3959 rege
2831 3904 3051 3959 pagano,
3103 3898 3176 3954 ct,
3223 3889 3362 3959 quod
3408 3898 3491 3944 est
3543 3895 3784 3962 gravius.

2194 3990 2434 4050 apostata
2467 3989 2522 4034 et
2561 3979 2838 4035 chrisriani
2885 3980 3115 4034 nominis
3159 3979 3310 4034 hoste
3351 3979 3586 4047 Iuliano,
3617 3999 3644 4035 a
3679 3999 3784 4053 quo

2193 4071 2343 4124 vobis
2382 4070 2626 4125 basilicas
2673 4069 2822 4141 quasi
2866 4079 3070 4126 vestras
3099 4070 3250 4126 reddi
3282 4073 3649 4142 deprecantes,
3687 4076 3784 4129 hoc

2193 4161 2246 4215 in
2275 4159 2391 4230 ejus
2421 4159 2579 4215 laude
2609 4160 2860 4229 posuistis
2879 4201 2895 4225 ,
2926 4162 3062 4230 quod
3091 4161 3231 4232 apud
3271 4178 3382 4215 eum
3431 4164 3540 4217 sola
3574 4164 3783 4234 justitia

2194 4251 2360 4307 locum
2390 4251 2634 4305 haberet?
2659 4250 2862 4318 Quibus
2891 4251 3066 4305 verbis
3108 4251 3291 4321 (credo
3328 4253 3469 4308 enim
3496 4269 3591 4308 vos
3617 4255 3782 4310 inlini:

2193 4341 2508 4414 intelligere)
2539 4352 2590 4396 ct
2617 4341 2914 4396 idololatria
2947 4341 3162 4407 Juliaui,
3190 4352 3246 4397 et
3287 4345 3548 4413 apostasia
3574 4346 3776 4414 justitia

2191 4443 2274 4488 est
2301 4434 2587 4504 appellata.
2614 4431 2851 4486 Tenetur
2878 4433 3086 4504 petitio,
3131 4450 3290 4504 quam
3334 4435 3499 4490 vestri
3545 4437 3776 4506 majores

2191 4525 2446 4581 dederunt
2467 4540 2480 4590 ;
2499 4524 2807 4578 censt’ttutio
2829 4525 2871 4591 ⁵,
2900 4541 3057 4596 quam
3101 4525 3728 4596 impctravcrunt;Gcsta
3758 4573 3773 4599 ,

2255 4662 2268 4692 ί
2298 4660 2433 4718 Editi,
2459 4673 2553 4711 vos.
2582 4668 2635 4710 At
2655 4667 2785 4720 Mss,
2809 4674 2911 4712 nos.

2253 4723 2274 4754 ³
2299 4722 2610 4772 rloriacensis
2626 4722 2800 4780 codex,
2825 4721 3162 4772 mundaneam.

2255 4785 2275 4816 ³
2295 4794 2394 4831 Am.
2424 4793 2474 4833 ct
2496 4792 2618 4840 Mss,
2645 4788 2815 4834 durus.

2254 4845 2275 4876 ⁸
2299 4847 2371 4894 sic
2392 4856 2490 4894 Am.
2517 4855 2570 4895 ct
2724 4855 2780 4895 At
2802 4853 2875 4894 Er.
2903 4852 2953 4894 et
2972 4852 3100 4904 ων..
3123 4845 3317 4908 feraris.

2250 4909 2271 4940 ⁵
2297 4918 2396 4956 Am.
2424 4917 2474 4956 et
2497 4913 2592 4966 lir.,
2616 4921 2757 4971 quam
2783 4910 3018 4971 dedertatt
3041 4909 3328 4960 constantio.
3364 4909 3453 4959 Sed
3477 4909 3643 4966 nullus
3656 4923 3771 4964 mn.

2188 4972 2364 5034 stantio
2389 4968 2662 5034 inn-oratori
2688 4968 2821 5018 locus
2843 4972 2890 5034 in
2923 4970 3010 5018 hac
3041 4973 3392 5034 Donatistannn
3431 4974 3648 5034 historia,
3684 4991 3771 5026 nec

2188 5033 2250 5080 ab
2274 5045 2334 5080 eo
2356 5033 2703 5080 Donatistarum
2727 5032 3160 5101 nominepetitum
3206 5033 3465 5095 quidquam
3502 5046 3585 5085 aut
3620 5032 3769 5101 impe-

2189 5101 2382 5143 tratum.
2408 5103 2562 5149 Quare
2588 5107 2694 5158 pro,
2715 5089 3019 5152 constantia;
3047 5089 3271 5158 rest.tnla
3291 5089 3368 5158 est
3403 5111 3491 5158 per
3516 5089 3771 5149 Losaui'eu-

2186 5167 2270 5205 ενδ
2309 5169 2422 5213 vox,
2457 5155 2754 5214 constitutio,
2812 5168 2955 5216 quam
3012 5163 3066 5204 et
3107 5157 3258 5204 nostri
3311 5155 3495 5210 habent
3551 5161 3767 5210 Gallican

2187 5224 2291 5265 MSS.

2250 5280 2321 5340 (α)
2348 5281 2522 5327 λιειαπίἰ
2543 5291 2733 5326 causam
2749 5279 2942 5339 copiose
2979 5276 3199 5327 defendit
3235 5287 3435 5340 Optatos
3466 5281 3592 5332 libro
3610 5285 3640 5331 5
3661 5298 3767 5333 con-

2186 5348 2258 5390 tra
2284 5343 2660 5407 Ifarmenianum.
2700 5348 2766 5388 De
2804 5342 2992 5388 Ursacio
3025 5343 3170 5407 etiam
3210 5342 3389 5407 ibidem
3420 5357 3432 5391 :
3469 5363 3491 5389 ι
3515 5344 3766 5407 l)is,lice.nt

2193 5421 2215 5447 α
2233 5402 2381 5460 vobis,
2406 5419 2428 5445 ι
2459 5412 2542 5455 ait.
2571 5420 2593 5446 ι
2619 5411 2833 5461 tenuiora
2853 5415 3016 5450 nescru
3034 5403 3169 5463 cujus
3186 5405 3385 5465 Leontii,
3407 5402 3608 5465 ttrsacii,
3625 5415 3767 5456 Maca-

2193 5482 2215 5508 ι
2237 5465 2293 5512 rii
2313 5498 2328 5516 .
2361 5471 2411 5512 et
2439 5473 2745 5513 czctcrorum.
2772 5481 2793 5508 ι
2821 5469 2873 5511 Et
2889 5467 3184 5526 augustituts
3215 5464 3334 5514 infra
3351 5501 3366 5524 ,
3394 5469 3438 5515 in
3464 5464 3592 5516 libro
3607 5478 3766 5518 contra

2183 5527 2488 5591 Cresconium
2531 5527 2707 5582 tertio,
2741 5539 2843 5586 cap.
2865 5523 3072 5591 _2tl,'sil.i
3111 5539 3196 5587 pro
3221 5523 3492 5591 (Donatistis
3526 5531 3760 5591 objectat:

2192 5589 2327 5636 «sed
2368 5587 2910 5653 posteaquanrttrsacio
2961 5595 3011 5653 et
3057 5588 3316 5650 Ζυιιοιιιιιο
3363 5587 3763 5653 persequentibus

2193 5668 2215 5695 ι
2238 5647 2588 5699 communicare
2629 5647 2860 5698 noluisset
2899 5666 2920 5694 ν
2951 5649 3164 5699 Silvanus
3189 5647 3200 5650 ⁷
3222 5647 3451 5701 Cirtensis
3485 5647 3763 5717 ct'iscopns,
