4028 6202
286 258 390 313 39.5

286 377 375 430 ubi
417 373 801 443 allegavertrnt.
859 370 1133 441 Erigi'atc,
1190 378 1241 423 et
1276 366 1539 421 attendite
1592 382 1607 419 :
1661 365 1874 418 inimico

286 465 522 526 Christi,
564 472 821 532 apustata:
846 502 859 524 ,
900 463 1209 515 adversario
1251 459 1690 518 Christianorum,
1721 468 1876 508 servo

286 557 696 617 ihemoniorum,
724 553 920 607 talibus
945 553 1123 606 verbis
1154 551 1261 614 ille,
1294 550 1400 614 ille,
1428 557 1601 603 vester
1623 549 1708 601 ille
1732 547 1871 600 Pun-

284 649 389 701 tius
421 645 759 716 supplicavit.
791 642 867 698 lte
901 657 1063 707 nunc,
1094 650 1146 696 et
1174 642 1326 695 nobis
1354 640 1532 701 dicite,
1570 638 1703 703 Quid
1737 638 1873 690 rubis

294 747 365 791 est
387 752 503 788 cum
533 735 731 805 regibus
752 733 966 788 surculi?
988 743 1041 786 ut
1070 732 1215 787 surdi
1243 730 1418 785 surdis
1441 731 1646 799 populis
1664 730 1868 798 legatis,

282 847 351 900 qu
378 830 420 881 td
440 845 560 881 cum
585 828 714 898 ipsis
731 827 917 881 audire
934 843 1036 880 non
1055 826 1210 878 vultis
1234 823 1516 893 :Stipnlmn
1532 822 1583 876 in
1602 823 1744 875 oculo
1760 826 1870 891 {ra-

285 922 373 974 tris
388 919 626 983 (uirides,
652 918 839 971 trabem
853 918 903 970 in
925 917 1167 969 ornlotuo
1194 933 1291 989 non
1312 915 1444 967 vides
1462 912 1765 982 (MIHI/LVII,
1789 912 1868 979 5).

353 1012 420 1065 20
433 1012 476 1065 ι.
505 1010 661 1077 Quid,
692 1009 885 1077 inquis,
920 1007 1056 1060 vobis
1080 1016 1152 1059 est
1177 1022 1288 1057 cum
1309 1004 1506 1074 regibus
1520 1003 1714 1067 saeculi,
1746 1018 1870 1071 quos

284 1116 539 1165 nummum
570 1098 928 1153 Christianitns
977 1097 1073 1148 nisi
1128 1095 1322 1147 invidos
1354 1094 1551 1147 sensit?
1598 1093 1707 1146 lloc
1749 1107 1870 1145 cum

287 1191 531 1253 dixisses,
554 1202 874 1242 enumerare
899 1196 1120 1239 conatus
1147 1202 1222 1247 es,
1254 1200 1387 1253 quos
1414 1199 1565 1253 rcges
1591 1184 1720 1252 justi
1749 1198 1874 1238 Sen-

286 1281 449 1333 scriut
497 1279 743 1332 inimicos
772 1294 786 1329 :
818 1292 917 1330 nec
961 1274 1306 1330 considerasti
1347 1274 1487 1343 quod
1534 1276 1712 1343 piures
1743 1290 1875 1328 enn-

284 1370 476 1423 merari
497 1369 725 1437 possint,
740 1382 873 1436 quos
893 1366 1169 1419 habuerint
1187 1365 1402 1419 anticus.
1432 1365 1587 1418 Pater
1602 1364 1870 1418 Abraham

284 1474 314 1511 a
344 1474 472 1528 rege
501 1458 756 1511 divinitus
794 1455 1068 1510 admonito
1113 1470 1179 1508 ne
1226 1454 1564 1508 attaminaret
1601 1456 1714 1521 ejus
1745 1470 1875 1507 uxo-

286 1564 420 1613 rem,
451 1557 507 1602 et
534 1548 859 1602 amicissime
910 1545 1122 1599 habitus
1173 1553 1255 1598 cst
1282 1584 1297 1606 ,
1351 1555 1404 1597 ct
1446 1559 1639 1598 mumts
1669 1544 1869 1613 accepit

287 1639 440 1713 (Gen.
484 1640 605 1707 xx).
637 1639 783 1692 ISaac
816 1637 955 1691 tilius
981 1637 1098 1705 ejus
1131 1650 1310 1704 regem
1340 1635 1583 1688 similiter
1607 1634 1872 1687 amicissi-

287 1747 431 1784 mmn
461 1740 715 1799 expertus
746 1737 830 1783 cst
857 1726 966 1800 (Id.
997 1743 1142 1791 xxvi,
1170 1727 1278 1796 ιι).
1311 1726 1476 1780 JaCob
1507 1727 1556 1779 in
1584 1724 1871 1795 rEgyptum

285 1838 315 1874 a
347 1838 470 1892 rege
502 1821 885 1875 lmnorabiliter
912 1829 1186 1889 exceptus,
1228 1834 1348 1873 eum
1400 1820 1558 1873 etiam
1606 1819 1873 1873 benedicit

289 1915 397 1982 (Id.
434 1915 615 1983 xu'n).
647 1912 781 1982 Quid
815 1912 1002 1982 loquar
1031 1913 1095 1966 de
1123 1912 1232 1964 lilio
1258 1910 1373 1980 ejus
1400 1910 1619 1980 Joseph,
1643 1911 1730 1980 qui
1755 1920 1873 1980 post

289 2006 519 2058 careeris
552 2004 984 2068 tribulationem,
1030 2019 1136 2073 quo
1181 2003 1323 2059 velut
1372 2002 1493 2073 igne
1521 2003 1655 2057 sicut
1686 2018 1872 2056 aurum

288 2096 503 2148 vastitas
550 2094 667 2162 ejus
721 2094 939 2163 probata
986 2104 1087 2156 est,
1134 2093 1339 2162 magnis
1375 2092 1442 2147 ab
1470 2108 1535 2147 eo
1564 2093 1875 2146 sublimatus

290 2186 579 2240 honoribus
609 2182 717 2254 (Id.
751 2201 907 2238 sxxrx
932 2195 979 2238 et
1008 2184 1137 2252 xu),
1173 2183 1376 2250 iurabat
1403 2184 1559 2237 etiam
1600 2198 1695 2252 per
1732 2182 1873 2236 Plia-

291 2278 465 2330 ntonis
491 2277 715 2330 salutem
741 2274 852 2348 (Id.
886 2290 1017 2338 xui,
1046 2275 1156 2342 15),
1183 2287 1284 2327 nun
1310 2280 1556 2342 tanquam
1580 2272 1741 2344 typho
1765 2275 1876 2328 cla—

292 2378 395 2433 tus,‘
422 2369 517 2422 sed
549 2365 932 2422 benevolentim
961 2364 1337 2432 non'ingratus.
1356 2363 1514 2432 [tegis
1534 2363 1637 2419 filia
1653 2363 1870 2434 Moysen

291 2459 560 2527 adoptavit
590 2457 785 2528 (Exod.
816 2472 877 2522 ιι,
908 2455 1018 2525 10).
1050 2453 1211 2509 David
1241 2454 1305 2507 ad
1329 2454 1699 2523 alienigenam,
1735 2454 1874 2523 regis

294 2550 449 2604 Israel
505 2548 814 2618 compulsus
843 2547 1142 2614 iniquitate,
1169 2545 1405 2614 confugit
1436 2543 1490 2616 (l
1525 2544 1650 2613 Reg.
1682 2551 1871 2614 xxvii).

294 2643 430 2696 Elius
455 2648 581 2693 ante
606 2655 821 2693 currum
865 2637 1077 2704 pessimi
1112 2636 1269 2705 regis,
1299 2652 1403 2689 non
1437 2635 1579 2688 illius
1602 2634 1826 2702 imperio
1857 2674 1872 2698 ,

290 2734 379 2787 sed
438 2749 540 2787 suo
583 2731 817 2785 cucurrit
863 2729 1119 2799 obsequio
1164 2726 1263 2797 (Ill
1306 2728 1433 2797 Reg.
1467 2741 1617 2791 svnt,
1656 2726 1872 2795 44-46).

295 2826 517 2880 Elisaeus
561 2823 786 2892 huSpitd)
833 2821 1077 2886 mulieri,
1131 2820 1174 2873 si
1218 2818 1344 2887 quid
1389 2819 1487 2872 sibi
1520 2816 1656 2872 forte
1686 2833 1717 2871 a
1747 2832 1874 2887 rege

295 2932 383 2985 per
427 2916 546 2986 ejus
591 2912 1027 2968 intercessionem
1070 2911 1306 2980 praestari
1344 2910 1521 2974 vellet,
1551 2909 1708 2963 etiam
1739 2910 1876 2963 ultro

292 3006 615 3062 adurendum
645 3002 974 3075 putavit(lV
1012 3003 1139 3072 Reg.
1194 3017 1265 3061 tv.
1317 3000 1434 3070 15).
1488 2999 1593 3055 Sed
1646 3000 1712 3053 ad
1763 3001 1874 3069 ipsa

287 3098 390 3165 jam
425 3107 667 3166 tempora
718 3095 948 3158 veniam,
980 3094 1191 3163 quando
1230 3093 1467 3161 captivus
1517 3091 1606 3146 Dei
1651 3091 1876 3161 pepulus

291 3190 602 3254 habebatur,
630 3188 739 3250 ubi,
756 3196 811 3240 ut
830 3187 1011 3240 mitius
1033 3186 1237 3254 loquar,
1259 3184 1388 3238 mira
1404 3184 1493 3237 tibi
1511 3183 1719 3251 irrepsit
1742 3183 1877 3237 obli-

290 3283 391 3336 vio.
454 3281 651 3335 Volt-ns
708 3279 850 3335 enim
911 3279 1138 3346 probare
1190 3277 1333 3345 quod
1398 3289 1549 3343 reges
1608 3288 1873 3342 nunquam

290 3372 661 3429 Cbristianitas
688 3371 786 3425 nisi
806 3369 1009 3425 invidus
1030 3367 1278 3433 senserit,
1306 3365 1734 3420 commetnnrasti
1765 3375 1874 3420 tres

294 3479 482 3533 pueros
511 3471 566 3517 et
598 3461 890 3525 Danielem,
915 3474 1033 3528 qua:
1060 3457 1203 3526 passi
1231 3463 1355 3511 sunt
1378 3472 1406 3508 a
1438 3457 1875 3525 persequentibus

294 3555 524 3625 regibus,
554 3568 655 3608 nec
680 3551 859 3617 rebus,
893 3566 997 3603 nun
1028 3548 1217 3603 vicinis
1245 3548 1283 3612 ί,
1314 3546 1408 3601 sed
1433 3547 1588 3616 plane
1627 3547 1754 3615 ipsis
1776 3547 1876 3601 ad-

295 3645 495 3700 moneri
543 3641 785 3713 potuisti,
832 3639 1002 3709 qualis
1051 3639 1164 3708 ipse
1208 3653 1301 3692 rex
1347 3645 1468 3707 post
1519 3636 1874 3691 innocentium

297 3736 623 3793 llannnarum
655 3732 964 3786 miraculum
991 3769 1007 3795 ,
1040 3730 1152 3784 sive
1184 3731 1237 3781 in
1269 3728 1376 3781 Deo
1410 3727 1673 3782 laudando
1715 3737 1874 3797 atque

295 3822 630 3893 pncdicaudo
650 3862 668 3888 ,
698 3822 811 3877 sive
838 3821 890 3874 in
923 3820 1051 3888 ipsis
1079 3818 1257 3887 pueris
1294 3816 1622 3872 honorandis
1648 3818 1872 3872 exstite-

294 3916 395 3980 rit;
424 3914 636 3985 qualem
684 3928 777 3968 rex
807 3910 1047 3966 habuerit
1078 3910 1370 3975 Danielcm,
1404 3916 1459 3962 ct
1488 3922 1590 3960 non
1618 3922 1875 3961 recusan-

295 4017 395 4059 tem
421 4007 614 4077 quibus
638 4004 945 4059 muneribus
970 4001 1325 4067 exornaverit,
1352 4015 1473 4056 cum
1500 4000 1588 4056 ille
1615 4000 1873 4055 honorem

292 4097 528 4151 debitum
550 4095 783 4149 reddens
809 4094 964 4164 regiae
996 4093 1265 4162 potestati,
1293 4093 1433 4162 quod
1460 4091 1590 4146 satis
1616 4091 1668 4146 in
1700 4091 1876 4146 verbis

290 4189 407 4258 ejus
433 4197 675 4258 apparet,
699 4187 899 4242 donum
935 4186 1025 4241 Dei
1042 4202 1147 4256 quo
1168 4186 1421 4254 prteditus
1437 4195 1549 4241 erat
1572 4185 1872 4250 indicando,

295 4279 697 4349 interpretando
737 4278 855 4348 ejus
903 4276 1167 4332 somnium
1223 4291 1327 4332 non
1381 4277 1671 4332 subtraxit.
1725 4276 1877 4333 Unde

291 4386 410 4424 cum
437 4370 506 4425 ab
531 4369 726 4424 invidis
753 4371 918 4424 sancti
957 4368 1055 4423 viri
1080 4369 1123 4433 ',
1148 4367 1403 4437 sacrilega
1467 4367 1679 4422 vesania
1731 4368 1879 4422 calu-

293 4461 634 4526 mniantibus,
665 4460 862 4514 invitus
887 4474 1009 4513 cum
1037 4474 1130 4513 rex
1156 4458 1206 4513 in
1229 4459 1396 4514 laeum
1425 4457 1634 4513 leonum
1666 4457 1878 4512 mittere

290 4564 591 4625 cogeretur,
621 4567 921 4624 quanquam
969 4551 1136 4605 tristis
1182 4551 1235 4604 id
1275 4549 1484 4613 fecerit,
1538 4549 1877 4620 praesumpsit

291 4660 413 4699 cum
461 4654 637 4699 tatnen
669 4659 762 4713 per
790 4642 1043 4697 auxilium
1094 4640 1184 4695 Dei
1230 4640 1310 4694 sui
1360 4639 1563 4695 salvum
1615 4639 1872 4694 futurum.

293 4737 475 4807 itaque
520 4751 645 4790 eum
693 4734 783 4789 illc
825 4734 1090 4789 refrenata
1142 4730 1396 4785 divinitus
1451 4730 1664 4785 leonum
1729 4731 1876 4785 rabie

291 4829 516 4883 vixisset
541 4828 772 4893 illaesos,
801 4825 1027 4880 sollicita
1073 4829 1128 4879 ct
1165 4824 1334 4878 amica
1367 4837 1499 4878 voce
1538 4823 1680 4892 regis
1713 4822 1877 4892 ipsius

289 4920 392 4975 sibi
447 4918 753 4990 praemissa,
796 4926 851 4973 et
902 4917 1014 4986 ipse
1057 4930 1177 4971 cum
1232 4914 1599 4970 benedictione
1650 4913 1718 4969 de
1761 4912 1876 4968 lacn

291 5014 588 5083 respondit,
625 5013 753 5075 Rex,
794 5012 845 5065 in
887 5010 1128 5065 saxulum
1174 5008 1279 5063 vive
1317 5007 1336 5079 (
1369 5006 1730 5079 Dan.-m-vt).
1773 5006 1878 5062 Cur

292 5103 423 5159 istas
451 5120 635 5176 regum
678 5118 799 5158 cum
839 5102 1036 5157 sanctis
1063 5100 1352 5163 amicitias,
1383 5113 1505 5154 cum
1541 5113 1717 5154 sermo
1749 5106 1868 5154 tuus

301 5273 324 5299 ι
348 5262 484 5307 actus
508 5263 586 5305 est
616 5256 666 5305 in
691 5253 932 5304 exsilium.
957 5268 981 5297 ι
1008 5251 1250 5301 Usnardtts
1273 5249 1388 5300 falsa
1420 5249 1577 5313 aliqua
1604 5258 1650 5299 et
1675 5266 1703 5299 a
1726 5256 1880 5300 Dona-

294 5318 425 5366 tistis
443 5317 642 5367 conficta
678 5318 873 5366 historia
895 5316 1148 5376 deceptus,
1175 5313 1617 5376 pseudomartyrem
1651 5319 1880 5376 Donatum

292 5380 391 5426 sub
414 5380 602 5427 t‘rsacio
642 5386 693 5427 et
730 5376 995 5426 Marcellino
1022 5373 1218 5437 lassum
1249 5375 1415 5437 scribit
1442 5373 1494 5437 in
1535 5373 1879 5437 Martyrologiu,

292 5439 731 5496 mlemlismartiis,
752 5440 800 5488 in
825 5438 928 5487 lucc
948 5434 1130 5487 verba:
1164 5454 1187 5481 ι
1216 5436 1390 5485 Eodem
1422 5434 1504 5484 die
1540 5434 1689 5484 sancti
1716 5434 1882 5483 Donati

300 5518 328 5547 ι
356 5503 590 5564 nartjris.
615 5503 697 5564 qui
723 5503 815 5550 sub
844 5500 1007 5562 judice
1033 5498 1133 5560 (vel
1156 5497 1299 5560 duce)
1325 5497 1514 5546 Ursaeio
1539 5504 1591 5546 et
1613 5496 1881 5545 tiarcellmo

303 5579 327 5607 ι
348 5563 536 5611 tribuno
560 5563 727 5619 passus
752 5569 846 5611 est.
863 5576 887 5606 θ

370 5645 382 5676 ι
406 5653 464 5693 tta
488 5644 816 5705 nmuseripti.
838 5651 890 5693 Αι
909 5643 1045 5705 editi,
1068 5651 1154 5694 nec
1175 5641 1314 5694 rebus
1350 5650 1492 5693 moao
1511 5637 1692 5690 t'icinis.

373 5708 390 5735 τ
414 5705 547 5764 Lditi,
573 5712 736 5755 sa:th
759 5705 877 5755 t't'ro.

1627 246 1824 301 UBE“
1867 245 2241 302 SECUNDUS.

3432 262 3435 263 ⁷
3455 259 3557 314 326

1986 361 2179 415 ibidem
2208 373 2527 427 versaretur,
2553 378 2674 418 cum
2714 364 2935 421 istorum
2975 367 3288 425 famulorum
3340 370 3456 435 Dei,
3508 377 3556 427 in

1982 452 2176 521 quibus
2210 453 2322 507 bare
2338 463 2453 507 acta
2475 465 2619 523 sunt,
2640 464 2693 509 tu
2712 456 2823 526 ipse
2834 471 3283 514 commemorares
3295 465 3555 531 exetnpla,

1979 543 2061 597 vel
2110 557 2214 596 non
2264 544 2463 611 vidisti,
2486 545 2569 600 vel
2612 546 2796 603 videre
2833 548 3171 613 noluisti,vel
3210 553 3347 620 quod
3381 560 3560 608 nescio

1978 638 2422 705 quemadmodum
2456 655 2700 705 excuses,
2717 642 2827 695 visa
2852 652 3080 713 notaque
3100 643 3334 698 tacuisti?
3349 645 3498 710 Quod
3516 646 3559 700 si

1979 736 2048 789 te,
2069 728 2204 782 sicut
2230 743 2403 782 cause.
2430 732 2675 798 pessimae
2694 731 3050 796 defensorem,
3070 734 3299 787 studium
3320 735 3562 790 falsitatis

1975 822 2273 875 astrncndm
2292 838 2393 876 non
2426 824 2722 892 impediret,
2756 836 2808 878 et
2838 835 2888 879 te
2918 826 3180 879 nolentem
3215 827 3298 881 vel
3328 827 3562 881 nescien-

1975 923 2079 969 tem
2103 916 2117 945 ¹
2139 929 2167 967 a
2188 915 2301 969 lure
2319 917 2551 969 veritatis
2565 926 2853 980 averteret;
2875 917 3110 986 profecto
3130 934 3280 988 reges
3299 921 3554 990 quosdam

1980 1000 2169 1068 bmios,
2194 1005 2451 1074 quosdam
2483 1016 2659 1061 autem
2677 1008 2863 1072 malus,
2886 1016 2938 1062 ct
2957 1009 3091 1061 alios
3104 1019 3403 1064 sanctorum
3426 1010 3552 1062 ami-

1974 1110 2086 1158 Ct’S,
2110 1097 2238 1149 alios
2264 1097 2504 1151 inimicos
2528 1100 2642 1152 sine
2677 1099 2776 1152 ulla
2822 1098 3132 1153 difficultate
3169 1102 3451 1155 recideres.
3494 1100 3562 1153 Et

1979 1185 2236 1239 miraumr
2264 1187 2402 1256 quod
2435 1203 2491 1241 se
2518 1188 2985 1243 Circumcelliones
3026 1192 3186 1244 vestri
3216 1190 3294 1246 sic
3321 1193 3568 1259 prmcipi-

1977 1287 2108 1330 tant.
2157 1278 2286 1345 Quis
2330 1290 2446 1347 post
2483 1289 2533 1333 lc
2561 1281 2826 1347 currebat,
2858 1282 3123 1335 obsecro?
3158 1291 3207 1336 te
3238 1285 3354 1351 quis
3383 1285 3557 1339 Maca-

1976 1369 2106 1431 rius,
2139 1371 2257 1438 quis
2286 1372 2438 1425 miles
2469 1373 2883 1441 inscquebatnr?
2929 1374 3130 1445 Nempe
3178 1376 3228 1428 in
3275 1376 3557 1444 abruptum

1976 1458 2220 1513 falsitatis
2251 1459 2404 1528 hujus
2443 1463 2619 1515 nullus
2662 1474 2900 1517 nostrum
2941 1465 3250 1533 tc'impnlit.
3294 1465 3403 1520 Cur
3431 1482 3558 1537 ergo

1974 1551 2170 1605 clmsis
2197 1553 2365 1607 oculis
2391 1554 2467 1607 sic
2494 1555 2575 1607 isti
2605 1570 2856 1623 praeceps,
2890 1564 2946 1609 ut
2969 1571 3094 1609 cum
3132 1556 3381 1624 dixisses,
3425 1558 3561 1622 Quid

1975 1652 2138 1694 autem
2169 1642 2303 1695 vobis
2331 1654 2399 1696 est
2437 1660 2549 1695 cum
2579 1645 2777 1712 regibus
2819 1646 2988 1699 swcnli
3012 1647 3038 1699 Σ)
3069 1663 3171 1700 ιιιιιι
3199 1647 3517 1717 adjungercs
3540 1689 3555 1712 ,

1975 1747 2108 1801 quos
2136 1747 2279 1801 saepe
2303 1732 2672 1787 Christianitas
2701 1734 2909 1789 invidos
2934 1736 3128 1799 sensit;
3154 1736 3249 1790 sed
3271 1754 3373 1790 non
3398 1739 3555 1791 dubi-

1979 1833 2119 1876 tares
2149 1822 2346 1886 dicere,
2395 1841 2518 1894 quos
2558 1841 2815 1894 nunquam
2846 1826 3197 1880 Clu'istianitas
3240 1829 3334 1880 nisi
3365 1830 3560 1884 invidos

1974 1914 2174 1967 sensit?
2201 1914 2344 1969 Itane
2375 1931 2502 1970 vero
2531 1931 2629 1970 nec
2656 1917 2767 1984 ipse
2791 1915 3053 1985 cogitasti,
3073 1933 3170 1971 nec
3201 1933 3294 1971 eos
3320 1919 3407 1987 qui
3430 1921 3561 1973 seri-

1976 2015 2062 2075 pta
2096 2013 2179 2058 tua
2208 2005 2466 2075 legerent,
2493 2006 2816 2075 cogitaturos
2843 2006 3037 2074 putasti
3061 2014 3136 2060 tot
3163 2023 3345 2076 regum
3374 2023 3559 2063 exelu-

1987 2096 2072 2166 pla
2101 2096 2190 2150 tibi
2216 2096 2577 2157 reclamantia,
2606 2095 2782 2151 Nescit
2807 2097 2932 2166 quid
2960 2096 3249 2166 loquatur?

2046 2187 2170 2243 205.
2221 2188 2302 2242 An
2351 2188 2474 2257 quia
2524 2188 2597 2241 illi
2647 2202 2780 2258 quos
2832 2189 3270 2253 commemoravi,
3322 2197 3561 2245 vetcrmn

1978 2288 2275 2347 temporum
2314 2277 2527 2332 fuerunt
2548 2319 2563 2343 ,
2594 2278 2711 2332 ideo
2742 2278 2834 2332 tibi
2864 2292 2957 2332 eos
2984 2277 3115 2331 nibil
3154 2278 3423 2333 adversari
3467 2295 3557 2333 ar-

1976 2368 2212 2434 bitraris,
2243 2368 2361 2436 quia
2394 2382 2497 2421 non
2525 2367 2727 2432 dixisti,
2757 2366 2901 2435 Quos
2928 2382 3195 2437 nunquam
3224 2367 3429 2436 justitia
3456 2369 3557 2424 nis’

1978 2462 2186 2515 invidos
2207 2462 2402 2528 sensit;
2430 2460 2522 2515 sed
2548 2461 2751 2527 dixisti,
2780 2478 2904 2533 quos
2925 2477 3182 2531 nunquam
3202 2461 3559 2519 Christianum

1976 2552 2074 2606 nisi
2099 2553 2294 2606 invidos
2351 2553 2552 2606 sensit:
2586 2568 2650 2608 ex
2694 2553 2785 2607 illa
2828 2553 3051 2608 fortasse
3092 2563 3332 2624 tempore
3380 2556 3562 2611 volens

1975 2658 2068 2696 cus
2097 2644 2315 2712 intelligi
2346 2643 2503 2712 justis
2537 2643 2802 2710 invidere,
2835 2660 2899 2699 ex
2934 2661 3039 2715 quo
3064 2646 3338 2701 christiani
3377 2648 3559 2717 appel-

1978 2732 2075 2786 lari
2112 2734 2426 2801 cceperunt?
2455 2734 2588 2798 Quid
2628 2749 2754 2803 ergo
2793 2734 2893 2788 sibi
2934 2736 3120 2790 volunt
3143 2737 3384 2805 exempla
3412 2748 3561 2791 vete-

1980 2840 2095 2878 rum
2129 2834 2447 2893 tcmporum,
2476 2826 2665 2893 quibus
2692 2825 2792 2878 hoc
2808 2825 2948 2892 quod
2972 2824 3337 2895 imprudenter
3356 2828 3556 2893 dixisti,

1977 2916 2362 2986 imprudentius
2383 2916 2576 2972 docere
2605 2915 2818 2971 Voluisti
2840 2917 2864 2969 ’ἶ
2888 2916 3153 2987 Numquid
3180 2919 3323 2972 enim
3350 2918 3559 2975 Macha-

1979 3006 2096 3069 ba-i,
2124 3007 2205 3061 vel
2238 3015 2345 3060 tres
2378 3006 2526 3075 pueri
2546 3047 2561 3071 ,
2605 3007 2689 3061 vel
2723 3006 2926 3072 Daniel,
2956 3022 3064 3062 non
3090 3017 3373 3078 antequam
3400 3008 3559 3063 Chri—

1975 3108 2089 3152 stus
2115 3098 2164 3151 in
2190 3106 2328 3152 terra
2355 3108 2662 3153 nasceretur
2683 3138 2700 3163 ,
2734 3097 2815 3152 vel
2843 3107 3063 3167 egerunt
3092 3099 3179 3152 illa
3208 3099 3293 3153 vel
3322 3100 3561 3169 pertule-

1976 3189 2132 3242 runt?
2193 3188 2392 3244 Deinde
2434 3203 2528 3242 cur
2556 3229 2570 3254 ,
2618 3196 2678 3242 ut
2722 3189 2877 3257 paulo
2917 3195 3044 3243 ante
3105 3191 3558 3259 commemoravi,

1952 3276 2189 3332 .Jnliano
2235 3293 2362 3333 vero
2388 3276 2801 3332 Christianitatis
2845 3277 3024 3332 invido
3058 3279 3437 3347 supplicastis!
3464 3295 3562 3336 cur

1975 3369 2043 3421 ab
2075 3383 2140 3423 eo
2178 3366 2422 3422 basilicas
2457 3367 2692 3438 petistis?
2724 3383 2820 3422 cur
2846 3367 2982 3436 apud
3021 3383 3145 3423 eum
3191 3369 3360 3424 solam
3404 3370 3562 3439 justi-

1978 3458 2103 3512 tiam
2131 3458 2302 3513 locum
2331 3457 2527 3513 habere
2553 3457 2792 3512 dixistis?
2821 3457 2878 3513 Si
2906 3458 3318 3515 Christianitatis
3342 3459 3558 3517 invidus

1977 3549 2093 3604 haec
2140 3550 2320 3617 audit,
2360 3549 2485 3620 quid
2534 3559 2659 3606 sunt
2686 3565 2718 3604 a
2744 3551 2935 3620 quibus
2977 3551 3092 3606 haec
3118 3552 3302 3607 audit?
3332 3556 3401 3608 At
3426 3571 3552 3614 vero

1974 3641 2376 3706 Constantinus,
2406 3655 2736 3710 nequaquam
2754 3641 3028 3696 christiani
3054 3643 3284 3697 nominis
3315 3644 3521 3699 invidus
3544 3686 3560 3712 ,

1975 3730 2069 3785 sed
2099 3731 2254 3800 plane
2278 3731 2571 3785 christiano
2619 3733 2833 3785 nomine
2858 3734 3156 3801 gloriosus,
3200 3750 3408 3789 memor
3446 3735 3561 3804 spei

1975 3836 2131 3888 quam
2154 3821 2371 3889 gerebat
2398 3820 2448 3872 in
2479 3821 2711 3886 Christo,
2746 3837 2842 3889 pro
2879 3823 2996 3890 ejus
3035 3824 3235 3878 unitate
3266 3825 3560 3893 justissime

1970 3908 2216 3977 judicans
2242 3947 2259 3972 ,
2303 3908 2570 3977 accepturi
2598 3922 2628 3960 a
2659 3909 2809 3963 vobis
2838 3924 2937 3963 nec
2974 3910 3041 3963 ad
3077 3925 3135 3965 se
3175 3913 3561 3981 appellantibus

1976 3998 2194 4054 meruit.
2242 3997 2414 4052 Ambo
2445 3998 2556 4067 jam
2591 3998 2896 4054 cbristianis
2923 4000 3266 4068 temporibus,
3308 4001 3402 4056 sed
3452 4018 3558 4056 non

1977 4089 2188 4145 fuerunt
2210 4088 2370 4141 ambo
2388 4087 2660 4142 christiani
2691 4105 2706 4142 :
2733 4087 2872 4157 quod
2898 4088 2941 4143 si
2968 4087 3125 4143 ambo
3150 4087 3561 4146 Christianitatis

1977 4180 2163 4247 invidi,
2194 4194 2291 4235 cur
2312 4178 2380 4234 ad
2411 4195 2573 4233 unum
2598 4193 2782 4234 eorum
2814 4178 2892 4233 sic
2918 4178 3248 4247 appellastis,
3279 4180 3432 4236 alteri
3462 4198 3559 4236 eo-

1975 4287 2093 4326 rum
2143 4271 2221 4326 sic
2267 4270 2605 4341 supplicastis
2634 4268 2697 4323 ’i
2728 4269 3038 4324 Petentibus
3080 4269 3223 4324 enim
3270 4272 3561 4339 majoribus

1975 4363 2187 4427 vestris,
2218 4361 2517 4433 episcopale
2536 4360 2796 4430 judicium
2823 4359 3049 4431 dederat
3071 4361 3470 4428 Constantinus,
3505 4374 3561 4420 et

1975 4456 2116 4525 apud
2148 4455 2391 4520 Romam,
2421 4462 2475 4509 ct
2501 4453 2641 4523 apud
2683 4453 2955 4509 Arelatum
3002 4472 3016 4509 :
3060 4469 3288 4526 quorum
3329 4457 3557 4525 primum

1976 4546 2112 4616 apud
2140 4562 2263 4601 cum
2292 4546 2601 4609 accusastis,
2646 4547 2714 4599 ab
2742 4546 2912 4599 altero
2951 4544 3018 4599 ad
3062 4561 3184 4601 eum
3228 4545 3556 4616 appellastis.

1976 4638 2032 4692 Si
2058 4647 2255 4703 autem,
2284 4636 2427 4706 quod
2459 4652 2635 4691 verum
2664 4647 2762 4702 est,
2795 4651 2933 4692 unus
2968 4651 3152 4692 eorum
3196 4638 3248 4691 in
3293 4637 3558 4692 Christum

1977 4729 2294 4795 crediderat,
2320 4728 2455 4782 alter
2473 4743 2504 4781 a
2524 4726 2736 4782 Christo
2758 4736 3144 4797 apostataverat
3163 4746 3178 4793 ;
3205 4743 3302 4783 cur
3315 4728 3562 4784 christia-

1979 4836 2078 4875 nus
2106 4810 2604 4874 consulens'uuitati
2633 4817 3008 4879 contcnmitur,
3037 4827 3091 4871 et
3112 4827 3350 4887 apostata
3376 4820 3561 4873 favens

1979 4911 2220 4967 divisioni
2252 4909 2532 4964 laudatur?
2556 4908 2935 4963 Constantinus
2959 4908 3109 4963 vobis
3134 4908 3380 4963 basilicas
3399 4909 3559 4979 jussit

1977 5000 2190 5065 auferri,
2224 5000 2466 5055 Julianus
2489 4998 2716 5053 restitui.
2744 4998 2879 5066 Quid
2910 4997 3098 5052 horum
3115 4997 3421 5053 christiana:
3441 4998 3558 5068 paci

1978 5094 2261 5149 com'eniat
2298 5093 2454 5147 vultis
2492 5092 2684 5146 nosse?
2721 5092 2850 5146 Illud
2885 5091 3007 5146 fecit
3044 5092 3133 5162 qui
3163 5091 3466 5146 crediderat
3504 5091 3559 5147 in

1978 5185 2266 5250 Christum,
2299 5184 2402 5238 hoc
2441 5184 2560 5239 fecit
2589 5184 2675 5253 qui
2706 5184 2977 5238 dimiserat
3014 5184 3302 5239 Christum.
3329 5183 3373 5239 Ο
3398 5198 3556 5253 quant

1979 5279 2144 5335 velles
2168 5276 2345 5331 dicere
2376 5293 2388 5330 :
2422 5275 2556 5330 Male
2584 5275 2777 5329 factum
2813 5286 2894 5330 est
2922 5284 2975 5330 ut
3001 5275 3211 5331 Juliano
3250 5277 3321 5331 ita
3358 5274 3558 5346 suppli-

2039 5382 2053 5413 ¹
2087 5396 2133 5438 ta
2159 5396 2284 5448 Mss,
2308 5393 2351 5438 et
2365 5394 2410 5438 te
2431 5387 2658 5437 intentent
2678 5386 2751 5437 vet
2768 5385 3068 5438 nescientem.

2043 5455 2063 5484 ι
2094 5452 2210 5500 ιοἈὶιί
2252 5447 2388 5512 post,
2420 5447 2490 5500 sic
2527 5448 2831 5512 supplicastis
2848 5488 2861 5510 ,
2912 5449 3328 5512 prosequebantur
3363 5459 3433 5512 sic
3456 5447 3555 5512 _:_Si

1980 5521 2139 5574 autem
2160 5506 2285 5574 quod
2310 5506 2473 5561 verum
2486 5515 2572 5567 est,
2586 5506 2857 5574 'p'eteruibns'
2871 5506 2972 5562 non
2995 5506 3116 5571 (vel,
3146 5512 3273 5574 cunt)
3292 5506 3554 5574 nujoribns

1981 5569 2308 5630 t'estrt's,'etc.,
2337 5569 2628 5633 rursumque
2673 5572 2797 5621 intra
2841 5569 3148 5634 repetebant,
3187 5569 3235 5621 εἰ
3256 5569 3416 5621 nutent
3436 5571 3559 5632 (vel,

1983 5637 2031 5687 si
2047 5636 2187 5709 ergo)
2208 5633 2332 5696 quod
2356 5645 2519 5683 verum
2561 5638 2646 5689 (δι,
2684 5646 2806 5709 unus
2827 5645 3007 5694 eorum,
3036 5642 3128 5685 etc.
3156 5635 3460 5697 Currigttntur

1985 5699 2197 5749 subsidia
2220 5705 2441 5746 veterum
2460 5699 2907 5757 uuausa'iptorum.
