4028 6202
484 258 585 314 527

480 386 712 437 earelur,
740 374 832 430 sed
864 369 1107 438 hocquid
1132 365 1195 420 ad
1230 380 1324 418 nos
1366 360 1632 431 pertinet?
1663 356 1811 420 Quod
1842 355 1884 407 si
1917 352 2059 406 dicec

483 482 588 527 res,
617 476 671 520 et
710 466 761 517 itt
799 464 880 514 his
915 458 1129 528 quidem
1161 442 1331 508 verbis
1364 453 1465 504 luis
1494 448 1766 503 Catholica
1794 446 2058 506 vinceret,

480 558 544 609 ad
575 556 725 623 enjus
753 562 960 605 sanctos
990 556 1101 600 toto
1131 545 1261 598 orbe
1289 542 1509 596 dilfusos
1541 539 1706 592 ntulto
1737 537 1909 588 minus
1941 548 2063 602 per-

483 649 610 700 tinet
653 639 906 713 quidquid
946 639 1142 701 dicitis,
1188 634 1255 689 de
1288 634 1480 703 quibus
1512 629 1688 691 vultis,
1717 628 1854 679 sicut
1884 624 2060 676 vultis.

480 738 581 791 Sed
606 751 709 787 non
734 743 882 801 potes
912 732 1108 791 dicere,
1143 727 1278 780 male
1307 726 1500 778 factum
1526 731 1581 775 ut
1609 719 1820 775 Juliano
1845 717 1912 769 ita
1935 730 2063 783 sup-

483 827 768 895 plicaretur
799 841 812 875 :
843 822 1041 890 oppilat
1072 822 1268 883 fauces,
1298 816 1489 886 premit
1516 814 1745 882 linguam
1774 809 2063 863 domestica

480 916 800 977 auctoritas;
836 914 1050 967 Pontius
1073 911 1214 975 fecit,
1246 908 1463 962 Pontius
1485 902 1818 974 supplicavit,
1847 899 2065 954 Pontius

482 1016 775 1076 apostatam
799 1004 1149 1075 justissimum
1178 1001 1336 1065 dixit,
1366 997 1584 1052 Pontius
1613 992 2063 1063 apudapostatant

483 1100 649 1152 solam
686 1097 940 1167 justitiam
972 1095 1147 1147 locum
1180 1091 1376 1144 habere
1408 1085 1732 1156 pratdieavit.
1769 1083 1860 1135 llis
1893 1079 2067 1133 verbis

484 1190 585 1243 sibi
622 1188 862 1242 Pontium
892 1185 1217 1253 snpplicasse
1255 1183 1306 1235 in
1344 1180 1532 1234 eodem
1564 1176 1819 1243 rescripto
1852 1188 1947 1227 suo
1974 1186 2068 1223 no-

487 1280 726 1335 minalim
756 1280 871 1331 sine
897 1277 1118 1344 ambage
1141 1276 1251 1343 ipse
1273 1272 1511 1327 Julianus
1533 1267 1813 1337 exin-essit.
1846 1264 2068 1317 Instant

485 1372 829 1441 allegationes
859 1378 1047 1422 vestra:
1076 1384 1089 1418 :
1124 1382 1228 1419 non
1272 1364 1384 1416 inec
1416 1363 1611 1414 incerta
1655 1357 1812 1420 fama,
1851 1353 1943 1407 sed
1975 1367 2069 1421 pu-

486 1466 620 1519 blica
652 1472 990 1517 monumenta
1021 1468 1302 1513 testantur.
1327 1457 1407 1509 Att
1440 1451 1708 1521 forteqnia
1736 1458 1919 1503 contra
1948 1444 2068 1497 ltili-

490 1566 649 1611 tatem
712 1555 947 1615 Christi,
1008 1551 1244 1620 petitioni
1304 1556 1495 1600 vestra:
1551 1541 1746 1612 aliquid
1805 1535 2068 1594 Concessit

488 1654 750 1716 apostata,
790 1660 970 1697 verum
1021 1651 1174 1711 putas
1220 1654 1337 1693 esse
1380 1635 1518 1704 quod
1565 1634 1760 1686 dictum
1790 1640 1871 1684 est
1930 1627 2065 1696 apud

486 1753 606 1792 cum
637 1736 803 1789 solam
837 1735 1008 1787 lotum
1042 1733 1235 1786 habere
1256 1726 1557 1799 justitiam?
1587 1727 1707 1794 quia
1738 1737 1862 1776 vero
1900 1722 2069 1788 impe-

489 1839 690 1880 ratores
717 1823 1013 1887 christiani,
1041 1822 1179 1891 quod
1221 1822 1317 1871 vah
1339 1837 1394 1872 re
1434 1818 1754 1870 :tl'lti.ranttlt‘
1783 1813 1847 1866 ad
1876 1811 2066 1865 (Linisti

488 1917 764 1979 unitatem,
799 1922 985 1968 contra
1027 1923 1257 1965 vestram
1283 1916 1515 1960 slaznunt
1546 1906 1626 1958 vol
1671 1914 1888 1965 ntalem,
1917 1901 2067 1953 Chri-

486 2005 767 2059 stianitatis
821 2003 982 2057 invidi
1031 2000 1395 2069 appellantur?
1443 1996 1529 2050 Sic
1580 1994 1843 2061 desipiant
1881 2005 2068 2044 omnes

490 2096 741 2156 lueretiri,
772 2108 826 2149 ct
856 2094 1105 2161 resipiant
1138 2102 1191 2144 ut
1219 2107 1322 2143 non
1355 2090 1460 2141 sint
1487 2085 1742 2139 lla-retici.

557 2186 685 2241 206.
731 2187 790 2239 Et
835 2185 942 2247 ubi,
973 2184 1196 2251 inquies,
1230 2180 1499 2250 inpletum
1532 2188 1610 2230 est
1637 2174 1775 2244 quod
1812 2173 2067 2227 Dominus

484 2279 634 2343 dicit,
678 2275 847 2329 Veniet
883 2284 1099 2341 tempus,
1131 2272 1284 2340 utqui
1312 2286 1395 2322 vos
1430 2267 1684 2330 occitltrit,
1714 2273 1851 2335 putet
1880 2281 1932 2317 se
1964 2262 2067 2315 Deo

488 2370 700 2437 eﬂicium
737 2372 901 2437 facere
924 2365 1099 2436 (Joau.
1127 2380 1236 2426 xv't,
1260 2362 1314 2432 2)
1336 2363 1356 2415 ?
1381 2361 1560 2428 Neque
1588 2358 1726 2411 enim
1757 2358 1855 2409 hoc
1874 2355 1940 2410 de
1972 2355 2067 2407 l'.-.-

487 2462 635 2529 gallis
660 2460 762 2513 dici
795 2460 981 2527 potuit,
1011 2458 1095 2525 qui
1126 2474 1229 2508 non
1262 2464 1475 2523 propter
1510 2453 1692 2512 Deum,
1726 2448 1820 2502 sed
1851 2458 2068 2516 propter

490 2551 627 2605 idola
655 2549 984 2604 Christianos
1013 2545 1483 2615 persequebantur.
1507 2541 1622 2595 Non
1652 2540 1861 2603 videtis,
1895 2539 1937 2591 si
1967 2539 2068 2591 hoc

488 2641 554 2696 de
585 2642 665 2694 his
692 2638 1100 2709 imperatoribus
1144 2636 1339 2690 dictmn
1384 2645 1558 2698 esset,
1601 2632 1686 2701 qui
1732 2629 1964 2701 gaudent
2004 2629 2067 2682 de

491 2733 704 2787 nomine
741 2731 1032 2785 christiano
1055 2769 1068 2790 ,
1113 2728 1212 2781 hoc
1258 2742 1350 2782 eos
1382 2728 1558 2794 utique
1604 2724 1874 2793 pr.rcipue
1905 2721 2068 2775 fuisse

484 2825 749 2890 jussuros,
782 2830 837 2876 Ill.
876 2821 1254 2877 occidct'emini
1289 2837 1301 2871 :
1354 2820 1493 2888 quod
1536 2833 1801 2885 nunquam
1850 2815 2067 2868 omnino

410 2936 413 2939 ·
484 2916 775 2986 jusserunt.
810 2914 915 2969 Sed
946 2914 1106 2968 vestri
1139 2912 1312 2966 hastili
1358 2926 1505 2963 more
1532 2909 1735 2977 legibus
1767 2921 2065 2974 repugnan-

487 3008 555 3060 «ιδ
586 3023 768 3075 punias
797 3005 1002 3059 debitas
1031 3004 1216 3065 luunt;
1248 3010 1301 3055 et
1330 3000 1654 3053 voluntarias
1694 3008 1891 3051 mortes
1919 3010 2063 3062 suas,

488 3097 614 3149 duttt
638 3096 788 3148 nobis
806 3093 1094 3147 invidiosas
1120 3098 1326 3159 putant,
1355 3090 1453 3142 sibi
1485 3088 1806 3155 perniciosas
1835 3100 1939 3139 non
1967 3101 2067 3155 pu-

489 3194 619 3240 tant.
652 3184 804 3251 Quod
834 3183 879 3237 si
908 3182 974 3236 de
999 3181 1213 3249 regibus
1240 3196 1433 3235 nomen
1455 3179 1649 3233 Clu-isti
1682 3178 2067 3232 honorantibus

490 3274 615 3330 illud
636 3291 665 3327 a
695 3274 916 3328 Domino
937 3272 1135 3326 dictum
1161 3286 1280 3325 esse
1301 3270 1645 3336 arbitrantur,
1675 3277 1917 3338 qumrant
1940 3268 2067 3339 quid

488 3366 757 3421 Catholica
787 3366 837 3418 in
865 3363 1080 3420 Oriente
1113 3366 1360 3434 perpessa
1383 3363 1472 3427 sit,
1505 3361 1714 3432 quando
1742 3360 1936 3416 Valens
1962 3360 2065 3414 im-

494 3459 709 3527 perabat
734 3458 969 3511 arianus.
994 3457 1130 3512 Ecce
1154 3455 1425 3520 haberem,
1449 3470 1555 3524 quo
1586 3454 1931 3523 intelligercm
1962 3454 2063 3507 im-

491 3549 687 3617 pletutn
719 3562 857 3611 esse,
887 3547 1025 3616 quod
1055 3546 1309 3601 Dominus
1332 3546 1425 3610 ait,
1466 3544 1640 3599 Veniet
1661 3555 1883 3615 tempus,
1909 3546 2065 3612 utqui

491 3655 572 3691 vos
610 3638 865 3703 occiderit,
898 3647 1034 3707 putet
1068 3653 1119 3690 se
1150 3636 1362 3706 ofﬁciunt
1405 3635 1510 3689 Deo
1539 3638 1704 3704 facere
1728 3651 1747 3688 :
1776 3650 1841 3688 nc
1871 3634 1970 3689 sibi
1998 3635 2064 3688 ad

490 3728 643 3781 tanta:
675 3726 894 3796 gloriam
927 3726 1160 3780 ha‘retici
1193 3735 1545 3791 assmnercnl,
1575 3725 1619 3779 si
1654 3724 1777 3794 quid
1809 3724 2066 3778 adversus

489 3833 673 3872 eorum
712 3832 949 3871 errorem
990 3817 1340 3885 imperatores
1382 3814 1627 3869 catholici
1666 3815 2061 3885 praecepisscnt.

490 3908 866 3964 Verumtamen
901 3917 1108 3977 tempus
1147 3905 1274 3960 illud
1313 3914 1433 3976 post
1462 3892 1827 3961 ascensionem
1858 3905 2064 3959 Domini

487 4000 805 4070 completum
823 4013 941 4053 esse
961 3997 1384 4062 reminiscimur;
1412 4006 1590 4051 sancta
1617 3998 1885 4067 Scriptura
1909 3996 2065 4065 hujus

491 4093 566 4146 rei
607 4091 753 4145 testis
792 4089 1044 4143 omnibus
1073 4098 1196 4143 nota
1239 4095 1340 4142 est.
1380 4086 1546 4141 Juda'i
1577 4087 1831 4155 putabant
1867 4102 1925 4141 se
1945 4087 2063 4140 olli-

489 4185 629 4236 cium
673 4182 782 4237 Deo
821 4180 1030 4245 facere,
1060 4195 1179 4233 cum
1224 4178 1506 4247 Apostolus
1550 4177 1878 4231 occidebant.
1925 4177 2066 4231 Inter

491 4275 589 4329 bos
629 4274 718 4343 qtti
757 4272 987 4326 ofﬁcium
1055 4271 1162 4324 Deo
1222 4269 1612 4324 arbitrabantur
1671 4283 1730 4322 se
1789 4268 2061 4332 exhibere,

488 4365 648 4420 etiam
665 4363 857 4418 Saulus
888 4371 1069 4416 noster
1088 4401 1104 4427 ,
1133 4361 1365 4415 nondum
1396 4370 1572 4414 noster
1595 4401 1608 4423 ,
1638 4358 1735 4413 fuit
1762 4375 1774 4411 :
1808 4359 1875 4412 ita
1899 4358 2067 4413 uthoc

492 4455 631 4508 inter
660 4452 839 4507 laudes
866 4466 989 4506 suas
1029 4451 1319 4520 prmteritas
1355 4459 1405 4505 et
1433 4450 1816 4505 obliviscendus
1843 4465 2066 4506 enume—

491 4556 590 4613 rct,
625 4545 885 4609 llebra'us,
911 4544 1099 4615 inquit,
1120 4560 1183 4598 ex
1203 4542 1447 4611 Hebraeis,
1472 4544 1744 4598 secundum
1761 4544 1915 4613 legem
1939 4546 2068 4614 plta-

491 4641 699 4703 risams,
729 4637 999 4692 secundum
1035 4635 1404 4690 mutilationem
1452 4651 1746 4705 persequens
1791 4632 2069 4688 Ecclesium

495 4728 751 4801 (Philipp.
782 4742 857 4792 ttt,
890 4726 943 4791 5,
977 4726 1053 4797 ϐ).
1089 4727 1222 4780 Ecce
1246 4725 1334 4795 qui
1368 4725 1581 4795 putabat
1610 4725 1843 4778 ofﬁciunt
1872 4739 1931 4778 se
1959 4724 2069 4778 Deo

496 4821 703 4884 facere,
735 4835 852 4873 cunt
898 4818 1121 4872 faciebat
1154 4817 1294 4887 quod
1336 4833 1455 4870 mox
1498 4817 1610 4886 ipse
1646 4832 1929 4886 perpessus
1964 4824 2065 4869 est.

493 4913 624 4969 Nam
663 4912 1005 4983 quadraginta
1050 4910 1219 4965 JlldiL‘i
1261 4910 1665 4978 eonjuraverant
1709 4917 1766 4962 ιιι
1808 4907 2071 4962 interﬁce-

491 5014 613 5061 rent
641 5020 759 5058 eum
786 5045 800 5069 ,
841 5002 1051 5073 quando
1086 5000 1210 5055 fecit
1240 5000 1341 5054 hoc
1372 5000 1583 5054 tribuno
1614 5000 1946 5057 innotescere
1968 5037 1986 5062 ,
2015 5004 2071 5051 ut

489 5113 671 5151 eorum
719 5097 936 5150 insidias
972 5106 1176 5148 armate
1216 5095 1380 5146 milite
1415 5105 1598 5161 δεειιιιιδ
1640 5092 1890 5146 evaderet
1917 5090 2067 5162 (Act.

493 5204 641 5253 mu,
677 5187 743 5241 12
771 5189 880 5254 53).
929 5184 1034 5239 Sed
1077 5192 1306 5238 nondnnt
1348 5194 1461 5237 erat
1490 5183 1576 5252 qui
1608 5183 1655 5236 ei
1684 5182 1902 5246 diceret,
1933 5180 2070 5247 Quid

496 5279 585 5332 tibi
612 5286 713 5343 est,
746 5294 851 5332 non
879 5292 999 5330 cum
1030 5276 1259 5344 regibus,
1286 5274 1379 5329 sed
1406 5290 1522 5328 cum
1554 5274 1774 5327 tribunis
1802 5274 2069 5341 armisque

501 5368 801 5439 regalibus?
826 5384 930 5422 non
955 5376 1067 5421 erat
1100 5367 1193 5437 qui
1229 5367 1279 5421 ei
1311 5366 1528 5429 diceret,
1557 5364 1735 5419 Audes
1763 5380 1856 5433 per
1879 5365 2070 5427 milites

491 5477 729 5531 quaerere
751 5459 1049 5519 tuitionem,
1076 5473 1196 5512 eum
1225 5459 1479 5511 Dominus
1508 5467 1626 5511 tuus
1653 5473 1745 5527 per
1766 5472 1857 5510 eos
1881 5457 2069 5509 ductus

491 5553 563 5607 sit
590 5554 654 5607 ad
679 5549 1256 5625 passionem?Nondum
1276 5560 1429 5605 erant
1459 5550 1556 5605 ista
1574 5550 1939 5613 deliramenta,
1973 5547 2068 5603 sed

492 5653 673 5698 contra
702 5646 813 5699 ha‘c
842 5644 1013 5699 futura
1033 5642 1141 5714 jam
1170 5651 1299 5715 tunc,
1324 5643 1410 5698 illa
1445 5643 1764 5714 parabantur
1796 5640 2057 5713 exempla.

1357 248 1624 303 CONTRA
1668 236 2004 297 LlT'i'Ell.\S
2044 238 2403 307 PETlLlANl,
2446 241 2501 295 S.
2545 240 2909 300 AUGUSTINI

3651 246 3759 301 5‘33

2243 352 2368 407 907.
2409 354 2546 421 Quin
2577 357 2734 409 etiam
2762 356 3067 410 terribiliter
3106 372 3401 426 proponi-re
3431 374 3591 413 ausus
3617 373 3675 413 cs
3705 366 3747 414 ιι

2172 443 2350 501 dicere
2379 463 2392 498 :
2427 446 2530 498 Sed
2554 456 2605 498 ut
2629 457 2810 499 cratera
2839 456 3049 509 taceam,
3083 449 3134 500 iu
3173 448 3347 501 vestris
3387 450 3630 517 exemplis
3659 454 3753 501 mt-

2173 538 2341 589 vertite
2374 579 2388 603 ,
2416 538 2743 604 imperatores
2771 540 3093 607 qumuplures
3112 557 3172 592 ac
3188 540 3389 609 judices
3416 552 3604 595 vestros
3633 560 3752 607 per-

2171 631 2471 683 secutionem
2504 632 2645 684 nobis
2675 632 2907 699 faciendo
2943 633 3167 701 periisse.
3194 633 3306 687 Hoc
3336 633 3385 686 in
3415 634 3635 702 cpistola
3670 645 3755 687 tne

2172 736 2292 773 eum
2337 721 2603 789 it‘giSSt‘lll,
2643 722 2996 776 intentissime
3022 724 3393 790 exspectabam
3426 724 3550 793 quid
3580 724 3754 777 ᾱίι-ιιι-

2174 826 2293 873 rus,
2332 823 2384 865 et
2410 828 2543 881 quos
2582 824 2991 868 etunneraturus
3030 828 3181 869 esses
3215 832 3230 869 :
3260 830 3551 880 cnm,ecce
3586 817 3719 871 ntiltt
3741 860 3754 873 .

2174 905 2319 971 quasi
2350 906 2725 975 relinquendo,
2755 907 2961 975 (‘mpisli
3001 922 3424 963 commemorare
3450 908 3718 963 Neronem
3745 952 3758 966 .

2176 996 2527 1049 Dantiliatttntt
2553 1039 2567 1059 ,
2599 998 2884 1065 'i‘rajanunt
2903 1042 2916 1063 ,
2952 998 3171 1054 Cclam‘
3195 1040 3210 1064 ,
3241 1000 3454 1052 Decium
3478 1042 3490 1063 ,
3519 1001 3755 1054 Valeria-

2176 1104 2320 1145 num.
2351 1090 2751 1154 Diocletianum,
2779 1090 3171 1143 Maxintiannm.
3202 1090 3394 1144 Fateor
3410 1091 3587 1159 plures
3606 1107 3752 1146 esse:

2175 1179 2268 1232 St‘d
2302 1190 2352 1231 ιιι
2386 1195 2599 1246 prorsus
2626 1191 2809 1233 contra
2832 1195 2965 1248 quos
2995 1181 3251 1249 loquaris,
3284 1180 3479 1233 oblitus
3508 1196 3587 1235 es.
3611 1181 3755 1234 Nou-

2175 1287 2241 1323 ne
2284 1271 2365 1322 isti
2405 1288 2590 1324 omnes
2638 1271 2822 1338 νιμιιιιὶ
2866 1270 3096 1332 fuerunt,
3127 1278 3181 1324 et
3209 1271 3581 1324 universaliter
3608 1272 3753 1325 cltri-

2174 1362 2403 1413 stiannm
2432 1377 2623 1413 nomen
2659 1378 2750 1428 pro
2790 1360 2903 1414 suis
2950 1360 3103 1414 idolis
3143 1361 3405 1429 persecuti
3442 1362 3604 1414 sunt?
3634 1363 3755 1414 Evi-

2173 1451 2274 1519 gila
2321 1467 2446 1518 ergo
2484 1468 2496 1500 :
2532 1467 2651 1503 nam
2705 1452 2788 1503 isti
2833 1450 3226 1504 communionis
3261 1459 3456 1503 nostra:
3496 1467 3602 1503 non
3646 1449 3756 1503 fue-

2176 1552 2327 1605 runt;
2354 1543 2605 1596 unitatem
2633 1546 2822 1611 ipsam,
2847 1542 2928 1595 vel
2955 1542 3092 1595 unde
3119 1557 3237 1606 nos,
3260 1542 3391 1595 sicut
3423 1556 3514 1595 vos
3537 1541 3753 1610 putatis,

2176 1635 2257 1689 vel
2291 1635 2427 1689 unde
2469 1652 2595 1697 vos,
2628 1636 2766 1689 sicut
2798 1634 3042 1689 Christus
3070 1634 3257 1698 docet,
3302 1634 3523 1689 cxistis’
3545 1674 3559 1698 ,
3594 1643 3753 1686 totam

2176 1729 2646 1797 persequebantur.
2706 1727 2784 1781 Tu
2841 1737 3016 1780 autem
3070 1741 3425 1795 proposueras
3468 1724 3754 1779 ostendere

2177 1830 2386 1872 nostros
2417 1820 2761 1887 imperatores
2804 1833 2867 1872 ac
2897 1818 3103 1886 judiees
3134 1818 3556 1886 persecutionem
3608 1815 3753 1869 vobis

2175 1911 2418 1965 faciendo
2447 1910 2690 1978 periisse.
2724 1912 2803 1963 An
2836 1925 2936 1963 nec
2963 1918 3014 1962 tu
3052 1907 3255 1977 exigisa
3297 1915 3353 1960 ut
3381 1907 3510 1960 istos
3532 1921 3753 1974 compu-

2176 2010 2378 2061 temus,
2411 2001 2530 2069 quia
2573 2001 2877 2069 relinquens
2908 2014 3001 2054 eos
3043 1998 3476 2053 eontmentorasti
3525 1997 3712 2051 dicens
3738 2040 3751 2060 ,

2177 2094 2243 2147 Ut
2271 2093 2546 2162 relinquam
2574 2091 2823 2146 Neronem
2849 2109 2864 2144 :
2897 2101 2948 2145 ct
2972 2091 3069 2144 sub
3092 2092 3186 2143 ista
3219 2090 3492 2143 relictione
3526 2105 3622 2158 per
3648 2106 3751 2142 ete-

2177 2196 2317 2239 lel‘os
2344 2183 2619 2237 cucurristi
2645 2183 2703 2237 ‘?
2731 2184 2866 2249 Quid
2899 2199 3030 2251 opus
3057 2184 3150 2234 fuit
3175 2197 3300 2247 ergo
3339 2193 3393 2233 ιιι
3422 2196 3753 2234 continente-

2176 2284 2416 2329 rarentnt'
2454 2274 2517 2327 ad
2549 2290 2659 2328 rem
2690 2289 2795 2327 non
2837 2272 3203 2344 pertinentes?
3231 2270 3337 2325 Sed
3369 2271 3493 2339 quid
3530 2269 3597 2323 ad
3631 2269 3755 2324 mc?

2173 2366 2288 2420 Jam
2334 2366 2464 2419 istos
2510 2374 2683 2419 tecum
2728 2364 2968 2433 relinquo
3002 2381 3015 2417 :
3049 2378 3188 2417 nunc
3230 2362 3419 2415 Saltem
3468 2362 3755 2430 procedant

2176 2456 2259 2510 isti
2291 2473 2420 2525 quos
2445 2456 2732 2526 promisisti
2761 2472 2916 2525 quant
2944 2456 3142 2524 plures.
3171 2454 3279 2509 Nisi
3309 2453 3443 2508 forte
3474 2463 3753 2523 propterea

2174 2568 2277 2603 non
2308 2550 2663 2615 inveniuntur,
2694 2552 2815 2619 quia
2848 2564 2939 2603 eos
2969 2550 3187 2617 periisse
3213 2546 3413 2600 dixisti.

2243 2644 2368 2697 208.
2412 2643 2664 2711 Sequeris
2707 2644 2845 2696 cuint
2883 2642 3026 2709 jam,
3067 2649 3121 2693 et
3155 2640 3434 2708 cpisc0pos
3473 2638 3753 2695 nominas,

2173 2749 2307 2799 qttos
2336 2732 2403 2785 de
2446 2733 2727 2786 tradiliolc
2757 2733 2997 2785 codicum
3040 2731 3226 2784 soletis
3255 2745 3494 2798 arguere.
3531 2728 3602 2781 De
3634 2731 3753 2795 qui-

2174 2824 2272 2879 bus
2299 2834 2349 2878 et
2376 2839 2472 2877 nos
2502 2825 2735 2877 Solemus
2761 2824 3084 2890 respondere
3110 2839 3122 2874 :
3154 2823 3255 2874 Aut
3283 2838 3385 2874 ttott
3420 2820 3674 2889 probatis,
3703 2834 3755 2871 et

2172 2916 2236 2969 ad
2265 2918 2528 2970 neminem
2571 2915 2828 2984 pertinet;
2871 2924 2961 2967 ant
3006 2913 3270 2981 probatis,
3315 2923 3366 2965 et
3395 2914 3457 2964 ad
3504 2928 3598 2964 nos
3646 2929 3754 2963 non

2176 3010 2421 3078 pertinet.
2468 3009 2628 3061 Suam
2663 3007 2801 3060 enim
2841 3022 2896 3058 sa
2930 3007 3103 3059 einant
3138 3015 3511 3074 portat-erunt,
3552 3003 3632 3055 vri
3671 3002 3755 3053 ι»...

2172 3117 2293 3154 ltattt
2324 3101 2403 3153 vel
2451 3100 2640 3152 malam
2677 3116 2690 3151 :
2722 3106 2776 3153 et
2819 3097 3012 3150 bonam
3054 3096 3263 3165 quidem
3309 3094 3607 3157 credimus;
3658 3094 3755 3147 sed

2171 3191 2536 3262 quali-mliitet,
2573 3200 2747 3243 tamen
2776 3205 2926 3242 suam
2958 3207 2970 3242 :
3003 3189 3141 3243 sicut
3164 3188 3323 3242 vestri
3354 3187 3495 3250 ntali,
3528 3200 3625 3238 nec
3651 3185 3753 3253 ipsi

2173 3291 2440 3344 vestram,
2488 3296 2585 3333 nec
2630 3296 2724 3333 vos
2774 3280 3043 3349 ipsorum;
3091 3278 3184 3333 sed
3234 3286 3467 3331 vestrum
3511 3276 3754 3328 omniurn

2172 3372 2472 3429 Communis
2506 3372 2732 3439 pessima
2779 3372 2982 3425 sarcina
3028 3369 3259 3425 schisma
3306 3377 3408 3422 est.
3452 3368 3560 3421 lloc
3604 3383 3756 3435 sape

2167 3464 2275 3535 jam
2298 3464 2548 3517 diximus.
2578 3463 2781 3518 Exltibe
2809 3464 2965 3531 igitur
2987 3472 3090 3515 non
3113 3462 3482 3530 episcoporum
3512 3460 3755 3519 nomina,

2170 3559 2262 3613 sed
2297 3560 2674 3627 imperatorum
2703 3573 2762 3608 ac
2781 3556 3014 3623 judicunt
3042 3564 3366 3617 nostrorum,
3395 3554 3482 3621 qui
3509 3569 3603 3606 vos
3630 3570 3756 3622 pr-r-

2170 3653 2444 3721 sequendo
2477 3651 2761 3719 perierunt.
2794 3649 2902 3702 lloc
2929 3648 3068 3702 enim
3099 3661 3472 3715 proposueras,
3506 3646 3607 3698 ltoe
3638 3663 3760 3715 pro-

2173 3745 2394 3797 miseras
2415 3786 2429 3807 ,
2458 3742 2522 3794 ad
2555 3742 2653 3793 hoc
2686 3758 2780 3793 nos
2809 3739 3189 3793 intentissimas
3220 3736 3443 3791 feceras.
3484 3736 3659 3800 Audi,
3691 3738 3763 3790 itt-

2171 3836 2304 3904 quit,
2335 3836 2478 3904 periit
2510 3832 2785 3894 Macarius,
2821 3831 2963 3901 periit
2997 3828 3257 3893 Ursacius,
3286 3826 3551 3894 cunctique
3580 3826 3761 3879 Conti-

2124 3978 2127 3981 ,
2171 3938 2242 3980 tes
2274 3926 2454 3987 vestri,
2496 3924 2589 3977 Dei
2619 3925 2807 3993 pariter
2842 3921 3059 3975 vindicta
3101 3918 3373 3990 perierunt.
3418 3917 3563 3970 Duos
3604 3915 3759 3969 Solos

2170 4015 2633 4078 contmemorasti,
2663 4029 2888 4081 quorum
2933 4019 3120 4065 neuter
3164 4011 3453 4078 imperatur
3492 4006 3609 4060 fuit.
3657 4005 3755 4060 Cui

2173 4110 2272 4163 hoc
2316 4108 2553 4177 placeat,
2593 4120 2776 4175 qtneso
2821 4105 2911 4159 te?
2956 4103 3048 4157 tibi
3091 4103 3205 4172 ipse
3244 4116 3419 4154 nonne
3455 4099 3756 4167 displiccs?

2172 4198 2444 4255 Promittis
2470 4212 2628 4266 quam
2656 4197 2834 4266 plures
2857 4195 3206 4263 imperatores
3230 4206 3291 4245 ac
3312 4190 3519 4260 judices
3536 4200 3757 4243 nostros

2172 4302 2224 4346 te
2249 4295 2807 4350 commemoraturum,
2835 4286 2923 4354 qui
2951 4298 3044 4339 vos
3073 4280 3439 4353 persequendo
3468 4280 3750 4350 perierint,

2170 4392 2227 4437 et
2250 4381 2424 4435 tacitis
2449 4375 2857 4447 imperatoribus
2884 4375 3133 4429 nominas
3163 4372 3297 4428 duos
3326 4371 3407 4426 vel
3430 4358 3641 4438 judices
3665 4372 3751 4427 vel

2171 4472 2424 4527 Comites.
2452 4468 2582 4524 Illud
2609 4469 2747 4522 enim
2777 4465 2917 4536 quod
2946 4465 3210 4534 adjnngis,
3236 4463 3510 4532 Cuttctique
3535 4461 3757 4515 Comites

2171 4563 2319 4616 uestri
2348 4560 2438 4614 Dei
2467 4560 2653 4631 pariter
2680 4557 2900 4611 vindicta
2943 4556 3226 4627 perierunt,
3257 4554 3323 4608 ad
3354 4570 3465 4608 rem
3504 4570 3610 4606 non
3646 4569 3761 4622 per-

2173 4655 2324 4709 tinet.
2355 4652 2465 4707 lloc
2505 4650 2700 4720 quippe
2729 4649 2889 4703 modo
2912 4647 3021 4718 jam
3048 4647 3245 4702 dudum
3273 4646 3448 4700 locum
3488 4645 3649 4699 istum
3692 4644 3755 4695 li-

2173 4747 2289 4800 nire
2327 4743 2577 4817 potuisti,
2618 4753 2673 4796 ut
2698 4742 2916 4796 omnino
2957 4740 3225 4794 neminem
3274 4737 3597 4791 nontiuares.
3646 4735 3758 4789 (Zur

2174 4852 2301 4908 ergo
2328 4839 2674 4907 imperatores
2697 4842 2910 4887 nostros
2937 4875 2949 4897 ,
2982 4832 3031 4886 id
3064 4841 3164 4894 est,
3194 4839 3391 4884 nostra:
3417 4828 3756 4884 communio-

2174 4928 2257 4983 nis
2289 4944 2392 4980 non
2422 4923 2889 4980 commemorasti?
2919 4924 2999 4977 An
3023 4922 3240 4976 timuisti
3271 4936 3337 4975 ne
3362 4934 3484 4974 reus
3505 4919 3755 4988 majesta-

2175 5021 2242 5072 lis
2264 5017 2622 5074 aceusareris?
2650 5017 2749 5073 Ubi
2779 5026 2861 5071 est
2887 5015 3378 5071 Circumeellionica
3421 5014 3441 5045 ⁵
3459 5012 3713 5068 fortitudo
3736 5012 3757 5054 ν

2240 5226 2253 5256 ¹
2284 5223 2397 5271 [diti
2422 5222 2513 5271 hoc
2532 5233 2725 5269 rursum
2749 5217 2873 5279 loco,
2907 5216 3133 5279 Varium;
3154 5229 3263 5267 cum
3296 5224 3492 5267 veteres
3517 5223 3620 5264 Mss.
3640 5227 3753 5264 con-

2172 5292 2357 5334 stanter
2382 5284 2552 5341 ferant,
2578 5288 2753 5330 Letum.

2238 5349 2258 5379 ³
2294 5346 2489 5404 Quidam
2529 5338 2663 5402 editi,
2691 5341 2916 5393 exitiis.
2956 5338 3122 5389 Melius
3146 5348 3271 5402 .ttss.,
3296 5338 3464 5390 existis
3494 5352 3511 5389 :
3535 5352 3561 5387 ει
3587 5338 3757 5396 verbo,

2173 5420 2353 5534 “gi-ie
2391 5475 2495 5516 Mss.
2514 5465 2631 5514 Ριιίιί
2653 5478 2789 5523 verO.
2814 5478 2870 5514 σε
2894 5477 2977 5514 ηοδ
3001 5469 3051 5512 τα
3073 5463 3246 5534 θξτίθίδ·

2235 5530 2257 5561 ⁸
2283 5537 2382 5577 Am.
2424 5538 2475 5580 et
2505 5535 2644 5588 Mss,
2685 5535 2881 5577 cwteros
2919 5526 3174 5575 cucurristi
3216 5538 3233 5576 :

2236 5604 2260 5637 Γ

2173 5604 2260 5657 per

2226 5652 2247 5686 ⁸
2274 5650 2588 5703 Florhcettsis
2612 5657 2753 5700 vetus
2777 5650 2951 5712 codex,
2983 5645 3384 5700 rerctcellionica.

3274 5526 3447 5575 omissa
3493 5538 3513 5589 ι·
3527 5522 3724 5575 articula
3742 5556 3758 5581 ,
