4028 6202
302 365 405 417 τιέξ)

296 478 497 537 deinde
524 475 651 549 quid
683 476 794 548 agis
823 475 924 530 ‘de
945 474 1068 537 illis,
1101 464 1336 542 qnostut
1367 471 1613 540 superius
1641 470 1884 525 nomina-

295 574 383 637 sti,
410 570 501 640 qui
533 561 734 624 rectius
761 567 853 621 tibi
885 574 1106 636 possunt
1134 564 1313 618 dcere
1343 581 1356 616 :
1388 562 1527 630 Quid
1551 576 1649 616 nos
1671 577 1880 631 quazrc-

300 665 431 719 bas?
456 663 686 722 Causam
715 661 857 716 enim
901 668 1045 713 tuam
1078 657 1209 711 nihil
1237 656 1590 726 adiuverunt:
1623 661 1673 709 et
1705 663 1880 708 tamen

300 755 555 809 nominati
585 759 731 807 sunt.
767 749 968 805 Deinde
997 748 1165 819 qualis
1182 763 1262 811 es,
1281 748 1370 818 qui
1387 762 1482 803 eos
1505 759 1638 816 quos
1665 743 1894 815 periisse

300 859 695 902 commemoras
717 886 733 909 ,
762 843 1044 897 nominare
1070 839 1362 894 formidas?
1396 838 1596 894 Saltem
1637 837 1781 906 ipsos
1805 836 1891 904 ju-

299 939 445 994 dices
462 937 543 991 vel
558 934 820 1000 Comites,
833 946 967 1003 quos
983 931 1177 986 videris
1195 945 1300 983 non
1318 930 1410 982 tim
1419 928 1577 992 uisse,
1595 927 1779 996 plures
1792 941 1862 980 no
1875 953 1896 966 ο

302 1029 554 1086 minores.
587 1024 907 1082 Demaesisti
929 1033 1108 1078 autem
1123 1021 1186 1075 ad
1212 1019 1494 1075 Macarium
1513 1029 1569 1074 et
1587 1017 1888 1074 Ursacium.

304 1122 451 1177 Itane
478 1132 642 1189 quam
692 1116 872 1186 plures
898 1115 992 1180 illi,
1024 1112 1131 1167 duo
1157 1110 1243 1167 isti
1273 1112 1433 1165 sunt?
1465 1113 1544 1163 Au
1575 1107 1715 1178 quod
1743 1106 1896 1178 pueri

305 1214 614 1280 didicimus,
640 1209 824 1279 sapis?
837 1207 892 1263 Si
907 1208 1050 1263 enim
1072 1219 1282 1277 «pueras
1302 1219 1366 1258 ex
1391 1218 1497 1266 me,
1521 1201 1630 1257 duo
1653 1201 1775 1272 quis
1795 1215 1896 1254 nu-

307 1319 485 1358 merus
509 1303 602 1364 sit,
635 1297 942 1368 singularis,
973 1311 1040 1351 an
1077 1294 1326 1365 pluralis;
1359 1291 1485 1364 quid
1520 1305 1640 1347 esse
1676 1306 1900 1362 respon—

307 1398 481 1460 deam,
540 1391 642 1447 nisi
690 1388 987 1460 pluralem?
1036 1388 1142 1444 Sed
1185 1386 1359 1442 adhuc
1392 1385 1551 1440 etiam
1591 1386 1611 1416 '
1649 1399 1754 1438 non
1802 1382 1898 1438 dc-

311 1485 360 1540 tlt
390 1483 535 1556 quod
581 1483 777 1536 dicam.
811 1480 1002 1534 Exime
1039 1478 1161 1532 inde
1199 1477 1484 1532 Macarium
1513 1493 1526 1527 :
1563 1490 1732 1545 neque
1757 1474 1900 1528 enim

311 1577 487 1632 dixisti
516 1573 784 1646 quomodo
811 1572 1044 1643 perierit.
1075 1571 1156 1625 An
1181 1569 1316 1624 forte
1340 1568 1580 1638 quisquis
1600 1583 1694 1624 vos
1722 1581 1902 1638 perse-

312 1671 525 1741 quitur,
571 1669 668 1723 nisi
721 1668 772 1722 in
813 1667 914 1721 hac
943 1675 1080 1719 terra
1126 1663 1281 1718 fuerit
1328 1662 1662 1728 immortalis,
1689 1660 1902 1732 quando

315 1773 556 1818 mortuus
583 1759 740 1814 fuerit
767 1802 780 1823 ,
815 1766 1032 1828 propter
1070 1772 1163 1810 vos
1203 1765 1442 1810 nmrtuus
1480 1753 1903 1808 cxistimabitur?

314 1854 474 1922 Quid,
505 1854 547 1908 si
576 1869 680 1907 non
728 1853 778 1905 in
812 1863 917 1904 tam
965 1850 1125 1918 longe
1166 1847 1389 1918 itnperio
1417 1847 1818 1908 Constantinus,
1850 1854 1904 1900 et

319 1955 428 1998 tam
455 1945 609 2012 longa
641 1942 890 1996 felicitate
918 1940 1155 2002 vixisset,
1186 1939 1274 2008 qui
1298 1937 1500 2006 prinms
1530 1937 1786 1992 adversus
1807 1951 1902 1990 ve-

319 2047 489 2090 strum
521 2051 753 2089 errorem
799 2035 963 2087 umlta
991 2032 1300 2096 constituit;
1333 2041 1386 2086 et
1413 2030 1560 2102 quid,
1589 2031 1632 2085 si
1672 2046 1777 2084 non
1806 2027 1903 2084 Ju-

317 2131 483 2184 lianus
515 2138 620 2182 tam
647 2127 752 2182 cito
781 2127 1028 2196 abreptus
1055 2136 1197 2181 esset
1225 2139 1256 2180 e
1282 2124 1406 2186 vita,
1430 2123 1520 2194 qui
1551 2123 1700 2177 vobis
1722 2121 1905 2176 basili-

314 2234 404 2273 cas
430 2218 577 2274 dedit
603 2217 718 2288 (a)?
743 2217 956 2288 quando
985 2217 1082 2270 ista
1109 2215 1376 2286 garriendi
1403 2215 1560 2269 finem
1593 2213 1840 2268 faceretis
1860 2213 1903 2280 ³,

316 2328 434 2366 crint
460 2321 515 2367 et
539 2311 702 2366 modo
723 2320 900 2365 tacere
927 2309 1142 2363 nolitis?
1171 2307 1279 2362 Nec
1316 2318 1491 2362 tamen
1525 2308 1752 2363 dicimus
1783 2322 1902 2373 nos,

317 2403 434 2458 ideo
461 2406 569 2459 cito
600 2412 865 2458 mortuum
886 2402 1176 2467 .luliauum,
1209 2401 1331 2471 quia
1359 2401 1511 2456 vobis
1537 2401 1786 2456 basilicas
1808 2399 1905 2456 de-

316 2498 408 2551 dit.
458 2498 750 2552 Possumus
789 2497 930 2551 enim
973 2511 1092 2550 esse
1129 2496 1179 2551 in
1227 2495 1310 2551 his
1337 2495 1536 2565 pariter
1561 2495 1783 2565 copiosi,
1811 2493 1905 2550 sed

316 2589 560 2642 nolumus
586 2602 707 2642 esse
734 2587 932 2656 pariter
969 2585 1112 2641 vani.
1144 2585 1393 2650 Proinde,
1425 2594 1482 2639 ut
1515 2585 1696 2641 dicere
1717 2601 1899 2655 cmpe-

316 2697 426 2734 ram
451 2722 468 2746 ,
497 2694 562 2736 ex
606 2679 708 2733 illis
734 2678 943 2733 duobus
975 2693 1199 2733 secerno
1226 2677 1510 2733 Macarium
1532 2677 1573 2733 ⁵.
1599 2677 1732 2732 Cum
1759 2679 1903 2734 enim

315 2773 443 2826 duos
471 2772 843 2842 proposuisses
867 2815 881 2835 ,
912 2769 1085 2841 ipsum
1117 2779 1170 2824 et
1200 2769 1506 2836 Ursacium;
1540 2769 1778 2840 repetisti
1811 2785 1905 2824 no-

315 2881 432 2919 men
465 2865 695 2930 Ursacii,
720 2873 776 2916 ιιι
802 2863 953 2917 nobis
980 2862 1292 2917 ostenderes
1328 2877 1487 2931 quam
1531 2871 1756 2916 mortem
1785 2875 1902 2916 me.

317 2960 497 3020 ruerit,
529 2967 585 3012 et
613 2957 790 3012 dixisti
837 2974 850 3010 :
899 2953 1165 3011 Ursacium
1205 2970 1419 3025 namque
1447 2955 1708 3009 barbarica
1735 2970 1906 3028 pugna

315 3061 642 3118 prostratum,
677 3049 822 3102 strvis
851 3047 1099 3119 unguibus
1124 3047 1286 3110 alites,
1318 3063 1594 3117 cantum/ue
1619 3046 1755 3101 avidi
1776 3047 1903 3101 dett-

312 3150 378 3196 tes
403 3141 652 3195 morsibus
678 3142 1069 3210 discerpserunt.
1099 3137 1252 3194 Unde
1272 3140 1401 3194 salis
1427 3156 1604 3209 appar:
1626 3149 1666 3205 t,
1694 3155 1816 3196 cum
1839 3140 1908 3196 de.

315 3233 538 3286 llacario
571 3232 826 3298 majorem
857 3231 1105 3283 invidiam
1139 3229 1314 3284 facere
1353 3231 1591 3298 soleatis,
1624 3232 1691 3286 ita
1723 3240 1781 3286 ut
1808 3246 1904 3286 nos

313 3325 665 3389 Macariattos,
694 3339 797 3378 non
836 3321 1158 3378 Ursacianos
1185 3323 1492 3393 appelletis;
1527 3324 1692 3376 multo
1737 3323 1906 3377 maxi-

313 3433 397 3471 me
420 3427 471 3470 te
498 3417 566 3469 de
595 3416 686 3470 illo
712 3415 874 3470 fuisse
898 3415 1184 3480 dicturmn,
1210 3415 1253 3467 si
1282 3413 1348 3467 de
1371 3424 1542 3467 morte
1563 3413 1678 3480 ejus
1706 3412 1901 3481 aliquid

321 3508 423 3562 tale
453 3507 635 3560 dicere
667 3506 950 3574 potuisses.
982 3503 1055 3557 Ex
1091 3503 1173 3557 bis
1207 3504 1383 3573 itaque
1411 3501 1638 3562 duobus.
1666 3502 1751 3556 ubi
1783 3501 1900 3571 pln-

315 3598 476 3652 ralem
524 3611 804 3651 numerum
839 3595 1078 3664 posuisti,
1112 3595 1355 3661 sejuncto
1382 3591 1632 3658 Macario,
1663 3603 1903 3648 remanet

317 3688 566 3741 l’rsat-ins
593 3703 784 3741 nomen
815 3686 1089 3757 proprium
1119 3686 1330 3763 uulneri
1358 3685 1655 3753 singularis.
1688 3683 1785 3740 Ubi
1818 3696 1900 3738 est

314 3777 472 3850 igitur
503 3788 608 3830 tam
639 3778 868 3846 pluriutn
889 3777 909 3807 ⁸
941 3777 1150 3830 illorum
1181 3787 1285 3830 tam
1331 3775 1506 3829 tninax
1543 3783 1594 3829 et
1630 3775 1902 3830 trememla

315 3869 630 3940 promissio?
1741 3861 1753 3874 ’

381 3961 506 4016 9.09.
551 3959 666 4016 Jam
716 3958 840 4013 illud
889 3974 1045 4027 quam
1095 3957 1375 4012 ridiculum
1422 3956 1511 4022 sit,
1552 3954 1642 4025 qui
1690 3969 1902 4024 quoquo

313 4051 476 4108 modo
501 4053 646 4124 loqui
692 4060 992 4116 noverunt,
1023 4059 1276 4118 quantum
1321 4049 1533 4118 opinor.
1582 4047 1898 4116 intelligant,

311 4145 453 4215 quod
484 4158 604 4199 cum
630 4143 855 4198 dixisses
877 4183 890 4207 ,
931 4140 1091 4196 Periit
1133 4139 1411 4203 Macarius,
1442 4140 1586 4205 periit
1626 4136 1897 4206 Ursacins,

311 4236 582 4303 cunctique
609 4233 825 4289 Comites
849 4233 1018 4297 vestri,
1053 4231 1146 4285 Dei
1171 4232 1358 4300 pariter
1380 4232 1597 4284 vindicta
1626 4231 1901 4298 perierunt;

314 4336 562 4394 ιςιιιιιιιηιιι
601 4323 936 4395 exigentibus
975 4333 1031 4376 nt
1075 4323 1330 4392 probares
1353 4365 1366 4384 ,
1398 4323 1519 4392 quia
1554 4336 1738 4375 revera
1773 4322 1899 4375 nihil

310 4417 459 4472 aliud
485 4417 568 4470 vel
591 4416 799 4470 auditor
819 4416 898 4469 vel
932 4414 1099 4468 lector
1117 4413 1372 4483 exigeret,
1405 4412 1583 4468 statim
1610 4411 1902 4467 couneXni-

310 4511 378 4568 sti
411 4524 659 4581 magnum
685 4507 1084 4568 documentum,
1120 4519 1224 4574 quo
1257 4504 1512 4574 probares
1551 4511 1773 4557 cunctos
1796 4502 1901 4557 Co-

312 4606 468 4660 mites
498 4612 709 4657 nostros
741 4599 830 4654 Dei
875 4598 1070 4668 pariter
1096 4595 1326 4650 vindicta
1356 4595 1596 4666 periisse.
1631 4593 1900 4648 llrsacium

310 4711 527 4767 uanique
553 4693 814 4748 barbarica
836 4731 851 4755 ,
877 4690 1072 4760 inquis,
1102 4704 1274 4760 pugna
1293 4696 1619 4754 prostratam,
1638 4687 1779 4741 sa'ois
1805 4703 1902 4741 un-

307 4789 490 4860 guibus
515 4789 680 4852 alites,
704 4798 987 4854 canumque
1005 4781 1140 4836 avidi
1163 4781 1335 4834 dentes
1355 4780 1602 4834 morsibus
1623 4779 1900 4851 discerpse—

308 4893 450 4936 rnnt.
483 4880 595 4936 lloc
639 4876 798 4932 modo
831 4886 1002 4948 potest
1031 4874 1164 4929 alius
1207 4873 1452 4928 similiter
1491 4874 1732 4927 nesciens
1773 4873 1899 4944 quid

305 4977 575 5044 loquatur,
603 4971 806 5034 dicere,
837 4983 1027 5022 omnes
1055 4967 1335 5036 episcopos
1355 4973 1564 5020 vestros
1607 4964 1696 5018 Dei
1729 4964 1900 5019 vindi-

373 5111 388 5141 ⁸
417 5115 481 5158 Ita
508 5115 613 5156 MS.
643 5112 697 5155 At
715 5103 858 5168 editi,
876 5100 993 5168 quid
1013 5099 1103 5168 ais.

369 5174 392 5203 ³
417 5179 466 5221 In
504 5167 753 5219 Μάνδρα
794 5157 860 5216 ad
889 5157 987 5214 'Itoc
1031 5163 1190 5212 etiam.
1233 5161 1352 5210 Edltl
1390 5166 1553 5209 tamen
1591 5172 1685 5208 non
1727 5157 1894 5208 male:

302 5233 398 5283 sed
421 5232 584 5282 adhuc
607 5229 767 5281 etiam.
797 5236 850 5276 Αι
875 5240 993 5292 vero
1015 5232 1193 5292 postea
1205 5224 1365 5272 minus
1382 5223 1512 5292 bene
1535 5222 1778 5292 terebant,
1803 5233 1894 5270 non

305 5294 428 5345 desit
452 5296 580 5359 quod
606 5292 783 5342 dicam.
813 5298 886 5339 15x.
909 5285 1094 5359 duobus
1115 5285 1250 5335 rideo
1268 5285 1534 5334 ittacariunt
1562 5295 1579 5331 :
1603 5289 1656 5332 et
1681 5295 1770 5344 per
1807 5294 1895 5331 nos

306 5350 628 5407 emendantur
654 5367 716 5402 ex
743 5350 1096 5412 manuscriptis.
1166 5413 1174 5416 Α
1326 5404 1355 5416 Α

369 5421 390 5452 ⁸
413 5433 513 5467 am.
535 5425 587 5467 et
605 5429 778 5465 omnes
801 5423 924 5470 3235.,
949 5423 1138 5476 garrire
1157 5413 1397 5460 timeretis.
1481 5463 1492 5473 ,

369 5482 390 5512 ’δ
411 5483 485 5528 sic
509 5487 612 5528 Mss.
643 5486 696 5526 Λι
720 5477 837 5525 editi
857 5481 1102 5535 corrupte,
1143 5483 1286 5520 cerno
1309 5477 1589 5519 uacartmn.

367 5547 388 5576 ³
413 5549 486 5591 ιὶιο.
514 5549 564 5590 et
588 5548 718 5588 t.ov.:
742 5535 1131 5601 quamplurinm.
1228 5593 1257 5602 __
1483 5589 1493 5600 _
1557 5589 1578 5602 ,-
1641 5599 1654 5602 _

368 5589 666 5666 (altntperio
704 5589 993 5666 potitusjest
1020 5593 1355 5666 Constantinus
1383 5589 1523 5666 anuis
1556 5589 1679 5666 fere

301 5652 509 5723 domins,
527 5652 729 5714 auctore
754 5657 958 5709 Eusebio
984 5659 1039 5723 in,
1055 5659 1169 5723 ejus
1186 5657 1304 5703 vita.
1329 5652 1543 5701 Julianus
1567 5663 1685 5723 vero
1705 5652 1897 5723 imperii

301 5711 810 5791 saepestntioustantii
836 5719 1070 5791 patruelis
1081 5711 1293 5791 'olsitutn,
1319 5727 1449 5791 anno
1459 5711 1900 5791 tutomeasiggs

301 5778 496 5839 circiier
519 5798 714 5851 septem
754 5778 1028 5851 transactis,
1058 5782 1105 5828 in
1145 5778 1312 5841 pra-lio
1348 5784 1508 5826 contra
1530 5782 1698 5823 Persas
1731 5778 1896 5834 periit,

304 5853 459 5902 tutis
481 5844 609 5901 anno
633 5847 883 5910 trigesimo
900 5844 1069 5905 primo.

595 5931 858 5985 l'x'rmnu
902 5920 1116 5982 XLIII.

1635 357 1833 412 LIBER
1874 355 2246 410 SECUNDUS.

3490 364 3593 424 530

1997 479 2081 522 cta
2116 470 2166 522 iu
2197 485 2412 524 carcere
2439 471 2698 528 defecisse
2730 491 2742 527 :
2776 483 2828 528 "et
2857 489 2978 530 cum
3007 476 3072 532 ab
3101 493 3168 532 eo
3194 477 3350 534 fuerit
3378 481 3584 552 ﬂagita-

2000 571 2111 614 tum
2166 559 2308 616 unde
2357 559 2460 617 hoc
2508 564 2730 632 probet,
2787 564 3078 636 adjungere
3111 569 3291 624 statim
3317 611 3332 633 ,
3363 570 3590 640 Optatos

2003 667 2230 721 innnque
2270 652 2338 706 de
2383 654 2634 709 satellitio
2669 653 2910 717 Gildonis
2937 671 3250 725 accusatus,
3281 663 3367 718 tali
3395 678 3594 732 genere

2002 744 2191 796 mortis
2227 745 2520 799 exstinctus
2549 756 2652 801 est.
2697 747 2804 803 llas
2831 765 2997 820 nugas
3021 750 3206 807 audire
3245 762 3300 808 et
3323 754 3595 812 discutere

2001 842 2060 888 ct
2083 833 2334 890 refellere
2373 838 2615 908 cogimur
2644 857 2658 894 :
2693 849 2896 896 tatttum
2939 843 3187 902 timemus
3227 846 3456 903 infirmis
3477 889 3494 914 ,
3526 866 3594 904 ne

2005 925 2278 981 intellectu
2319 928 2552 984 tardiore
2593 931 2645 984 iu
2677 943 2884 988 vestros
2924 935 3142 1005 laqueos
3180 939 3429 995 celeriter
3471 956 3595 996 eur-

2005 1026 2145 1072 rant.
2179 1018 2341 1074 istum
2378 1031 2556 1077 autem
2597 1021 2878 1080 Ursacium
2899 1066 2916 1088 ,
2947 1025 2993 1082 si
3021 1025 3156 1082 forte
3195 1028 3330 1085 bene
3356 1031 3516 1094 vixit,
3543 1043 3598 1086 et

2005 1123 2132 1164 vere
2173 1111 2241 1164 ita
2278 1122 2518 1168 mortuus
2553 1123 2656 1176 est.
2688 1117 3052 1173 consolahitur
3077 1120 3361 1189 promissio
3393 1123 3485 1177 Dei
3515 1124 3594 1177 di-

2005 1201 2212 1268 centis,
2252 1201 2565 1274 Sanguinem
2604 1207 2891 1262 animarum
2933 1217 3210 1264 vestrarum
3239 1213 3498 1280 exquiram
3534 1215 3599 1267 de

2008 1295 2237 1348 manibus
2264 1297 2488 1351 omnium
2512 1299 2785 1352 bestiarum
2820 1299 2972 1372 (Gen.
2997 1318 3073 1366 ιι,

2077 1384 2203 1439 210.
2232 1384 2384 1452 Quod
2414 1397 2591 1443 autem
2623 1391 2774 1446 nobis
2805 1393 3202 1450 calumniamini
3229 1438 3243 1460 ,
3271 1396 3532 1464 dicentes,
3563 1415 3594 1454 ιι

2009 1474 2238 1529 nobisin
2267 1491 2362 1532 vos
2408 1477 2476 1532 ad
2506 1479 2834 1536 iracundiam
2865 1500 3020 1553 reges
3065 1488 3248 1541 εωειιιί
3295 1491 3552 1546 concitari
3577 1534 3593 1552 ,

2007 1563 2134 1618 dqu
2160 1581 2253 1622 eos
2284 1583 2387 1621 ιιοιι
2403 1567 2656 1624 docemus-
2672 1571 2908 1627 divinant
2930 1574 3281 1644 Scriptorum,
3299 1579 3394 1634 sed
3419 1582 3596 1649 potius

2010 1659 2250 1714 militiam
2297 1672 2531 1716 nostram
2582 1667 2953 1735 suggerimus:
2984 1684 3089 1723 nou
3142 1682 3268 1740 puto
3300 1687 3400 1727 vos
3427 1689 3596 1745 usque

2007 1749 2143 1803 adeo
2191 1750 2384 1807 surdos
2423 1752 2543 1810 esse
2585 1755 2840 1810 adversus
2869 1758 2979 1827 ipsa
3020 1770 3325 1818 sanctorum
3351 1765 3595 1820 codicum

2009 1840 2218 1910 eloquia
2239 1884 2254 1906 ,
2290 1852 2346 1896 ut
2393 1859 2497 1898 non
2526 1845 2702 1914 potius
2727 1848 2957 1902 timentis
2999 1863 3066 1904 ne
3091 1852 3340 1907 noverint
3377 1869 3459 1910 ea.
3491 1855 3598 1911 Sed

2011 1932 2187 1988 velitis
2212 1933 2393 1989 nolitis
2417 1975 2432 1997 ,
2458 1936 2660 1991 intrant
2681 1938 2976 1994 Ecclesiam
2997 1979 3012 2005 ,
3043 1950 3099 1997 et
3124 1943 3169 1996 si
3196 1959 3294 1998 nos
3320 1955 3556 2003 tacemus
3583 1991 3597 2013 ,

2013 2023 2300 2079 lectoribus
2331 2025 2618 2082 admovent
2646 2045 2830 2086 aurem
2853 2049 2867 2085 :
2887 2040 3066 2103 atque,
3103 2044 3160 2089 nt
3187 2035 3255 2091 de
3283 2039 3492 2094 caneris
3521 2049 3598 2094 ta-

2010 2128 2159 2168 ceam
2186 2155 2202 2181 ,
2252 2117 2410 2172 istum
2443 2119 2614 2189 ipsmu
2643 2121 2956 2194 plerumque
3004 2126 3266 2194 psalmum
3292 2170 3306 2193 ,
3335 2145 3496 2200 quem
3545 2143 3602 2188 tu

2011 2210 2441 2264 eonnuemorasti
2468 2252 2482 2274 ,
2517 2211 2869 2269 intentissime
2896 2215 3182 2286 accipiunt.
3213 2219 3400 2275 Dixisti
3428 2221 3599 2288 enim,

2010 2296 2152 2364 quod
2179 2313 2273 2352 eos
2305 2317 2408 2354 non
2423 2299 2730 2369 doceamus,
2759 2320 2862 2361 nec
2889 2321 2984 2362 eos
3009 2308 3248 2365 volentes
3277 2311 3518 2369 sinamus
3542 2328 3601 2370 ut

2014 2389 2258 2444 noverint
2286 2393 2426 2458 quod
2479 2395 2736 2465 scriptum
2785 2406 2888 2464 est,
2925 2398 2992 2452 Et
3020 2417 3152 2456 nunc
3169 2443 3184 2467 ,
3207 2420 3347 2476 reges
3369 2446 3385 2472 ,
3409 2407 3602 2462 intelli-

2013 2479 2146 2544 oite;
2187 2484 2456 2538 eradimini
2477 2527 2490 2546 .
2523 2488 2612 2556 qui
2640 2489 2890 2560 judicatis
2928 2501 3158 2548 terram:
3177 2496 3358 2551 servits
3384 2497 3602 2554 Domino

2011 2571 2064 2625 in
2094 2574 2290 2641 timore,
2320 2587 2366 2630 ct
2405 2581 2652 2634 exsultate
2690 2583 2735 2634 ei
2777 2599 2894 2637 cum
2941 2595 3156 2641 tremore
3193 2601 3214 2643 .'
3257 2592 3602 2661 apprehendi-

2013 2670 2061 2714 te
2106 2663 2428 2734 disciplinam
2451 2709 2465 2734 ,
2517 2671 2784 2741 nequando
2847 2674 3098 2729 irascatur
3157 2677 3446 2744 Dominus,
3490 2693 3594 2738 etc.

2010 2750 2225 2807 Credite
2250 2765 2307 2808 et
2356 2757 2451 2810 ista
2507 2761 2709 2815 cantari
2734 2803 2752 2828 ,
2782 2772 2836 2816 et
2876 2763 2995 2818 illos
3033 2767 3220 2823 audire
3251 2786 3267 2824 :
3297 2771 3391 2826 sed
3419 2772 3594 2844 utique

2011 2843 2233 2898 audiunt
2252 2846 2316 2899 et
2341 2847 2470 2902 illud
2499 2853 2745 2920 superius
2776 2853 2828 2907 in
2855 2854 3045 2910 eodem
3076 2859 3312 2926 psalmo,
3343 2863 3487 2932 quod
3516 2843 3595 2931 tu,

2011 2932 2114 2988 nisi
2140 2934 2310 3001 fallor,
2340 2949 2618 3009 propterea
2653 2945 2924 3010 prmterire
2949 2947 3234 3015 noluisti‘,
3269 2967 3336 3007 ne
3363 2955 3603 3011 timuisse

2011 3024 2401 3096 intelligercris.
2434 3031 2668 3086 Audiunt
2710 3048 2838 3105 ergo
2865 3045 2920 3090 et
2960 3037 3086 3092 illttd
3123 3056 3136 3092 :
3171 3038 3421 3097 Dominus
3467 3045 3598 3100 dixit

2011 3116 2080 3170 ad
2107 3135 2185 3172 me
2207 3161 2221 3180 ,
2259 3119 2424 3175 Filius
2448 3139 2586 3177 mens
2627 3142 2678 3178 es
2722 3136 2792 3190 tn,
2832 3144 2922 3198 ego
2947 3131 3098 3184 hodie
3120 3135 3272 3202 genui
3314 3145 3362 3188 te
3390 3153 3408 3190 :
3434 3149 3547 3208 pete
3570 3158 3602 3192 rt

2010 3225 2107 3274 nte,
2139 3221 2184 3264 et
2211 3213 2340 3268 dabo
2367 3216 2455 3268 tibi
2490 3226 2660 3286 gentes
2687 3219 3031 3276 [nereditatem
3070 3234 3212 3279 luam
3246 3240 3294 3280 et
3319 3231 3599 3297 possessio-

2011 3320 2125 3369 nem
2167 3314 2306 3358 (nam
2340 3310 2576 3364 terminos
2599 3311 2930 3382 terrar(Psal.
2965 3314 3046 3384 ιι).
3075 3316 3194 3384 Quo
3217 3321 3399 3376 audito
3419 3323 3603 3396 utique

2010 3398 2271 3453 mirantur
2294 3415 2413 3455 esse
2438 3402 2646 3472 aliquos
2670 3404 2759 3474 qui
2789 3404 2908 3461 huic
2936 3405 3229 3464 Inereditati
3250 3410 3450 3468 Christi
3471 3431 3600 3472 cou-

2011 3488 2295 3557 tradicunt,
2329 3503 2381 3548 et
2407 3509 2523 3548 eam
2548 3495 2613 3550 ad
2657 3498 2899 3566 exiguam
2932 3509 3134 3569 partem
3163 3513 3322 3559 terra:
3352 3507 3598 3579 redigere

2009 3593 2272 3637 conantur
2301 3601 2315 3636 :
2347 3587 2706 3659 tnirantesque
2751 3590 2980 3646 fortasse
3026 3605 3273 3663 qua'runt
3301 3608 3522 3669 propter
3549 3600 3600 3654 id

2009 3675 2149 3740 quod
2195 3675 2247 3728 in
2279 3682 2730 3748 consequentibus
2757 3681 2978 3737 audiunt
3004 3725 3019 3750 ,
3050 3684 3246 3740 Servite
3288 3687 3508 3746 Domino
3545 3692 3598 3746 in

2008 3765 2220 3829 timore;
2245 3769 2295 3821 in
2328 3785 2434 3839 quo
2465 3772 2538 3824 illi
2567 3774 2772 3828 servire
2803 3776 3006 3844 possint
3025 3817 3041 3841 ,
3069 3776 3120 3831 in
3150 3791 3408 3848 quantum
3440 3797 3594 3852 regrs

2008 3863 2150 3907 sunt.
2183 3855 2380 3911 Onmes
2407 3861 2548 3913 enim
2587 3861 2830 3917 lnnnincs
2871 3865 3076 3920 servire
3102 3866 3213 3922 Deo
3233 3868 3466 3924 debent:
3501 3873 3599 3926 ali-

2010 3952 2088 3998 ter
2114 3947 2382 4001 conmmni
2403 3950 2730 4012 conditione,
2757 3967 2858 4023 qua
2890 3953 3134 4012 homines
3153 3968 3275 4013 sum
3295 3975 3308 4024 ;
3331 3960 3490 4017 aliter
3511 3962 3595 4016 tli-

2007 4037 2177 4088 versis
2203 4036 2357 4092 donis
2377 4082 2391 4103 ,
2414 4042 2554 4111 quod
2597 4043 2683 4098 ille
2711 4043 2855 4097 aliud
2892 4045 3000 4116 agit
3031 4047 3081 4101 in
3111 4049 3272 4104 rebus
3315 4049 3559 4108 humanis
3580 4096 3596 4119 ,

2011 4127 2098 4182 illc
2127 4129 2289 4185 aliud.
2321 4131 2436 4187 Νιιιι
2481 4135 2623 4190 enim
2661 4135 2946 4190 auferenda
2992 4138 3128 4193 idola
3164 4139 3230 4194 de
3259 4150 3418 4210 terra,
3451 4146 3594 4215 quod

2010 4229 2157 4274 tanto
2200 4231 2326 4277 ante
2377 4223 2608 4281 futurum
2657 4228 2969 4296 prmdictum
3021 4240 3104 4286 est
3143 4230 3277 4306 (lsai
3307 4250 3382 4300 tt-,
3417 4235 3480 4292 l8
3505 4277 3521 4299 ,
3547 4250 3597 4290 ct

2007 4313 2167 4368 Zarlt.
2205 4333 2319 4378 xm,
2347 4318 2429 4390 2),
2463 4331 2645 4391 posset
2671 4322 2952 4394 quiSquam
2978 4324 3168 4394 jubere
3199 4326 3459 4396 privatus.
3491 4329 3598 4386 lla-

2010 4405 2135 4460 bent
2163 4422 2292 4479 ergo
2341 4427 2513 4481 rcges,
2541 4423 2759 4484 excepta
2796 4417 3012 4486 generis
3050 4417 3262 4473 humani
3301 4421 3554 4476 societate
3577 4464 3590 4488 ,

2008 4513 2074 4552 eo
2115 4500 2230 4569 ipso
2254 4518 2362 4573 quo
2389 4520 2540 4573 reges
2562 4515 2704 4572 sunt,
2737 4508 2880 4562 node
2927 4509 3006 4564 sic
3051 4501 3280 4566 Domino
3321 4513 3555 4568 serviant
3579 4557 3594 4580 ,

2007 4593 2277 4660 quomodo
2305 4611 2407 4648 non
2434 4609 2656 4665 posmat
2685 4600 2771 4668 qni
2807 4615 2961 4670 reges
2989 4618 3091 4654 non
3125 4611 3267 4657 sunt.

2076 4683 2203 4738 211.
2239 4685 2338 4739 Ista
2367 4701 2494 4758 ergo
2515 4703 2634 4743 ctttn
2662 4691 2948 4760 cogitant’,
2977 4693 3198 4748 audiunt
3225 4704 3279 4750 et
3306 4695 3432 4751 illud
3454 4700 3594 4769 quod

2006 4773 2073 4827 de
2114 4774 2280 4831 tribus
2311 4779 2487 4847 pueris
2518 4780 2630 4850 ipse
2672 4783 3103 4836 commemorasti
3128 4825 3140 4846 ,
3168 4792 3223 4838 et
3264 4785 3592 4845 andiuutsn-

2009 4867 2284 4925 lemnitate
2323 4871 2568 4926 mirabili.
2602 4873 2753 4928 Tunc
2780 4875 2922 4929 enim
2961 4875 3146 4930 eadem
3178 4874 3451 4949 Scriptura
3477 4896 3593 4935 ma-

2007 4959 2146 5015 xime
2191 4960 2244 5014 in
2293 4959 2528 5016 Ecclesia
2577 4972 2849 5025 cantatur.
2901 4965 3116 5035 quando
3168 4967 3303 5037 ipsa-
3335 4968 3594 5025 festivitas

2006 5048 2356 5104 ferventiores
2387 5049 2511 5105 facit
2555 5053 2714 5106 etiam
2751 5068 2846 5107 eos
2874 5055 2962 5124 qui
2994 5064 3190 5111 cratera
3228 5065 3370 5111 annd
3399 5059 3598 5129 pigrio-

2005 5154 2092 5193 res
2121 5153 2263 5194 sunt.
2291 5141 2428 5210 Quid
2457 5157 2584 5213 ergo
2623 5144 2816 5212 putatis
2853 5147 3014 5200 animi
3050 5147 3244 5203 habere
3274 5147 3594 5205 christianos

2005 5233 2371 5303 imperatores,
2405 5251 2524 5290 cum
2573 5236 2792 5290 audiunt
2822 5248 2929 5292 tres
2965 5255 3157 5308 pueros
3190 5242 3380 5298 missus
3426 5230 3480 5298 in
3509 5260 3594 5298 rae

1938 5344 1945 5348 -
2004 5326 2204 5376 minum
2255 5325 2389 5394 ignis
2438 5327 2672 5381 ardentis
2712 5328 2966 5398 qniat‘rgi
3007 5329 3072 5384 ad
3124 5331 3453 5400 iniquitatem
3502 5333 3594 5386 ad-

2001 5418 2187 5472 orandi
2213 5419 2480 5473 simulacri
2510 5417 2531 5449 ³
2551 5422 2854 5476 consentire
2879 5422 3196 5489 noluerunt;
3229 5424 3328 5478 nisi
3362 5434 3416 5478 ιιι
3445 5429 3592 5496 cogi-

2065 5577 2244 5692 ;Oragliti,
2269 5575 2471 5628 t‘Ollliali.
2507 5580 2680 5628 verius
2711 5587 2839 5642 Mss,
2862 5578 3056 5631 noluisti
3083 5593 3100 5630 :
3125 5586 3179 5630 ut
3202 5588 3337 5642 patet
3358 5593 3506 5646 supra
3524 5595 3585 5633 ex

2001 5657 2049 5692 η’
2064 5657 2307 5766 ἷ’λιεδ.ς
2338 5706 2431 5766 Ista
2452 5713 2566 5765 ergo
2588 5716 2697 5752 cum
2721 5703 2940 5766 cogitent.

2061 5767 2083 5798 ³
2107 5766 2239 5820 txliti,
2265 5762 2542 5813 :innlacrn.
2578 5767 2748 5815 \‘erius
2771 5762 2873 5816 διεδ.
2889 5800 2904 5823 ,
2926 5762 3178 5816 simulacri
3197 5778 3215 5826 ,'
3238 5766 3286 5815 id
3311 5775 3387 5818 est
3419 5776 3592 5820 statim

1996 5825 2446 5888 Nabuchodonosor,
2473 5839 2535 5875 ex
2561 5827 2769 5877 Dauielis
2787 5840 2888 5890 cap.
2909 5829 2956 5877 3.

3021 5911 3290 5991 (On.ch
