4024 6196
438 267 536 321 551

441 389 551 434 teut
581 381 719 449 piam
748 380 1043 434 libertatem
1071 389 1376 435 sanctorum
1408 394 1507 432 nec
1548 378 1687 447 regia
1716 386 1976 446 potestate
2000 417 2014 441 ,

440 487 537 526 nec
576 486 747 540 nmina:
797 472 1123 527 immanitate
1160 486 1314 541 posse
1360 470 1645 540 superari?
1682 468 2020 539 gaudentque

437 580 497 619 se
526 580 630 619 non
661 577 781 618 esse
808 578 873 618 ex
922 579 1144 618 numero
1188 562 1371 618 talium
1400 576 1584 633 regum
1607 603 1621 628 ,
1652 561 1739 631 qui
1775 569 2016 615 contem-

439 663 617 722 ptores
663 653 925 709 idolorum
976 656 1124 725 quasi
1171 654 1459 725 sacrilegos
1510 654 1816 724 puniebant.
1849 654 2017 708 Porro

436 758 613 801 autem
643 761 764 801 cum
788 748 848 801 in
871 748 1325 819 consequentibus
1360 747 1613 812 audiunt,
1658 746 1902 802 eumdem
1929 762 2019 802 re-

432 852 573 904 gem,
606 853 712 891 non
735 837 908 893 solum
956 853 1247 909 puerorum
1268 882 1282 905 ,
1310 839 1403 893 sed
1433 848 1488 893 et
1527 838 1859 892 ﬂammarum
1909 838 2015 891 Deo

434 929 781 985 servientium
834 939 981 986 tanto
1024 932 1282 987 miraculo
1326 932 1567 987 territum
1592 972 1606 995 ,
1652 930 1811 985 etiam
1843 930 2012 999 ipsum

431 1020 665 1090 cmpisse
687 1021 800 1077 Deo
825 1022 1029 1078 servire
1053 1022 1107 1077 in
1135 1023 1327 1078 timore
1345 1065 1359 1089 ,
1384 1033 1437 1078 et
1465 1022 1735 1077 exsultare
1759 1037 1877 1075 cum
1908 1031 2014 1076 tre-

435 1128 605 1178 more,
627 1112 1122 1184 et‘apprehendisse
1140 1114 1495 1183 disciplinam;
1518 1129 1694 1169 nonne
1715 1112 2015 1182 intelligunt

433 1204 553 1259 ileo
584 1205 682 1260 ista
706 1220 826 1259 esse
851 1206 1171 1275 conscripta,
1191 1214 1243 1260 et
1271 1214 1416 1259 tanta
1440 1204 1751 1261 celebritate
1776 1203 2008 1265 recitari,

431 1305 487 1348 ut
513 1303 569 1349 ct
596 1293 765 1350 servis
797 1296 886 1350 Dei
929 1311 997 1351 ne
1035 1295 1103 1351 ad
1144 1295 1479 1365 sacrilegium
1527 1294 1743 1363 regibus
1791 1291 2008 1357 cedant,

430 1394 480 1437 et
502 1384 635 1453 ipsis
662 1385 874 1455 regibus
899 1394 956 1439 ut
993 1386 1060 1439 ad
1103 1386 1411 1453 religionem
1444 1384 1554 1439 Deo
1598 1384 1853 1447 credant,
1884 1397 2011 1453 pro-

432 1482 694 1541 rimantur
718 1473 996 1544 exempla?
1028 1474 1275 1529 Veientes
1294 1488 1420 1543 ergo
1444 1481 1501 1529 et
1526 1473 1613 1527 isti
1637 1488 1703 1528 ex
1730 1472 1893 1543 ipsius
1921 1471 2013 1525 ad-

432 1565 725 1620 monitione
744 1565 974 1636 psalmi,
1004 1580 1162 1635 quem
1192 1575 1246 1618 tu
1265 1578 1476 1635 quoque
1505 1563 1772 1618 inseruisti
1801 1562 2012 1631 scriptis

430 1655 566 1721 tuis,
590 1654 891 1725 intelligere
914 1696 928 1719 ,
956 1664 1011 1710 et
1030 1654 1225 1711 erudiri
1246 1695 1261 1719 ,
1281 1664 1332 1708 et
1353 1654 1555 1709 servire
1600 1654 1824 1708 Domino
1848 1653 1898 1707 in
1948 1653 2014 1706 ti-

430 1762 612 1813 mere,
662 1748 1011 1803 etcxsultare
1048 1764 1167 1803 eum
1212 1759 1472 1814 tremore,
1522 1758 1576 1803 et
1608 1746 2013 1817 apprehendere

430 1840 762 1908 disciplinam
779 1879 795 1906 ,
821 1855 978 1910 quam
1008 1840 1209 1895 intente
1232 1838 1452 1893 audiunt
1469 1838 1597 1908 quid
1626 1840 1714 1893 ille
1740 1853 1834 1892 rex
1866 1844 2011 1907 post-

433 1944 495 1982 ea
547 1927 760 1983 dixerit.
815 1929 956 1983 Dixit
1001 1928 1143 1983 enim
1184 1929 1575 1998 propositurum
1624 1943 1684 1983 se
1736 1927 2009 1982 decretum

427 2019 677 2077 omnibus
726 2014 936 2089 populis
962 2020 1153 2091 quibus
1198 2020 1571 2090 imperitabat,
1604 2028 1665 2075 ut
1690 2020 2010 2091 quicumque

426 2114 685 2171 dixissent
735 2110 1116 2181 blasphemiam
1169 2112 1222 2166 in
1255 2112 1423 2167 Deum
1462 2110 1683 2177 Sidrac,
1727 2110 1926 2176 Misae,
1955 2121 2009 2165 et

426 2206 734 2276 Midon-go,
768 2204 1084 2271 interirent,
1109 2212 1163 2259 et
1204 2203 1396 2258 domus
1424 2218 1608 2258 eorum
1640 2202 2007 2272 dispergeren-

426 2307 530 2353 tur.
564 2298 627 2353 Et
670 2296 717 2355 si
765 2295 867 2351 hoc
905 2310 1027 2351 eum
1054 2294 1357 2350 decrevisse
1394 2302 1753 2363 cognoscunt,
1803 2308 1871 2347 ne
1896 2292 2007 2346 bla-

424 2390 796 2457 sphemaretur
843 2386 985 2442 Deus
1026 2394 1352 2455 temperator
1394 2386 1626 2456 ignium,
1659 2394 1713 2439 et
1756 2385 2008 2440 liberator

424 2479 582 2535 trium
631 2492 916 2546 puerorum
949 2492 965 2541 ;
1008 2476 1245 2545 proleeto
1296 2476 1529 2546 cogitant
1562 2475 1687 2545 quid
1717 2475 2006 2530 decernere

424 2568 653 2627 debeant
677 2569 730 2622 in
756 2582 922 2637 regno
949 2582 1069 2632 suo,
1101 2582 1170 2623 ne
1198 2567 1251 2622 in
1292 2567 1403 2621 suis
1433 2565 1674 2621 fidelibus
1719 2565 1858 2620 idem
1891 2566 2006 2635 ipse

424 2661 567 2716 Deus
610 2658 920 2717 exsufﬂetur
947 2658 1204 2715 remissor
1246 2666 1623 2728 peccatorum,
1656 2664 1712 2711 et
1750 2655 2005 2712 liberator

416 2756 526 2824 jam
556 2752 714 2811 totius
737 2752 886 2807 orbis
915 2762 1198 2807 terrarum.

490 2845 618 2902 212.
654 2845 785 2901 Vide
816 2846 1029 2915 itaque,
1063 2859 1184 2899 cum
1229 2842 1487 2899 adversus
1522 2856 1618 2897 vos
1659 2842 1859 2913 aliquid
1907 2857 2005 2912 pro

420 2937 620 2993 unitate
643 2934 903 2990 catholica
932 2949 1086 3004 reges
1110 2933 1384 2989 christiani
1405 2932 1750 2995 constituunt,
1772 2948 1839 2987 ne
1869 2931 2005 2988 forte

420 3027 476 3080 in
525 3024 679 3081 labiis
730 3023 923 3080 vestris
978 3031 1230 3093 tanquam
1274 3022 1666 3091 Seriptnrarum
1704 3022 2003 3078 divinarum

419 3114 695 3184 imperitos
723 3128 818 3171 eos
844 3112 1077 3182 arguatis
1100 3152 1118 3177 ,
1149 3112 1200 3166 in
1226 3110 1390 3167 corde
1432 3120 1609 3166 autem
1650 3120 1825 3166 vestro
1875 3113 2002 3167 satis

418 3208 604 3263 doctos
644 3218 766 3261 esse
793 3203 1037 3263 doleatis.
1068 3202 1199 3271 Quis
1242 3204 1387 3259 enim
1419 3204 1553 3258 ferat
1577 3203 1731 3258 istam
1770 3214 1999 3278 vestram

416 3296 726 3367 sacrilegam
752 3295 1096 3365 odiosamque
1116 3294 1399 3360 fallaciam,
1432 3294 1482 3347 in
1507 3294 1622 3364 ipso
1652 3310 1757 3348 uno
1787 3295 2002 3350 Daniele

414 3401 569 3456 reges
613 3401 900 3453 accusare,
929 3387 1051 3456 quia
1096 3386 1149 3440 in
1197 3386 1366 3440 lacum
1407 3386 1620 3439 leonum
1666 3386 1859 3439 missus
1886 3396 1999 3449 est;

413 3486 468 3532 et
488 3491 645 3546 reges
671 3492 777 3531 non
806 3476 1023 3530 laudare
1043 3516 1059 3541 ,
1087 3476 1209 3545 quia
1241 3475 1540 3529 sublimiter
1559 3476 1851 3531 honoratus
1877 3485 1958 3529 est
1983 3491 1997 3541 ;

415 3585 538 3625 cum
581 3569 741 3625 etiam
787 3567 1001 3639 quando
1044 3568 1239 3623 missus
1281 3576 1397 3635 est,
1427 3566 1594 3636 magis
1641 3582 1763 3622 eum
1793 3568 1998 3623 Salvum

418 3661 672 3726 futurum,
692 3675 849 3729 quam
869 3660 1203 3726 moriturum,
1220 3658 1336 3729 ipse
1361 3675 1453 3714 rex
1470 3658 1734 3725 crederet,
1753 3669 1806 3713 et
1822 3658 1888 3713 de
1911 3659 2002 3714 illo

415 3752 672 3808 sollicitus
690 3765 797 3806 non
812 3751 1075 3811 cmnaret‘t
1094 3748 1295 3805 Deinde
1306 3749 1513 3805 audetis
1537 3749 1715 3805 dicere
1740 3748 1997 3804 Christia-

416 3844 523 3911 nis,
537 3842 673 3911 Quid
694 3842 828 3896 vobis
844 3851 918 3901 est
934 3858 1047 3895 cum
1067 3840 1265 3912 regibus
1285 3840 1482 3896 siccati?
1496 3843 1617 3911 quia
1636 3840 1858 3896 Danicla
1877 3855 2002 3910 rege

414 3933 840 4003 persecutionem
870 3946 1057 4003 passus
1075 3939 1247 3995 est;et
1276 3946 1381 3984 non
1411 3932 1678 4000 respicere
1708 3932 1879 4000 ipsum
1903 3933 2001 3986 Da-

416 4023 612 4079 nielem
633 4023 837 4078 somnia
857 4021 1072 4092 regibus
1097 4020 1322 4075 ﬁdeliter
1340 4018 1794 4088 interpretantem,
1825 4021 1995 4075 domi-

416 4132 541 4171 num
569 4131 748 4187 regem
764 4113 1138 4184 appellantem,
1164 4126 1381 4167 munera
1399 4121 1454 4168 et
1474 4111 1709 4168 honores
1734 4114 1998 4183 accipien-

416 4208 546 4263 tem?
554 4208 788 4276 ltemqne
802 4215 853 4261 et
868 4205 923 4260 in
935 4204 1133 4259 eisdem
1148 4204 1316 4259 tribus
1330 4206 1526 4273 pueris,
1539 4205 1677 4275 quod
1692 4216 1999 4261 recusantes

415 4298 639 4355 adorare
651 4303 878 4351 statuam
892 4294 943 4348 in
957 4294 1196 4348 ﬂammas
1212 4294 1357 4347 missi
1371 4305 1513 4361 sunt,
1533 4295 1742 4349 invidia:
1760 4295 1997 4353 ﬂammas

417 4389 486 4443 de
512 4387 723 4457 regibus
742 4386 994 4449 excitare;
1028 4383 1167 4453 quod
1201 4392 1375 4438 autem
1402 4400 1432 4439 a
1460 4400 1583 4457 rege
1612 4387 1690 4440 sie
1729 4387 1995 4456 prmdieati

416 4488 470 4531 et
499 4478 576 4532 sic
602 4475 843 4530 honorati
869 4485 1013 4540 sunt,
1050 4484 1225 4529 tacere
1269 4484 1322 4530 et
1342 4474 1708 4530 abscondere?
1740 4477 1876 4533 Ecce
1900 4494 1993 4533 rex

420 4571 577 4622 fuerit
622 4576 948 4639 persecutor,
990 4582 1112 4621 cum
1141 4565 1337 4636 objecit
1386 4566 1628 4621 leonibus
1673 4568 1943 4621 Dauiclem
1981 4587 1991 4622 :

418 4660 542 4731 quid
574 4676 692 4714 cum
720 4674 787 4716 eo
813 4660 965 4715 salvo
994 4667 1209 4730 recepto
1235 4658 1475 4729 gaudens
1512 4667 1565 4715 et
1592 4660 1864 4729 gratulans
1896 4662 1996 4716 ini-

420 4752 587 4807 micos
628 4750 743 4821 ejus
778 4749 1113 4806 dilaniandos
1137 4757 1190 4804 et
1232 4748 1623 4805 consumendos
1655 4750 1853 4805 eisdem
1884 4752 1996 4807 leo-

417 4852 574 4906 nibus
602 4847 745 4903 misit
768 4846 927 4919 (Dan.
957 4844 1135 4917 u-vr),
1168 4846 1263 4900 fuit
1285 4856 1614 4916 persecutor,
1643 4863 1710 4900 an
1741 4862 1841 4901 non
1869 4847 1997 4903 fuit?

416 4945 551 5000 Volo
578 4940 923 5013 respondeas.
950 4941 1004 4995 Si
1030 4940 1171 4994 enim
1201 4939 1317 5003 fuit,
1347 4955 1444 4994 cur
1469 4940 1517 4994 ei
1547 4941 1727 4995 Daniel
1757 4942 1870 5010 ipse
1893 4959 1996 4997 non

416 5035 644 5102 restitit,
675 5048 797 5089 cum
824 5030 1118 5101 prmsertim
1160 5039 1300 5085 tanta
1350 5030 1708 5089 familiaritate
1748 5032 1996 5093 facillime

418 5127 680 5196 potuisset
708 5143 722 5180 :
753 5133 804 5178 et
836 5121 989 5179 nobis
1015 5120 1211 5187 dicitis,
1240 5129 1298 5175 ut
1323 5136 1476 5192 reges
1495 5122 1561 5175 ab
1588 5120 1863 5176 hominum
1887 5140 1999 5192 per-

416 5219 689 5275 seeutione
718 5213 1075 5272 rcvocemus?
1095 5211 1149 5267 Si
1175 5220 1352 5268 autem
1376 5222 1654 5282 propterea
1693 5225 1998 5282 persecutor

418 5325 524 5364 non
552 5310 675 5375 fuit,
708 5308 830 5378 quia
870 5304 1046 5360 scelus
1079 5304 1131 5359 in
1169 5314 1410 5359 sanctum
1440 5304 1609 5358 virum
1651 5306 1995 5361 commissum

414 5399 707 5463 justissima
753 5393 1367 5465 vindicavit;quomodo
1410 5394 1783 5461 vindicandum
1832 5406 1914 5449 est
1965 5411 1994 5449 a

424 5488 633 5556 regibus
660 5530 674 5554 ,
701 5488 843 5560 quod
887 5486 1084 5543 Christi
1131 5484 1477 5540 Sacramenta
1533 5485 1879 5540 exsulﬂantur
1904 5529 1918 5549 ,
1952 5488 1997 5542 si

425 5577 702 5646 Propheta:
755 5579 991 5633 membra
1018 5619 1031 5642 ,
1064 5578 1187 5646 quia
1232 5576 1284 5631 in
1314 5577 1604 5647 periculum
1638 5579 1799 5632 missa
1840 5589 1995 5645 sunt,

423 5672 500 5723 sic
528 5670 774 5723 vindicari
830 5670 1176 5725 meruerunt?
1206 5669 1332 5723 Item
1373 5670 1609 5724 concedo
1637 5704 1652 5730 ,
1694 5680 1746 5724 et
1777 5669 1999 5725 manife-

1288 267 1559 323 CONTRA
1603 264 1940 320 LITTERAS
1982 264 2339 329 I’ETLLHNI,
2380 265 2437 318 S.
2482 267 2844 324 AUCUSTINI

3610 279 3717 333 33-3

2128 386 2267 429 stum
2294 388 2373 432 est
2394 418 2409 442 ,
2443 390 2834 446 persecutorem
2881 380 3041 438 fuisse
3072 398 3283 454 regem,
3310 400 3430 441 cum
3457 396 3565 442 tres
3596 406 3713 456 [meo

2126 482 2243 531 ros,
2273 468 2414 537 quod
2464 471 2804 526 simulacrum
2835 472 3060 529 adorare
3104 477 3410 542 uoluerint,
3463 481 3605 535 misit
3660 484 3714 535 in

2126 556 2388 613 ﬂammam
2420 580 2433 616 :
2465 561 2556 615 sed
2582 578 2762 632 quer
2804 574 2977 619 utrum
3006 566 3158 623 fuerit
3204 580 3544 639 persecutor,
3587 591 3711 631 cum
3788 556 3794 560 I

2123 651 2250 705 illud
2281 652 2554 708 decretum
2582 657 2892 724 proposuit,
2922 668 2977 711 ut
3007 659 3282 717 interirent
3316 672 3370 718 et
3396 664 3589 721 domus
3617 682 3712 720 eo-

2123 760 2238 798 rum
2288 754 2659 813 vastarentur,
2712 750 2803 819 qui
2852 750 3282 820 blasphemarrnt
3331 773 3495 813 unum
3541 760 3709 816 Deum

2121 835 2346 889 verum?
2370 835 2423 891 Si
2451 839 2590 890 enim
2616 854 2926 908 perseeutor
2951 841 3048 895 fuit
3071 885 3083 901 .
3117 859 3212 898 cur
3235 845 3300 900 ad
3329 848 3485 903 verba
3512 864 3704 918 perse-

2090 926 2317 991 .cutoris
2370 928 2737 996 resgiondetis,
2770 931 2937 985 Amen
2967 932 3072 1001 (u)?
3101 935 3153 989 Si
3206 944 3384 993 autem
3434 954 3539 993 non
3575 939 3703 1002 fuit.

2119 1031 2214 1070 cur
2240 1032 2335 1073 eos
2380 1030 2747 1087 persecutores
2772 1022 2981 1087 dicitis,
3013 1026 3101 1095 qui
3143 1042 3238 1081 vos
3285 1042 3315 1081 ει
3354 1028 3704 1097 blasphemiae

2120 1107 2297 1164 furore
2317 1110 2610 1169 deterrent?
2634 1113 2687 1169 Si
2715 1115 2855 1168 enim
2880 1127 3077 1186 cogunt
3100 1132 3194 1173 vos
3214 1120 3511 1187 supplicare
3536 1121 3701 1186 idolo,

2119 1199 2192 1253 illi
2236 1210 2359 1255 sunt
2401 1203 2602 1258 similes
2646 1206 2811 1274 impio
2859 1207 3006 1277 regi,
3055 1224 3149 1265 vos
3178 1210 3349 1264 trilms
3395 1213 3617 1280 pueris:
3652 1230 3695 1267 Si

2115 1300 2291 1346 autem
2319 1294 2602 1361 prohibent
2631 1313 2929 1366 repugnare
2958 1298 3176 1355 Christo
3196 1343 3212 1367 ,
3242 1317 3335 1357 vos
3360 1305 3488 1360 estis
3516 1306 3659 1375 impii
3682 1350 3696 1367 .

2116 1383 2160 1436 si
2187 1383 2285 1438 hoc
2313 1384 2501 1440 facitis.
2526 1387 2661 1452 Quid
2691 1390 2799 1442 sint
2824 1398 2998 1444 autem
3030 1393 3138 1457 illi,
3172 1394 3214 1447 si
3247 1393 3349 1450 hoc
3397 1397 3699 1454 terribiliter

2116 1482 2326 1539 vetant,
2358 1491 2458 1546 ego
2485 1492 2591 1531 non
2619 1478 2742 1532 dico
2769 1497 2783 1533 :
2814 1488 2868 1533 tu
2915 1481 3089 1536 inveni
3115 1483 3257 1538 aliud
3280 1486 3423 1555 quod
3450 1487 3626 1553 dicas,
3650 1491 3697 1542 si

2116 1564 2231 1633 pios
2256 1565 2600 1632 imperatores
2629 1584 2731 1623 non
2761 1571 2840 1625 vis
2857 1571 3052 1629 dicere.

2184 1655 2310 1711 215.
2340 1656 2392 1712 Si
2435 1658 2551 1713 hare
2589 1662 2829 1731 exempla
2860 1662 2928 1719 de
2971 1664 3185 1721 Daniele
3213 1678 3267 1721 et
3312 1668 3481 1725 tribus
3520 1673 3699 1737 pueris

2115 1763 2212 1815 ego
2238 1763 2742 1807 commemorassem
2769 1794 2783 1815 ,
2819 1753 3039 1811 fortasse
3076 1757 3388 1823 resisteres,
3417 1770 3469 1816 et
3499 1761 3550 1814 in
3584 1762 3698 1816 ba‘c

2115 1846 2292 1892 nostra
2333 1847 2569 1908 tempora
2614 1856 2680 1896 ex
2728 1843 2833 1897 illis
2874 1846 3200 1913 temporibus
3255 1849 3395 1903 sumi
3439 1867 3541 1903 non
3594 1852 3695 1906 de-

2114 1927 2291 1983 bulsse
2316 1929 2579 1985 clamares
2607 1950 2620 1986 :
2650 1932 2760 1987 Deo
2788 1934 2985 2003 gratias
3003 1977 3017 1999 ,
3043 1937 3181 2006 quod
3206 1953 3268 1992 ea
3297 1939 3409 2008 ipse
3437 1943 3654 2008 posuisti
3673 1985 3690 2006 ,

2112 2018 2177 2071 ad
2218 2018 2268 2072 id
2297 2020 2508 2088 quidem
2531 2022 2670 2092 quod
2702 2025 2918 2101 volebas
2940 2066 2955 2090 ,
2985 2026 3079 2081 sed
3108 2028 3256 2084 vides
3286 2046 3346 2083 ea
3395 2033 3569 2101 potius
3596 2049 3692 2087 va-

2114 2107 2276 2177 luisse
2298 2108 2364 2163 ad
2407 2110 2457 2165 id
2478 2112 2619 2181 quod
2664 2114 2902 2171 nolebas.
2934 2118 3127 2171 Annon
3168 2127 3248 2173 est
3280 2120 3374 2174 ista
3400 2132 3571 2177 vestra
3600 2123 3692 2176 fato

2113 2197 2261 2261 lacia;
2286 2199 2378 2255 sed
2400 2215 2551 2261 error
2578 2202 2837 2259 humanus
2866 2207 2972 2260 est?
2994 2204 3202 2262 Utinam
3234 2210 3303 2263 ita
3331 2210 3420 2265 sit.
3452 2211 3689 2268 Emenda

2111 2303 2258 2358 ergo;
2290 2305 2355 2349 ne
2379 2291 2595 2357 timeas,
2629 2308 2732 2347 non
2761 2294 2885 2349 inde
2915 2298 3019 2351 eris
3047 2299 3219 2353 minor
3250 2300 3395 2356 :imo
3425 2318 3549 2357 vero
3580 2320 3691 2357 ma-

2105 2379 2239 2453 joris
2266 2381 2457 2453 ingenii
2488 2393 2570 2437 est
2592 2426 2606 2453 ,
2626 2385 2976 2442 animositatis
2998 2387 3236 2445 ﬂammas
3264 2392 3566 2447 confitendo
3597 2411 3688 2448 ex-

2110 2471 2397 2541 stinguere,
2421 2489 2576 2544 qnam
2624 2474 2865 2531 falsitatis
2893 2479 3110 2532 nebulas
3131 2480 3473 2550 intelligendo
3497 2484 3683 2539 vitare.

2182 2562 2407 2623 CAPUT
2436 2564 2614 2620 XCIII.
2644 2566 2858 2624 —9.M.
2890 2567 3070 2623 PETIL.
3102 2569 3233 2624 dixit
3263 2588 3275 2624 :
3308 2570 3404 2625 Ubi
3433 2572 3515 2628 lea:
3560 2574 3685 2638 Dei,

2109 2653 2194 2707 ubi
2214 2654 2551 2712 c/trislianitas
2578 2668 2735 2713 vestra
2755 2668 2850 2725 est,
2872 2660 2917 2714 si
2943 2660 3105 2715 cades
3136 2671 3181 2715 et
3223 2674 3402 2718 mortes
3429 2666 3597 2734 facitis
3624 2684 3686 2721 ac

2099 2745 2329 2814 jubetis?

2178 2836 2303 2895 215.
2335 2841 2465 2896 Acs.
2518 2841 2790 2910 respondit
2823 2860 2835 2894 :
2868 2842 2946 2897 Ad
3018 2844 3122 2900 hoc
3170 2846 3289 2901 vide
3336 2846 3455 2915 quid
3504 2847 3685 2902 dicant

2108 2925 2413 2983 cohaeredes
2442 2928 2636 2983 Christi
2672 2947 2764 2998 per
2803 2941 2970 2990 totum
3018 2936 3201 2990 orbem
3261 2946 3537 2991 terrarum.
3563 2937 3685 2992 Ca:-

2107 3016 2203 3073 des
2248 3028 2303 3073 et
2354 3029 2553 3075 mortes
2602 3037 2699 3076 nec
2744 3022 2965 3079 facimus
3014 3042 3111 3081 nec
3165 3028 3412 3095 jubemus
3451 3047 3463 3081 :
3497 3040 3550 3084 et
3587 3031 3685 3083 ista

2108 3110 2420 3166 facientibus
2472 3113 2641 3165 multo
2697 3115 3007 3170 sceleratius
3054 3119 3286 3182 smvitis,
3328 3120 3416 3189 qui
3472 3122 3583 3177 lucc
3631 3122 3684 3175 in

2111 3202 2381 3257 hominum
2429 3204 2695 3257 mentibus
2736 3214 2919 3259 contra
2950 3208 3111 3262 vitam
3158 3218 3409 3264 sternam
3445 3211 3685 3265 commit-

2108 3297 2237 3349 titis.
3340 3330 3347 3335 .

2177 3387 2400 3444 CAPUT
2435 3388 2613 3443 XCIV.
2637 3390 2855 3444 —‘2I6.
2888 3391 3070 3445 PETIL.
3092 3391 3225 3446 dixit
3254 3410 3267 3444 :
3302 3392 3363 3447 Si
3391 3394 3576 3447 amicos
3597 3410 3686 3448 nos

2105 3480 2255 3533 vultis
2274 3521 2290 3541 ,
2319 3496 2474 3549 quare
2501 3481 2682 3534 invitos
2719 3484 3013 3536 aura/tilia?
3040 3483 3101 3538 Si
3129 3494 3297 3539 autem
3334 3487 3565 3542 inimico:
3589 3487 3690 3555 ﬁn-

2106 3573 2242 3642 gitis,
2265 3588 2355 3625 cur
2380 3573 2607 3627 occiditis
2636 3574 2861 3627 inimicos
2880 3574 2906 3627 ?

2174 3662 2299 3718 217.
2329 3663 2464 3718 Aue.
2494 3664 2769 3733 respondit
2794 3683 2807 3717 :
2850 3663 2954 3719 Nec
2984 3664 3176 3719 invitos
3204 3665 3553 3735 attrnbimus,
3583 3683 3688 3724 nec

2106 3755 2395 3810 occidimus
2431 3756 2675 3811 inimicos
2704 3774 2716 3809 :
2747 3757 2839 3813 sed
2879 3772 3226 3827 qumcumque
3255 3758 3529 3813 vobiscum
3576 3760 3687 3830 agi—

2106 3860 2256 3912 mus,
2288 3861 2586 3916 quanquam
2635 3846 2787 3901 vobis
2824 3862 3041 3918 agamns
3073 3847 3252 3902 invitis
3276 3888 3291 3913 ,
3319 3864 3383 3903 ex
3426 3850 3686 3905 charitate

2106 3949 2282 3994 tamen
2312 3939 2537 4008 agimus,
2562 3946 2619 3991 ut
2641 3938 2879 3994 volentes
2900 3954 2993 3994 vos
3020 3938 3297 4009 eorrigatis
3316 3981 3328 4001 .
3357 3942 3685 4012 correctique

2107 4029 2312 4083 vivatis.
2353 4027 2483 4083 Nam
2523 4043 2681 4083 nemo
2710 4029 2840 4084 vivit
2886 4029 3079 4087 invitus
3112 4038 3199 4085 :et
3231 4039 3407 4086 tamen
3439 4046 3573 4101 puer
3628 4042 3684 4087 ut

2104 4120 2207 4175 hoc
2232 4120 2415 4175 volens
2439 4120 2607 4193 dispat
2632 4118 2728 4193 (b),
2757 4121 2954 4176 invitus
2991 4122 3224 4191 vapulat,
3253 4131 3308 4177 et
3331 4122 3432 4178 hoc
3454 4124 3686 4193 plerum-

2103 4228 2207 4280 que
2226 4212 2293 4267 ab
2315 4212 2528 4268 homine
2553 4212 2887 4269 charissima.
2913 4214 2979 4268 Et
2997 4212 3113 4268 haec
3136 4213 3351 4285 quidem
3369 4214 3517 4271 vobis
3533 4230 3685 4284 reges

2104 4303 2375 4368 dicerent,
2401 4303 2442 4356 si
2483 4301 2736 4367 ferirent;
2776 4303 2845 4358 ad
2892 4306 2993 4359 hoc
3019 4305 3163 4360 enim
3214 4321 3400 4360 eorum
3450 4317 3685 4375 potestas

2104 4392 2354 4447 divinitus
2378 4390 2617 4447 ordinata
2646 4403 2766 4447 est:
2798 4393 2891 4449 sed
2917 4408 3038 4448 cum
3081 4403 3136 4449 et
3184 4394 3269 4448 isti
3298 4409 3406 4450 non
3449 4395 3641 4450 feriunt
3666 4436 3682 4461 ,

2104 4500 2197 4538 vos
2223 4483 2481 4538 clamatis.

2173 4574 2397 4630 CAPUT
2427 4573 2586 4628 XCV.
2613 4575 2820 4629 -——2l8.
2850 4575 3036 4629 Ρετιι..
3063 4574 3231 4631 dixit:
3261 4574 3387 4641 Qua:
3414 4584 3581 4629 autem
3608 4592 3683 4626 ra-

2106 4666 2172 4717 tio
2196 4674 2287 4727 est,
2316 4680 2483 4735 qua've
2509 4665 2847 4720 inconstantia
2868 4665 3123 4727 vanitatis,
3146 4664 3282 4735 quod
3302 4682 3417 4718 cum
3438 4682 3528 4719 nos
3551 4669 3681 4738 falso

2103 4755 2341 4810 vocabulo
2370 4756 2548 4808 dicatis
2576 4757 2855 4815 limi-elicos,
2885 4756 3286 4808 comnnmionem
3314 4766 3538 4808 nostram
3566 4773 3675 4807 mu-

2103 4866 2321 4921 guopere
2346 4850 2562 4919 cupiatis
2582 4851 2607 4903 Ρ

2166 5003 2239 5065 (τι)
2263 5010 2359 5051 nuc
2382 5006 2592 5064 pertinet
2626 5002 2743 5051 illud
2767 5004 3016 5065 augustini
3041 5004 3089 5055 in
3115 5004 3259 5065 Epist.
3282 5002 3398 5065 ωδ,
3415 5001 3472 5051 ad
3498 5004 3683 5053 Donati-

2102 5062 2228 5123 stae,
2243 5078 2294 5112 n.
2314 5065 2342 5113 7
2367 5062 2392 5127 ;'
2414 5081 2435 5108 α
2459 5073 2532 5127 an
2547 5066 2778 5127 ignoratis
2803 5062 2947 5114 verba
2970 5066 3104 5127 regis
3126 5062 3258 5127 esse,
3277 5062 3490 5127 signari
3510 5070 3685 5127 ostenta

2111 5144 2133 5172 ι
2154 5138 2264 5187 quia
2285 5124 2394 5187 fecit
2417 5123 2535 5178 mihi
2569 5123 2799 5191 homines
2842 5133 2966 5176 Deus
2997 5123 3446 5187 cicetsu3,plucuit
3485 5123 3603 5174 milii
3639 5124 3686 5191 in

2111 5205 2133 5234 α
2156 5194 2421 5257 conspectu
2440 5200 2543 5238 mw
2576 5187 2862 5237 anntmtiare
2922 5200 3067 5249 quant
3101 5199 3323 5257 mugth
3358 5193 3403 5237 et
3437 5194 3604 5257 potens
3629 5187 3687 5233 sit

2111 5267 2133 5294 ι
2156 5247 2353 5311 regnum
2374 5248 2499 5311 eius,
2517 5261 2716 5311 regnum
2736 5247 3095 5311 sempiternum,
3108 5256 3153 5300 et
3174 5254 3381 5311 potestas
3400 5247 3505 5309 ejus
3527 5247 3578 5311 in
3600 5261 3686 5297 str-

2111 5328 2131 5354 ι
2156 5309 2264 5358 cuto
2286 5309 2610 5381 δωεᾳιρναηιςξ
2626 5320 2695 5381 an
2715 5323 2825 5381 etim
2839 5309 2938 5359 hoc
2959 5309 3227 5381 audieritis,
3246 5323 3341 5359 non
3364 5310 3685 5381 respondistis,

2112 5390 2134 5416 ι
2157 5381 2335 5428 Amen;
2362 5379 2413 5435 et
2444 5372 2680 5423 bocdicto
2714 5370 2846 5435 clara
2865 5385 3011 5435 voce,
3034 5371 3094 5420 ad
3128 5372 3340 5435 edictum
3348 5370 3493 5435 regis
3525 5383 3610 5419 vos
3641 5374 3687 5418 in

2112 5450 2135 5477 ι
2157 5441 2318 5481 sancta
2341 5431 2647 5482 solemnitate
2677 5433 2913 5492 signatis?
2930 5450 2951 5477 ι
2973 5439 3025 5481 ιιι
3052 5433 3266 5483 Gottbieo
3287 5431 3685 5483 oﬂieio'dieeba.l-

2104 5502 2183 5557 tur
2197 5494 2301 5557 inec
2316 5496 2362 5541 in
2396 5496 2596 5557 sabbato
2617 5503 2800 5551 sancto,
2824 5503 2876 5543 et
2891 5494 3295 5557 reslmndehatur,
3315 5505 3481 5543 Amen.

2167 5555 2248 5617 (ὁ)
2263 5554 2410 5617 ῑθονιρΔ
2423 5556 2825 5617 legendtun,.\'um
2848 5554 2986 5606 uento
3009 5554 3104 5606 vult
3125 5554 3317 5617 inritus,
3333 5562 3377 5605 et
3399 5564 3555 5606 tamen
3573 5566 3685 5615 pm’r

2104 5624 2155 5665 ut
2180 5614 2335 5683 potens
2359 5614 2531 5683 discut,
2551 5625 2669 5683 etc”
2688 5629 2748 5664 ex
2757 5627 2931 5677 puncta
2946 5628 3046 5680 part
3056 5616 3176 5667 ieula
3197 5614 3313 5679 hoc,
3338 5629 3445 5683 qius
3466 5625 3493 5662 a
3518 5614 3685 5665 vetere

2104 5678 2267 5727 dulice
2293 5677 2574 5729 Floriaeensi
2598 5678 2781 5727 aberat.
