4024 6196
330 383 428 439 333

395 493 518 548 219.
551 493 683 546 Aac.
713 488 983 559 respondit
1011 507 1023 542 :
1048 488 1103 544 Si
1147 488 1522 542 haereticorum
1569 486 1901 539 communio-

329 600 445 638 nem
475 595 793 652 magnopere
816 595 1131 649 caperemus
1156 622 1168 642 ,
1199 579 1393 648 corrigi
1427 594 1519 632 vos
1543 577 1611 631 ab
1649 577 1902 630 hmretieo

327 691 508 730 t'l‘l‘lil'e
538 676 798 729 nollemus
828 692 842 728 :
868 688 988 728 cum
1018 683 1194 727 autem
1222 673 1325 726 hoc
1357 672 1630 726 vobiscum
1661 683 1907 738 agamus,

325 786 394 825 ne
420 770 536 824 sitis
563 768 798 823 hmretici
821 810 836 834 ,
863 768 1133 838 quomodo
1169 767 1543 822 lueretieorum
1580 764 1912 820 communio-

327 878 448 915 nem
495 874 818 929 magnopere
856 859 1140 927 cupimus?
1170 859 1438 912 Dissensio
1483 857 1676 926 quippe
1718 870 1816 908 vos
1857 864 1914 909 et

329 953 520 1007 divisio
567 953 694 1005 facit
737 949 1018 1006 hau-elices
1050 967 1062 1002 :
1090 966 1190 1020 pax
1223 965 1350 1004 vero
1383 959 1435 1003 et
1463 948 1636 1002 unitas
1668 947 1787 1000 facit
1815 962 1912 1000 ca-

277 1106 279 1109 ,
330 1045 574 1097 tholieos.
619 1043 752 1096 Cum
797 1057 926 1111 ergo
967 1041 1089 1098 inde
1135 1042 1238 1096 huc
1267 1041 1495 1106 venitis,
1523 1039 1769 1096 desinitis
1794 1051 1914 1093 esse

325 1135 466 1204 quod
498 1134 725 1199 odimus,
755 1144 808 1188 et
838 1135 1067 1204 incipitis
1094 1143 1216 1189 esse
1243 1133 1385 1204 quod
1412 1145 1675 1188 amamus.

394 1225 621 1282 CAPUT
648 1224 905 1280 XCVI.-—
923 1225 1048 1281 220.
1079 1227 1262 1280 PETIL.
1295 1225 1464 1279 dixit:
1497 1222 1686 1295 Eligite
1710 1223 1913 1276 tandem

327 1320 387 1370 de
434 1318 632 1371 duobus
676 1318 894 1371 alterum
936 1318 1058 1388 quid
1099 1319 1281 1370 dicatis
1305 1318 1343 1369 ¹.
1379 1315 1440 1371 Si
1466 1316 1751 1370 innocentia
1780 1314 1915 1368 vobis

321 1419 415 1473 cst,
445 1426 538 1461 cur
558 1425 648 1462 nos
676 1413 810 1478 {erro
848 1409 1108 1462 sectamini
1123 1409 1148 1462 .'
1173 1419 1259 1462 ttat
1280 1410 1324 1462 si
1343 1426 1451 1462 reos
1471 1425 1560 1462 nos
1586 1408 1772 1470 dicitis,
1793 1406 1917 1479 quid

325 1518 416 1553 nos
439 1501 662 1572 qtta’ritis
692 1502 1023 1556 innocentes?

395 1593 522 1646 22!.
567 1595 701 1647 Aen.
742 1593 1038 1671 .rcspondit
1067 1613 1080 1648 :
1109 1594 1155 1649 0
1184 1593 1544 1649 acutissimam
1589 1592 1914 1662 complexio-

327 1702 481 1749 nem,
523 1700 589 1738 an
641 1685 814 1753 potius
861 1672 1244 1755 ineptissimam
1291 1685 1699 1755 loquacitatem!
1729 1684 1915 1740 Nonne

327 1778 396 1831 ibi
432 1777 650 1845 proponi
681 1778 818 1830 solet
845 1785 902 1831 ut
928 1777 1156 1847 eligatur
1181 1779 1408 1831 alterum
1439 1777 1504 1830 de
1535 1776 1742 1830 duobus
1769 1775 1908 1844 quod

323 1868 729 1936 respondeatur,
766 1868 852 1923 ubi
885 1877 1168 1939 utrumque
1194 1885 1300 1923 non
1335 1877 1507 1938 potest
1529 1869 1692 1939 eligi?
1717 1869 1846 1923 Nam
1869 1868 1913 1922 si

325 1957 456 2011 mihi
489 1972 832 2026 proponeres,
855 1967 914 2012 ut
933 1958 1185 2027 eligerem
1208 1959 1434 2013 altermn
1462 1959 1530 2013 de
1557 1958 1763 2012 duobus
1788 1957 1911 2027 quid

323 2047 562 2102 dicerem
589 2090 602 2112 ,
655 2058 830 2102 utrum
877 2049 1189 2104 innocentes
1214 2065 1280 2103 an
1319 2059 1572 2103 nocentes
1599 2048 1764 2102 simus
1786 2089 1799 2111 ,
1831 2048 1913 2102 vel

323 2155 510 2192 rursus
539 2154 602 2192 ex
631 2137 749 2193 aliis
775 2139 981 2194 duobus
1006 2141 1119 2195 sive
1140 2155 1211 2195 ex
1239 2140 1354 2194 istis
1375 2181 1392 2206 ,
1423 2155 1530 2193 non
1564 2155 1776 2209 possem
1808 2138 1911 2192 nisi

318 2246 489 2283 tinum
541 2230 738 2300 eligere
786 2231 925 2301 quod
973 2231 1210 2287 dicerem
1244 2250 1257 2286 :
1291 2247 1430 2285 nunc
1476 2246 1606 2309 vero
1658 2229 1913 2301 proponis

317 2320 440 2375 iure
469 2321 596 2385 duo,
631 2330 807 2376 utrum
837 2337 933 2376 nos
962 2324 1275 2378 innocentes
1301 2324 1486 2386 simus,
1518 2337 1585 2378 an
1616 2339 1710 2377 vos
1731 2324 1804 2377 rei
1835 2323 1912 2377 εἱε-

321 2411 391 2463 tis
412 2453 428 2476 ,
461 2422 516 2464 et
541 2413 620 2465 vis
649 2419 704 2465 ut
734 2428 898 2466 uumn
933 2428 998 2467 ex
1028 2413 1111 2466 his
1154 2413 1361 2467 duobus
1408 2415 1598 2484 eligam
1635 2414 1776 2484 quod
1822 2429 1911 2467 re-

317 2503 643 2571 spondeam.
677 2505 744 2555 Λι
767 2518 864 2572 ego
892 2504 1018 2556 nolo
1047 2520 1208 2557 unmn
1235 2505 1446 2569 dicere;
1469 2506 1592 2573 quia
1630 2515 1913 2578 utrumque

311 2594 470 2657 (lico,
505 2600 558 2645 et
583 2608 681 2646 nos
713 2593 1054 2660 innocentes,
1088 2605 1140 2648 et
1171 2609 1270 2648 vos
1300 2610 1440 2648 reos.
1472 2595 1580 2648 Nos
1611 2611 1732 2650 esse
1758 2598 1912 2651 inno-

317 2691 510 2735 centes
536 2682 760 2736 dic-imus
788 2699 816 2737 a
845 2682 992 2738 falsis
1014 2693 1066 2738 ct
1088 2684 1430 2739 calumniosis
1453 2685 1911 2743 criminationibus

319 2775 536 2836 vestris,
567 2775 888 2846 quicumque
916 2777 966 2829 in
997 2776 1269 2830 Catholica
1302 2791 1584 2846 possumus
1611 2778 1752 2831 salva
1780 2795 1913 2834 con-

315 2867 541 2921 scientia
585 2866 764 2921 dicere
786 2910 800 2932 ,
834 2883 932 2922 nec
968 2877 1183 2922 sanctus
1211 2868 1422 2922 codices
1461 2883 1557 2923 nos
1597 2868 1910 2936 tradidisse,

315 2974 423 3013 nec
443 2959 705 3013 idolorum
728 2959 1205 3029 supplicationibus
1223 2962 1583 3028 consensisse,
1608 2978 1707 3017 nec
1731 2978 1915 3034 quem-

317 3065 480 3118 quam
522 3049 813 3114 occidisse;
845 3053 925 3105 vel
957 3051 1000 3104 si
1041 3051 1166 3120 quid
1210 3051 1352 3104 aliud
1382 3052 1503 3127 mali
1547 3053 1733 3107 soletis
1775 3054 1913 3120 obji-

317 3156 446 3194 cere
475 3159 486 3193 :
519 3157 616 3195 nec
642 3157 733 3195 eos
764 3142 850 3211 qui
881 3142 1013 3194 forte
1035 3184 1051 3207 ,
1094 3142 1235 3210 quod
1275 3141 1488 3211 quidem
1537 3157 1638 3196 nec
1681 3143 1747 3197 de
1781 3142 1912 3212 ipsis

322 3229 611 3302 probastis,
633 3233 727 3285 ista
758 3233 1022 3299 fecerunt,
1041 3241 1225 3287 contra
1258 3247 1355 3286 nos
1384 3221 1602 3302 regnum
1626 3234 1906 3301 ccelorum,

319 3321 414 3376 sed
443 3332 624 3376 contra
652 3336 710 3377 sc
742 3322 884 3391 ipsos
923 3322 1182 3377 clausisse
1209 3339 1222 3374 :
1247 3322 1368 3392 quia
1412 3323 1775 3393 unusquisque
1811 3340 1908 3378 ιιο⁹

320 3422 490 3467 strnm
519 3414 780 3467 sarcinam
807 3429 956 3468 suam
988 3419 1164 3482 portat
1191 3412 1209 3483 (
1233 3411 1404 3466 Galat.
1431 3429 1502 3478 γι,
1532 3414 1623 3484 5).
1657 3414 1791 3469 Ecce
1817 3414 1912 3470 ha-

317 3504 419 3559 bes
443 3519 627 3558 unum.
655 3506 711 3558 Et
737 3518 832 3558 vos
861 3519 1050 3558 onmes
1071 3513 1326 3560 nocentes
1351 3515 1406 3558 et
1437 3505 1728 3560 sceleratos
1751 3518 1871 3558 esse
1891 3546 1905 3571 ,

319 3611 428 3648 non
457 3595 592 3649 alios
621 3595 844 3651 aliorum
873 3595 1182 3649 criminibus
1211 3611 1330 3665 qua}
1352 3595 1489 3666 apud
1516 3612 1606 3649 vos
1635 3611 1663 3649 a
1695 3595 1914 3666 quibus-

303 3689 446 3741 ·ι1;ιιη
475 3690 899 3752 conuuitlmttur,
925 3697 980 3742 ct
1015 3703 1042 3742 τι
1071 3688 1384 3758 quihusdam
1425 3689 1906 3758 reprehenduntur,

321 3777 418 3833 sed
443 3779 664 3833 crimine
692 3779 1014 3846 schismatis,
1040 3795 1195 3849 aquo
1219 3781 1609 3833 immanissima
1630 3780 1914 3849 sacrilegio

322 3885 486 3925 nemo
513 3880 746 3925 vestrum
790 3885 848 3925 se
878 3879 1054 3940 potest
1092 3871 1272 3924 dicere
1299 3871 1590 3923 immunem
1614 3911 1628 3935 ,
1661 3868 1912 3937 quamdiu

321 3977 431 4016 non
463 3963 824 4016 communicat
849 3962 1034 4016 unitati
1063 3962 1299 4015 omnium
1331 3961 1589 4030 gentium,
1621 3959 1720 4013 nisi
1747 3974 1911 4029 coga-

321 4062 410 4107 tur
437 4052 620 4108 dicere
647 4053 711 4108 dc
739 4053 977 4107 Ecclesia
1006 4067 1126 4124 qua:
1153 4068 1246 4121 per
1279 4068 1467 4107 omnes
1508 4060 1691 4123 gentes
1717 4051 1912 4106 dition-

319 4145 487 4210 ditur,
519 4145 776 4214 incipiens
805 4147 870 4199 ah
898 4143 1192 4199 Jerusalem
1214 4187 1227 4209 ,
1254 4145 1521 4198 Christum
1551 4143 1712 4198 fuisse
1758 4159 1912 4198 men-

321 4237 482 4289 titum
530 4234 693 4304 (Luc.
735 4252 888 4301 sxw,
918 4237 982 4289 4³7
1007 4235 1048 4307 ).
1099 4235 1235 4290 Ecce
1276 4234 1441 4289 habes
1483 4236 1730 4288 alterum.
1777 4235 1913 4290 Ecce

324 4326 534 4380 reddidi
560 4326 649 4380 tibi
676 4325 783 4380 duo
804 4369 817 4392 ,
843 4341 1065 4396 quorum
1102 4336 1156 4379 tu
1187 4325 1403 4380 volebas
1433 4337 1484 4378 ιιι
1513 4340 1676 4379 unum
1709 4324 1913 4379 dicere-

323 4431 464 4469 mus.
509 4415 699 4486 Utique
743 4416 1016 4471 attendere
1057 4416 1282 4470 debuisti
1333 4429 1618 4486 utrumque
1669 4432 1700 4470 a
1758 4416 1914 4470 nobis

325 4522 485 4574 posse
515 4506 647 4572 dici;
685 4516 741 4562 et
782 4508 969 4562 saltem
993 4549 1006 4574 ,
1038 4507 1081 4560 si
1119 4507 1218 4560 hoc
1246 4506 1461 4562 volebas
1485 4547 1498 4569 ,
1542 4521 1734 4576 rogare
1778 4522 1875 4561 nos
1896 4551 1910 4571 ,

325 4611 379 4653 ut
413 4615 574 4652 nnum
599 4600 927 4666 diceremus,
951 4614 1067 4652 cum
1098 4598 1306 4652 videres
1333 4598 1452 4668 quia
1483 4608 1764 4669 utrumque
1789 4613 1912 4668 pos«

327 4704 528 4744 smnus.

395 4781 525 4836 2‘22.
561 4781 666 4835 Sed
705 4781 747 4834 si
789 4780 1074 4833 innocentia
1117 4779 1254 4832 trabis
1297 4787 1401 4842 est,
1443 4779 1650 4848 inquis,
1692 4795 1781 4832 cur
1825 4796 1914 4833 nos

327 4876 464 4942 [erro
485 4871 744 4924 sectamini
761 4871 786 4922 ?
817 4871 1079 4939 Respicite
1107 4869 1376 4938 paululum
1401 4879 1640 4923 catervas
1671 4880 1875 4924 vestras
1897 4913 1910 4936 ,

328 4979 448 5034 qua:
476 4978 580 5017 non
609 4963 826 5032 antiquo
863 4975 1010 5015 more
1035 4969 1311 5030 parentum
1348 4974 1563 5014 suorum
1603 4960 1732 5014 solis
1767 4961 1915 5014 iusti~

331 5057 427 5109 hus
469 5064 763 5119 armantur,
807 5053 900 5109 sed
940 5062 995 5108 ct
1028 5067 1242 5109 secures
1288 5059 1342 5107 et
1383 5053 1596 5107 lanceas
1625 5061 1678 5108 et
1713 5053 1915 5123 gladios

329 5147 649 5202 addiderunt
672 5164 684 5199 :
707 5155 761 5201 et
790 5145 1061 5216 agnoscite
1087 5159 1310 5213 quorum
1337 5143 1514 5215 potius
1539 5160 1638 5198 vox
1669 5159 1787 5199 esse
1817 5144 1913 5198 de-

331 5240 468 5304 beat,
494 5239 630 5306 Quid
654 5254 751 5294 nos
771 5237 910 5293 ferro
931 5236 1243 5292 sectamini?
1267 5236 1367 5290 Aut
1387 5239 1430 5291 si
1449 5252 1559 5291 reos
1585 5252 1692 5302 nos,
1717 5235 1912 5307 inquis,

324 5334 518 5393 dicitis.
548 5333 670 5401 quid
691 5349 781 5386 nos
819 5331 1043 5402 qua'ritis
1071 5331 1397 5384 innocentes?
1434 5330 1530 5385 ilic
1551 5329 1784 5384 breviter
1827 5345 1913 5384 re-

332 5425 569 5492 spondeo
596 5443 610 5478 :
637 5424 760 5480 ideo
789 5422 1084 5494 qnzerimini
1115 5422 1190 5477 rei
1220 5422 1286 5476 ab
1311 5421 1710 5486 innocentibus,
1734 5431 1789 5474 ut
1816 5421 1912 5476 de-

333 5517 516 5571 sinatis
545 5533 665 5572 esse
703 5519 812 5583 rei,
845 5527 898 5572 et
929 5516 1190 5586 incipiatis
1225 5529 1345 5570 esse
1393 5516 1727 5571 innocentes.
1775 5515 1913 5570 Ecce

335 5620 618 5682 utrumque
661 5610 794 5680 elegi
843 5617 1083 5664 nostrum
1107 5650 1122 5674 ,
1154 5617 1208 5664 ct
1247 5608 1313 5663 ad
1353 5617 1587 5663 vestrum
1634 5615 1914 5676 utrumque

332 5702 578 5774 respondi
610 5719 624 5754 :
658 5700 816 5756 modo
843 5710 896 5756 tu
924 5703 1058 5771 elige
1088 5718 1248 5756 nunm
1279 5701 1344 5756 de
1370 5701 1576 5756 duobus
1602 5717 1612 5754 :
1649 5699 1907 5754 innocen-

396 5815 408 5844 ⁸
433 5813 538 5862 Sola
563 5812 711 5862 editio
733 5819 862 5874 ιον,
882 5813 1010 5876 quod
1026 5811 1210 5863 dirutis.

1633 372 1840 430 LIBER
1879 371 2254 431 SECUNDUS.

3501 379 3608 439 33%

2018 495 2098 540 tes
2126 486 2275 547 estis,
2299 501 2365 539 an
2390 488 2681 542 nocentes?
2710 487 2888 556 Neque
2915 497 3064 555 potes
3083 497 3367 560 utrumque
3389 491 3604 547 dicere:

2017 579 2112 634 sed
2156 579 2242 634 dic
2288 590 2605 651 utrumque,
2651 582 2695 635 si
2743 581 2845 635 hoc
2880 582 3074 651 placet.
3113 580 3271 638 Certe
3313 581 3456 640 enim
3502 599 3606 638 non

2015 672 2242 740 petestis
2273 672 2324 724 in
2353 673 2537 727 eadem
2564 687 2724 726 causa
2753 687 2874 727 esse
2899 674 3212 729 innocentes
3231 716 3246 738 ,
3275 689 3328 729 tn
3355 689 3457 745 qua
3476 675 3609 730 estis

2019 776 2293 817 nocentes.
2316 763 2372 819 Si
2399 779 2526 834 ergo
2551 766 2861 819 innocentes
2884 765 3033 830 estis,
3067 767 3232 822 nolite
3260 767 3440 827 mirari
3467 767 3608 837 quod

2018 853 2084 906 ad
2113 869 2295 922 pacem
2325 855 2624 924 quaerimiui
2654 870 2682 908 a
2715 855 3005 910 fratribus:
3030 857 3074 910 si
3113 866 3292 912 autem
3324 866 3610 921 nocentes,

2021 945 2184 999 nolite
2230 945 2410 999 mirari
2453 945 2593 1015 quod
2637 946 2702 999 ad
2756 961 2968 1015 ptenam
2989 947 3350 1017 qiuari-minio
3377 948 3608 1018 regibus.

2020 1036 2124 1090 Sed
2147 1037 2266 1107 quia
2297 1036 2484 1094 hotum
2513 1037 2739 1093 duorum
2765 1039 2991 1096 alterum
3023 1039 3174 1095 vobis
3201 1041 3470 1110 usurpatis
3489 1079 3504 1103 ,
3527 1041 3608 1094 at-

2017 1137 2191 1181 ternm
2218 1141 2245 1179 a
2272 1127 2423 1180 nobis
2449 1127 2642 1180 auditis
2669 1145 2682 1179 :
2715 1128 2980 1198 usurpatis
3007 1129 3152 1183 enim
3177 1130 3330 1185 vobis
3356 1130 3613 1184 innocen-

2021 1221 2168 1282 tiam,
2194 1236 2222 1273 a
2249 1221 2400 1274 nobis
2428 1229 2604 1274 autem
2626 1220 2822 1275 auditis
2842 1221 2983 1290 quod
2997 1221 3163 1290 impie
3181 1222 3407 1278 vivatis:
3426 1224 3610 1291 accipe

2022 1312 2208 1364 iterum
2254 1311 2326 1365 de
2374 1323 2598 1382 utroque
2625 1311 2751 1380 quid
2789 1311 2984 1368 dican'n
3012 1311 3069 1367 Si
3091 1301 3415 1367 innocentes
3439 1315 3570 1368 estis
3592 1356 3609 1380 ,

2017 1419 2182 1472 quare
2212 1403 2405 1458 Christi
2447 1403 2752 1458 testimonio
2791 1402 3190 1459 contradicitis?
3217 1404 3272 1460 Si
3299 1414 3478 1458 autem
3513 1419 3612 1459 no-

2019 1507 2221 1562 centes,
2255 1511 2418 1565 quare
2443 1497 2509 1550 ad
2541 1497 2658 1566 ejus
2685 1497 3102 1552 misericordiam
3145 1512 3250 1551 non
3287 1497 3638 1568 confugitis?

2020 1587 2150 1642 Nam
2173 1597 2227 1642 et
2257 1588 2615 1642 testimonium
2639 1588 2756 1656 ejus
2779 1596 2860 1642 est
2879 1588 2946 1641 de
2974 1588 3119 1643 orbis
3145 1589 3382 1654 unitate,
3425 1597 3480 1642 et
3507 1590 3610 1644 ιιιὶ-

2018 1679 2308 1733 sericordia
2336 1679 2452 1746 ejus
2484 1679 2534 1732 in
2565 1678 2795 1733 fraterna
2823 1679 3104 1733 charitate.

2089 1769 2316 1824 CAPUT
2344 1769 2776 1825 XCVll.——225.
2814 1771 3000 1825 PHTIL.
3038 1771 3172 1825 dixit
3199 1789 3212 1824 :
3243 1770 3531 1834 Postremo,
3556 1783 3612 1825 ut

2018 1878 2155 1932 stupe
2173 1864 2286 1932 jam
2312 1863 2554 1918 diximus.
2583 1862 2749 1929 quatis
2775 1870 2846 1914 cst
2871 1871 3036 1914 vestra
3065 1863 3394 1932 pmsuntptio
3414 1905 3428 1926 ,
3457 1871 3512 1916 ut
3541 1863 3606 1916 de

2013 1956 2218 2025 regibus
2261 1953 2612 2024 prmumatis,
2643 1953 2837 2006 dicente
2877 1952 3113 2006 Davidu
3150 1952 3349 2006 Bonum
3386 1963 3460 2008 est
3497 1971 3612 2024 spc-

2015 2048 2211 2098 rare-in
2248 2045 2466 2098 Domino
2492 2085 2507 2106 ,
2544 2059 2696 2113 quam
2740 2059 2945 2110 sperare
2973 2043 3028 2096 in
3059 2043 3302 2096 homine:
3325 2044 3512 2096 bonum
3538 2053 3610 2098 est

2016 2152 2219 2205 sperare
2241 2136 2291 2188 in
2307 2135 2544 2204 Domino,
2567 2149 2717 2203 quam
2743 2150 2946 2205 sperare
2967 2134 3017 2186 in
3040 2133 3354 2204 principibus
3384 2154 3403 2186 ι
3435 2133 3605 2207 (Petet.

2013 2242 2176 2292 (λι-ιι,
2206 2227 2259 2291 8,
2287 2227 2364 2296 9).

2087 2319 2210 2373 22L
2239 2320 2369 2374 Aea.
2417 2318 2692 2388 respondit
2717 2335 2728 2372 :
2756 2319 2865 2374 Nos
2895 2334 2999 2373 non
3027 2334 3308 2388 speramus
3349 2320 3400 2374 in
3429 2319 3607 2374 homi-

2017 2426 2114 2475 ne;
2140 2411 2253 2475 sed,
2281 2419 2536 2481 quantum
2568 2425 2870 2479 possumus,
2897 2411 3145 2466 homines
3172 2411 3522 2466 admonemus
3551 2423 3611 2466 ιιι

2019 2503 2069 2557 in
2095 2502 2316 2556 Domino
2337 2511 2548 2570 Sporum
2573 2519 2586 2556 :
2607 2517 2704 2556 nec
2723 2516 3005 2571 speramus
3034 2502 3084 2556 in
3110 2502 3467 2573 principibus;
3489 2503 3604 2570 sed,

2017 2605 2270 2664 quantum
2305 2609 2608 2664 possumus,
2646 2595 2915 2664 principes
2945 2594 3298 2650 admonemus
3332 2603 3392 2649 ut
3421 2595 3472 2649 in
3501 2595 3607 2649 Do-

2017 2686 2163 2737 miuo
2192 2694 2405 2754 sperent
2425 2727 2438 2747 ,
2467 2694 2520 2738 et
2545 2688 2588 2742 si
2619 2685 2818 2755 aliquid
2848 2701 2877 2740 a
2910 2686 3236 2756 principibus
3261 2701 3358 2756 pro
3387 2686 3609 2740 utilitate

2021 2777 2272 2831 Ecclesia:
2299 2777 2550 2845 petimus,
2584 2792 2690 2829 non
2720 2777 2770 2830 in
2794 2777 2874 2830 eis
2903 2786 3078 2831 tamen
3103 2789 3402 2847 speramus.
3429 2776 3610 2845 Neque

2019 2866 2160 2920 enim
2191 2875 2245 2921 et
2275 2867 2562 2935 ApOstolus
2584 2866 2635 2918 in
2667 2865 2757 2918 illo
2781 2866 2992 2920 tribuno
3019 2867 3253 2934 Speravit
3283 2875 3530 2936 tanquam
3549 2868 3606 2921 in

2020 2956 2288 3026 print-ipe,
2321 2971 2350 3010 a
2380 2971 2486 3026 quo
2516 2956 2614 3009 sibi
2647 2955 2753 3025 egit
2794 2966 2850 3009 ιιι
2881 2955 3202 3011 dcductores
3234 2955 3490 3011 darentur
3517 2971 3606 3010 ar-

2019 3051 2181 3114 mati;
2225 3059 2316 3103 aut
2361 3051 2412 3104 in
2460 3049 2594 3116 ipsis
2641 3049 2861 3102 armatis
2903 3057 3150 3119 tanquam
3181 3051 3235 3103 in
3269 3049 3604 3115 hominibus,

2017 3157 2241 3210 quorum
2283 3140 2622 3195 multitudine
2667 3148 2852 3209 septus
2895 3141 3064 3196 evasit
3106 3140 3325 3196 insidias
3368 3143 3606 3212 perdito-

2016 3249 2132 3286 rum
2167 3232 2318 3302 (Act.
2343 3247 2490 3296 mn,
2520 3230 2586 3285 i9.
2621 3231 2690 3286 55
2717 3229 2756 3303 θ.
2782 3229 2889 3286 Sed
2921 3246 3020 3286 nec
3049 3245 3144 3286 vos
3170 3232 3343 3302 ipsos,
3376 3233 3514 3303 quod
3542 3234 3608 3289 ab

2014 3323 2340 3393 Imperatore
2383 3323 2618 3377 basilica:
2673 3323 2826 3378 vobis
2870 3333 2929 3377 ut
2971 3323 3321 3378 redderentur
3368 3323 3604 3393 petistis,

2015 3418 2304 3486 arguimus,
2340 3425 2589 3485 tanquam
2619 3414 2672 3468 in
2699 3415 2914 3469 Juliano
2944 3415 3184 3486 principe
3222 3417 3562 3487 speraveritis
3588 3435 3602 3471 :

2013 3508 2106 3562 sed
2139 3507 2434 3578 arguimus,
2468 3507 2608 3576 quod
2639 3505 2704 3561 de
2729 3505 2924 3560 Christi
2954 3506 3260 3561 testimonio
3286 3506 3607 3576 desperave-

2011 3600 2166 3666 ritis,
2208 3616 2236 3652 a
2274 3599 2431 3668 cujus
2475 3599 2674 3653 unitate
2703 3599 2845 3670 ipsas
2875 3599 3120 3654 basilicas
3158 3599 3472 3670 separastis.
3501 3598 3605 3653 Eas

2009 3692 2153 3745 enim
2198 3689 2419 3758 iubente
2471 3690 2684 3744 inimico
2728 3689 2923 3744 Christi
2965 3689 3285 3759 accepistis,
3319 3689 3373 3742 in
3413 3687 3606 3758 quibus

2009 3783 2159 3850 jussa
2204 3781 2396 3833 Christi
2429 3780 2847 3833 contemneretis
2869 3821 2884 3845 ,
2926 3779 3050 3832 datu
3077 3780 3311 3831 validum
3341 3788 3394 3831 ct
3419 3793 3602 3832 verum

2013 3870 2168 3924 vobis
2197 3868 2407 3921 videtur
2433 3867 2574 3935 quod
2604 3868 2848 3921 Julianus
2878 3867 3152 3921 constituit
3181 3909 3195 3929 ,
3225 3867 3410 3920 dicens
3432 3907 3447 3928 ,
3494 3865 3605 3920 Hoc

2013 3977 2208 4034 quoque
2244 3957 2648 4030 supplicantibus
2676 3959 3000 4029 Rogatiano,
3023 3956 3229 4021 Pontio,
3262 3956 3537 4024 Cassiano,
3561 3968 3607 4011 et

2015 4053 2207 4107 cwtcris
2229 4049 2497 4122 eptscOpis,
2521 4050 2610 4104 sed
2635 4059 2680 4104 et
2703 4049 2918 4113 clericis,
2945 4049 3133 4102 accedit
3153 4047 3222 4100 ad
3243 4048 3521 4114 cumulum,
3554 4058 3607 4101 at

2015 4144 2216 4198 abolitis
2246 4159 2358 4214 qua:
2384 4143 2621 4198 adversus
2647 4159 2730 4197 eos
2763 4142 2871 4196 sine
2903 4142 3146 4211 rescripto
3174 4156 3436 4211 perperam
3464 4150 3606 4210 gesta

2016 4244 2152 4298 sunt,
2185 4235 2235 4288 in
2262 4236 2524 4304 antiquum
2553 4244 2738 4287 statum
2756 4243 2938 4287 cuncta
2963 4241 3250 4286 revocentur
3272 4247 3290 4285 :
3312 4231 3603 4286 invalidum

2018 4339 2192 4382 autem
2223 4335 2276 4379 et
2320 4326 2504 4379 falsum
2547 4324 2689 4395 quod
2734 4324 2978 4379 Christus
3021 4323 3334 4388 constituit,
3379 4321 3600 4377 dicens:

2023 4419 2177 4472 Erilis
2207 4418 2330 4470 mihi
2359 4424 2505 4470 testes
2534 4415 2586 4469 in
2614 4415 2921 4480 Jerusalem,
2950 4422 2994 4468 ct
3026 4414 3077 4467 in
3114 4423 3268 4466 totant
3298 4412 3538 4467 Jndtram
3559 4421 3604 4466 cl

2021 4511 2342 4571 Samariam,
2384 4518 2430 4562 et
2459 4524 2616 4577 usque
2641 4509 2694 4560 in
2723 4517 2877 4560 totam
2906 4517 3090 4560 terram
3121 4505 3141 4578 (
3166 4504 3252 4558 Id.
3299 4520 3335 4568 t,
3367 4504 3459 4572 8).
3493 4503 3603 4559 0h-

2020 4616 2290 4656 sccratntls
2322 4614 2434 4663 vos,
2467 4597 2791 4668 Corrigimini
2821 4615 2832 4650 :
2860 4596 3029 4652 redite
3058 4596 3122 4649 ad
3151 4596 3287 4665 hanc
3311 4593 3605 4650 evidentis-

2020 4693 2208 4747 simam
2239 4692 2398 4745 totius
2425 4690 2570 4745 orbis
2595 4690 2852 4744 unitatem
2878 4733 2892 4756 ,
2923 4696 2981 4742 nt
3008 4703 3111 4744 non
3148 4689 3326 4744 verbis
3350 4697 3606 4759 apostolo:

1981 4826 1984 4828 η
2019 4785 2242 4848 Iuliani,
2288 4783 2380 4838 sed
2425 4783 2603 4838 verbis
2637 4781 2932 4836 Salvatoris
2958 4781 3190 4847 Christi,
3237 4779 3289 4835 in
3330 4780 3604 4850 antiquum

2021 4888 2212 4932 statum
2242 4886 2429 4931 cuncta
2455 4885 2790 4930 revocentur.
2818 4873 3138 4928 Miseremini
3180 4873 3371 4928 anima:
3393 4883 3601 4929 vestrm.

2021 4971 2136 5026 Non
2161 4968 2269 5038 jam
2301 4967 2707 5024 Constantinum
2729 4975 2790 5042 et
2817 4964 3084 5020 Iulianum
3113 4979 3483 5036 comparamus
3504 5004 3518 5028 ,
3552 4972 3605 5016 ut

2022 5079 2177 5134 quam
2211 5064 2316 5118 sint
2344 5064 2575 5133 impares
2602 5059 3053 5115 demenstrcmus.
3097 5057 3214 5112 Non
3256 5056 3516 5120 dicimus,
3551 5054 3606 5110 Si

2023 5173 2116 5212 vos
2142 5174 2246 5211 non
2280 5154 2536 5226 sperastis
2559 5153 2613 5208 in
2640 5151 2856 5206 homine
2891 5161 2945 5205 et
2973 5151 3024 5206 in
3059 5151 3296 5220 principe
3317 5192 3332 5216 ,
3359 5161 3480 5203 cum
3510 5146 3607 5201 ho-

2023 5251 2150 5305 mini
2182 5248 2486 5320 imperatori
2530 5260 2734 5316 pagano
2782 5253 2837 5299 ct
2879 5252 3130 5313 apostata:
3171 5241 3416 5306 dixistis,
3466 5238 3608 5310 quod

2023 5342 2162 5415 apud
2183 5358 2294 5395 eum
2324 5339 2434 5394 sola
2452 5337 2656 5408 justitia
2683 5335 2851 5389 locum
2877 5334 3113 5401 haberet,
3143 5333 3333 5404 quibus
3363 5330 3612 5402 precibus

2023 5445 2076 5491 ct
2104 5435 2400 5503 Rescripto,
2431 5433 2567 5486 sicut
2594 5429 2663 5483 ibi
2687 5428 2941 5498 scriptum
2973 5436 3075 5493 est,
3100 5427 3235 5480 sicut
3273 5421 3607 5494 allegationis

2023 5538 2168 5597 gesta
2199 5533 2476 5588 testantur,
2526 5537 2647 5592 pars
2689 5520 2879 5575 Donati
2925 5517 3291 5574 universalitcr
3331 5530 3426 5571 usa
3483 5527 3604 5571 est:

2022 5609 2189 5672 multo
2221 5615 2393 5669 minus
2421 5627 2516 5668 nos
2538 5612 2807 5667 criminari
2831 5626 2861 5665 a
2882 5610 3034 5665 vobis
3054 5607 3329 5676 debemus,
3354 5617 3603 5679 tanquam

2021 5722 2296 5779 speremus
2316 5707 2369 5760 in
2393 5706 2605 5759 homine
2630 5713 2684 5758 et
2707 5705 2758 5759 in
2787 5703 3048 5774 principe,
3071 5700 3114 5755 si
3141 5701 3264 5772 quid
3291 5718 3321 5758 ιι
3341 5702 3604 5758 Constan-

2027 5804 2134 5854 tino
2166 5799 2245 5853 vel
2291 5814 2319 5852 a
2365 5797 2573 5851 cteteris
2617 5796 2923 5850 cln'istiauis
2971 5794 3421 5865 imperator-ibat,
3465 5795 3605 5849 utilia
