4028 6202
410 344 515 398 335

414 459 666 528 sacrilega
688 457 985 512 adulatione
1016 454 1328 523 petivimus;
1371 462 1462 507 aut
1499 453 1542 505 si
1578 449 1703 521 quid
1736 449 1833 519 ipsi
1875 464 1979 503 non

414 550 712 619 petentibus
751 547 935 610 nobis,
981 559 1246 599 memores
1292 544 1510 598 rationis
1553 557 1709 612 quam
1758 539 1983 596 Domino

414 640 666 697 reddituri
692 645 836 701 sunt,
866 636 964 690 sub
992 635 1145 702 cujus
1169 635 1345 689 verbis
1369 644 1599 688 tremunt
1620 648 1739 687 eum
1766 630 1989 686 audiunt

412 747 530 801 qua:
576 731 689 799 ipse
732 725 1191 789 comtnemomsti,
1241 724 1307 778 Et
1350 741 1503 786 nunc,
1542 740 1702 794 reges,
1740 721 1986 791 intelligi-

416 833 482 885 te,
510 830 641 885 etc.,
673 828 727 873 et
750 818 853 873 alia
882 817 1044 871 multa
1066 859 1081 883 ,
1116 818 1253 871 ultro
1281 832 1377 886 pro
1423 816 1670 870 Ecclesiae
1711 813 1987 869 catholica

415 913 614 968 unitate
639 913 986 968 constituunt.
1009 909 1114 966 Sed
1141 919 1289 963 taceo
1316 907 1384 962 de
1404 906 1755 962 Constantino
1782 922 1794 957 :
1824 903 1985 958 Chri-

415 1014 555 1060 stum
570 1012 626 1060 et
638 1002 903 1060 Iulianum
921 1000 1072 1057 vobis
1089 1000 1434 1071 opponimus;
1455 1013 1639 1067 parum
1662 996 1799 1060 dico,
1822 995 1987 1049 Deum

414 1105 470 1151 ct
498 1095 793 1158 hominem,
817 1093 1010 1149 Filium
1037 1092 1134 1148 Dei
1161 1101 1217 1147 et
1242 1091 1407 1145 lilium
1436 1089 1715 1159 gehennae,
1745 1087 1991 1143 Salvato-

415 1201 531 1243 rem
570 1186 867 1242 animarum
908 1192 1209 1239 nostrarum
1255 1191 1311 1236 et
1356 1178 1756 1235 interfectorem
1800 1178 1990 1231 animm

414 1294 545 1334 suae.
569 1278 679 1334 Cur
711 1278 763 1334 in
799 1278 1035 1333 basilicis
1070 1274 1401 1346 possidendis
1428 1272 1621 1328 Juliani
1655 1270 1990 1339 Rescriptum

415 1371 630 1435 tenetis,
649 1380 701 1426 et
725 1371 776 1425 in
797 1368 1047 1424 Ecclesia:
1068 1382 1199 1438 pace
1217 1363 1582 1434 amplectenda
1604 1362 1797 1417 Christi
1821 1360 1992 1415 Evan-

404 1462 613 1531 gelium
639 1476 741 1515 non
771 1458 996 1515 tenetis?
1022 1458 1325 1513 Clamantus
1354 1464 1409 1510 et
1437 1468 1555 1520 nos,
1582 1453 1709 1519 Qui:
1729 1466 1993 1521 perperam

418 1561 554 1623 gesta
579 1560 715 1614 sunt,
735 1550 788 1603 in
808 1550 1070 1618 antiquum
1097 1557 1285 1602 statuat
1304 1555 1487 1600 cuncta
1512 1554 1824 1598 revocentur.
1852 1541 1997 1596 Anti:

419 1641 575 1709 quius
606 1650 687 1696 est
716 1640 1060 1710 Evangelium
1087 1637 1284 1693 Christi
1309 1678 1323 1702 ,
1356 1652 1513 1707 quam
1539 1634 1867 1704 liescriptum
1896 1632 1994 1689 Juo

422 1732 547 1786 liaui
574 1749 587 1785 :
612 1730 884 1800 antiquior
908 1740 992 1784 est
1014 1729 1186 1784 uniuis
1206 1727 1424 1792 Christi,
1448 1741 1602 1797 quam
1630 1740 1752 1795 pars
1770 1725 1991 1780 Donati:

419 1824 744 1893 antiquiores
786 1831 913 1877 sunt
943 1821 1196 1876 Ecclesia:
1242 1834 1429 1889 preces
1476 1818 1544 1872 ad
1590 1818 1871 1871 Dominum
1901 1831 1995 1885 pro

423 1914 625 1968 unitate
648 1913 843 1967 Christi
869 1954 883 1979 ,
916 1927 1072 1981 quant
1096 1909 1372 1979 Rogatiani
1402 1917 1456 1963 et
1479 1907 1652 1962 Pontii
1681 1916 1735 1977 et
1759 1907 1995 1961 Cassiani

424 2003 787 2059 adJulianum
818 2020 914 2073 pro
939 2010 1091 2074 parte
1113 2000 1320 2057 Donati.
1362 2001 1443 2055 Au
1473 2015 1747 2071 perperam
1777 2000 1990 2070 geritur,

421 2111 547 2149 eum
586 2110 736 2164 reges
765 2094 1045 2164 prohibent
1073 2092 1422 2156 divisionem;
1467 2100 1522 2147 et
1567 2106 1670 2146 non
1719 2105 1995 2160 perperam

424 2188 642 2258 geritur,
670 2202 790 2240 cum
824 2186 1057 2257 episcopi
1097 2184 1341 2241 dividunt
1381 2170 1672 2239 unita-tem?
1712 2186 1995 2253 l'erperam

420 2278 640 2345 geritur,
671 2291 791 2332 cum
817 2276 884 2332 ad
912 2275 1300 2331 defendendam
1329 2276 1617 2331 Ecclesiam
1644 2317 1659 2343 ,
1686 2275 1881 2331 Christi
1920 2285 1997 2330 te-

421 2368 671 2423 stimonio
717 2382 869 2437 reges
910 2367 1177 2433 serviunt;
1222 2375 1278 2421 et
1320 2382 1425 2420 non
1465 2381 1744 2436 perperam
1770 2365 1993 2436 geritur,

418 2472 542 2513 cum
570 2457 639 2513 ad
668 2457 960 2529 negantiam
987 2457 1298 2523 Ecclesiam,
1329 2457 1523 2511 Christi
1555 2457 1856 2512 testimonio
1882 2458 1996 2525 cpi-

423 2549 569 2619 ωορὶ
595 2548 1004 2605 contradicunt?
1028 2548 1383 2605 Obsecramus
1407 2563 1534 2618 ergo
1550 2590 1565 2614 ,
1600 2557 1656 2603 ut
1682 2564 1785 2602 non
1813 2560 1995 2603 contra

422 2637 794 2708 Evangelium,
823 2638 915 2694 sed
956 2636 1247 2693 secundum
1277 2638 1617 2708 Evangelium
1648 2638 1807 2693 etiam
1838 2638 1996 2693 verba

423 2728 587 2799 ipsius
620 2729 814 2785 Juliani
834 2770 848 2793 ,
879 2728 970 2783 cui
1012 2729 1090 2785 sic
1127 2728 1494 2799 supplicastis,
1523 2728 1826 2797 audiantur,
1856 2739 1909 2784 et
1934 2746 1996 2785 ea

420 2836 539 2890 qua:
568 2835 843 2892 perperam
864 2829 1018 2891 gesta
1043 2828 1187 2886 sunt,
1217 2819 1269 2874 in
1298 2819 1570 2891 antiquum
1593 2828 1788 2875 statim]
1810 2830 1995 2876 cuncta

420 2919 761 2968 revocentur.
1340 2974 1341 2977 η

491 3002 715 3060 CAPUT
758 3002 1219 3059 XCVIll.—2i5.
1261 3003 1442 3057 Ρετιι..
1488 3002 1658 3056 dixit:
1698 3002 1828 3069 Vos,
1872 3020 1994 3073 vos,

421 3096 608 3160 miseri,
634 3096 853 3165 appello,
880 3097 966 3166 qui
992 3095 1393 3165 persecutionum
1421 3103 1554 3148 metu
1579 3097 1847 3162 perterriti,
1876 3097 1997 3151 dum

421 3194 611 3239 vestras
639 3185 859 3250 divitias,
886 3200 986 3238 non
1023 3184 1219 3237 animus
1257 3184 1478 3254 quwritis
1497 3225 1511 3246 ,
1552 3201 1653 3238 non
1700 3195 1802 3238 tam
1845 3188 1998 3255 [idem

422 3276 669 3347 perﬁdam
695 3276 995 3331 traditarum
1014 3274 1244 3345 diligitis,
1266 3291 1416 3345 quant
1435 3283 1610 3328 contra
1632 3275 1854 3345 ipsorum
1883 3295 1993 3331 ma-

425 3368 606 3435 litiam,
636 3384 847 3438 quarunt
866 3368 1009 3421 vobis
1037 3366 1315 3437 patrocinia
1341 3368 1668 3437 comparastis
1696 3385 1829 3421 :non
1851 3370 1998 3423 aliter

425 3474 576 3528 quam
602 3468 657 3511 ut
681 3458 922 3529 naufragi
948 3458 1001 3511 in
1022 3457 1261 3528 [luctibus
1289 3458 1475 3527 ﬂuctus
1508 3459 1715 3511 subeunt
1745 3461 1992 3528 ruituros,

420 3549 630 3619 satque‘
652 3549 704 3601 in
732 3565 914 3619 magno
944 3548 1056 3602 vita:
1077 3548 1300 3617 periculo
1325 3558 1570 3617 appetunt
1589 3550 1725 3619 quod
1756 3551 1953 3605 timetur
1976 3569 1994 3606 :

424 3640 553 3695 uelut
578 3644 873 3712 tyrannicus
888 3642 1039 3712 {uror
1065 3650 1119 3693 ut
1144 3640 1389 3693 neminem
1414 3649 1616 3702 metuat,
1650 3644 1749 3695 vult
1774 3660 1885 3697 cunt
1904 3662 1995 3699 suo

426 3732 647 3802 periculo
675 3732 749 3785 uel
768 3731 931 3784 timeri
952 3747 970 3785 :
990 3730 1081 3794 sic,
1113 3730 1184 3784 sic
1200 3730 1268 3782 ad
1292 3746 1458 3783 arcent
1487 3731 1506 3759 ’
1529 3731 1741 3787 malitia:
1760 3735 1963 3805 confugi
1973 3767 1991 3776 -

424 3830 489 3884 tis
512 3869 528 3895 ,
582 3829 916 3884 innocentium
948 3827 1134 3881 damna
1175 3827 1251 3881 uel
1292 3842 1463 3898 pinnas
1490 3829 1597 3881 sine
1632 3837 1789 3882 vestra
1813 3827 1993 3897 formi-

423 3922 541 3976 dine
564 3921 854 3991 spectaturi.
881 3920 942 3975 Si
962 3921 1057 3974 hoc
1084 3928 1155 3973 est
1186 3918 1341 3972 ritare
1365 3917 1662 3985 periculum,
1696 3922 1867 3987 fugere
1903 3917 1994 3971 sub

421 4013 653 4074 ruinam;
678 4028 869 4066 necnon
896 4010 1044 4064 etiam
1069 4009 1368 4062 damnabilis
1396 4008 1521 4077 ﬁdes
1545 4017 1637 4072 est,
1660 4008 1811 4077 ﬁdem
1838 4009 1995 4061 latro-

420 4107 475 4160 ni
503 4122 716 4159 servare.
744 4102 1006 4158 Postremo
1048 4102 1292 4155 dementis
1335 4101 1462 4154 lucri
1507 4100 1857 4152 commercium
1899 4110 1989 4163 est,

422 4208 609 4252 uestras
630 4197 825 4251 animus
853 4194 1080 4265 perdere,
1113 4210 1173 4246 ne
1196 4192 1397 4244 divitias
1423 4190 1683 4243 amittatis.
1708 4188 1842 4241 Dicit
1863 4190 1994 4241 enim

425 4287 668 4339 Dominus
690 4282 915 4339 Christus
936 4297 957 4335 :
985 4301 1002 4333 t
1041 4281 1100 4335 Si
1129 4298 1324 4334 onmem
1348 4280 1592 4333 mundum
1622 4278 1929 4348 lucrifacias,
1949 4289 1994 4332 ct

420 4376 641 4428 animant
671 4384 806 4426 tuam
838 4372 1017 4441 perdas
1039 4412 1051 4434 ,
1085 4388 1235 4440 quam
1264 4370 1405 4423 dabis
1440 4370 1876 4425 commutationem
1902 4386 1992 4441 pro

423 4466 590 4520 anima
612 4474 698 4517 tua
734 4481 751 4514 ι
780 4460 991 4535 (Matth.
1024 4477 1130 4526 .\\‘l,
1161 4460 1291 4531 26)?

490 4554 614 4610 2'26.
645 4558 777 4608 Aac.
808 4550 1295 4620 responditzlltilis
1334 4560 1473 4605 esset
1523 4551 1619 4604 ista
1664 4550 1989 4614 exhortatio,

423 4649 609 4714 fateor,
640 4646 773 4701 sica
800 4644 1078 4714 quisquam
1111 4644 1162 4697 in
1191 4643 1323 4698 bona
1352 4657 1507 4697 causa
1540 4652 1792 4696 uteretur.
1812 4642 1996 4697 Oumi-

422 4756 492 4797 no
518 4741 654 4795 bene
680 4737 979 4793 deterruisti
1015 4736 1278 4801 homines,
1309 4735 1520 4791 divitias
1548 4748 1856 4805 praeponere
1882 4735 1993 4789 aui-

420 4846 521 4885 ma:
545 4843 674 4884 suae.
701 4826 805 4883 Sed
839 4842 930 4881 vos
955 4826 1041 4897 qui
1080 4826 1195 4881 lure
1230 4825 1487 4886 audistis.
1517 4838 1563 4879 ct
1597 4841 1691 4878 nos
1722 4826 1989 4893 paululum

418 4920 596 4976 audite
619 4937 634 4975 :
659 4918 761 4974 hoc
784 4917 923 4973 enim
948 4926 1003 4972 et
1029 4931 1124 4971 nos
1148 4916 1391 4979 dicimus,
1414 4915 1508 4969 sed
1532 4916 1787 4970 attendite
1810 4933 1992 4986 quent-

417 5011 722 5067 admodum.
748 5008 805 5067 Si
836 5008 985 5069 vobis
1014 5007 1283 5062 minantur
1320 5021 1469 5076 reges
1498 5006 1704 5061 auferre
1744 5005 1952 5059 divitias
1975 5048 1988 5069 ,

416 5102 541 5174 quia
562 5101 730 5157 Judaai
756 5098 1046 5155 secundum
1068 5084 1405 5153 carnem‘non
1428 5098 1575 5161 estis,
1603 5107 1691 5151 aut
1711 5098 1830 5166 quia
1852 5096 1988 5150 idola

415 5194 501 5249 vel
527 5192 789 5248 dmmouia
835 5203 939 5243 non
978 5188 1185 5248 colitis,
1216 5196 1307 5240 aut
1332 5186 1450 5256 quia
1484 5186 1536 5239 in
1565 5186 1733 5239 nullas
1765 5186 1992 5239 hmreses

417 5280 832 5346 transferimini,
878 5278 971 5334 sed
1013 5279 1063 5332 iu
1097 5278 1294 5333 unitate
1339 5276 1596 5333 catholica
1637 5277 1987 5347 permanetis;

413 5376 590 5446 eligite
619 5374 793 5446 potius
822 5370 994 5441 perire
1019 5369 1232 5424 divitias
1260 5378 1483 5435 vestras,
1512 5383 1578 5422 ne
1603 5367 1699 5438 ipsi
1725 5367 1985 5437 pereatis:

413 5464 508 5520 sed
535 5481 631 5522 nec
654 5462 797 5520 aliud
816 5460 1122 5534 quidquam,
1144 5476 1241 5516 nec
1267 5461 1431 5532 ipsam
1461 5459 1803 5529 temporalem
1828 5464 1983 5513 vitam

411 5558 568 5613 saluti
596 5567 808 5613 reterns:
836 5570 955 5627 qua:
982 5554 1033 5609 in
1058 5554 1270 5611 Christo
1294 5563 1375 5610 est
1405 5551 1715 5624 prteferatis.
1736 5552 1788 5608 Si
1813 5562 1985 5608 autem

396 5710 399 5711 ν
476 5688 490 5717 ι
514 5687 586 5734 sic
601 5694 705 5735 Mss.
731 5695 784 5735 At
801 5687 935 5745 editi,
953 5686 1130 5749 sicque.

472 5750 492 5778 ³
514 5756 615 5795 am.
641 5754 690 5796 et
713 5753 986 5805 Er.,artem.

1270 335 1533 393 CONTRA
1574 332 1909 389 LITTERAS
1950 329 2302 424 PE'I'lLlANI,
2343 332 2403 388 S.
2444 333 2807 390 AUCUSTINI

3562 342 3667 399 356

2095 461 2245 516 reges
2274 446 2423 502 vobis
2450 457 2729 517 propterea
2774 450 2966 503 damna
3013 450 3094 504 vel
3136 449 3531 509 damnationem
3573 457 3674 510 ml-

2094 546 2306 602 nantur,
2337 539 2458 608 quia
2487 540 2615 593 estis
2643 538 2878 594 haeretici
2903 556 2918 606 ;
2952 549 3152 595 terrent
3176 557 3269 595 vos
3299 542 3392 609 illi,
3419 560 3523 599 non
3547 560 3674 601 cru.

2094 626 2302 693 deliter,
2335 628 2428 683 sed
2473 629 2927 685 misericorditer:
2952 645 3046 686 vos
3078 641 3255 686 autem
3296 649 3403 687 non
3444 634 3675 703 fortiter,
3759 651 3775 660 ‘

2094 717 2186 771 sed
2215 720 2553 787 pertinaciter
2576 735 2681 773 non
2710 719 2925 774 timetis.
2958 721 3152 777 Audite
3188 737 3317 793 ergo
3345 724 3562 781 Petrum
3593 727 3678 783 di-

2093 818 2324 875 centem,
2358 809 2483 875 Qua
2502 821 2669 863 autem
2692 810 2855 881 gloria
2880 821 2970 876 est,
2997 812 3043 866 si
3068 825 3328 880 peccantes
3348 832 3519 883 paruas
3541 820 3681 887 pati-

2095 902 2217 955 mini
2246 901 2265 974 (
2290 900 2304 955 Ι
2337 900 2474 957 Petr.
2500 919 2556 969 ιι,
2586 902 2732 972 20)?
2775 911 2832 957 ut
2870 919 3041 971 neque
3080 904 3166 959 hic
3194 904 3433 961 habeatis
3461 917 3675 964 terrena

2094 992 2302 1056 Solatia,
2336 1007 2434 1047 nec
2462 994 2515 1047 in
2546 991 2724 1048 futuro
2749 994 2946 1049 sarculo
2980 994 3137 1048 vitam
3178 1005 3431 1052 :eternam
3456 1013 3472 1061 ;
3500 999 3593 1053 sed
3621 1011 3673 1053 et

2096 1080 2181 1136 hic
2226 1084 2494 1152 angustias
2540 1083 2859 1148 infelicium,
2893 1094 2948 1140 et
2985 1084 3056 1139 ibi
3091 1084 3363 1155 gehennas
3393 1086 3667 1145 ltaaretieo.

2097 1173 2257 1227 rum?
2281 1174 2440 1229 Vides
2465 1189 2590 1244 ergo
2617 1184 2693 1239 tu,
2726 1174 2911 1239 frater,
2944 1190 3065 1230 cum
3095 1191 3201 1246 quo
3238 1178 3367 1232 mihi
3415 1195 3554 1234 nunc
3589 1197 3679 1235 res

2095 1272 2196 1327 est,
2238 1264 2383 1333 prius
2428 1274 2479 1320 te
2514 1264 2711 1320 debere
2754 1266 3039 1321 ostendere
3088 1276 3262 1323 utrum
3316 1278 3497 1325 teneas
3534 1276 3663 1326 veri

2098 1362 2278 1420 tatem,
2303 1364 2359 1411 et
2388 1364 2513 1412 tunc
2539 1349 2806 1413 exhortari
2838 1357 3119 1426 homines,
3150 1368 3209 1414 ut
3237 1376 3332 1430 pro
3357 1377 3419 1416 ea
3448 1365 3674 1417 tenenda

2088 1446 2263 1515 parati
2292 1446 2398 1500 sint
2426 1462 2610 1503 carere
2642 1448 2887 1504 omnibus
2916 1465 3033 1519 qua:
3066 1452 3428 1521 temporaliter
3449 1463 3628 1510 tenent
3661 1475 3674 1509 :

2097 1553 2217 1593 cum
2244 1538 2345 1594 hoc
2367 1555 2472 1594 non
2497 1541 2779 1607 ostendas;
2810 1542 2930 1611 quia
2954 1560 3057 1597 non
3104 1554 3288 1612 potes;
3314 1561 3418 1600 non
3446 1548 3565 1616 quia
3593 1549 3676 1602 in.

2096 1631 2307 1700 genium
2333 1630 2520 1694 deest,
2550 1632 2643 1686 sed
2674 1632 2796 1702 quia
2823 1632 2961 1688 mala
2988 1649 3146 1689 causa
3183 1644 3299 1702 est;
3331 1652 3428 1692 cur
3452 1638 3677 1694 festinus

2098 1722 2557 1778 exhortationibus
2579 1724 2680 1777 tuis
2708 1725 2879 1780 facere
2912 1726 3153 1781 homines
3191 1737 3245 1782 et
3271 1728 3546 1785 mendicos
3573 1732 3589 1763 ί
3621 1743 3675 1786 et

2099 1816 2391 1885 imperitos,
2419 1828 2472 1871 ct
2497 1828 2715 1887 egentes
2746 1827 2798 1873 et
2823 1829 3083 1886 errantes,
3106 1829 3159 1875 et
3180 1836 3443 1890 pannosos
3468 1833 3521 1877 et
3541 1840 3676 1878 enn-

2100 1907 2378 1968 tentiosos,
2409 1918 2462 1962 et
2488 1908 2760 1963 famelicos
2783 1920 2836 1963 et
2860 1909 3140 1965 luereticos
3157 1954 3170 1975 ,
3197 1921 3251 1967 et
3278 1913 3329 1966 iu
3357 1913 3455 1968 hoc
3476 1917 3679 1970 suscqu

2100 1998 2237 2054 bona
2269 2000 2577 2067 temporalia
2609 2002 2894 2069 perdentes
2923 2011 2975 2055 et
3005 2000 3057 2055 in
3094 2002 3287 2056 Christi
3312 2002 3513 2073 judicio
3540 2008 3677 2060 mala

2100 2101 2297 2145 :cterna
2324 2090 2689 2146 invenientes?
2709 2090 2909 2146 Cautus
2932 2102 3108 2146 autent
3138 2092 3297 2158 ﬁlius,
3323 2094 3410 2164 qui
3440 2096 3680 2150 timendo

2100 2181 2361 2251 ﬂagellum
2396 2182 2558 2251 patris
2581 2184 2780 2238 recedit
2805 2199 2834 2236 a
2860 2184 3019 2237 cubili
3052 2186 3313 2253 serpentis
3335 2227 3349 2247 ,
3391 2201 3489 2239 nec
3515 2203 3682 2256 vapu-

2102 2272 2191 2332 lat,
2223 2286 2321 2324 nec
2351 2269 2505 2341 pc'rit.
2531 2272 2630 2338 Qui
2656 2283 2832 2326 autem
2860 2272 3074 2327 dolores
3093 2274 3384 2343 disciplina:
3403 2290 3513 2345 pra:
3536 2278 3556 2307 ¹
3582 2293 3679 2331 sua

2102 2362 2393 2431 perniciosa
2423 2363 2693 2419 voluntate
2715 2365 3042 2428 contemnit,
3088 2374 3142 2420 et
3171 2367 3402 2435 vapulat,
3435 2377 3491 2422 et
3519 2370 3678 2438 perit.

2098 2452 2213 2506 iam
2242 2469 2344 2508 non
2378 2453 2648 2525 intelligis,
2680 2456 2760 2508 vir
2785 2455 3003 2519 diserte,
3032 2457 3281 2525 quoaiam
3310 2458 3399 2528 qni
3432 2474 3525 2528 pro
3549 2476 3682 2530 pace

2100 2542 2293 2597 Christi
2321 2544 2570 2598 onmihns
2601 2546 2825 2600 terrenis
2862 2548 3112 2612 caruerit,
3153 2546 3321 2603 Deum
3363 2548 3559 2607 habet:
3588 2552 3682 2621 qui

2099 2641 2273 2687 autem
2299 2650 2393 2702 pro
2420 2646 2567 2704 parte
2598 2638 2781 2691 Donati
2808 2639 2887 2694 vel
2915 2653 3113 2707 paucos
3145 2656 3393 2697 nummos
3428 2643 3681 2713 perdide-

2090 2724 2187 2791 rit,
2219 2740 2312 2779 cor
2337 2743 2441 2780 non
2474 2727 2634 2782 habet
2656 2728 2696 2779 ³.

2092 2892 2097 2899 ι
2170 2816 2393 2873 CAPUT
2433 2817 2615 2873 XClX.
2654 2851 2713 2859 —
2749 2819 2873 2875 2‘27.
2917 2821 3102 2877 Ρετιι..
3152 2822 3286 2880 dixit
3319 2843 3332 2878 :
3370 2825 3479 2881 Nos
3506 2839 3681 2881 autem

2088 2922 2345 2976 pauperes
2366 2908 2541 2977 spiritu
2565 2909 2773 2977 (Matth.
2801 2928 2855 2975 v,
2885 2913 2918 2967 3
2940 2912 2979 2981 ),
3010 2931 3111 2968 non
3138 2914 3323 2970 divitiis
3349 2918 3609 2971 metuimus
3632 2920 3680 2983 ‘,

2086 2997 2409 3068 _sed_divitias
2431 3000 2783 3069 formidamus.
2816 3001 2926 3056 Nos
2965 3004 3094 3057 nihil
3122 3005 3356 3061 habentes
3381 3050 3395 3075 ,
3429 3018 3475 3062 et
3506 3014 3682 3063 ontnia

2101 3088 2404 3156 possidentes
2427 3090 2443 3160 (
2465 3088 2502 3142 ll
2530 3088 2648 3144 Cor.
2680 3107 2754 3158 γι,
2783 3092 2845 3147 10
2866 3092 2906 3164 ),
2930 3112 3131 3149 censum
3157 3100 3379 3152 animant
3400 3101 3678 3166 credimus,

2100 3181 2375 3250 nostrisque
2400 3183 2557 3250 pomis
2582 3193 2627 3236 ct
2655 3187 2898 3255 sanguine
2929 3196 3141 3242 teternas
3167 3170 3377 3244 divitias.
3405 3191 3515 3245 caeli
3540 3210 3681 3246 mer-

2099 3288 2290 3326 camur.
2324 3272 2410 3327 Sic
2436 3274 2567 3328 idem
2593 3274 2612 3305 ⁸
2632 3274 2890 3343 ,Domiuus
2913 3278 3068 3332 dicit:
3090 3297 3107 3330 ι
3149 3280 3249 3347 Qui
3275 3283 3546 3351 perdiderit
3566 3285 3687 3339 sub-

2098 3365 2334 3419 stantiam
2360 3382 2523 3432 suam,
2552 3369 2844 3440 centuplum
2874 3371 3076 3441 recipiet
3104 3390 3234 3426 eam.
3272 3392 3290 3426 ι

2167 3456 2292 3511 228.
2342 3460 2474 3513 Are.
2516 3460 2785 3527 respondit
2840 3478 2851 3514 :
2902 3461 2969 3514 Et
3014 3462 3114 3516 hoc
3162 3464 3226 3516 ad
3279 3480 3389 3519 rem
3447 3468 3688 3533 pertinet

2097 3561 2437 3603 cmmnonere
2480 3548 2919 3618 quemadmodum
2966 3552 3220 3620 scriptum
3264 3562 3364 3606 est.
3406 3554 3539 3610 Nam
3587 3560 3685 3613 ulti

2098 3638 2229 3692 nihil
2260 3637 2479 3707 impedit
2506 3640 2849 3693 intentionem
2883 3656 3074 3705 meam,
3106 3642 3147 3694 si
3180 3642 3302 3711 quid
3334 3644 3400 3699 de
3426 3645 3687 3716 Scriptu-

2097 3731 2170 3783 ris
2209 3729 2346 3784 fallis
2377 3741 2467 3784 aut
2509 3731 2705 3787 falleris
2731 3773 2743 3788 .
2778 3733 2907 3787 nihil
2950 3748 3101 3787 euro.
3136 3734 3250 3789 Non
3280 3751 3407 3805 ergo
3434 3738 3503 3792 ita
3533 3744 3685 3795 seri-

2098 3830 2242 3889 ptum
2275 3832 2352 3875 e51
2381 3863 2395 3885 ,
2428 3822 2525 3889 Qui
2574 3822 2864 3892 perdiderit
2905 3824 3253 3880 substantiam
3301 3842 3488 3894 suam;
3527 3829 3625 3885 sed
3661 3874 3676 3895 ,

2099 3912 2199 3976 Qui
2234 3912 2505 3981 perdiderit
2532 3914 2753 3966 animum
2790 3931 2932 3967 suant
2965 3927 3169 3985 prapter
3198 3934 3275 3970 me
3300 3918 3512 3986 (Matth.
3555 3937 3680 3987 XVI,

2094 4002 2201 4072 25)
2258 4005 2330 4057 De
2359 4005 2650 4060 substantia
2678 4022 2805 4060 vero
2833 4023 2936 4061 non
2977 4008 3230 4077 scriptum
3263 4020 3374 4077 est,
3402 4011 3501 4078 Qui
3546 4028 3682 4081 per-

2095 4092 2327 4159 diderit;
2359 4094 2454 4149 sed
2480 4136 2494 4160 ,
2527 4096 2625 4161 Qui
2649 4097 2893 4152 dimiserit
2922 4098 3029 4169 (Id.
3063 4116 3172 4162 ιιι,
3200 4100 3300 4167 29)
3338 4119 3349 4153 :
3381 4118 3477 4158 nec
3503 4104 3679 4159 solam

2094 4185 2445 4239 substantiam
2487 4188 2723 4256 pecunia:
2746 4230 2761 4253 ,
2792 4189 2884 4243 sed
2929 4200 2983 4243 et
3025 4190 3186 4244 multa
3232 4193 3354 4245 alia.
3387 4192 3464 4247 'l‘u
3493 4205 3678 4249 autem

2097 4277 2305 4332 interim
2346 4295 2450 4331 non
2481 4279 2754 4348 perdidisti
2800 4281 3147 4349 substantiam
3184 4301 3196 4335 :
3232 4294 3405 4338 utrum
3438 4301 3564 4340 vero
3590 4287 3681 4340 di-

2095 4369 2303 4425 miseris
2322 4412 2336 4434 ,
2363 4370 2503 4440 quod
2532 4370 2608 4423 sic
2637 4370 2703 4423 de
2733 4380 3040 4439 paupertate
3064 4373 3306 4442 gloriaris
3330 4416 3344 4438 ,
3374 4375 3554 4430 nescio
3584 4392 3596 4429 :
3628 4379 3679 4430 si

2095 4459 2230 4516 forte
2260 4463 2358 4516 scit
2399 4463 2497 4515 hoc
2526 4461 2723 4531 collega
2767 4478 2918 4517 meus
2951 4463 3270 4519 Fortunatus
3293 4458 3310 4528 ς
3337 4467 3457 4535 quia
3487 4467 3540 4522 iu
3575 4484 3674 4523 ea-

2095 4552 2215 4607 dem
2260 4553 2473 4607 civitate
2517 4553 2679 4617 estis,
2721 4569 2987 4623 nunquam
3040 4555 3166 4609 mihi
3219 4555 3507 4621 indicavit,
3547 4560 3680 4628 quia

2096 4659 2358 4712 nunquam
2406 4643 2737 4711 quaesieram.
2782 4643 3154 4699 Verumtamen
3202 4648 3408 4703 etiamsi
3456 4649 3556 4704 hoc
3594 4650 3680 4703 fe-

2095 4733 2208 4788 Cisti
2229 4777 2243 4799 ,
2276 4744 2328 4787 In
2359 4735 2471 4805 ipse
2496 4744 2678 4788 contra
2724 4744 2773 4789 te
2803 4734 2854 4788 in
2894 4733 2991 4788 hac
3019 4736 3127 4804 ipsa
3158 4744 3242 4790 tua
3271 4738 3492 4806 epistola
3522 4754 3676 4793 com—

2098 4825 2401 4878 memorain
2428 4825 2774 4894 apostolicum
2821 4824 3178 4891 testimonium
3224 4843 3236 4877 :
3283 4827 3344 4881 Si
3373 4828 3677 4883 distribuere

2095 4913 2261 4966 omnia
2298 4931 2408 4965 mea
2455 4914 2787 4982 pauperibus.
2819 4925 2865 4967 et
2909 4914 3163 4967 tradidero
3202 4933 3384 4986 corpus
3426 4933 3590 4970 nteant
3618 4930 3676 4971 ut

2094 5006 2297 5057 ardeam
2323 5045 2336 5069 ,
2382 5005 2674 5058 charitatem
2723 5016 2888 5057 autem
2940 5022 3039 5058 non
3090 5005 3295 5059 habeant
3320 5048 3334 5072 ,
3377 5006 3506 5061 nihil
3548 5009 3674 5061 mihi

2096 5096 2295 5163 prodest
2320 5096 2371 5165 (Ι
2400 5095 2517 5149 Cor.
2547 5111 2657 5159 χιιι,
2683 5096 2773 5164 5).
2802 5095 2858 5151 Si
2881 5096 3019 5150 enim
3047 5096 3308 5151 haberetis
3330 5097 3671 5162 cltaritatem,

2096 5200 2199 5239 non
2226 5185 2527 5253 objiceretis
2556 5185 2736 5255 ignaro
2759 5228 2772 5251 ,
2804 5196 2857 5240 et
2884 5186 3031 5239 vobis
3061 5185 3328 5256 incognilo
3355 5187 3468 5241 orbi
3499 5195 3669 5240 terra-

2160 5376 2174 5441 ξ
2199 5376 2335 5441 Editi,
2342 5377 2606 5441 mendaces
2633 5388 2651 5426 :
2674 5378 2935 5441 castigandi
2957 5390 3019 5426 ex
3043 5378 3390 5440 manuscriptis.

2070 5446 2077 5447 ’
2155 5440 2175 5468 ¹
2201 5443 2250 5486 tn
2277 5437 2435 5495 editis,
2460 5450 2562 5499 pro.

2156 5500 2177 5530 ³
2202 5504 2247 5546 In
2270 5506 2407 5555 νοω,
2432 5497 2518 5547 cur
2535 5510 2628 5548 non
2648 5497 2826 5549 habet?
2946 5507 3003 5547 at.

2098 5578 2101 5581 ·
2156 5559 2179 5591 δ
2199 5561 2271 5609 sic
2292 5573 2463 5609 omnes
2486 5568 2588 5608 Mss.
2614 5561 2729 5609 Editi
2755 5574 2888 5619 vero,
2913 5574 3003 5611 non
3024 5561 3213 5611 diutius
3231 5574 3459 5609 natamus.

2153 5622 2174 5653 ⁸
2199 5628 2262 5683 tta
2298 5620 2553 5670 Petilianus
2582 5623 2629 5669 in
2650 5628 2755 5683 Mss.
2783 5630 2836 5671 Αι
2858 5624 2906 5669 in
2931 5625 3093 5683 editis,
3118 5621 3239 5672 sicut
3265 5623 3409 5672 idem.
3437 5650 3494 5659 ——
3536 5630 3671 5673 tuxta

2096 5682 2235 5733 Morel
2256 5683 2403 5732 Elem.
2425 5684 2600 5743 Critic.,
2625 5696 2672 5746 p.
2699 5682 2777 5745 87,
2803 5682 2909 5733 ctuti
2944 5682 3211 5733 mercamur
3241 5698 3257 5733 :
3285 5683 3547 5747 siquidem,
3571 5693 3667 5734 etc.
