4028 6202
192 497 205 509 ’
288 488 387 543 ὄπ

289 623 401 659 rnm
429 647 444 671 ,
476 620 572 658 nec
602 604 710 673 ip:a
753 603 939 657 saltem
971 602 1186 673 proluit:
1217 602 1436 658 crimina
1470 604 1713 656 Afrorum
1745 601 1782 651 ‘.
1811 599 1869 653 Si

290 695 557 751 haberetis
581 695 898 750 charitatcm
922 735 936 758 ,
966 709 1071 749 non
1098 694 1151 749 in
1179 694 1369 751 vestris
1394 693 1672 749 calumniis
1703 694 1870 761 linge-

289 789 436 854 retis,
462 789 554 844 sed
580 788 633 843 in
655 788 833 843 verbis
860 786 1068 842 Domini
1090 786 1519 843 manifestissime
1538 800 1866 855 expressim,

286 899 439 951 usque
457 882 509 935 in
541 890 696 935 totout
719 888 902 934 terram
928 880 947 951 (
964 880 1076 933 Act.
1097 895 1135 946 t,
1168 880 1257 949 8),
1284 878 1899 951 cognosceretiSttuitzt-'

285 989 409 1031 tem.
435 977 493 1032 Si
507 990 685 1033 autem
704 979 805 1033 hoc
822 992 924 1031 non
945 977 1135 1044 iecisti,
1151 976 1275 1047 quid
1294 976 1539 1047 gloriaris
1555 975 1705 1045 quasi
1725 973 1865 1029 lece-

283 1066 393 1121 ris?
417 1065 566 1122 Itane
594 1084 722 1122 vero
744 1067 957 1123 divitias
998 1066 1292 1122 formidatis
1316 1108 1330 1131 ,
1366 1075 1423 1121 ut
1448 1065 1579 1121 nihil
1610 1065 1865 1121 habentes

280 1158 459 1212 omnia
506 1159 857 1228 possideatis?
889 1160 981 1214 Die
1034 1160 1131 1213 ista
1177 1158 1397 1228 collega:
1446 1166 1540 1212 tuo
1594 1156 1861 1225 Crispino,

280 1248 367 1317 qui
400 1248 561 1303 modo
592 1248 744 1319 juxta
788 1248 1080 1319 llipponem
1122 1259 1357 1304 nostram
1393 1249 1721 1318 comparavit
1746 1245 1865 1300 l‘nn-

280 1339 426 1401 dutn,
457 1337 550 1393 ubi
586 1344 845 1409 mergeret
881 1340 1124 1394 homines
1150 1340 1203 1393 in
1228 1338 1547 1408 profundum
1577 1337 1677 1410 (a).
1711 1337 1863 1394 Unde

281 1428 378 1483 hoc
408 1440 459 1484 et
490 1443 595 1498 ego
637 1430 857 1483 nimium
884 1432 905 1461 ³
953 1430 1077 1483 novi
1107 1447 1119 1482 :
1154 1439 1207 1483 tu
1257 1430 1392 1483 forte
1422 1428 1596 1483 nescis
1620 1470 1632 1491 .
1663 1438 1717 1482 et
1743 1428 1862 1482 ideo

279 1538 499 1577 securus
550 1523 783 1589 clamas,
838 1522 1046 1578 Divitias
1095 1524 1447 1594 formidamus.
1491 1521 1645 1578 Unde
1697 1522 1862 1576 miror

280 1614 415 1681 quod
435 1615 533 1667 ista
548 1630 646 1667 vox
664 1624 774 1680 tua,
794 1614 924 1667 utad
941 1628 1038 1671 nos
1057 1614 1380 1683 perveniret,
1400 1615 1570 1684 ipsum
1589 1613 1856 1667 transiliit.

280 1703 420 1759 later
444 1704 847 1760 Constantinam
890 1706 1083 1777 quippe
1124 1706 1215 1760 ubi
1263 1713 1319 1759 tu
1348 1721 1441 1770 es,
1480 1715 1531 1760 et
1563 1698 1855 1774 Hipponem

281 1794 366 1850 ubi
409 1810 511 1866 ego
554 1811 672 1850 sum
693 1837 707 1861 ,
737 1795 951 1850 Calama
994 1795 1083 1850 ubi
1129 1796 1216 1851 ille
1244 1804 1327 1851 est
1349 1837 1364 1863 ,
1398 1795 1619 1850 vicinior
1643 1794 1857 1865 quidem

279 1886 452 1948 nobis.
472 1887 566 1941 sed
594 1895 769 1941 tamen
796 1887 1104 1956 interposita
1133 1895 1234 1940 est.
1266 1887 1428 1941 Miror
1445 1900 1572 1955 ergo
1591 1888 1858 1956 quomodo

280 1994 388 2035 non
418 1978 513 2033 ille
534 1978 675 2047 prior
702 1978 914 2047 excepit
945 1978 1082 2033 hanc
1119 1992 1334 2043 vocem,
1363 1986 1417 2032 et
1441 1981 1762 2045 repercussit
1790 1992 1857 2030 ne

281 2068 530 2122 transiret
570 2067 634 2122 ad
675 2082 805 2133 nos,
846 2078 901 2122 et
943 2068 1198 2122 adversus
1244 2078 1296 2121 te
1336 2066 1636 2121 divitiarum
1676 2065 1856 2121 laudes

275 2160 443 2213 multo
472 2158 740 2228 copiosius
778 2160 1037 2214 recitavit.
1071 2158 1186 2213 Non
1217 2158 1390 2212 solum
1419 2158 1558 2211 enim
1602 2172 1706 2211 non
1744 2156 1855 2210 for-

274 2251 441 2305 midst
471 2250 557 2306 ille
583 2252 791 2305 divitias
814 2291 829 2316 ,
869 2251 963 2305 sed
990 2259 1046 2305 et
1086 2258 1249 2304 amat.
1296 2249 1363 2304 Et
1399 2258 1544 2304 certe
1569 2248 1637 2304 de
1660 2257 1855 2304 cmtcro

276 2342 582 2412 priusquam
607 2340 759 2408 edas,
781 2342 943 2396 recita
975 2341 1049 2395 illi
1077 2341 1197 2395 talia
1230 2358 1244 2393 :
1272 2340 1317 2394 si
1340 2353 1445 2393 non
1470 2338 1850 2403 emendaverit,

275 2431 678 2502 respondemus.
711 2431 790 2485 Tu
830 2441 1006 2486 autem
1026 2470 1045 2498 ,
1073 2430 1120 2485 si
1146 2445 1332 2485 verum
1378 2439 1462 2484 est
1486 2428 1627 2499 quod
1654 2444 1855 2498 pauper

273 2523 382 2589 sis,
413 2524 485 2577 ibi
529 2521 696 2576 habes
724 2521 940 2576 fratrem
986 2535 1161 2576 meum
1210 2519 1557 2575 Fortunatam
1598 2536 1611 2571 :
1650 2518 1854 2574 facilius

274 2616 392 2671 inde
438 2617 650 2685 placere
695 2615 896 2686 poteris
942 2613 1017 2668 illi
1064 2614 1281 2684 collega:
1327 2627 1485 2677 meo,
1530 2627 1686 2682 quam
1731 2612 1853 2666 huic

273 2718 381 2762 tuo.
1438 2726 1441 2729 '

338 2797 567 2853 CAPUT
606 2797 667 2853 C.
695 2828 768 2838 —
802 2796 927 2852 229.
957 2796 1143 2852 Ρετη..
1176 2793 1310 2850 dixit
1353 2812 1367 2848 :
1415 2791 1527 2848 Nos
1554 2794 1730 2847 timore
1756 2791 1851 2846 Dei

271 2908 362 2961 quo
385 2892 616 2958 vivimus,
645 2907 818 2960 plenas
845 2901 890 2944 et
918 2900 1099 2957 mortes
1127 2905 1250 2959 quas
1279 2887 1449 2959 gladio
1476 2886 1640 2959 facitis
1660 2902 1759 2939 non
1782 2886 1848 2938 ti-

274 3002 458 3039 memus
486 3000 505 3038 :
525 2986 615 3041 sed
641 2984 696 3038 id
733 2985 896 3037 solum
938 2982 1146 3052 denique
1184 2981 1405 3052 fugimus
1424 3020 1439 3045 ,
1468 2978 1605 3042 quod
1627 2993 1848 3031 commu-

272 3078 414 3131 nione
432 3077 735 3147 nequissima
756 3076 954 3129 anintas
970 3074 1241 3146 jugulatis,
1266 3071 1482 3127 Domino
1504 3072 1614 3140 ipso
1633 3070 1847 3136 dicente,

276 3188 293 3218 ι
340 3166 515 3222 Nolite
543 3167 715 3221 timere
743 3183 826 3221 eas
849 3167 936 3236 qui
964 3181 1144 3235 corpus
1173 3162 1438 3227 occidunt,
1470 3162 1692 3216 animum
1716 3161 1849 3214 enim

271 3259 491 3313 occidere
516 3274 619 3311 non
648 3266 895 3327 possunt;
934 3257 1022 3310 sed
1062 3255 1226 3308 timete
1250 3254 1413 3325 potius
1450 3242 1573 3307 eum
1591 3254 1676 3325 qui
1705 3252 1849 3307 habet

272 3357 565 3416 potestatem
590 3348 611 3379 ³
655 3364 838 3417 corpus
882 3357 928 3401 ct
969 3347 1192 3400 animum
1235 3346 1427 3399 mittere
1462 3344 1514 3397 in
1570 3344 1849 3414 gehennam

271 3441 397 3510 ignis
430 3460 450 3494 ι
499 3440 725 3511 (Matth.
753 3457 805 3505 π,
833 3438 902 3494 ss
922 3439 962 3508 ).

333 3534 460 3590 230.
502 3536 637 3590 Ave.
704 3532 979 3602 respondit
1027 3548 1041 3585 :
1091 3530 1242 3599 Quod
1294 3529 1467 3593 dicis,
1522 3543 1617 3583 vos
1675 3527 1846 3581 facitis

272 3641 373 3679 non
406 3623 586 3695 gladio
617 3623 809 3678 visibili
831 3664 845 3684 ,
872 3622 965 3677 sed
998 3622 1089 3675 illo
1117 3622 1185 3675 de
1225 3635 1333 3691 quo
1360 3620 1556 3674 dictum
1592 3626 1694 3685 est,
1726 3616 1847 3670 Filii

271 3718 525 3770 hominum
548 3716 722 3770 dentes
741 3731 913 3768 eorum
936 3730 1079 3767 arma
1106 3723 1150 3765 et
1182 3713 1397 3782 sagittaz,
1416 3720 1462 3764 et
1482 3711 1655 3780 lingua
1674 3724 1847 3762 eorum

269 3808 468 3878 gladius
487 3817 664 3862 acutus
690 3805 868 3881 (Psal.
900 3804 1103 3874 ut,5).
1136 3804 1246 3859 Hoc
1268 3803 1411 3857 enim
1452 3801 1630 3871 gladio
1662 3798 1845 3854 crimi-

272 3912 449 3957 notore
476 3910 529 3957 et
554 3900 937 3956 calumniatore
965 3898 1110 3952 orbis
1154 3895 1405 3965 incogniti
1430 3936 1443 3958 ,
1479 3892 1843 3962 imperitorum

267 3993 470 4047 animas
496 3990 785 4046 trucidatis.
817 3989 875 4045 Si
917 3996 1091 4043 autem
1122 3986 1549 4042 communionem
1580 3979 1843 4050 nequissi-

270 4096 405 4135 mam
433 4096 677 4146 accusas,
706 4096 833 4136 ecce
860 4095 974 4143 ore,
1002 4093 1107 4133 non
1136 4092 1277 4142 meo,
1304 4076 1399 4131 sed
1427 4086 1536 4143 tuo,
1565 4074 1843 4141 ascendas,

267 4173 561 4228 descendas
581 4214 597 4238 ,
643 4172 810 4227 intres
830 4213 845 4239 ,
876 4170 1105 4225 verseris
1131 4211 1145 4235 ,
1189 4169 1554 4238 tergiverseris
1578 4208 1593 4233 ,
1628 4168 1748 4222 talis
1786 4183 1847 4223 cs

265 4267 434 4335 «piatis
463 4266 710 4334 Optatos.
741 4265 797 4319 Si
826 4272 1002 4318 autem
1028 4261 1170 4317 redis
1193 4261 1259 4315 ad
1286 4275 1381 4315 cor
1402 4301 1418 4324 ,
1447 4268 1501 4315 ct
1525 4260 1762 4315 invenies
1793 4268 1846 4315 te

268 4378 367 4412 non
390 4374 511 4414 esse
534 4359 716 4423 talem,
737 4373 841 4412 non
869 4356 990 4426 quia
1013 4363 1185 4409 tecum
1206 4354 1545 4409 Sacramenta
1573 4368 1677 4407 non
1698 4367 1845 4408 com-

265 4452 556 4506 tnunicavit
578 4490 593 4516 ,
622 4449 717 4505 sed
759 4449 881 4519 quia
909 4448 1001 4503 tibi
1044 4446 1343 4516 displicuit;
1384 4444 1632 4500 absolves
1659 4444 1843 4499 orbem

267 4556 529 4598 terrarum
572 4541 887 4597 criminibus
928 4539 1151 4605 alienis,
1182 4549 1236 4594 et
1276 4537 1515 4593 invenies
1542 4551 1637 4592 vos
1673 4537 1845 4607 impli-

264 4648 411 4691 catos
434 4636 660 4692 crimine
680 4634 1002 4690 schismatis.

334 4726 558 4783 CAPUT
607 4725 691 4781 Ci.
744 4756 816 4767 -—
865 4725 991 4779 251.
1032 4723 1216 4777 Ρετιι.
1260 4721 1434 4776 dixit:
1475 4720 1574 4775 i'os
1612 4736 1729 4791 ergo
1758 4720 1844 4790 qui

266 4819 538 4887 fiilsissitno
564 4816 811 4885 baptismo
840 4814 988 4869 uultis
1010 4813 1168 4867 lauari
1191 4829 1343 4883 quam
1369 4811 1528 4874 nasci,
1557 4826 1657 4864 non
1679 4809 1843 4864 solum

261 4917 424 4963 vestra
442 4908 624 4962 delicta
650 4924 750 4961 non
776 4906 983 4977 ponitis,
1010 4920 1179 4959 verum
1205 4903 1400 4956 animas
1426 4911 1613 4955 vestras
1640 4915 1843 4953 reorum

262 5000 553 5053 criminibus
578 4998 818 5053 oneratis.
863 4997 928 5051 Ut
969 4997 1101 5051 enim
1136 5011 1269 5065 aqua
1303 4993 1583 5048 nocentium
1610 5008 1643 5045 a
1671 5002 1843 5047 sancto

262 5092 463 5159 Spiritu
502 5099 711 5143 vacuata
750 5098 861 5152 est,
901 5088 973 5140 ita
1018 5086 1167 5157 plane
1211 5086 1397 5154 referta
1435 5093 1506 5139 est
1547 5083 1842 5138 criminibus

260 5181 607 5234 Traditorunt.
641 5179 955 5248 Quicumque
977 5177 1131 5246 igitur
1163 5177 1313 5229 miser
1344 5174 1404 5227 ab
1435 5173 1723 5243 Itujusmodi
1749 5175 1842 5226 ba-

261 5273 491 5339 ptizaris,
521 5271 565 5325 si
591 5270 850 5324 mendacio
876 5284 1045 5324 carere
1080 5266 1318 5332 volueris,
1351 5265 1666 5336 perfunderis
1695 5264 1842 5337 falsi-

258 5374 385 5443 tate.
417 5361 479 5416 Si
520 5361 703 5415 delicta
730 5361 896 5414 carnis
920 5358 1119 5413 uolebas
1138 5356 1400 5412 excludere
1423 5396 1436 5419 ,
1468 5372 1667 5409 reorum
1691 5372 1838 5410 acce-

255 5454 405 5505 dente
421 5451 441 5481 δ
468 5454 768 5506 conscientia
793 5451 1035 5521 percipies
1060 5458 1107 5503 et
1132 5458 1343 5501 reatum.
1375 5446 1435 5502 Si
1451 5446 1675 5500 auaritia:
1689 5447 1840 5515 flant-

255 5560 390 5595 mam
409 5543 606 5596 volebas
621 5544 955 5612 et‘stiuguere,
976 5538 1291 5609 perfunderis
1307 5537 1506 5605 fraude,
1522 5536 1839 5607 perfunderis

314 5681 326 5708 ¹
360 5677 414 5726 In
441 5676 586 5725 editis
603 5675 727 5729 loco.
766 5673 1002 5734 errorum,
1027 5680 1253 5735 corrupte
1276 5671 1554 5735 legebatur,
1576 5671 1803 5732 fratrum.

310 5740 331 5771 ³
355 5739 433 5786 sic
452 5744 560 5787 Mss.
587 5747 641 5787 Αι
664 5737 801 5795 editi,
824 5735 1067 5786 nimirum.

312 5802 332 5832 ³
354 5798 617 5849 Petiliauus
639 5800 687 5847 in
710 5792 818 5847 Mss.
844 5798 975 5853 citat,
1001 5795 1139 5845 habet
1164 5792 1220 5857 in
1236 5798 1524 5857 potestatem.

310 5863 328 5892 δ
356 5860 671 5909 ritn'iaceusis
686 5868 827 5908 vetus
845 5858 1020 5917 codex,
1042 5856 1344 5907 accendente.

305 5930 382 5987 fa)
412 5925 523 5972 \ide
548 5936 711 5986 supra,
736 5937 840 5988 cap.
864 5923 942 5972 83.

1611 481 1807 539 LIBER
1846 476 2219 542 SECUNDUS.

3451 499 3555 554 338

1978 603 2180 667 scelere,
2215 606 2533 675 perfunderis
2560 619 2604 662 et
2634 613 2825 681 furore.
2862 606 3124 665 Postremo
3149 612 3192 666 si
3220 612 3401 680 credis,
3435 617 3552 682 quia

1975 694 2267 762 accipientis
2305 706 2349 750 et
2375 698 2542 753 dantis
2566 711 2636 754 est
2662 701 2807 769 fides,
2839 702 2901 755 ab
2928 719 2986 756 eo
3008 703 3094 774 qui
3116 703 3352 773 interficit
3393 707 3552 759 notui-

1976 800 2106 850 nent,
2136 788 2381 858 sanguine
2407 789 2721 859 perfunderis
2747 792 2939 861 fratris.
2975 792 3056 847 Ita
3085 794 3269 865 agitur,
3299 805 3353 848 ut
3379 797 3464 866 qui
3487 798 3553 849 ad

1977 875 2289 949 Baptismum
2316 883 2552 938 innocens
2579 900 2803 953 veneras,
2828 903 2858 939 a
2884 886 3144 958 Baptisnto
3171 888 3345 944 redeas
3380 890 3547 959 parri-

1973 970 2105 1022 τὶιίιι.

2040 1059 2165 1115 232.
2200 1061 2333 1118 Auc.
2368 1064 2640 1134 respondit
2664 1084 2676 1119 :
2705 1066 2905 1121 Vellem
2934 1084 3053 1123 cum
3081 1071 3157 1124 eis
3180 1070 3546 1134 sermocinari,

1970 1152 2057 1220 qui
2082 1153 2256 1208 verbis
2278 1154 2391 1208 istis
2417 1155 2569 1210 lectis
2596 1158 2677 1212 vel
2705 1159 2899 1213 auditis
2926 1161 3366 1215 acclamaverunt.
3392 1160 3547 1216 Tales

1969 1244 2108 1297 enim
2141 1261 2244 1299 non
2278 1245 2471 1302 habent
2494 1263 2649 1303 aures
2675 1250 2725 1303 in
2758 1250 2918 1305 corde
2946 1294 2956 1311 .
2986 1251 3079 1305 sed
3109 1266 3200 1305 cor
3226 1252 3276 1305 in
3307 1251 3543 1307 auribus.

1970 1333 2168 1405 [.rgattt
2196 1348 2370 1393 tamen
2407 1339 2598 1394 iterum
2626 1350 2678 1394 et
2708 1341 2897 1395 iterum
2920 1383 2934 1406 ,
2965 1352 3019 1396 et
3044 1342 3313 1410 cogitent,
3339 1349 3393 1397 et
3420 1357 3512 1395 seu
3532 1372 3545 1382 -

1969 1428 2098 1482 tiant
2130 1429 2144 1459 ¹
2174 1444 2255 1492 ea,
2290 1444 2391 1483 non
2424 1430 2547 1500 quid
2580 1440 2805 1498 sonent,
2835 1431 2928 1487 sed
2957 1432 3081 1502 quid
3108 1433 3335 1502 sapiant.
3367 1432 3547 1487 Primo

1967 1529 2023 1573 ut
2048 1519 2148 1573 hoc
2175 1520 2415 1575 ultimum
2443 1516 2706 1576 excutiam
2738 1539 2750 1574 :
2782 1523 2867 1576 Ita
2897 1539 3015 1593 ergo
3043 1524 3119 1591 fit,
3149 1523 3342 1593 inquis,
3375 1532 3430 1576 ut
3457 1522 3546 1591 qui

1964 1610 2032 1662 ad
2055 1609 2370 1680 Baptismum
2389 1612 2629 1666 innocens
2648 1630 2872 1677 veneras,
2892 1630 2923 1665 a
2944 1612 3205 1685 Baptismo
3228 1614 3402 1667 redeas
3426 1631 3545 1684 par-

1963 1700 2158 1753 ricida:
2186 1702 2448 1771 responde
2475 1704 2621 1772 prius
2642 1745 2655 1768 ,
2687 1704 2806 1773 quis
2835 1703 2903 1758 ad
2929 1704 3256 1773 Baptismum
3287 1704 3544 1759 innocens

1964 1790 2140 1846 veniat
2169 1793 2221 1857 ⁸,
2251 1802 2473 1863 excepto
2500 1794 2589 1848 illo
2628 1794 2716 1863 qui
2748 1809 2851 1848 non
2882 1794 3002 1849 ideo
3026 1795 3170 1849 venit
3207 1794 3459 1864 baptizari
3488 1804 3546 1849 ut

1962 1884 2077 1953 ejus
2105 1885 2412 1939 ablueretur
2460 1886 2748 1955 iniquitas,
2791 1886 2887 1941 sed
2932 1895 2990 1940 ttt
3038 1886 3189 1940 nobis
3232 1885 3546 1941 humilitatis

1965 1977 2289 2046 pra-berctur
2318 1977 2648 2031 auctoritas?
2693 1977 2828 2045 Quid
2876 1978 3017 2033 enim
3065 1978 3359 2032 dimittetur
3388 1978 3544 2031 iuno-

1961 2069 2138 2122 centi?
2165 2071 2267 2122 Aut
2305 2083 2433 2123 vero
2472 2069 2544 2123 ita
2574 2084 2636 2124 es
2662 2069 2918 2141 eloquens
2944 2070 2965 2102 ³
2984 2113 2999 2136 ,
3029 2080 3085 2124 ut
3111 2070 3362 2125 ostendas
3392 2071 3545 2126 nobis

1959 2159 2241 2229 quamdam
2271 2160 2627 2215 innocentiam
2658 2162 3027 2231 peccatricem.
3055 2160 3243 2217 Nonne
3269 2161 3422 2216 audis
3464 2161 3545 2216 di-

1959 2259 2168 2305 centem
2197 2248 2523 2320 Scripturam
2547 2293 2562 2316 ,
2603 2250 2768 2305 Nemo
2809 2252 3027 2306 mundus
3055 2268 3086 2304 a
3115 2261 3318 2322 peccato
3346 2253 3401 2306 in
3424 2269 3543 2307 con-

1959 2352 2129 2411 spectu
2155 2352 2274 2408 tuo,
2304 2358 2394 2395 nec
2422 2342 2594 2411 infans
2635 2344 2782 2414 cujus
2817 2352 2889 2395 est
2932 2342 3034 2395 diei
3069 2343 3219 2397 unius
3260 2342 3361 2395 vita
3393 2359 3544 2411 super

1958 2441 2147 2485 terram
2169 2432 2299 2499 (Job
2330 2446 2443 2499 stv,
2470 2448 2571 2486 sec.
2604 2431 2819 2505 LXX)?
2846 2432 2977 2486 Nam
3005 2432 3147 2488 unde
3174 2431 3239 2487 ad
3267 2432 3539 2487 remissio-

1958 2536 2078 2575 nem
2107 2531 2445 2593 peccatorum
2489 2531 2545 2579 ct
2571 2539 2691 2578 cuin
2724 2522 3014 2578 infantibus
3048 2523 3315 2579 curritur?
3355 2522 3545 2579 Nonne

1955 2615 2107 2670 audis
2131 2616 2289 2670 aliam
2320 2635 2332 2669 :
2368 2614 2479 2686 Ego
2521 2617 2573 2670 in
2612 2617 2876 2688 iniquitate
2914 2625 3180 2687 conceptus
3216 2634 3326 2669 sunt
3355 2614 3538 2688 (Psal.

1957 2722 2020 2771 ι,
2050 2705 2149 2777 7)?
2180 2708 2381 2763 Deinde
2420 2708 2464 2762 si
2508 2719 2785 2778 propterea
2834 2707 2973 2763 redit
3018 2706 3276 2777 parricida
3306 2707 3393 2777 qui
3424 2708 3540 2761 sine

1957 2798 2240 2867 parricidio
2260 2809 2497 2866 venerat,
2521 2801 2641 2871 quia
2669 2816 2793 2855 eum
2818 2799 3077 2868 parricida
3100 2800 3356 2868 baptizat;
3380 2807 3539 2868 quot-

1953 2899 2083 2960 quot
2111 2889 2180 2945 ab
2208 2889 2401 2961 Optato
2432 2892 2678 2961 baptizati
2710 2890 3005 2957 redierunt,
3037 2891 3211 2961 Optatl
3240 2888 3360 2944 facti
3391 2898 3533 2944 sunt:

1956 2983 2033 3039 lte
2063 3000 2203 3040 nunc
2223 3028 2237 3051 ,
2267 2993 2320 3039 et
2348 2984 2500 3040 nobis
2527 2984 2743 3055 objicite
2766 3024 2780 3049 ,
2809 2982 2948 3054 quod
2966 2984 3031 3037 in
3058 2997 3153 3037 vos
3178 3006 3181 3009 ι
3204 2996 3387 3052 regum
3437 2979 3539 3035 ira-

1953 3076 2200 3132 cundiam
2239 3076 2588 3131 concitemus.
2634 3075 2750 3130 Non
2805 3075 3042 3130 metuitis
3083 3090 3154 3130 ne
3199 3089 3228 3127 a
3257 3074 3409 3129 vobis
3458 3083 3539 3128 tot

1951 3170 2192 3227 Gildonis
2206 3170 2461 3226 satellites
2477 3168 2831 3240 inqttirantur,
2850 3176 2977 3237 quot
2996 3166 3241 3221 homines
3261 3165 3328 3219 ab
3342 3164 3537 3235 Optato

1953 3263 2208 3332 baptizari
2236 3263 2556 3335 potuerunt?
2585 3261 2818 3317 Videsne
2848 3259 3059 3315 tandem
3087 3259 3532 3329 qnetnadmodtutt

1953 3355 2050 3410 ista
2090 3364 2175 3410 tua
2232 3356 2529 3420 sententia,
2578 3354 2715 3409 sicut
2742 3354 2916 3407 vesica
2943 3350 2992 3417 ⁸,
3028 3367 3133 3406 non
3176 3350 3350 3405 solum
3394 3350 3533 3403 inani

1951 3462 2104 3512 sono,
2135 3447 2227 3502 sed
2260 3448 2418 3502 etiam
2449 3447 2501 3500 itt
2531 3448 2704 3515 capite
2730 3452 2907 3499 vestro
2930 3443 3231 3513 crepuerit?

2021 3540 2146 3595 255.
2188 3539 2303 3594 Jam
2331 3547 2523 3593 cartcra
2571 3537 2845 3607 superiora
2867 3577 2881 3599 ,
2915 3552 3032 3606 qua:
3076 3551 3219 3591 nunc
3244 3533 3531 3590 refellenda

1951 3630 2345 3699 preposuimus,
2379 3629 2501 3682 talia
2530 3636 2672 3693 sunt,
2704 3636 2761 3681 ut
2788 3627 3008 3681 omnino
3042 3626 3161 3681 talis
3187 3626 3411 3695 quisque
3436 3624 3531 3678 ba-

1953 3720 2178 3789 ptizatus
2208 3718 2380 3772 redire
2409 3717 2633 3783 dicatur,
2655 3717 2828 3786 qualis
2849 3714 3003 3770 fuerit
3027 3732 3055 3768 a
3077 3731 3182 3785 quo
3212 3714 3529 3785 baptizatur.

1948 3810 2053 3866 Sed
2080 3809 2219 3862 absit
2246 3817 2481 3878 utquam
2512 3807 2742 3860 delirans
2774 3808 2872 3859 ista
2903 3806 3037 3859 dicis
3059 3847 3073 3871 ,
3105 3813 3212 3858 tam
3240 3803 3393 3857 deliri
3420 3818 3449 3855 a
3480 3811 3533 3857 to

1950 3899 2171 3955 redeant
2210 3912 2344 3968 quos
2390 3895 2642 3965 baptizas.
2691 3895 2759 3949 Et
2808 3911 2966 3963 quam
3011 3893 3148 3948 belle
3177 3893 3199 3926 '
3229 3893 3322 3946 tibi
3353 3891 3534 3946 sonuit

1950 3989 2091 4062 quod
2120 3988 2318 4054 dixisti,
2354 3987 2685 4059 Perfunderis
2713 3985 2929 4057 fraude,
2959 3984 3274 4053 perfunderis
3301 3986 3486 4040 scelere
3508 4025 3525 4049 ,

1951 4081 2267 4154 perfunderis
2288 4088 2333 4133 et
2346 4078 2542 4152 furore!
2557 4079 2596 4133 Τ
2603 4094 2634 4132 u
2646 4093 2776 4133 vero
2798 4077 2897 4131 nisi
2921 4075 3116 4138 furore,
3136 4092 3241 4129 non
3260 4074 3527 4146 perfusus,

1949 4174 2043 4229 scd
2072 4173 2302 4243 repletus
2328 4186 2507 4237 esses,
2537 4171 2635 4225 ista
2664 4185 2766 4224 non
2797 4167 3119 4224 elfundcres.
3148 4167 3310 4230 Itane,
3346 4174 3404 4221 ut
3427 4166 3527 4220 alia

1950 4274 2175 4328 taceam,
2202 4262 2523 4332 quicumque
2544 4275 2649 4314 non
2678 4259 2821 4312 avari
2850 4257 2914 4311 ad
2941 4271 3128 4311 avaros
3152 4256 3383 4325 collegas
3411 4263 3530 4309 tuos

1950 4358 2029 4413 vel
2061 4355 2402 4427 presbyteros
2448 4362 2656 4406 vestros
2682 4348 2979 4427 baptizandi
3010 4347 3247 4411 veniunt,
3279 4345 3422 4400 avari
3446 4360 3530 4399 rc-

1949 4421 2146 4513 dcunt;
2178 4421 2238 4501 et
2269 4445 2591 4516 quicumque
2636 4440 2801 4497 sobrii
2846 4421 2914 4493 ad
2963 4439 3079 4493 illas
3108 4436 3214 4490 vini
3243 4436 3528 4505 voragines

1948 4550 2168 4599 currunt
2186 4550 2243 4596 ut
2270 4539 2628 4609 baptizcntur,
2658 4533 2853 4592 ebriosi
2876 4528 3249 4587 revertuntur?
3274 4527 3373 4583 [Sta
3406 4544 3529 4583 scn-

1951 4635 2141 4689 tientcs
2166 4641 2218 4685 et
2252 4632 2351 4685 ista
2389 4628 2709 4691 suadentes,
2739 4624 2944 4679 audetis
2970 4622 3126 4677 etiant
3156 4630 3403 4690 tanquam
3435 4618 3526 4673 ad-

1948 4742 2134 4781 versus
2164 4740 2260 4779 nos
2290 4733 2743 4783 commemorare,
2774 4716 2913 4787 quod
2943 4714 3099 4785 paulo
3127 4723 3255 4768 ante
3282 4712 3527 4781 superius

1949 4816 2166 4889 posuisti
2193 4856 2208 4881 ,
2238 4813 2437 4867 Bonum
2462 4820 2532 4865 est
2555 4824 2758 4880 sperare
2785 4808 2836 4861 in
2864 4805 3083 4860 Domino
3100 4846 3115 4871 ,
3143 4820 3295 4875 quant
3328 4819 3531 4873 sperare

1949 4912 2001 4964 in
2025 4906 2450 4963 homine:bonum
2474 4913 2546 4957 est
2570 4917 2774 4971 sperare
2802 4901 2852 4953 in
2883 4898 3119 4965 Domino,
3145 4914 3294 4964 quam
3324 4911 3530 4966 sperare
3562 4912 3567 4916 δ

1948 5004 1999 5057 in
2029 5000 2336 5073 principibus
2364 4997 2382 5068 (
2408 4995 2547 5051 Psal.
2572 5010 2736 5060 cxvn,
2768 4992 2822 5057 8‘,
2854 4990 2940 5063 9).
2970 4989 3104 5058 Quid
3134 4988 3276 5043 aliud
3299 4986 3523 5048 docetis,

1947 5110 2147 5165 quasso,
2175 5107 2332 5164 quam
2359 5106 2465 5143 non
2492 5090 2543 5142 in
2571 5087 2814 5151 Domino,
2843 5073 2941 5139 sed
2965 5084 3015 5137 itt
3044 5082 3259 5136 homine
3280 5094 3521 5149 sperare,

1946 5186 2157 5259 quando
2184 5184 2341 5239 talem
2384 5180 2497 5235 fieri
2540 5180 2715 5233 dicitis
2759 5176 3079 5245 baptizatum
3106 5216 3121 5241 ,
3153 5172 3324 5243 Qualis
3368 5170 3524 5225 fuerit

1948 5277 2274 5349 haptizator?
2314 5284 2367 5329 et
2395 5274 2515 5344 quia
2560 5272 2717 5326 istum
2750 5269 2901 5323 vobis
2927 5264 3226 5337 baptizandi
3257 5262 3527 5317 assumitis

1949 5367 2292 5439 principatum
2319 5406 2333 5431 ,
2364 5362 2584 5417 credant
2609 5360 2761 5415 vobis
2789 5358 3063 5421 homines;
3092 5365 3145 5410 et
3171 5354 3257 5425 qui
3289 5363 3440 5407 erant
3471 5351 3523 5405 in

1950 5460 2175 5513 Domino
2198 5453 2457 5527 Speraturi
2482 5495 2495 5518 ,
2532 5460 2748 5523 sperent
2791 5450 2845 5505 in
2870 5445 3237 5521 principibus?
3266 5444 3373 5498 luto
3398 5457 3527 5496 vero

2009 5600 2022 5630 ι
2052 5599 2123 5647 sic
2278 5600 2332 5643 Al
2355 5592 2488 5646 editi.
2514 5587 2729 5642 sentient.

2007 5662 2026 5690 ¹
2053 5660 2183 5717 Fdill,
2212 5659 2414 5708 venerat.
2443 5659 2571 5710 mss,
2596 5649 2763 5717 ueniat.

2008 5722 2032 5753 ³
2054 5733 2151 5771 Am.
2175 5708 2228 5770 et
2251 5727 2355 5768 Mss.
2376 5729 2387 5763 :
2418 5720 2501 5763 aut
2523 5708 2614 5762 non
2635 5711 2703 5774 ita
2723 5724 2773 5759 es
2796 5708 3031 5766 eloquens.
3107 5772 3114 5774 Δ
3204 5764 3215 5774 .

2009 5787 2025 5813 ⁸
2052 5760 2405 5834 diiungi-Enn
2448 5760 2591 5835 vero,
2629 5760 2717 5823 ista
2762 5778 2843 5822 tua
2881 5760 2971 5821 non
3016 5764 3272 5826 sententia,
3314 5760 3399 5815 sed
3450 5776 3528 5814 rc-

1941 5859 2102 5958 mftn
2126 5914 2236 5958 ante
2264 5905 2428 5959 editis,
2454 5900 2584 5950 bene.
