4028 6202
479 446 585 501 339

484 580 586 613 non
617 559 830 613 audiant
871 571 962 609 vos
990 598 1001 615 .
1035 554 1125 607 St'ti
1157 555 1242 609 illa
1277 555 1450 623 potius
1482 554 1780 607 testimnnta
1814 565 1932 617 quze
1966 562 2059 615 pn-

482 653 629 705 snisti
658 661 839 704 centra
870 665 969 702 nos
996 649 1039 710 ¹;
1072 657 1123 700 ct
1159 646 1355 715 aliquid
1384 646 1540 699 etiam
1570 641 1863 698 terribilius
1893 656 1905 692 :
1939 639 2061 708 quia

485 758 587 797 non
609 742 685 795 sol
694 756 801 804 um,
825 738 1021 793 Bonum
1049 749 1115 793 est
1148 754 1351 807 sperare
1373 738 1425 789 in
1450 734 1666 789 Domino
1689 750 1840 803 quam
1862 746 2067 800 sperare

483 836 531 885 in
557 833 791 897 homine;
817 831 911 887 sed
933 832 1111 889 etiam.
1141 828 1445 882 Maledictus
1466 827 1629 882 omnis
1650 826 1737 895 qui
1762 840 1903 894 spem
1921 838 2068 877 suam

484 925 621 992 ponit
650 926 702 977 in
731 924 931 976 homine
958 922 1180 993 (Jerem.
1209 937 1338 984 xvu,
1364 921 1395 973 ξς
1417 920 1456 987 ).
1766 982 1769 983 ν

550 1016 775 1073 CAPUT
802 1015 909 1071 Cll.
930 1016 1143 1070 -——%55.
1177 1014 1358 1068 PETIL.
1389 1012 1522 1066 dixit
1545 1029 1557 1064 :
1584 1008 1861 1063 lmitamini
1889 1008 2068 1060 saltem

488 1108 787 1180 Prophetas,
821 1109 907 1179 qui
933 1125 1050 1161 suas
1074 1108 1269 1159 animas
1298 1120 1468 1159 sacras
1498 1102 1631 1173 falso
1660 1101 1961 1169 baptismate
1988 1100 2068 1151 de-

481 1202 582 1271 cipi
608 1203 899 1256 timuerunt.
937 1200 1081 1254 Dixit
1125 1214 1341 1269 namque
1369 1196 1601 1267 primitus
1630 1192 1907 1253 Jeremias,
1929 1191 2069 1259 apud

480 1296 661 1363 impios
681 1295 906 1347 homines
929 1309 1112 1361 aquam
1134 1308 1240 1345 esse
1266 1290 1574 1344 mendaeem.
1601 1307 1619 1339 ε
1642 1288 1809 1355 Aqua,
1840 1305 1859 1338 ›
1883 1284 2064 1354 inquit,

490 1409 505 1438 ι
538 1388 776 1451 mendax,
809 1404 910 1440 non
941 1385 1087 1439 habet
1114 1385 1287 1452 ﬁdem.
1331 1402 1350 1435 ο

550 1478 674 1532 235.
721 1479 855 1531 Anc.
900 1474 1173 1544 respondit
1213 1491 1226 1527 :
1270 1472 1367 1539 Qui
1414 1471 1808 1539 Scripturarum
1856 1469 2068 1537 ignarus

484 1572 595 1623 lucc
628 1568 775 1623 audit
795 1610 808 1631 ,
840 1583 938 1623 nec
970 1574 1021 1621 te
1048 1566 1217 1620 credit
1245 1574 1336 1619 aut
1372 1564 1449 1617 sic
1481 1570 1747 1616 errantem
1780 1571 1836 1614 ut
1865 1560 2069 1613 nescias

483 1660 606 1729 quid
637 1659 890 1728 loquaris,
918 1668 1009 1711 aut
1037 1658 1114 1711 sic
1142 1656 1409 1710 fauentem
1433 1664 1489 1708 ut
1514 1667 1671 1723 quem
1706 1650 1956 1706 feftelleris
1981 1667 2071 1703 ne-

477 1752 617 1806 sciat
643 1750 768 1819 quid
798 1751 1072 1819 loquatur,
1108 1758 1257 1817 putat
1294 1746 1579 1802 .Ieremiam
1612 1743 1921 1814 prophetam
1950 1758 2070 1797 eum

488 1841 740 1910 baptizari
777 1841 967 1904 vellet,
1008 1838 1325 1906 praecavisse
1365 1852 1431 1891 ne
1471 1836 1539 1889 ab
1565 1834 1869 1889 hominibus
1899 1832 2074 1900 impiis

489 1931 872 1998 baptizaretur,
904 1936 958 1983 et
993 1928 1071 1982 sic
1108 1930 1204 1981 ista
1236 1926 1451 1979 dixisse.
1482 1923 1599 1990 Quo
1635 1924 1778 1979 enim
1807 1922 2069 1992 pertinet,

487 2022 625 2091 quod
652 2031 933 2091 antequam
962 2021 1065 2075 hoc
1088 2019 1445 2074 testimonium
1470 2032 1698 2086 poneres
1717 2015 1921 2080 dixisti,
1944 2014 2073 2067 lmi-

486 2113 664 2167 tamini
693 2111 869 2166 saltent
905 2111 1188 2180 Prophetas
1209 2153 1222 2175 ,
1254 2111 1337 2180 qui
1365 2126 1483 2163 suas
1516 2110 1713 2165 animas
1740 2122 1913 2161 sacras
1942 2108 2073 2175 falso
2120 2118 2125 2159 κ

481 2204 782 2273 baptismate
810 2203 973 2272 decipi
1003 2203 1318 2257 timuerintth
1348 2201 1511 2267 Quasi
1545 2199 1790 2256 Jeremim
1819 2196 2069 2267 tempori-

488 2304 588 2351 bus
626 2297 903 2366 quisquam
943 2303 1277 2349 sacramento
1316 2293 1570 2362 Baptismi
1609 2292 1943 2353 ablueretur,
1974 2290 2074 2344 nisi

489 2384 629 2454 quod
671 2401 730 2439 se
770 2386 913 2455 ipsos
944 2385 1047 2439 illis
1075 2384 1302 2438 lavacris
1326 2396 1442 2452 qua:
1480 2383 1737 2437 Dominus
1772 2380 2073 2450 redarguit,

491 2475 744 2530 l‘haristri
777 2490 915 2544 pene
941 2490 1033 2544 per
1058 2475 1235 2529 omnia
1268 2483 1532 2527 momenta
1567 2472 1869 2541 tiugebant,
1904 2480 1957 2526 et
1996 2470 2073 2524 le-

490 2575 605 2619 ctos
625 2573 678 2618 ct
698 2565 889 2620 Calices
911 2572 966 2619 et
988 2564 1319 2634 paropsides,
1342 2566 1478 2619 sicut
1501 2564 1551 2616 in
1579 2564 1865 2632 Evangelio
1887 2563 2077 2632 legitur

494 2655 705 2723 (Matth.
735 2671 883 2722 um,
905 2655 1019 2728 25).
1045 2655 1325 2722 Quomodo
1346 2672 1471 2725 ergo
1498 2655 1667 2724 potuit
1684 2654 1943 2709 leremias
1965 2663 2079 2709 tan-

493 2762 649 2817 quam
688 2746 1006 2816 baptismum
1035 2746 1345 2802 desiderans
1370 2788 1384 2811 ,
1414 2756 1469 2800 et
1506 2746 1573 2798 ab
1613 2745 1788 2814 impiis
1825 2732 2113 2817 baptizari

492 2838 755 2905 devitans,
784 2838 883 2893 ἰδίει
910 2838 1145 2893 dixisse?
1178 2837 1288 2892 lloc
1314 2852 1442 2907 ergo
1468 2837 1623 2899 dixit,
1645 2852 1765 2890 cum
1791 2834 1860 2891 de
1886 2820 2099 2911 populo;

494 2929 693 2985 inﬁdeli
722 2938 1055 3000 quereretur,
1077 2930 1228 3000 cujus
1259 2928 1506 2998 pessimis
1531 2928 1768 2981 moribus
1796 2927 2101 2982 tribulaba-‘

496 3034 600 3087 tur,
631 3037 733 3075 non
762 3036 821 3077 se
843 3023 1200 3077 commiscens
1226 3021 1378 3075 factis
1399 3036 1584 3075 eorum
1610 3037 1622 3074 :
1647 3021 1734 3089 qui
1762 3029 1935 3073 tamen
1960 3035 2079 3073 cor-

495 3112 750 3179 poraliter
780 3127 887 3167 non
924 3128 983 3166 se
1022 3111 1090 3165 ab
1124 3112 1215 3164 illo
1257 3112 1452 3180 pepnlo
1490 3109 1815 3180 segregavit,
1850 3124 1949 3163 nec
1977 3110 2083 3163 alia

496 3213 827 3258 sacramenta
848 3203 1109 3273 quaisivit,
1134 3218 1290 3272 quam
1318 3202 1406 3255 ille
1430 3201 1655 3271 populus
1678 3199 1967 3254 secundum
1989 3200 2081 3254 Le-

493 3296 576 3365 εἰς
605 3294 844 3350 ordinem
877 3294 947 3347 illi
978 3293 1198 3363 tempori
1228 3308 1457 3362 congrua
1488 3291 1755 3346 sumebat.
1780 3291 1929 3345 Hunc
1954 3305 2082 3360 ergo

499 3387 751 3456 pepulum
797 3386 936 3441 male
977 3386 1238 3441 viventem
1266 3384 1399 3443 dixit
1430 3385 1671 3452 plagam,
1698 3397 1805 3452 qua
1830 3396 1923 3437 cor
1953 3381 2081 3450 justi

496 3478 728 3548 graviter
755 3477 1080 3541 ctcdebatur,
1113 3477 1226 3530 sive
1256 3475 1357 3529 hoc
1382 3474 1448 3528 de
1478 3489 1535 3528 se
1566 3474 1678 3541 ipso
1708 3472 1943 3538 diceret,
1971 3472 2082 3526 sive

498 3571 551 3622 in
574 3584 632 3624 se
656 3569 771 3638 ipso
794 3567 1046 3637 ﬁguraret
1069 3582 1187 3636 qua:
1210 3566 1381 3619 futura
1406 3564 1676 3619 cernebat.
1702 3563 1790 3618 Sic
1810 3563 1951 3618 enim
1974 3563 2079 3617 ait:

500 3659 733 3724 Domine,
758 3674 946 3713 memor
964 3667 1067 3711 esto
1092 3671 1207 3717 met,
1233 3663 1278 3709 et
1306 3655 1450 3709 visita
1478 3671 1574 3721 me,
1602 3664 1649 3708 et
1673 3654 1982 3708 innocentem
2008 3670 2085 3707 me

499 3759 581 3823 [ac
605 3753 665 3805 ab
691 3751 1048 3805 iusectantibus
1077 3765 1154 3802 me
1180 3765 1279 3801 non
1305 3748 1361 3801 iu
1382 3747 1760 3817 longanimitate
1782 3761 1800 3798 :
1820 3746 1942 3799 scito
1962 3762 2085 3814 quo-

499 3845 646 3899 modo
674 3845 947 3912 acceperim
978 3843 1041 3897 de
1070 3850 1116 3896 le
1144 3841 1504 3911 improperium
1534 3840 1595 3895 ab
1624 3840 1701 3893 his
1728 3840 1814 3909 qui
1841 3847 2085 3909 spernunt

496 3955 748 3992 sermones
788 3947 917 3990 tuos.
960 3934 1266 3990 Consumma
1301 3933 1415 3987 illos
1445 3947 1463 3986 :
1493 3941 1539 3986 et
1577 3932 1669 3985 erit
1706 3930 1905 3984 verbum
1944 3939 2085 3983 tuum

499 4031 623 4083 mihi
654 4032 708 4083 in
742 4028 1115 4100 jucunditatem
1143 4036 1189 4079 et
1217 4024 1458 4097 gaudium
1491 4024 1660 4077 cordis
1688 4023 1817 4084 mei,
1849 4022 2084 4091 quoniam

497 4132 726 4175 vocatum
761 4130 832 4174 est
869 4135 1049 4173 nomen
1086 4127 1227 4170 tuum
1262 4117 1314 4169 in
1352 4130 1463 4177 me,
1503 4113 1716 4166 Domine
1749 4113 2082 4182 omnipotens.

505 4211 620 4265 Non
652 4211 765 4264 sedi
786 4212 838 4263 in
867 4208 1078 4263 concilio
1104 4223 1274 4261 eorum
1302 4192 1651 4272 laudantium,
1678 4205 1765 4258 sed
1795 4204 2023 4258 timebam
2054 4221 2085 4257 a

502 4303 628 4370 faeie
658 4317 835 4353 manus
858 4308 955 4353 tute
976 4315 993 4352 :
1014 4297 1336 4367 singulariter
1361 4296 1609 4359 sedebam,
1639 4294 1874 4364 quoniam
1898 4295 2086 4348 amari-

502 4392 674 4443 tudine
700 4390 917 4458 repletus
940 4404 1071 4442 sum.
1103 4384 1292 4456 Uiquid
1320 4387 1402 4456 qui
1436 4403 1513 4440 me
1538 4386 1832 4441 contristant
1851 4426 1864 4447 ,
1894 4401 2087 4454 prava-

502 4485 601 4534 Icnt
629 4482 680 4534 in
710 4480 820 4534 me?
849 4478 1011 4550 Plaga
1036 4494 1147 4533 mea
1173 4478 1340 4533 ualida
1366 4487 1458 4543 est,
1489 4478 1620 4531 unde
1642 4475 1897 4532 sanaber?
1930 4476 2088 4529 Facta

502 4584 573 4625 est
603 4574 723 4626 mihi
749 4580 801 4626 ut
827 4588 956 4640 aqua
983 4571 1220 4637 mendax,
1250 4586 1364 4641 qua:
1391 4587 1490 4625 non
1516 4571 1659 4623 habet
1687 4568 1838 4636 ﬁdem
1865 4566 2082 4637 (Jerem.

505 4681 599 4726 xv.
632 4663 840 4734 lii-l8).
874 4662 931 4717 ln
960 4663 1040 4717 his
1066 4663 1311 4717 omnibus
1338 4661 1546 4716 videtur
1567 4660 1691 4730 quid
1718 4660 1979 4729 Propheta
2008 4660 2089 4714 in—

505 4754 667 4826 telligi
698 4755 941 4820 voluerit,
970 4754 1062 4809 sed
1092 4754 1299 4809 videtur
1329 4753 1397 4807 ab
1424 4755 1500 4807 eis
1526 4753 1613 4823 qui
1646 4768 1749 4806 non
1778 4753 1843 4805 ad
1873 4768 2085 4806 causam

504 4865 654 4903 suam
692 4864 993 4919 perversam
1021 4848 1203 4902 volunt
1231 4855 1531 4916 pervertere
1557 4847 1696 4916 quod
1734 4846 1933 4915 legunt.
1966 4846 2086 4900 Pla.

502 4958 620 5012 gain
660 4941 801 4998 enim
844 4956 996 4996 suam
1037 4940 1170 4995 dixit
1215 4938 1475 4994 Jcremias
1518 4936 1707 4992 tactam
1755 4938 1855 4993 sibi
1898 4953 2087 5007 aquam

503 5033 812 5088 mendacem
833 5074 847 5097 ,
875 5048 993 5102 qua:
1035 5046 1140 5085 non
1180 5028 1341 5083 habet
1377 5028 1533 5083 tidem
1564 5046 1576 5079 :
1604 5043 1697 5083 eos
1722 5037 1896 5081 autem
1922 5026 2090 5081 voluit

501 5123 721 5193 intelligi
750 5123 952 5192 plagam
985 5135 1157 5185 suam,
1182 5120 1265 5190 qni
1294 5136 1414 5173 cum
1444 5118 1826 5174 contristabant
1853 5119 1989 5172 male
2014 5119 2092 5171 vi-

501 5214 693 5268 vendo.
725 5213 875 5269 Unde
901 5212 1031 5267 dicit
1066 5221 1119 5267 et
1157 5211 1441 5282 Apostolus
1474 5228 1486 5264 :
1520 5210 1671 5264 Foris
1708 5226 1919 5280 pugnat,
1956 5211 2093 5264 intus

502 5308 707 5362 timores
732 5306 796 5377 (ΙΙ
825 5305 941 5361 Cor.
976 5320 1068 5369 VII,
1099 5305 1151 5376 5)
1177 5323 1189 5371 ;
1224 5315 1276 5361 et
1307 5306 1523 5369 iterum,
1553 5304 1677 5369 Quis
1704 5304 2009 5371 inﬁrmatur,
2042 5315 2089 5356 et

500 5417 590 5469 ego
620 5416 720 5453 non
747 5396 1016 5464 inﬁrmor?
1040 5407 1082 5451 et
1108 5400 1220 5466 quis
1240 5396 1640 5460 scandalizatur,
1661 5404 1704 5450 et
1725 5411 1814 5465 ego
1841 5411 1941 5448 non
1970 5411 2089 5447 uror

502 5499 514 5556 t
544 5489 624 5544 Id.
658 5507 708 5545 XI
731 5531 744 5555 ,
775 5488 918 5559 29)?
948 5489 1013 5543 Et
1042 5488 1162 5558 quia
1195 5488 1511 5557 desperabat
1540 5504 1633 5542 eos
1673 5501 1828 5556 posse
1864 5486 2051 5551 corrigi
2071 5525 2087 5549 ,

501 5591 776 5651 propterea
809 5580 973 5647 dixit,
1007 5579 1155 5635 Unde
1181 5580 1437 5634 sanabor?
1465 5588 1709 5649 tanquam
1752 5592 1961 5647 semper
1992 5577 2085 5629 ha-

503 5671 706 5723 biturus
731 5672 990 5738 dolorem,
1018 5671 1266 5742 (piamdiu
1294 5672 1367 5725 illi
1397 5672 1530 5725 tales
1559 5678 1758 5735 essent,
1793 5671 1927 5725 inter
1954 5683 2088 5739 quos

500 5773 521 5805 ι
539 5759 680 5811 ivcre
701 5773 994 5828 cogeretur.
1026 5762 1282 5830 Pupulum
1311 5771 1484 5813 autem
1513 5762 1721 5817 nomine
1744 5777 1891 5832 aquze
1915 5760 2087 5814 solere

566 5889 580 5917 ⁸
600 5888 965 5949 cygirannensis
988 5900 1127 5942 vetus
1150 5891 1323 5953 codex,
1354 5904 1445 5941 ros.

1327 437 1597 494 CONTRA
1642 432 1976 491 LITTERAS
2023 430 2382 500 PETIUANI,
2426 436 2485 491 S.
2527 437 2895 493 AUGUSTINI

2130 2350 2138 2539 i

3653 446 3755 501 3'20

2177 550 2480 618 signiﬁcari,
2511 553 2559 606 in
2584 554 2900 625 Apocalypsi
2928 554 3312 619 manifestatur,
3340 558 3425 611 ubi
3451 573 3613 627 aquas
3634 565 3761 615 ntul-

2176 655 2257 695 tas
2297 645 2517 712 populos
2556 646 2749 700 multos
2786 661 2889 700 non
2920 647 3225 716 conjectura
3257 658 3436 704 nostra
3463 653 3499 717 ⁸,
3533 653 3626 706 sed
3660 654 3761 709 illic

2175 733 2397 788 enodata
2424 735 2859 805 interpretatione
2883 741 3254 807 cognoscimus
3279 742 3460 810 (Apoc.
3488 759 3623 808 xvu;
3650 747 3761 808 t5).

2173 823 2291 879 Noli
2321 841 2450 895 ergo
2477 842 2571 896 per
2596 843 2814 897 pravum
2843 829 3165 885 interiectum
3194 832 3273 886 vel
3307 833 3478 901 potius
3501 850 3763 897 errorem.

2176 913 2544 984 blasphemare
2572 928 2962 973 sacramentum
3007 916 3255 990 Baptismi
3278 963 3291 984 ,
3324 924 3533 978 etiamsi
3572 926 3623 979 in
3666 926 3759 978 ho-

2176 1006 2318 1059 mine
2340 1006 2695 1075 perditissimo
2721 1008 2873 1063 fuerit
2899 1027 2912 1062 :
2936 1010 3058 1079 quia
3081 1022 3177 1064 nec
3202 1011 3251 1064 in
3273 1012 3489 1067 Simone
3510 1016 3763 1071 mendace

2173 1111 2308 1166 aqua
2336 1098 2561 1152 mendax
2585 1109 2700 1152 erat
2726 1099 2990 1168 ltaptisma
3018 1101 3159 1170 quod
3182 1113 3461 1171 acceperat
3485 1104 3618 1173 (Act.
3646 1122 3759 1171 vm,

2178 1189 2289 1255 l3).
2319 1205 2417 1244 nec
2443 1199 2520 1244 tot
2555 1191 2838 1246 mendaces
2866 1194 3028 1247 vestri
3057 1210 3247 1263 aquam
3277 1195 3586 1251 mendacem
3615 1196 3761 1263 dam,

2176 1296 2295 1335 cum
2320 1283 2582 1351 baptizant
2604 1283 2653 1337 in
2680 1286 2894 1338 uomitu:
2914 1284 3206 1341 Trinitatis.
3236 1286 3346 1341 Nec
3367 1289 3509 1341 enim
3532 1297 3659 1344 tunc
3680 1291 3759 1343 in-

2175 1373 2376 1443 cipiunt
2405 1387 2525 1428 esse
2550 1374 2865 1439 mendaciis,
2894 1377 3105 1446 quando
3132 1378 3325 1446 proditi
3353 1387 3513 1449 atque
3539 1382 3759 1435 convicti

2177 1479 2268 1517 sua
2300 1463 2533 1518 facinora
2561 1466 2879 1521 conﬁtentur
2911 1485 2922 1520 :
2956 1466 3056 1522 sed
3082 1470 3255 1537 potius
3286 1480 3412 1525 tunc
3437 1483 3589 1527 erant
3617 1488 3761 1528 men-

2177 1554 2355 1620 daces,
2383 1556 2594 1624 quando
2613 1572 2733 1610 cum
2757 1567 2941 1612 essent
2967 1559 3201 1614 adulteri
3218 1569 3274 1616 et
3294 1562 3562 1629 scelerati,
3585 1574 3763 1618 castos

2178 1656 2232 1700 et
2261 1647 2568 1701 innocentes
2600 1662 2658 1703 se
2686 1662 2807 1704 esse
2836 1648 3121 1720 ﬁngebant.

2247 1738 2470 1793 CAPUT
2492 1738 2619 1793 Clll.
2645 1764 2715 1779 -κ
2737 1740 2862 1795 256.
2894 1741 3076 1796 Ρετιι..
3097 1742 3262 1798 dixit:
3287 1744 3428 1798 Dixit
3446 1761 3642 1815 quoque
3662 1744 3761 1800 Da-

2178 1829 2262 1882 vid
2274 1849 2324 1886 τι
2357 1830 2537 1884 Oleum
2559 1833 2832 1899 peccatoris
2851 1849 2953 1886 non
2974 1842 3156 1903 anguet
3177 1844 3328 1905 caput
3349 1852 3532 1889 meum.
3560 1856 3581 1889 ι
3610 1836 3761 1902 Quem

2178 1920 2332 1989 igitur
2358 1923 2535 1975 asserit
2552 1925 2895 1991 peccatorem?
2921 1922 3008 1977 Me
3031 1926 3115 1994 qui
3146 1936 3234 1979 tua
3266 1927 3456 1980 scelera
3484 1928 3669 1998 patior,
3699 1946 3763 1982 an

2180 2021 2227 2064 te
2251 2013 2335 2079 qui
2362 2014 2670 2081 persequeris
2695 2014 3005 2068 innocentem
3020 2016 3046 2068 ?

2248 2102 2373 2157 257.
2404 2104 2540 2158 Aea.
2575 2105 2848 2174 respondit
2876 2124 2891 2160 ;
2924 2106 3001 2160 Ex
3031 2121 3252 2176 persona
3278 2110 3520 2179 corporis
3544 2109 3758 2174 Christi,

2130 2216 2133 2241 ε
2179 2209 2299 2263 qum
2324 2202 2407 2249 est
2435 2195 2669 2250 Ecclesia
2700 2196 2794 2251 Dei
2823 2196 2964 2263 vivi,
2995 2199 3240 2252 columna
3281 2209 3335 2254 et
3375 2200 3761 2256 ﬁrmamentum

2132 2294 2137 2362 ti
2180 2287 2441 2353 veritatis,
2469 2295 2580 2342 toto
2609 2296 2867 2342 terrarum
2894 2289 3025 2343 orbe
3047 2288 3260 2355 ditiusa,
3286 2300 3508 2361 propter
3532 2292 3766 2362 Evange-

2182 2378 2312 2434 lium
2336 2379 2481 2450 quod
2509 2380 2855 2448 praedicatur,
2885 2381 3021 2435 sicut
3047 2382 3174 2436 dicit
3199 2383 3489 2450 Apostolus
3508 2422 3521 2447 ,
3550 2385 3605 2437 in
3632 2385 3771 2437 omni

2180 2480 2412 2523 creatura
2436 2487 2549 2540 qua
2573 2470 2662 2524 sub
2692 2472 2815 2525 caelo
2850 2482 2920 2526 est
2947 2471 3166 2542 (Coloss.
3199 2489 3236 2537 ι,
3266 2472 3367 2542 εδ)
3398 2490 3410 2526 :
3439 2488 3507 2528 es
3543 2489 3766 2543 persona

2182 2564 2328 2617 orbis
2357 2572 2538 2629 terra),
2568 2564 2635 2617 de
2660 2578 2765 2633 quo
2791 2564 2929 2618 idem
2960 2563 3148 2629 David,
3182 2564 3331 2633 cujus
3360 2566 3517 2620 verba
3549 2581 3658 2620 non
3688 2566 3767 2620 in-

2185 2657 2397 2726 telligis,
2420 2656 2547 2709 dicit
2565 2656 2919 2724 :Conﬁrmavit
2944 2655 3109 2709 orbem
3130 2665 3296 2721 terra',
3318 2657 3401 2727 qui
3427 2674 3525 2709 non
3550 2673 3772 2709 commo-

2183 2751 2375 2803 vebitur
2406 2748 2587 2819 (Psal.
2620 2760 2726 2803 xcu
2746 2788 2763 2815 ,
2793 2749 2847 2818 1)
2871 2764 2885 2811 ;
2913 2762 3071 2817 quem
3110 2755 3163 2801 tu
3193 2748 3423 2816 pereatis
3448 2747 3635 2802 alienis
3666 2763 3774 2802 non

2183 2846 2510 2895 commotum
2542 2854 2693 2902 esse,
2724 2841 2816 2893 sed
2851 2838 3072 2892 omnino
3110 2839 3331 2908 periisse
3356 2838 3633 2893 contendis
3666 2856 3681 2892 :
3707 2854 3774 2891 ex

2187 2933 2327 2986 illius
2350 2946 2478 3001 ergo
2504 2946 2730 3000 persona
2754 2930 3073 3000 respondeo,
3103 2931 3214 3001 Ego
3241 2946 3346 2984 non
3375 2945 3667 3000 persequor
3697 2931 3795 2984 inm

2185 3033 2486 3079 nocentem.
2532 3024 2696 3077 David
2734 3032 2943 3087 autem,
2973 3023 3139 3077 oleam
3168 3023 3443 3091 peccatoris
3472 3021 3602 3075 dixit
3629 3038 3642 3074 :
3668 3037 3781 3075 non

2184 3117 2335 3181 dixit,
2366 3114 2664 3179 traditoris;
2697 3128 2824 3180 non,
2858 3114 3268 3178 thurilicatoris;
3300 3130 3425 3177 non,
3463 3124 3775 3183 persecuto-

2186 3213 2292 3277 ris;
2320 3209 2412 3265 sed
2432 3252 2447 3275 ,
2481 3210 2775 3280 peccatoris.
2806 3208 2941 3276 Quid
2973 3224 3099 3278 ergo
3129 3208 3362 3262 facturus
3388 3223 3446 3261 es
3480 3207 3781 3261 secundum

2189 3303 2509 3357 intellectum
2546 3300 2734 3354 tuum?
2769 3300 2899 3355 Vide
2935 3301 3191 3369 primum,
3225 3307 3397 3352 utrum
3426 3313 3532 3351 non
3558 3300 3634 3353 sis
3665 3299 3780 3367 ipse

2188 3403 2452 3463 peccator.
2484 3392 2615 3445 Nolo
2640 3390 2765 3445 mihi
2790 3391 2953 3451 dicas,
2978 3390 3090 3443 Non
3114 3405 3230 3443 sum
3258 3389 3500 3451 traditor,
3529 3404 3633 3442 non
3661 3404 3778 3442 sum

2190 3485 2538 3549 niurilicator,
2569 3498 2671 3537 non
2698 3497 2815 3536 sum
2850 3489 3174 3551 persecutor.
3206 3481 3313 3535 Nec
3340 3496 3440 3549 ego
3464 3481 3687 3545 quidem
3734 3482 3779 3529 si

2190 3575 2417 3630 Domino
2447 3575 2644 3643 placet,
2673 3572 2868 3641 aliquid
2911 3572 3096 3623 horum
3135 3585 3291 3634 sum;
3318 3584 3416 3624 nec
3442 3584 3592 3625 ortus
3621 3586 3785 3627 term

2186 3671 2276 3739 qui
2306 3684 2408 3722 non
2437 3663 2875 3722 commovebitur.
2905 3662 3008 3717 Sed
3036 3664 3121 3716 dic
3141 3702 3155 3728 ,
3189 3663 3232 3716 si
3267 3662 3459 3727 audes,
3497 3663 3618 3716 Non
3665 3680 3782 3717 sum

2192 3772 2455 3831 peccator.
2486 3759 2576 3814 Ille
2608 3758 2802 3827 quippe
2839 3754 2937 3819 ait,
2969 3756 3133 3809 oleum
3173 3755 3466 3825 peccatoris.
3507 3755 3784 3827 Quidquid

2189 3857 2330 3911 enim
2372 3855 2422 3908 in
2462 3863 2514 3906 te
2557 3850 2643 3905 vel
2682 3851 2814 3905 levis
2852 3849 3047 3919 peccati
3091 3848 3248 3903 fuerit
3291 3850 3592 3910 inventum.
3642 3851 3785 3904 unde

2190 3946 2428 4001 ostendis
2457 3961 2560 3998 non
2590 3944 2859 4014 pertinere
2878 3943 2899 3973 '
2925 3942 2989 3995 ad
3018 3941 3067 3994 id
3093 3940 3233 4009 quod
3261 3939 3460 3995 dictum
3484 3950 3586 4005 est,
3610 3942 3785 3995 oleum

2192 4037 2503 4107 peccatoris?
2526 4035 2719 4101 Quaero
2744 4034 2887 4089 enim
2917 4041 3090 4086 utrum
3120 4045 3243 4086 ores
3275 4031 3523 4085 oratione
3544 4030 3783 4085 domini-

2188 4130 2286 4184 ca?
2309 4128 2362 4183 Si
2390 4128 2530 4181 enim
2558 4139 2661 4179 non
2687 4140 2812 4179 oras
2834 4142 2895 4177 ea
2926 4124 3189 4185 oratione,
3211 4136 3311 4190 qua
3342 4121 3596 4174 Dominus
3624 4135 3787 4175 orare

2191 4220 2482 4291 discipulos
2510 4218 2717 4280 docuit,
2751 4216 2889 4270 unde
2917 4215 3074 4269 aliam
3104 4213 3331 4268 didicisti
3364 4223 3458 4282 pro
3486 4212 3788 4280 majoribus

2192 4314 2396 4369 meritis
2424 4312 2529 4365 tuis
2556 4308 2901 4364 excedentem
2939 4306 3125 4360 merita
3162 4304 3571 4374 Apostolorum?
3595 4304 3651 4358 Si
3683 4319 3787 4357 au-

2194 4415 2298 4460 tem
2320 4405 2397 4458 sic
2417 4418 2558 4463 oras,
2582 4410 2639 4453 ut
2664 4400 2750 4453 ille
2772 4399 3022 4468 magister
3043 4397 3238 4451 docere
3258 4396 3500 4466 dignatus
3522 4405 3623 4459 est,
3650 4412 3785 4464 quo-

2194 4498 2353 4553 ntodo
2379 4496 2531 4560 dicis,
2562 4493 2766 4546 Dimitte
2789 4492 2930 4545 nobis
2954 4490 3119 4543 debita
3146 4499 3336 4553 nostra,
3360 4489 3489 4542 sicut
3514 4499 3562 4540 et
3585 4505 3681 4542 nos
3705 4488 3786 4539 di-

2193 4591 2434 4643 mittimus
2464 4584 2765 4639 debitoribus
2796 4582 3015 4636 nostris?
3040 4580 3223 4650 Neque
3247 4580 3390 4634 enim
3415 4579 3482 4633 de
3514 4579 3617 4631 illis
3657 4594 3787 4646 pec-

2194 4682 2325 4737 catis
2373 4681 2474 4733 hoc
2515 4678 2771 4749 petimus,
2809 4689 2926 4743 qua:
2970 4672 3124 4726 nobis
3161 4672 3212 4725 in
3261 4670 3529 4739 Baptismo
3561 4669 3786 4722 dimissa

2194 4782 2335 4828 sunt.
2371 4771 2511 4841 Ergo
2542 4769 2641 4823 ista
2673 4766 2829 4821 verba
2856 4761 3111 4818 orationis
3139 4771 3233 4816 aut
3257 4776 3362 4815 non
3390 4770 3441 4815 te
3473 4760 3792 4829 permittunt

2195 4878 2313 4918 esse
2337 4863 2428 4916 Dei
2451 4862 2871 4929 deprecatorem,
2893 4865 2983 4907 aut
3001 4853 3244 4923 aperiunt
3264 4860 3625 4923 peccatorem.
3651 4850 3787 4903 Eant

2196 4968 2357 5018 nunc,
2383 4964 2433 5006 et
2454 4950 2759 5006 osculentur
2780 4947 2872 5001 tibi
2892 4955 3046 5014 caput
3068 4944 3157 5013 qui
3179 4942 3273 4997 abs
3296 4952 3347 4997 te
3370 4942 3616 5009 baptizali
3639 4954 3787 5005 sunt,

2196 5059 2420 5116 quorum
2441 5042 2611 5111 capita
2633 5039 2752 5094 oleo
2774 5046 2864 5092 tuo
2887 5036 3175 5104 perierunt.
3199 5033 3300 5088 Sed
3326 5042 3379 5087 tu
3401 5033 3519 5087 vide
3540 5032 3665 5102 quid
3689 5034 3789 5095 sis,

2198 5137 2277 5191 vel
2309 5134 2433 5206 quid
2458 5133 2526 5188 de
2553 5141 2605 5186 te
2633 5129 2849 5184 sentias.
2882 5127 3026 5181 Itane
3054 5138 3181 5180 vero
3207 5122 3430 5193 Optatos
3448 5162 3463 5187 ,
3493 5138 3652 5191 quem
3684 5122 3780 5176 Pa~

2196 5228 2315 5301 gani
2336 5267 2353 5292 ,
2383 5223 2551 5281 Judsci
2571 5265 2587 5290 ,
2615 5218 2936 5283 Christiani,
2969 5217 3133 5271 nostri
3155 5255 3169 5282 ,
3199 5215 3359 5269 vestri
3380 5256 3393 5279 ,
3428 5227 3524 5282 per
3551 5211 3791 5267 Africam

2199 5330 2358 5376 totam
2377 5358 2391 5382 ,
2424 5316 2593 5371 furem
2611 5354 2629 5379 ,
2657 5321 2923 5381 raptorem
2945 5350 2958 5372 ,
2990 5307 3311 5377 proditorem
3331 5346 3346 5371 ,
3376 5318 3753 5374 oppressorem
3778 5342 3790 5359 ,

2197 5419 2556 5478 scparatorem
2577 5446 2591 5469 ,
2622 5414 2674 5457 et
2702 5402 2843 5456 illius
2872 5399 2945 5469 (α)
2976 5413 3132 5467 quem
3163 5395 3374 5465 quidam
3406 5402 3638 5448 vestrum
3672 5392 3794 5459 ejus

2196 5507 2327 5561 dixit
2353 5502 2614 5557 Comitem
2646 5499 2831 5561 Deum,
2857 5509 2958 5547 non
2985 5492 3239 5557 amicum,
3261 5504 3362 5542 non
3390 5487 3665 5550 clientem,
3692 5482 3793 5539 sed

2263 5645 2275 5676 ι
2302 5645 2374 5692 sic
2395 5649 2499 5690 Mss.
2529 5646 2584 5689 At
2606 5637 2740 5694 editi,
2765 5640 2936 5685 vestra.
3014 5694 3023 5697 _
3462 5689 3487 5697 ν.

2262 5708 2280 5742 ³
2304 5682 2373 5754 ii."
2393 5682 2588 5752 (efﬁngi;
2610 5682 2744 5750 linit;
2772 5682 3077 5763 iratisposita
3115 5697 3330 5755 negante
3350 5683 3601 5763 maeniana
3615 5682 3791 5763 lege-

2196 5746 2355 5817 mth
2382 5746 2871 5813 unde—imapatruelis
2906 5746 3158 5819 pertinere.
3183 5746 3502 5802 Etnetnltintur
3525 5746 3583 5796 ad
3615 5759 3797 5795 manu-

2197 5832 2415 5890 SCt‘lj‘ilOS.
2444 5888 2450 5890 ἓ
2524 5888 2529 5890 Δ
3192 5838 3193 5841 “

2264 5888 2333 5951 (ἁ)
2357 5888 2575 5935 tlilxlonis.
