4024 6196
300 376 395 434 3M

301 487 576 542 sntellitem
605 487 870 552 clamant,
900 502 1006 542 non
1034 486 1130 542 fuit
1157 487 1238 543 vel
1267 487 1666 557 qualiscumque
1697 501 1882 556 pecca-

302 579 418 634 tor?
446 577 582 647 Quid
609 593 738 650 ergo
766 578 991 646 facient,
1020 579 1212 650 quibus
1246 579 1396 635 unxit
1426 580 1598 649 capita
1628 593 1753 634 reus
1777 578 1884 632 cri-

300 672 456 728 minis
473 671 752 743 capitalis?
773 669 959 732 Nonne
981 681 1035 726 et
1061 672 1159 741 ipsi
1187 671 1338 728 vobis
1359 671 1533 740 capita
1559 670 1883 734 osculantur,

296 763 363 816 de
389 779 612 834 quorum
644 763 906 832 capitibus
933 777 1026 833 per
1054 763 1194 820 hune
1219 762 1548 821 intellectum
1571 764 1586 795 ⁸
1617 772 1722 819 tam
1750 763 1887 817 male

295 853 572 926 indicatis?
595 854 796 910 Saltem
842 855 1050 926 prodite
1074 855 1216 922 illos,
1237 867 1292 911 et
1315 855 1598 912 admonete
1619 865 1678 910 ut
1696 870 1888 910 sanen-

299 957 400 999 tur.
428 946 512 1002 An
538 945 686 1002 vobis
712 945 887 1016 potius
911 957 1068 1017 caput
1093 946 1388 1002 sanandum
1414 957 1495 1004 est
1523 947 1592 1002 ita
1609 947 1890 1003 deliranti-

299 1037 438 1094 bus?
463 1037 601 1106 Quid
629 1053 780 1109 ergo,
807 1039 1036 1109 inquies,
1059 1039 1190 1096 dixit
1214 1039 1376 1095 Davld
1396 1039 1420 1094 ἲ
1444 1040 1580 1106 Quid
1608 1055 1696 1094 me
1727 1040 1889 1094 interm

295 1127 488 1198 rogas?
516 1127 690 1197 Ipsum
723 1128 988 1198 interroga
1013 1146 1026 1195 ;
1057 1131 1333 1200 superiore
1359 1145 1516 1185 versu
1541 1129 1633 1184 tibi
1666 1145 1887 1198 reSpon~

292 1218 382 1272 det
411 1236 424 1272 :
459 1217 794 1284 Emendabit,
829 1220 1032 1290 inquit,
1058 1238 1134 1275 me
1152 1223 1325 1293 justus
1353 1223 1408 1276 in
1433 1222 1777 1276 misericordia
1795 1263 1812 1287 ,
1840 1233 1888 1276 et

290 1319 468 1380 arguet
499 1325 612 1374 me;
636 1311 802 1364 oleum
825 1321 992 1366 autem
1017 1313 1294 1382 peccatoris
1320 1329 1420 1366 non
1445 1312 1778 1383 impinguabit
1799 1330 1886 1366 ca-

293 1412 381 1470 put
401 1419 568 1456 meum
590 1402 758 1476 (Psal.
786 1419 914 1471 an,
937 1405 1014 1475 5).
1038 1405 1172 1473 Quid
1194 1407 1442 1477 planius?
1463 1406 1598 1472 Quid
1617 1405 1888 1474 apertius?

291 1491 504 1559 Malim,
541 1495 746 1565 inquit,
785 1512 872 1550 me
910 1497 1246 1562 misericordi
1274 1498 1644 1568 objurgatione
1671 1498 1884 1562 sanari,

291 1600 448 1654 quam
478 1587 668 1642 blanda
694 1586 998 1644 adulatione
1025 1598 1272 1660 tanquam
1302 1590 1433 1644 mihi
1457 1602 1614 1660 caput
1639 1600 1883 1661 ungatur,

289 1676 463 1748 decipi
491 1688 648 1748 atque
676 1680 929 1748 perverti.
969 1679 1081 1736 Sub
1117 1681 1236 1737 aliis
1268 1683 1446 1738 verbis
1481 1684 1592 1752 ipsa
1623 1685 1885 1740 sententia

291 1776 372 1822 est
411 1768 538 1823 alibi
576 1768 972 1839 Scripturarum
1003 1789 1017 1827 :
1048 1770 1281 1827 Meliora'
1302 1783 1419 1826 sunt
1455 1774 1664 1827 vulnera
1699 1775 1883 1841 amici,

285 1875 441 1927 quam
471 1860 751 1915 voluntaria
778 1861 953 1917 oscula
982 1863 1171 1918 inimici
1205 1861 1384 1934 (Prov.
1415 1880 1484 1918 xx
1496 1880 1588 1930 vn,
1615 1863 1697 1934 6).

359 1949 591 2008 CAPUT
611 1952 746 2008 CIV.
768 1980 841 1994 ---
859 1952 988 2008 ἣδε.
1017 1953 1200 2010 Ρετιι.
1226 1955 1358 2010 dixit
1386 1972 1398 2008 :
1426 1952 1746 2026 Unguentum
1772 1972 1885 2010 vero

287 2044 576 2100 concordia:
599 2045 672 2100 sic
701 2046 755 2099 in
781 2045 1021 2116 fratribus
1048 2047 1223 2100 laudnt
1253 2063 1272 2101 :
1303 2066 1322 2101 ι
1362 2047 1494 2101 Ecce
1519 2064 1670 2118 quam
1700 2048 1884 2103 bonum

287 2143 334 2184 et
359 2150 512 2204 quam
529 2135 840 2204 jucundum,
872 2137 1099 2192 habitare
1123 2146 1307 2210 fratres
1331 2139 1382 2192 in
1413 2155 1590 2193 unum.
1624 2138 1884 2209 Tanquam

284 2236 598 2298 unguentum
625 2228 676 2282 in
701 2230 886 2299 capite,
911 2230 1047 2298 quod
1071 2231 1322 2285 descendit
1350 2232 1406 2286 in
1427 2231 1654 2297 barbam,
1679 2232 1884 2288 barbam

282 2315 481 2378 Aaron,
503 2318 638 2387 quod
657 2318 914 2374 descendit
938 2322 988 2375 in
1010 2337 1152 2375 oram
1171 2322 1451 2376 vestimenti
1470 2323 1580 2393 ejus
1609 2338 1629 2377 :
1649 2324 1776 2382 sicut
1800 2340 1884 2378 ros

289 2404 548 2472 Ilermon,
587 2410 675 2479 qui
712 2411 966 2464 descendit
1004 2412 1055 2466 in
1090 2421 1312 2466 montem
1343 2413 1493 2468 Sion.
1531 2413 1782 2478 Quoniam
1816 2413 1885 2468 ibi

281 2498 549 2551 mandavit
579 2499 825 2554 Dominus
851 2500 1262 2569 benedictionem,
1285 2513 1331 2558 et
1352 2505 1505 2558 vitam
1534 2522 1687 2575 usque
1711 2506 1765 2560 in
1787 2523 1883 2561 sieo

274 2584 464 2640 culum
493 2606 510 2639 ι
542 2587 714 2659 (Psul.
740 2591 968 2661 cxxxn).
1001 2591 1109 2660 Sic,
1139 2594 1319 2662 inquit,
1343 2595 1548 2664 ungitur
1572 2595 1760 2661 unitas,
1785 2596 1884 2649 sic.

278 2685 338 2728 ut
371 2679 512 2730 uncti
541 2687 658 2733 sunt
684 2680 989 2736 sacerdotes.

349 2767 483 2824 9.39.
511 2770 642 2825 Ave.
667 2769 978 2842 respondit:
1003 2773 1200 2829 Verum
1223 2774 1377 2830 dicis.
1396 2774 1530 2830 Nam
1554 2773 1681 2831 illud
1703 2791 1882 2832 sacer-

279 2859 492 2914 dotium
521 2860 572 2914 in
602 2862 766 2932 figura
791 2866 1031 2934 corporis
1056 2863 1254 2920 Christi
1284 2864 1514 2922 habebat
1541 2867 1842 2922 unctionem
1861 2909 1880 2936 ,

283 2950 431 3020 quod
458 2951 674 3008 unitatis
698 2967 955 3024 compage
982 2954 1041 3008 fit
1070 2955 1296 3011 salvum.
1325 2953 1458 3011 Nam
1498 2966 1554 3012 et
1587 2958 1698 3026 ipse
1725 2957 1881 3013 Clario

282 3050 399 3096 stus
424 3057 456 3098 a
481 3043 768 3100 chrismate
792 3046 1106 3114 appellatur,
1131 3046 1182 3100 id
1209 3056 1313 3112 est,
1341 3049 1408 3103 ab
1431 3048 1701 3103 unctione.
1729 3049 1881 3104 llnne

284 3126 499 3186 lit-brari
525 3131 702 3189 dicunt
735 3135 1010 3204 Messium,
1039 3135 1180 3208 quod
1208 3137 1425 3193 verbum
1455 3139 1662 3208 punica:
1692 3140 1882 3210 linguae

283 3236 582 3277 consonum
622 3234 738 3291 est,
783 3225 921 3281 sicut
961 3227 1063 3281 alia
1104 3227 1313 3282 ltebrtea
1357 3230 1616 3298 permulta
1655 3238 1709 3284 et
1747 3246 1882 3299 pene

285 3313 467 3368 omnia
492 3313 590 3385 (αὶ.
613 3315 746 3383 Quid
770 3326 1001 3386 estergo
1031 3317 1083 3372 in
1103 3318 1202 3380 illo
1228 3319 1524 3374 sacerdotio
1550 3327 1726 3389 caput,
1755 3319 1880 3390 quid

286 3404 468 3468 barba,
501 3405 625 3475 quid
653 3421 743 3460 ora
771 3408 1110 3464 vestimenti?
1136 3408 1404 3476 Quantum
1431 3409 1595 3464 donat
1625 3410 1879 3465 Dominus

284 3507 340 3549 ut
367 3497 684 3568 intelligam,
708 3509 867 3569 caput
893 3510 974 3556 est
1000 3501 1112 3572 ipse
1136 3501 1379 3557 Salvator
1400 3505 1660 3572 corporis,
1683 3503 1749 3559 de
1773 3519 1879 3574 quo

284 3591 324 3640 Α
335 3588 575 3658 postolns
594 3589 721 3644 dicit
747 3609 758 3644 :
783 3581 850 3644 Et
872 3592 978 3662 ipse
996 3603 1068 3646 est
1089 3603 1240 3662 caput
1261 3595 1486 3664 corporis
1511 3594 1748 3650 Ecclesia:
1767 3595 1880 3668 (Co-

286 3681 404 3734 loss.
432 3696 470 3746 ι,
498 3675 610 3752 18).
635 3682 736 3737 Per
757 3681 973 3740 barbam
999 3700 1103 3739 non
1133 3685 1420 3756 incongrue
1449 3687 1701 3742 fortitudo
1724 3688 1878 3743 intel-

286 3769 487 3840 ligitur.
522 3773 660 3842 Ergo
684 3771 749 3828 ad
777 3789 871 3829 eos
899 3775 987 3844 qui
1027 3785 1150 3830 sunt
1180 3775 1344 3831 fortes
1372 3777 1422 3829 in
1455 3777 1694 3831 Ecclesia
1724 3778 1840 3845 ejus
1860 3818 1876 3842 ,

286 3869 337 3915 et
360 3860 640 3917 adhaerent
669 3863 745 3916 ori
774 3865 891 3932 ejus
910 3865 953 3931 ¹,
985 3873 1039 3918 ιιι
1066 3865 1180 3919 sine
1211 3865 1400 3920 timore
1433 3865 1719 3933 pra'dicent
1741 3865 1881 3918 veri-

287 3961 472 4018 tatem,
503 3951 571 4007 ab
600 3951 714 4024 ipso
741 3952 952 4010 Christo
979 3963 1226 4027 tanquam
1254 3970 1283 4009 a
1309 3955 1483 4024 capite
1513 3963 1753 4009 sanctum
1781 3953 1878 4008 de-

285 4042 494 4098 scendit
531 4054 892 4115 unguentum,
930 4045 982 4099 id
1016 4056 1127 4111 est,
1175 4045 1524 4100 sanctificatio
1566 4043 1875 4114 spiritualis.

284 4135 385 4193 Ora
416 4139 721 4196 vestimenti
745 4140 860 4196 lunc
886 4140 1044 4195 datur
1074 4141 1325 4210 intelligi,
1354 4156 1472 4210 qurc
1504 4141 1552 4195 in
1584 4141 1756 4209 capite
1781 4155 1876 4193 ve-

285 4231 520 4287 stimenti
543 4242 645 4302 est,
673 4249 776 4304 qua
797 4233 1069 4288 vcstientis
1093 4242 1246 4303 caput
1273 4233 1598 4302 ingreditur:
1629 4247 1722 4302 per
1744 4231 1880 4288 hanc

285 4323 654 4392 signiﬁcantur
692 4324 911 4395 perfecti
943 4323 1125 4379 ﬁdeles
1156 4323 1207 4378 in
1238 4321 1492 4379 Ecclesia.
1525 4322 1578 4377 In
1608 4339 1699 4377 ora
1733 4339 1883 4377 nam-

285 4429 386 4483 que
429 4413 686 4485 perfectio
725 4425 806 4470 est
838 4432 851 4468 :
885 4424 939 4470 et
979 4417 1160 4485 utique
1203 4414 1489 4470 meministi
1528 4413 1728 4468 dictum
1763 4428 1883 4468 esse

287 4505 495 4561 cuidam
520 4506 692 4575 diviti,
722 4506 781 4563 Si
812 4507 884 4561 vis
913 4524 1017 4562 esse
1046 4504 1318 4576 perfectus,
1349 4505 1494 4572 vade,
1528 4505 1685 4559 vende
1714 4506 1883 4574 omnia

285 4612 398 4666 quia
424 4598 672 4670 possides,
700 4605 746 4652 et
770 4597 837 4651 da
865 4597 1182 4668 pauperibus,
1214 4605 1259 4650 et
1287 4595 1487 4650 habebis
1514 4596 1803 4650 thesaurum
1831 4597 1883 4650 in

291 4691 424 4744 (telis
441 4705 460 4754 ,°
480 4700 526 4743 et
550 4691 679 4755 veni,
702 4707 904 4761 sequere
931 4707 1026 4744 me.
1052 4688 1240 4743 Tristis
1263 4687 1476 4759 quidem
1505 4689 1592 4742 ille
1617 4688 1880 4752 discessit,

289 4781 560 4851 neglector
575 4779 930 4850 perfectionis,
961 4779 1161 4834 elector
1187 4776 1500 4833 defectionis
1530 4777 1741 4850 (Matth.
1769 4794 1879 4844 six,

286 4871 377 4935 2|,
400 4869 494 4942 22)
525 4890 538 4926 :
566 4871 659 4927 sed
683 4871 935 4943 numquid
964 4871 1081 4926 ideo
1102 4869 1406 4935 defuerunt,
1430 4870 1482 4924 in
1509 4883 1644 4939 quos
1668 4870 1885 4923 unitatis

288 4966 614 5034 unguentum
655 4963 744 5017 tali
788 4978 965 5018 rerum
1003 4971 1333 5018 terrenarum
1363 4960 1672 5015 dimissione
1704 4958 1882 5030 perfe-

287 5064 400 5107 ctos
421 5095 436 5118 ,
467 5063 713 5124 tanquam
742 5053 794 5108 in
824 5068 971 5108 oram
998 5051 1298 5106 vestimenti
1329 5066 1357 5105 a
1385 5051 1559 5120 capite
1585 5048 1884 5104 descende-

289 5147 408 5200 ret?
450 5145 581 5200 Nam
622 5145 859 5216 exceptis
897 5144 1166 5213 Apostolis
1189 5186 1204 5210 ,
1241 5152 1294 5198 et
1331 5142 1420 5212 qui
1458 5158 1578 5197 cum
1619 5142 1696 5196 eis
1732 5149 1885 5196 erant

288 5237 588 5306 prmpositis
632 5245 793 5306 atque
837 5233 1181 5299 doctoribus,
1223 5249 1360 5304 quos
1410 5232 1790 5289 eminentiores
1831 5239 1886 5286 ct

286 5327 536 5386 fortiores
561 5329 615 5385 in
642 5330 805 5385 barba
838 5329 1181 5400 intelligimus
1201 5370 1215 5393 ,
1245 5327 1358 5398 lege
1390 5326 1442 5380 in
1478 5323 1698 5381 Actibus
1736 5326 1881 5393 Apo-

353 5528 373 5592 ξ
397 5531 446 5574 In
469 5532 596 5592 Mss,
623 5537 710 5587 per
730 5537 894 5592 eorum
914 5519 1220 5573 intellectum.
1241 5581 1252 5592 ο

355 5589 376 5656 ξ
405 5586 533 5656 apud
552 5585 799 5656 agitagit.
834 5593 886 5656 et
909 5594 1049 5656 vent,
1072 5597 1174 5656 orte
1205 5585 1327 5645 ejus.
1410 5589 1514 5656 mat.
1571 5653 1602 5656 μ
1693 5647 1703 5656 _
1827 5647 1835 5656 '

349 5647 423 5707 (τι)
442 5645 540 5698 ttac
559 5649 624 5698 de
647 5645 900 5705 ref'rract.
924 5648 982 5697 15
1004 5645 1051 5694 in
1071 5652 1320 5717 inantiem,
1342 5661 1390 5717 n_.
1409 5645 1469 5717 ‘27
1492 5660 1514 5717 :_
1531 5663 1555 5692 ι
1570 5647 1779 5717 \lcssias,
1795 5647 1880 5717 ait,

294 5729 313 5753 ι
333 5717 506 5758 uinctus
540 5717 650 5769 est;
696 5717 870 5772 unctus
883 5721 1045 5772 graece
1066 5707 1278 5772 cliristus
1302 5715 1397 5766 est,
1435 5708 1666 5757 ltebraice
1691 5708 1883 5772 Messias

295 5790 316 5813 ιι
338 5778 445 5819 est:
470 5772 601 5820 unde
622 5778 670 5820 et
687 5769 1056 5832 ptu‘iice,';\tessc
1079 5769 1428 5832 diciturunge.
1452 5775 1675 5832 cognatm
1698 5769 1878 5830 quippe

299 5850 317 5877 ι
341 5840 452 5884 sunt
487 5832 660 5896 linguae
687 5829 801 5883 istic
827 5839 875 5882 et
895 5832 1076 5892 vicintc,
1102 5829 1539 5889 licln‘aica,’punica
1567 5839 1616 5878 et
1635 5829 1760 5893 syra.
1786 5829 1807 5873 ὼ

1620 371 1822 427 LIBER
1863 372 2236 432 SECUNDUS.

3481 389 3585 446 3η

1996 490 2276 557 stnlorutn,
2304 503 2356 548 et
2387 495 2504 550 vide
2530 497 2617 566 qui
2654 514 2820 552 rerum
2849 515 3056 554 suarum
3089 504 3398 558 venditurum
3427 520 3585 575 pretia

1992 580 2061 634 ad
2086 581 2234 650 pedes
2259 585 2614 654 Apostolorum
2639 594 2910 658 ponebant,
2933 602 2982 645 et
3006 609 3149 648 nemo
3173 594 3366 650 dicebat
3389 597 3584 666 aliquid

1995 673 2289 742 proprium,
2332 677 2422 731 sed
2461 689 2604 734 erant
2648 683 2722 734 eis
2756 683 2926 736 omnia
2967 687 3284 755 communia,
3321 698 3369 741 et
3408 691 3576 744 distri.

1993 761 2234 819 buebatur
2269 769 2536 839 unicuique
2570 772 2700 828 sicut
2727 777 2906 843 cuique
2933 793 3062 848 opus
3095 789 3236 844 erat,
3266 789 3312 833 et
3338 792 3444 835 erat
3481 784 3583 838 illis

1994 855 2164 907 animo
2201 872 2303 910 una
2345 868 2392 912 et
2427 875 2515 914 cor
2552 878 2705 918 unum
2743 865 2794 919 in
2839 864 3000 920 Deum
3041 867 3190 938 (Act.
3234 884 3310 933 tv,
3355 872 3522 928 52—53
3542 875 3580 943 ).

1993 945 2200 1017 Nempe
2247 949 2325 1003 ita
2348 953 2604 1022 scriptum
2653 971 2776 1014 esse
2821 962 3117 1030 cognoscis.
3169 963 3413 1034 Agnosco
3449 981 3579 1036 ergo

1995 1037 2190 1092 bonum
2239 1049 2294 1094 et
2336 1039 2653 1113 jucundum,
2701 1046 2895 1105 fratres
2947 1050 3246 1110 habitantes
3299 1057 3350 1110 ia
3393 1069 3578 1110 unuin:

1996 1131 2240 1198 Agnosce
2285 1129 2504 1190 barbam
2551 1140 2729 1194 Aaron
2761 1158 2774 1192 τ
2805 1157 3036 1212 agnosce
3077 1159 3227 1200 oram
3277 1150 3578 1205 vestimenti

1993 1221 2302 1289 spiritualis.
2330 1224 2598 1298 Interroga
2627 1229 2795 1300 ipsam
2825 1232 3181 1303 Scripturam,
3207 1236 3293 1292 ubi
3318 1242 3581 1310 coeperint

1993 1313 2094 1368 ista
2124 1314 2234 1370 ﬁeri
2263 1334 2276 1370 :
2305 1317 2546 1374 invenies
2587 1321 2641 1377 in
2687 1321 3008 1380 Jerusalem.
3043 1326 3119 1383 De
3160 1326 3260 1383 liae
3288 1343 3382 1384 ora
3412 1335 3579 1387 vestis

1997 1421 2092 1472 rer
2110 1422 2300 1462 euntes
2336 1419 2521 1479 gentes
2547 1413 2720 1466 unitas
2748 1423 2853 1468 tota
2881 1417 3200 1472 contexitur.
3229 1418 3340 1474 liae
3367 1421 3580 1477 intravit

1991 1507 2150 1565 caput
2178 1498 2467 1566 investem,
2495 1511 2552 1556 ut
2573 1503 2883 1560 indueretur
2897 1505 3144 1564 Christus
3164 1511 3419 1567 varietate
3433 1514 3580 1568 orbis

1995 1597 2285 1657 terrarum;
2313 1595 2434 1663 quia
2468 1596 2518 1650 in
2557 1595 2656 1653 bac
2683 1614 2775 1653 ora
2806 1603 3108 1658 vestimenti
3137 1608 3382 1676 apparuit
3408 1610 3580 1663 varie~

1995 1688 2074 1732 tas
2103 1680 2214 1749 ipsa
2251 1683 2574 1754 linguarum.
2609 1689 2716 1744 Cur
2744 1705 2874 1762 ergo
2915 1693 3013 1763 ipsi
3062 1697 3242 1766 capiti,
3274 1698 3416 1754 unde
3449 1701 3577 1755 illud

1991 1772 2211 1826 unitatis
2237 1774 2512 1833 descendit
2535 1791 2882 1848 unguentum,
2916 1785 2966 1838 id
2993 1795 3092 1848 est,
3114 1790 3314 1843 amoris
3340 1781 3621 1862 l'ragran-l‘

1992 1860 2058 1912 tia
2083 1863 2407 1932 spiritualis;
2439 1883 2567 1934 cur,
2601 1870 2836 1939 inquam,
2872 1874 2969 1942 ipsi
3011 1876 3170 1944 capiti
3203 1860 3453 1935 resistitis
3495 1891 3576 1936 te-

1988 1955 2148 2009 stanti
2175 1966 2226 2010 et
2253 1957 2472 2025 dicenti,
2503 1959 2874 2018 Prtedicabitur
2899 1967 2948 2020 in
2971 1969 3174 2023 nomine
3199 1970 3309 2040 ejus
3331 1975 3576 2039 paeniten-

1989 2046 2059 2100 tia
2075 2055 2120 2101 et
2141 2050 2367 2104 remissio
2385 2062 2700 2121 peccatorum
2721 2075 2813 2127 per
2828 2069 3000 2114 amnes
3014 2071 3202 2130 gentes,
3221 2063 3480 2135 incipienti
3485 2067 3576 2123 bas

1987 2138 2050 2192 ab
2075 2138 2360 2197 Jerusalem
2379 2144 2527 2214 (an.
2552 2163 2703 2214 xxiv,
2731 2149 2862 2219 47)?
2892 2151 2957 2206 Et
2986 2152 3036 2206 in
3065 2152 3168 2208 hoc
3194 2165 3464 2226 unguento
3489 2173 3575 2214 sa-

1986 2245 2318 2290 cramentum
2366 2237 2682 2295 Chrismatls
2729 2242 2885 2297 vultis
2919 2245 2936 2277 ί
2984 2245 3320 2316 interpretari
3377 2267 3390 2304 :
3431 2249 3575 2321 quod

1987 2324 2202 2393 quidem
2233 2327 2285 2382 in
2311 2343 2509 2398 genere
2550 2331 2835 2387 visibilium
2871 2335 3266 2405 signaculornm
3293 2353 3578 2396 sacrosan-

1987 2426 2129 2470 cunn
2159 2427 2262 2486 est,
2293 2419 2431 2475 sicut
2459 2422 2574 2492 ipse
2602 2422 2906 2493 Baptismus
2939 2425 3068 2481 :sed
3098 2432 3270 2496 potest
3298 2443 3419 2485 esse
3440 2441 3494 2486 et
3520 2433 3572 2486 in

1989 2507 2292 2564 hominibus
2317 2512 2580 2581 pessimis,
2617 2515 2667 2569 in
2699 2517 2949 2584 operibus
2986 2518 3161 2573 carnis
3191 2521 3348 2574 vitam
3375 2535 3570 2576 censu.

1987 2603 2285 2670 mentibus,
2321 2615 2372 2660 et
2415 2621 2636 2677 regnum
2679 2609 2934 2670 canorum
2983 2625 3086 2665 non
3132 2613 3488 2681 pos<essttris;
3519 2624 3572 2669 ct

1988 2692 2107 2747 ideo
2145 2709 2248 2748 nec
2273 2696 2336 2749 ad
2364 2697 2583 2752 barbam
2612 2699 2810 2767 Aaron,
2844 2715 2946 2756 nec
2981 2702 3046 2757 ad
3090 2718 3244 2758 oram
3270 2706 3570 2762 vestimenti

1985 2781 2137 2848 ejus,
2187 2799 2284 2837 nec
2313 2785 2378 2839 ad
2418 2787 2578 2841 ullam
2611 2791 3006 2846 contextionem
3035 2794 3199 2847 vestis
3226 2795 3573 2853 sacerdotalis

1989 2873 2397 2940 pertinentibus.
2429 2876 2531 2932 Ubi
2560 2879 2702 2932 enim
2735 2881 3002 2949 positurus
3031 2897 3091 2937 es
3119 2899 3239 2954 quae
3281 2886 3571 2954 Apostolus

1986 2975 2265 3019 emunt-rat
2303 2969 2572 3039 manifesta
2613 2986 2769 3038 opera
2815 2974 3002 3040 carnis,
3040 2990 3156 3043 qua:
3199 2985 3336 3042 stmt,
3378 2977 3568 3047 inquit,

1988 3056 2367 3126 fornicationes,
2396 3059 2750 3125 immunditiw,
2784 3063 3024 3130 luxurite,
3051 3065 3303 3120 idolorum
3332 3070 3566 3135 servitus,

1985 3148 2243 3214 vene/icio,
2275 3150 2570 3214 inimicitus,
2593 3155 2952 3220 contentiones,
2981 3157 3348 3222 annulationes,
3373 3161 3573 3215 animo-

1984 3240 2176 3306 sitates,
2227 3241 2583 3310 dissensiones,
2633 3244 2865 3311 limosos,
2905 3246 3126 3310 invidia,
3159 3247 3440 3316 ebrietates,
3481 3267 3570 3305 co-

1985 3332 2332 3395 messationcs,
2379 3341 2424 3384 et
2468 3333 2547 3386 his
2573 3335 2758 3389 similia
2789 3352 2942 3405 :qua:
2983 3339 3202 3407 praedico
3239 3340 3398 3406 vobis,
3441 3343 3570 3396 sicut

1983 3424 2217 3491 praedixi,
2252 3426 2490 3493 quoniam
2518 3427 2604 3498 qui
2630 3428 2753 3482 talia
2772 3440 2948 3500 agunt,
2977 3445 3185 3502 regnum
3210 3430 3308 3486 Dei
3331 3449 3434 3488 non
3452 3451 3570 3504 pose

1983 3515 2214 3572 sidebant
2239 3517 2259 3590 (
2280 3518 2450 3574 Galat.
2479 3536 2531 3584 v,
2559 3519 2720 3576 19-21
2761 3523 2821 3593 )?
2847 3524 3138 3594 Sequestro
3163 3525 3562 3588 fornicationes.

1981 3626 2104 3680 qum
2125 3610 2357 3667 latenter
2375 3612 2730 3668 admittuntur
2765 3633 2778 3667 :
2817 3615 3178 3670 immunditias
3204 3618 3565 3686 interpretare

1982 3711 2042 3755 ut
2073 3701 2329 3767 volueris,
2356 3712 2641 3771 sequestro
2670 3713 2726 3758 et
2755 3705 2896 3772 ipsas
2927 3723 2939 3758 :
2967 3705 3077 3760 illic
3101 3721 3363 3775 ponamus
3383 3715 3441 3761 et
3469 3723 3566 3761 ve-

1981 3793 2195 3858 neﬁcia,
2227 3795 2351 3863 quia
2380 3807 2540 3847 nemo
2567 3804 2648 3848 est
2673 3797 2860 3862 palam
2885 3796 3156 3850 confector
3180 3797 3442 3863 daturque
3465 3810 3560 3849 ve—

1983 3895 2244 3936 nenorum
2279 3899 2294 3935 :
2326 3889 2604 3949 sequestro
2632 3884 2954 3948 etlucrcses,
2975 3884 3098 3952 quia
3118 3885 3218 3939 hoc
3233 3883 3392 3939 vultis
3423 3884 3568 3940 :ido-

1985 3975 2158 4029 lorum
2190 3971 2502 4028 servitutem
2534 3973 2715 4028 nescio
2735 3985 2916 4028 utram
2948 3974 3171 4030 debeam
3202 3986 3561 4048 sequestram,

1981 4061 2410 4136 quandoquidem
2438 4066 2721 4136 Apostolus
2747 4065 2816 4119 ibi
2843 4065 2991 4134 ponit
3007 4065 3305 4132 avaritiam,
3328 4081 3446 4135 qua:
3463 4081 3563 4134 pu-

1985 4158 2121 4213 blice
2149 4157 2362 4212 insanit.
2391 4157 2484 4212 llis
2513 4173 2644 4228 ergo
2666 4157 3032 4228 sequestratis,
3077 4157 3277 4213 nulline
3302 4155 3440 4226 apud
3471 4172 3565 4208 vos

1987 4251 2279 4318 luxuriosi,
2322 4251 2449 4304 nulli
2498 4251 2665 4313 avari,
2711 4251 2844 4305 nulli
2892 4248 3238 4320 pertinaciter
3261 4247 3565 4304 inimicitias

1985 4352 2318 4409 exercentes,
2365 4342 2494 4397 nulli
2539 4343 2880 4406 contentiosi,
2919 4341 3117 4404 tumuli,
3164 4341 3411 4405 animosi,
3449 4339 3564 4394 dis-

1983 4433 2326 4488 sensionibus
2369 4431 2668 4500 studentes,
2719 4433 2903 4500 invidi,
2951 4433 3170 4497 ein-insi,
3212 4431 3563 4487 comessatio-

1985 4525 2146 4580 nibus
2177 4524 2464 4578 vacantes?
2488 4522 2699 4579 Nulline
2726 4523 2867 4592 apud
2898 4539 2992 4579 vos
3016 4525 3152 4579 tales
3179 4533 3481 4591 unguntur,
3514 4533 3569 4576 et

1987 4619 2039 4671 in
2086 4616 2169 4671 bis
2211 4616 2355 4670 intus
2389 4615 2497 4668 noti
2535 4614 2905 4684 manifestique
2945 4613 3285 4670 moriuntur?
3311 4613 3365 4669 Si
3394 4614 3568 4668 mullos

1985 4707 2149 4772 dicis;
2182 4706 2432 4777 quoniam
2481 4705 2658 4760 studio
2691 4705 3050 4760 cntttettlionis
3085 4714 3268 4775 aperte
3299 4704 3543 4759 mentiris
3563 4747 3576 4766 ,

1987 4798 2108 4852 vide
2155 4811 2222 4851 ne
2249 4795 2318 4850 de
2356 4793 2552 4849 talibus
2590 4795 2704 4864 ipse
2746 4795 2842 4848 sis.
2880 4795 2935 4849 Si
2961 4804 3140 4849 autem
3169 4794 3237 4848 ab
3263 4793 3569 4864 bnjusmodi

1988 4896 2226 4943 remotus
2253 4901 2332 4952 es,
2357 4903 2462 4941 non
2490 4885 2731 4956 Corporis
2761 4885 3116 4954 separatione,
3133 4887 3230 4940 sed
3254 4885 3375 4941 vitae
3411 4885 3570 4941 dissi-

1988 4979 2305 5043 militudine,
2351 4988 2406 5034 et
2432 4978 2566 5033 tales
2604 4977 2790 5033 turbas
2821 4977 3024 5033 circum
3063 4977 3250 5034 altaria
3276 4986 3450 5032 vestra
3474 4989 3570 5046 ge-

1989 5087 2142 5129 mens
2167 5070 2463 5141 conspicis;
2489 5070 2617 5141 quid
2646 5069 2910 5136 dicemus,
2932 5071 3056 5141 quis
3075 5071 3196 5125 oleo
3214 5079 3400 5124 sancto
3426 5067 3571 5122 uncti

1988 5175 2145 5233 sunt,
2177 5175 2250 5229 et,
2281 5157 2726 5234 sicutApostolus
2755 5161 2954 5232 liquida
2999 5163 3225 5217 veritate
3266 5161 3570 5225 confirmat,

1989 5272 2209 5328 regnum
2239 5256 2329 5311 Dei
2357 5271 2463 5310 non
2491 5253 2836 5325 possidebunt
2869 5270 2882 5306 :
2917 5253 3169 5324 numquid
3187 5251 3364 5308 barba:
3394 5251 3570 5304 Aaron

1988 5359 2043 5406 et
2067 5364 2178 5405 orae
2209 5348 2508 5404 vestimenti
2537 5345 2656 5416 ejus
2680 5345 2937 5416 sacrilega
2983 5345 3169 5415 injuria
3197 5340 3436 5398 facienda
3466 5349 3571 5405 est,

1989 5452 2046 5498 ut
2077 5441 2146 5496 ibi
2169 5455 2262 5496 eos
2286 5438 2563 5510 ponendos
2590 5436 2950 5493 arbitremur?
2978 5437 3149 5491 Absit.
3170 5435 3428 5492 Discerne
3445 5446 3573 5502 ergo

1987 5534 2194 5592 visibile
2222 5541 2464 5587 sanctum
2491 5530 2917 5595 Sacramentum,
2947 5527 3090 5599 quod
3114 5541 3233 5582 esse
3252 5533 3308 5581 et
3337 5526 3389 5581 in
3417 5525 3574 5584 bouis

1987 5639 2037 5685 et
2063 5629 2113 5684 in
2145 5627 2298 5681 malis
2320 5630 2516 5696 potest,
2539 5623 2642 5679 illis
2661 5622 2726 5678 ad
2753 5622 3048 5694 praemium,
3075 5619 3178 5675 illis
3201 5618 3264 5676 ad
3288 5618 3570 5690 judicium,

2055 5830 2067 5860 ¹
2099 5838 2193 5877 am.
2220 5833 2290 5876 Er.
2313 5833 2364 5877 et
2389 5833 2514 5890 3155.,
2540 5821 2652 5874 vult.
