4028 6202
407 382 511 441 563

411 502 479 555 ab
508 494 753 553 invisibili
784 490 1032 545 unctione
1043 481 1341 547 charitatis,
1367 496 1486 549 quae
1508 478 1716 549 propria
1736 477 1996 531 bonorum

413 602 515 646 est.
574 587 824 644 Diseerue
872 581 993 641 ista,
1037 576 1283 632 discerne
1316 591 1329 626 :
1360 573 1630 627 discernat
1678 581 1729 625 te
1785 570 1928 624 Deus
1969 584 1998 621 a

418 692 565 753 parte
596 674 805 740 Donati,
835 683 891 728 et
935 672 986 725 in
1035 668 1366 724 Catholicam
1395 675 1643 730 revocet,
1676 664 1817 718 unde
1848 674 1901 718 te
1927 662 1999 717 illi

415 771 856 830 citi-chumenum
904 764 1179 834 abreptum
1226 758 1485 815 mortiferi
1533 757 1751 812 honoris
1794 756 2003 810 vinculo

419 867 733 935 ligaverunt.
787 857 905 914 Jam
958 872 1049 911 ros
1095 855 1327 908 llermon
1378 866 1539 919 super
1586 858 1796 903 montes
1847 846 2000 911 Sion,

413 952 815 1026 quomodolibet
843 950 939 1004 abs
961 959 1011 1002 te
1028 945 1334 1016 accipiatur,
1370 958 1474 997 non
1496 942 1624 997 esus
1654 942 1704 994 iu
1736 938 2006 993 montibus

414 1044 719 1115 Sion;quia
752 1058 858 1097 non
889 1040 1022 1095 estis
1064 1038 1117 1091 in
1160 1036 1375 1090 civitate
1413 1047 1575 1101 super
1616 1038 1850 1085 montem
1878 1044 2007 1081 cou-

417 1139 622 1201 stituta,
657 1150 777 1205 qum
803 1140 1009 1187 certum
1038 1129 1244 1198 signum
1272 1126 1372 1180 hoc
1393 1123 1575 1187 habet,
1594 1121 1734 1192 quod
1751 1118 2007 1173 abscondi

422 1248 526 1287 non
577 1236 773 1301 potest.
824 1224 955 1279 Nota
1003 1232 1085 1277 est
1129 1234 1258 1290 ergo
1286 1216 1537 1272 omnibus
1563 1214 1811 1284 gentibus
1843 1230 1857 1266 :
1888 1226 2009 1280 pars

421 1332 598 1379 autem
626 1319 815 1376 Donati
846 1318 1022 1389 ignota
1048 1323 1130 1369 est
1175 1312 1414 1383 pluribus
1448 1307 1694 1379 gentibus
1733 1324 1747 1361 :
1792 1322 1897 1360 non
1928 1312 2011 1359 est

420 1429 549 1486 ergo
569 1414 703 1482 ipsa.

493 1501 719 1558 CAPUT
742 1499 850 1556 CV.
881 1530 951 1540 -—
972 1498 1096 1553 240.
1132 1497 1316 1551 Ρετιι..
1346 1493 1480 1548 dixit
1514 1512 1524 1547 :
1567 1489 1655 1546 Va:
1678 1490 1831 1560 igitur
1852 1488 2007 1553 vobis,

421 1595 507 1665 qui
562 1591 798 1648 riolaudo
845 1589 979 1660 quod
1026 1597 1252 1642 sanctum
1292 1595 1384 1647 est,
1426 1583 1703 1637 rescinditis
1748 1582 2009 1643 unitatem,

432 1685 685 1753 Propheta
706 1683 916 1746 dicente,
947 1699 963 1731 ι
1000 1677 1062 1734 Si
1092 1677 1364 1749 peccaverit
1388 1673 1628 1744 populus,
1658 1672 1817 1725 orabit
1844 1686 1936 1738 pro
1956 1684 2012 1722 eo

423 1777 693 1841 sacerdos;
732 1775 776 1829 si
816 1786 983 1829 autent
1026 1771 1299 1842 peccauerit
1367 1768 1598 1822 sacerdos
1621 1802 1637 1829 ,
1678 1764 1789 1830 quis
1852 1761 2014 1815 orabit

433 1886 524 1936 pro
554 1885 610 1922 eo
632 1869 657 1920 ἱ)
686 1886 703 1920 ι

497 1962 623 2015 241.
656 1961 788 2015 Atto.
820 1955 1134 2026 respondit:
1166 1954 1233 2008 Et
1261 1951 1480 2007 videlmr
1516 1936 1677 2020 paulo
1716 1957 1860 2011 ante,
1891 1960 2011 1999 cum

426 2055 493 2109 de
523 2052 642 2108 oleo
671 2050 966 2121 peccatoris
992 2048 1403 2118 disputaremus,
1424 2058 1620 2112 ungere
1650 2041 1740 2095 tibi
1763 2039 2010 2102 frontem,

431 2155 488 2200 ιιι
515 2143 745 2208 diceres,
774 2141 816 2196 si
838 2140 1088 2203 auderes,
1112 2149 1288 2192 utrum
1320 2136 1433 2205 ipse
1455 2141 1702 2205 peccator
1723 2147 1826 2184 non
1845 2144 2012 2184 esses.

432 2237 573 2293 Ecce
597 2235 776 2291 dixisti
809 2231 960 2287 illud.
988 2231 1032 2287 0
1053 2229 1263 2285 scelus!
1288 2244 1322 2282 ο
1348 2234 1642 2281 monstrum
1665 2224 1679 2276 !
1711 2221 1842 2288 Quia
1873 2220 2014 2274 enim

430 2341 482 2386 te
500 2328 835 2386 sacerdotem
856 2323 1071 2388 asseris,
1101 2321 1226 2393 quid
1247 2319 1387 2375 aliud
1408 2334 1502 2389 per
1526 2318 1625 2371 hoc
1649 2314 2014 2385 propheticum

432 2419 818 2483 testimonium,
848 2415 949 2471 nisi
972 2424 1023 2469 te
1042 2413 1262 2469 omnino
1284 2411 1401 2466 sine
1424 2416 1639 2479 peccato
1660 2420 1780 2461 esse
1797 2402 2016 2457 dixisti?

430 2510 562 2566 Nam
592 2510 636 2565 si
666 2508 830 2563 habes
862 2516 1158 2577 peccatum,
1181 2503 1299 2573 quis
1329 2516 1426 2573 pro
1452 2510 1504 2555 te
1532 2498 1706 2554 orabit
1724 2494 2016 2552 secundum

433 2601 759 2657 intellectum
788 2596 969 2653 tuum?
994 2595 1068 2650 lta
1098 2596 1240 2650 enim
1272 2609 1365 2648 vos
1396 2590 1605 2647 miseris
1630 2588 1872 2659 plebibus
1892 2601 2021 2640 ven—

433 2695 635 2757 ditatis,
683 2697 1163 2747 commemorantes
1207 2702 1273 2742 es
1312 2684 1600 2755 PrOpheta,
1646 2681 1708 2736 Si
1746 2678 2020 2751 peccaverit

435 2786 675 2857 populus,
700 2784 859 2839 orabit
885 2800 975 2854 pro
1005 2798 1061 2835 eo
1086 2779 1356 2841 sacerdos;
1382 2778 1424 2831 si
1448 2786 1614 2830 autem
1643 2772 1878 2829 sacerdos
1908 2786 2023 2839 pec-

434 2880 637 2941 cauerit,
676 2877 787 2949 quis
817 2876 978 2929 orabit
1010 2888 1101 2944 pro
1123 2888 1178 2926 eo
1205 2870 1255 2942 (I
1287 2870 1407 2939 Reg.
1427 2884 1484 2932 ιι,
1515 2867 1586 2921 25
1614 2865 1671 2934 )?
1706 2873 1761 2918 nt
1788 2878 1882 2918 vos
1906 2862 2022 2917 sine

436 2978 653 3039 peccato
682 2982 801 3023 esse
825 2964 1063 3029 credant,
1093 2970 1148 3018 et
1174 2970 1391 3030 peccata
1421 2974 1514 3013 sua
1545 2955 1735 3011 vestris
1764 2953 2022 3008 orationi-

437 3061 535 3116 bus
560 3057 829 3129 purganda
870 3055 1222 3112 committant.
1273 3050 1442 3121 Magni
1487 3048 1730 3103 homines
1773 3060 1888 3109 vos,
1930 3060 2029 3100 ex-

434 3149 587 3211 celsi,
618 3147 882 3209 cmlesles,
916 3142 1115 3208 divini,
1149 3140 1367 3208 ueciam
1408 3139 1670 3203 homines,
1701 3134 1794 3191 sed
1825 3135 2020 3205 angeli,

438 3239 527 3309 qui
557 3252 653 3307 pro
677 3235 919 3306 plebibus
943 3232 1129 3297 oratis,
1153 3240 1207 3286 et
1238 3245 1332 3301 pro
1362 3229 1512 3283 vobis
1534 3227 1714 3297 plebes
1739 3241 1895 3281 orare
1918 3242 2022 3279 non

439 3332 633 3388 vultis!
661 3330 811 3386 Tune
845 3329 1038 3398 iustior
1082 3325 1265 3391 Paulo,
1307 3333 1363 3377 tu
1392 3322 1673 3392 perfectior
1710 3329 1858 3375 tanto
1883 3322 2027 3389 Apo-

439 3424 599 3487 stolo,
628 3421 717 3492 qui
744 3434 928 3475 eorum
956 3432 1092 3489 quos
1130 3414 1357 3471 docebat
1400 3412 1731 3468 orationibus
1779 3426 1838 3466 sc
1881 3425 2028 3465 com-

440 3512 766 3570 mendabat?
801 3510 1059 3574 Orationi,
1089 3508 1275 3576 inquit,
1313 3507 1516 3571 instate,
1547 3504 1810 3574 vigilantes
1835 3504 1887 3556 in
1913 3502 2022 3567 illa,

439 3607 491 3658 iu
516 3605 793 3675 gratiarum
818 3601 1043 3664 actione;
1068 3607 1265 3653 omntes
1282 3598 1433 3654 simul
1452 3605 1497 3649 et
1520 3610 1615 3664 pro
1636 3594 1798 3661 nobis,
1817 3603 1871 3647 ut
1896 3592 2028 3647 Deus

440 3695 636 3765 aperiat
678 3692 819 3747 uobis
861 3691 1041 3744 ostium
1086 3687 1217 3742 verbi
1267 3686 1335 3739 ad
1387 3684 1691 3753 loquendum
1734 3684 2028 3754 mysterium

441 3788 649 3850 Christi.
679 3796 885 3857 propter
926 3781 1060 3854 quod
1107 3791 1152 3835 et
1190 3780 1382 3834 vinctus
1428 3794 1562 3857 sum,
1614 3786 1667 3830 ut
1714 3776 2030 3846 utrinillstem

441 3880 593 3946 illud,
622 3880 692 3933 ita
721 3887 773 3932 ut
798 3883 994 3938 Oportet
1043 3888 1121 3926 me
1157 3870 1294 3941 loqui
1324 3869 1343 3942 (
1368 3856 1562 3923 Coloss.
1590 3884 1662 3935 Iv,
1698 3868 1797 3922 2-4
1820 3865 1859 3938 ).
1893 3868 2029 3922 Ecce

442 3980 628 4025 uratur
657 3983 754 4040 pro
775 3964 1051 4037 Apostolo,
1069 3961 1210 4033 quod
1241 3960 1352 4016 fieri
1386 3975 1488 4014 non
1518 3959 1597 4014 vis
1627 3974 1722 4029 pro
1750 3959 2027 4028 episcopo.

446 4061 680 4117 Videsne
704 4073 863 4130 quam
891 4059 959 4112 sit
993 4056 1089 4111 ista
1120 4052 1380 4109 diabolica
1407 4050 1695 4120 superbia?
1720 4051 1913 4105 Oratur
1936 4064 2033 4118 pro

445 4155 484 4206 Λ
496 4151 721 4222 postulo,
751 4158 807 4203 ut
828 4146 1127 4204 manifestet
1157 4142 1467 4216 mysterium
1487 4140 1704 4206 Christi,
1726 4140 1857 4195 sicut
1874 4155 2034 4210 opor-

449 4250 526 4297 tet
551 4242 715 4312 loqui.
763 4237 995 4299 Proinde
1039 4236 1084 4291 si
1130 4236 1243 4304 pias
1289 4231 1475 4304 plebes
1511 4231 1801 4297 haberetis,
1833 4230 2031 4285 hortari

447 4332 677 4390 debuisti
710 4340 767 4385 ut
797 4345 891 4400 pro
935 4336 988 4382 te
1030 4334 1284 4388 orarent,
1327 4339 1395 4380 ne
1431 4322 1726 4392 loquereris
1751 4321 1889 4377 sicut
1928 4335 2034 4375 non

448 4430 681 4494 oportet.
724 4420 803 4475 Tu
837 4419 1027 4489 iustior
1064 4416 1271 4473 Joanne
1310 4414 1655 4485 evangelista,
1703 4413 1792 4484 qui
1833 4413 1907 4467 ait
1934 4430 1949 4467 :
1974 4411 2035 4467 Si

448 4514 726 4569 dixerimus
764 4511 884 4581 quia
912 4520 1170 4580 peccatum
1213 4522 1314 4561 non
1342 4504 1580 4560 habemus
1600 4546 1613 4568 ,
1656 4520 1747 4559 nos
1783 4503 1918 4573 ipsos
1945 4503 2036 4556 de-

448 4607 695 4677 cipimus,
727 4614 774 4659 ct
811 4602 990 4658 veritas
1028 4602 1081 4655 in
1106 4600 1247 4655 nobis
1268 4616 1371 4654 non
1397 4609 1470 4654 est
1497 4600 1513 4665 (
1536 4596 1727 4654 lloau.
1754 4614 1792 4662 ι,
1823 4596 1931 4668 8)?
1958 4596 2037 4651 Tu

455 4708 724 4767 instrenuo
756 4693 949 4765 iustior
994 4691 1231 4759 Daniele,
1261 4706 1420 4762 quem
1452 4700 1506 4744 tu
1555 4690 1668 4760 ipse
1698 4689 1749 4743 in
1792 4688 1891 4744 hac
1926 4688 2037 4758 ipsa

451 4789 675 4864 epistola
721 4789 791 4843 ita
830 4786 1282 4850 commemorasti,
1315 4793 1372 4839 ut
1412 4782 1637 4847 diceres,
1672 4779 1784 4836 Rea:
1811 4781 2041 4853 justissi-

455 4901 596 4938 mum
632 4881 900 4937 Dauielem
928 4879 1104 4950 ferinis
1138 4877 1405 4939 morsibus,
1447 4885 1503 4928 ut
1556 4875 1781 4944 putabat,
1822 4874 2041 4944 objecit?

453 4976 607 5045 Quod
654 4974 740 5030 ille
772 4988 875 5029 non
924 4977 1237 5042 potaverat;
1265 4966 1690 5040 quandoquidem
1718 4966 2041 5021 amicissimo

451 5068 656 5135 animo,
678 5067 817 5122 sicut
842 5063 1086 5120 lectionis
1113 5060 1514 5117 circumstantia
1538 5058 1745 5129 prohat,
1768 5058 1903 5114 dixit
1944 5058 2041 5127 ipsi

456 5156 661 5215 Danieli
682 5197 700 5225 ,
726 5153 865 5209 Deus
908 5158 1025 5213 tuus
1065 5151 1147 5205 cui
1174 5150 1391 5205 deservis
1417 5149 1638 5214 assidue,
1669 5150 1776 5218 ipse
1800 5149 1971 5219 eripiet
1997 5162 2045 5201 te

462 5249 622 5321 (Dan.
656 5262 733 5311 vt,
765 5243 876 5314 l6).
922 5242 1024 5298 Sed
1066 5242 1191 5297 hinc
1229 5240 1339 5311 iam
1394 5240 1558 5295 multa
1599 5238 1870 5293 diximus:
1904 5253 2045 5292 nunc

456 5339 599 5411 quod
628 5336 822 5409 agitur,
842 5347 1035 5403 nempe
1053 5332 1380 5403 iustissimus
1399 5338 1516 5385 erat
1536 5328 1748 5393 Daniel;
1776 5345 1879 5383 non
1900 5329 2047 5383 testi-

463 5432 646 5487 monio
669 5439 779 5492 tuo,
802 5438 1102 5496 quanquam
1143 5422 1244 5478 hoc
1271 5420 1398 5477 mihi
1429 5421 1495 5475 ad
1534 5434 1746 5475 causam
1790 5435 1945 5489 quam
1972 5429 2047 5473 te-

459 5538 581 5577 cum
609 5536 710 5593 ago
733 5517 961 5575 sufficiat
980 5502 1110 5582 ;ised
1134 5514 1438 5571 testimonio
1463 5512 1689 5582 Spiritus
1712 5510 1802 5566 Dei
1826 5511 2047 5580 loquen-

464 5615 530 5668 tis
566 5616 726 5670 etiam
773 5626 872 5684 per
912 5607 1285 5672 Ezechielem,
1327 5604 1416 5662 ubi
1466 5614 1573 5660 tres
1616 5605 2048 5659 eminentissiuue

460 5705 682 5772 iustitia:
705 5703 1019 5769 nominavit,
1047 5701 1175 5763 Noe,
1217 5699 1485 5755 Dauielem
1529 5706 1582 5751 et
1611 5696 1730 5762 Job,
1762 5709 1893 5765 quos
1919 5696 2050 5750 dixit

469 5794 613 5850 solos
644 5809 674 5848 a
699 5795 923 5863 quadam
950 5792 1410 5851 vehementissima
1444 5790 1518 5845 ita
1547 5789 1657 5855 Dei,
1688 5804 1803 5860 quc
1843 5792 2050 5844 caeteris

1248 365 1519 422 CONTRA
1546 359 1901 419 ιιτίειιιδ
1941 357 2299 427 PETILIANI,
2341 360 2402 418 S.
2443 363 2811 421 Abt-USTINI

3589 373 3693 430 844

2108 476 2457 547 impenderet,
2486 496 2641 550 posse
2672 483 2882 539 liberari
2919 484 3126 557 (Ezech.
3162 503 3272 550 srv,
3308 489 3414 559 ll).
3450 490 3537 545 Vir
3564 507 3695 564 ergo
3754 544 3757 547 ,

2104 567 2464 639 iustissimus,
2496 588 2632 628 unus
2666 590 2731 629 ex
2780 576 2948 631 tribus
2989 579 3420 636 memorabilibus
3464 596 3599 648 orat,
3642 598 3697 640 et

2111 659 2258 726 dicit,
2282 659 2412 717 Cum
2443 680 2640 718 orarem
2666 678 2712 719 et
2739 668 3008 737 conﬁterer
3050 679 3253 738 peccata
3280 688 3391 726 mea
3419 684 3465 727 et
3494 688 3699 744 peccata

2110 752 2288 823 populi
2314 754 2409 808 mei
2436 755 2488 809 in
2512 766 2777 828 conspectu
2796 758 2999 814 Domini
3020 759 3112 816 Dei
3131 763 3227 816 mei
3255 766 3273 835 (
3300 763 3435 818 Dan.
3459 782 3533 833 ιιι,
3559 767 3633 824 ’Ξο
3658 772 3695 836 ).

2113 844 2181 898 Ει
2209 855 2263 900 ιιι
2290 856 2342 902 te
2364 847 2496 903 dicis
2520 864 2641 905 esse
2660 852 2777 906 sine
2806 864 3058 922 peccato;
3092 857 3214 926 quia
3244 856 3489 914 videlicet
3515 876 3700 917 sacer-

2112 937 2212 992 dos
2232 953 2311 1002 es,
2340 949 2395 994 et
2430 939 2475 993 si
2506 945 2806 1010 peccaverit
2839 947 3093 1016 populus,
3126 963 3249 1001 oras
3278 964 3375 1019 pro
3404 966 3504 1017 eo;
3530 953 3574 1006 si
3600 968 3698 1006 au-

2116 1037 2220 1082 tem
2247 1037 2302 1084 tu
2335 1045 2542 1100 peccas,
2581 1034 2700 1103 quis
2726 1049 2823 1103 pro
2855 1045 2907 1091 te
2949 1035 3164 1092 orabit?
3198 1039 3331 1094 Vere
3359 1041 3483 1110 quia
3508 1043 3699 1115 impie-

2116 1128 2223 1175 tate
2267 1129 2426 1176 tantre
2470 1125 2787 1194 arrogantia:
2818 1126 3089 1198 indignum
3121 1139 3171 1183 te
3200 1130 3435 1199 pra'bes,
3470 1148 3565 1203 pro
3593 1150 3702 1205 quo

2115 1212 2366 1268 sacerdos
2394 1214 2483 1269 ille
2524 1215 2841 1286 interpellet,
2874 1233 3032 1288 quem
3070 1220 3333 1290 Propheta
3375 1223 3458 1278 his
3500 1226 3700 1290 verbis,

2116 1318 2235 1373 qua:
2255 1319 2361 1360 non
2392 1304 2662 1378 intelligis,
2696 1310 2861 1364 voluit
2887 1312 3125 1383 intelligi.
3157 1314 3273 1368 Jam
3300 1316 3441 1371 enim
3483 1334 3548 1374 ne
3584 1321 3703 1390 quis

2116 1396 2347 1469 inquirat
2371 1415 2468 1456 cur
2489 1401 2590 1457 hoc
2610 1402 2806 1458 dictum
2837 1405 2925 1473 sit,
2949 1416 3204 1477 quantum
3236 1409 3493 1466 Dominus
3520 1412 3701 1479 donat,

2117 1490 2417 1560 expediam.
2464 1495 2802 1564 Prreparabat
2842 1497 2982 1553 Deus
3027 1500 3232 1555 animos
3284 1500 3555 1559 hominum
3609 1521 3706 1578 per

2118 1581 2460 1652 Prophetam,
2483 1594 2538 1640 ιιι
2561 1586 2716 1641 talem
2737 1588 3103 1646 desiderarent
3129 1594 3460 1651 sacerdotem
3481 1610 3574 1666 pro
3598 1614 3708 1666 quo

2119 1676 2296 1731 nullus
2318 1688 2498 1748 posset
2520 1695 2692 1736 orare.
2718 1683 2835 1751 Ipse
2860 1683 3183 1753 ligurabatur
3204 1689 3528 1757 temporibus
3549 1690 3706 1760 primi

2120 1769 2298 1837 populi
2329 1777 2383 1824 et
2413 1772 2567 1838 primi
2595 1772 2800 1842 templi,
2836 1773 2920 1827 ubi
2950 1776 3126 1829 omnia
3157 1776 3337 1847 figurae
3364 1790 3562 1833 nostra:
3589 1780 3707 1835 fuc-

2121 1870 2265 1914 ruut.
2299 1861 2421 1916 Ideo
2460 1863 2607 1917 solus
2649 1878 2889 1918 summus
2915 1866 3163 1921 sacerdos
3192 1868 3421 1922 intrabat
3449 1868 3498 1923 in
3526 1880 3708 1925 sancta

2121 1964 2448 2018 sanctorum,
2482 1967 2539 2009 ut
2560 1966 2738 2013 oraret
2764 1974 2859 2027 pro
2884 1959 3098 2028 populo,
3142 1960 3231 2029 qui
3268 1976 3389 2016 cum
3429 1963 3711 2019 sacerdote

2122 2048 2174 2102 in
2210 2050 2318 2117 ipsa
2348 2048 2598 2104 interiora
2638 2061 2819 2105 sancta
2853 2067 2954 2106 non
3001 2052 3249 2106 introibat
3289 2052 3492 2127 (Leuit.
3521 2070 3631 2117 xvt,
3664 2066 3711 2109 et

2126 2138 2281 2193 Hebr.
2311 2156 2390 2206 Ix,
2418 2140 2528 2211 7);
2556 2142 2693 2196 sicut
2735 2143 2824 2197 ille
2872 2143 3123 2199 sacerdos
3156 2144 3369 2199 intravit
3408 2146 3459 2199 in
3504 2157 3709 2201 secreta

2121 2231 2402 2298 caelorum,
2461 2231 2512 2286 in
2566 2232 2653 2287 illa
2698 2234 2907 2289 veriora
2943 2243 3123 2289 sancta
3168 2245 3492 2303 Sanctorum,
3538 2237 3711 2292 adhuc

2122 2326 2279 2381 nobis
2326 2325 2412 2380 hic
2452 2326 2641 2395 positis
2678 2343 2773 2395 pro
2812 2327 3003 2398 quibus
3049 2327 3370 2397 interpellat.
3418 2328 3542 2383 ldeo
3580 2329 3714 2383 dixit

2123 2418 2406 2488 Propheta,
2433 2418 2495 2474 Si
2522 2421 2798 2489 peccauerit
2822 2420 3060 2491 papulas,
3079 2421 3237 2474 orabit
3253 2439 3345 2492 pro
3362 2437 3420 2476 eo
3441 2424 3673 2475 sacerdos
3694 2440 3714 2487 ,-

2122 2511 2167 2564 si
2192 2522 2357 2565 autem
2377 2512 2611 2565 sacerdos
2641 2514 2934 2581 peccaverit,
2960 2514 3071 2583 quis
3096 2512 3255 2566 orabit
3284 2530 3376 2583 pro
3406 2530 3461 2567 eo
3479 2515 3504 2567 Ρ
3530 2512 3579 2567 id
3608 2526 3711 2573 est.

2125 2602 2305 2659 Talem
2328 2603 2627 2659 desiderate
2652 2605 3004 2670 sacerdotem,
3032 2606 3118 2675 qui
3146 2620 3368 2675 peccare
3392 2621 3494 2659 non
3519 2605 3710 2674 possit,

2124 2710 2193 2749 ne
2219 2695 2447 2766 indigeat
2475 2698 2613 2750 orari
2641 2712 2736 2766 pro
2762 2712 2837 2752 εει.
2870 2698 2933 2751 Ει
2961 2696 3079 2752 ideo
3105 2713 3202 2768 pro
3230 2698 3498 2767 Apostulis
3529 2709 3714 2752 oratur

2124 2802 2153 2841 a
2186 2790 2393 2859 populis
2428 2790 2448 2861 (
2475 2790 2587 2848 Act.
2619 2806 2741 2854 xnv,
2785 2789 2856 2843 29.
2883 2792 2901 2860 )
2936 2809 2947 2844 :
2977 2805 3071 2859 pro
3105 2792 3192 2845 illo
3217 2799 3391 2845 autem
3433 2790 3717 2845 sacerdote

2126 2880 2501 2951 Apostolorum
2552 2882 2802 2951 magistro
2846 2890 2899 2936 et
2936 2882 3160 2937 Domino
3199 2898 3303 2937 non
3338 2891 3532 2937 oratur.
3571 2881 3713 2935 Audi

2128 2971 2230 3026 hoc
2252 2972 2511 3028 Joannem
2543 2974 2813 3039 fatentem,
2842 2983 2896 3028 et
2920 2973 3185 3029 dicentem
3218 2992 3231 3028 :
3265 2974 3487 3039 Fratres,
3518 2974 3713 3042 inquit,

2129 3069 2235 3119 haec
2259 3065 2418 3119 scribo
2447 3068 2599 3129 vobis,
2641 3076 2691 3119 ut
2718 3083 2817 3120 non
2862 3068 3073 3136 peccetis
3100 3085 3118 3122 .'
3146 3076 3192 3121 et
3215 3068 3259 3122 si
3285 3068 3393 3137 quis
3418 3066 3715 3137 peccaverit,

2129 3160 2423 3213 advocatum
2452 3159 2688 3213 habemus
2709 3160 2849 3229 apud
2891 3159 3114 3224 Patrem,
3145 3159 3320 3214 Jesum
3341 3158 3595 3214 Christum
3615 3158 3718 3227 ju-

2129 3261 2303 3314 stum;
2332 3252 2439 3320 ipse
2466 3261 2538 3304 est
2563 3252 2791 3305 exoratio
2820 3269 2912 3324 pro
2946 3253 3160 3321 peccatis
3190 3252 3371 3305 nostris
3400 3250 3456 3324 (1Δ
3468 3248 3622 3303 ⁴Ιοαιι.
3658 3264 3715 3314 ιι,

2134 3344 2184 3407 l,
2210 3341 2245 3395 2
2346 3340 2619 3405 Habemus,
2667 3343 2798 3397 dixit
2821 3321 2839 3396 τε
2876 3344 3090 3413 peccatis
3122 3344 3336 3405 nostris,
3374 3321 3525 3396 digit.
3558 3339 3721 3395 Disce

2133 3433 2506 3499 humilitatem,
2562 3450 2630 3488 ne
2676 3434 2867 3500 cadas;
2916 3435 3023 3489 into
3077 3445 3133 3488 ut
3171 3433 3455 3503 aliquando
3507 3447 3719 3502 surgas.

2132 3525 2314 3596 Neque
2338 3527 2477 3580 enim
2505 3526 2602 3581 ista
2627 3526 2876 3591 dixisses,
2904 3527 3002 3578 nisi
3031 3525 3337 3580 cecidisses.

2203 3616 2428 3673 CAPUT
2456 3615 2587 3672 CVI.
2606 3646 2682 3656 —
2706 3614 2831 3670 242.
2862 3616 3041 3670 Ρετιι.
3074 3615 3207 3669 dixit
3237 3632 3250 3667 :
3284 3615 3357 3666 Ac
3384 3631 3446 3667 ne
3473 3617 3488 3646 ¹
3528 3632 3583 3668 se
3611 3616 3730 3669 rin-

2134 3711 2263 3764 dicet
2300 3728 2331 3764 a
2358 3711 2536 3765 delicto
2569 3710 2655 3780 qui
2683 3708 2844 3763 laicus
2890 3715 2992 3771 est,
3036 3707 3131 3761 hoc
3178 3706 3442 3760 interdicto
3484 3714 3729 3760 teuctm':

2140 3821 2159 3855 ι
2198 3802 2281 3857 Ne
2306 3803 2640 3857 conanmnices
2665 3803 2877 3872 peccatis
2892 3801 3089 3854 alienis.
3129 3820 3147 3852 ι

2206 3891 2330 3949 243.
2373 3895 2509 3951 Avo.
2537 3892 2811 3962 reSpondit
2842 3910 2856 3947 :
2889 3894 3066 3959 Erras,
3096 3902 3154 3946 ut
3184 3890 3407 3958 dicitur,
3447 3901 3558 3944 toto
3583 3891 3731 3945 cmlo

2137 4001 2233 4058 per
2260 3986 2583 4055 superbiam,
2611 3985 2735 4039 dum
2765 3999 2868 4040 non
2900 3985 2977 4039 vis
2998 3982 3389 4039 communicare
3417 3979 3531 4035 orbi
3565 3991 3730 4036 terra:

2140 4095 2234 4152 per
2254 4079 2627 4133 humilitatem.
2653 4078 2781 4132 Nam
2806 4094 2976 4148 neque
3018 4078 3118 4133 hoc
3154 4077 3285 4131 laico
3310 4075 3507 4130 dictum
3539 4085 3643 4142 est,
3675 4087 3731 4130 et

2139 4172 2313 4227 nescis
2363 4170 2812 4242 quemadmodum
2855 4170 3052 4226 dictum
3106 4170 3195 4224 sit.
3246 4167 3327 4223 Ad
3381 4166 3728 4224 Timotheum

2139 4262 2429 4333 Apostolus
2454 4277 2573 4318 cum
2595 4262 2871 4327 scriberet,
2894 4261 2991 4316 hoc
3011 4260 3260 4315 monebat
3278 4260 3522 4315 eumdem
3551 4261 3729 4329 ipsum

2141 4354 2479 4411 Timotheum
2514 4371 2528 4407 :
2558 4354 2640 4408 cui
2667 4354 2772 4407 alio
2793 4353 2910 4406 loco
2939 4352 3067 4406 dicit
3087 4371 3100 4406 :
3124 4352 3247 4405 Noli
3277 4362 3587 4405 contenwcre
3607 4369 3735 4421 gra-

2141 4450 2263 4503 tiam
2301 4466 2414 4520 qua:
2450 4450 2501 4501 iu
2531 4457 2578 4500 te
2599 4457 2699 4510 est,
2726 4461 2839 4515 qua:
2863 4446 2951 4498 tibi
2977 4444 3097 4497 data
3125 4454 3197 4497 cst
3235 4461 3324 4514 per
3360 4443 3734 4512 impositiomm

2142 4558 2381 4594 manuum
2422 4539 2715 4609 presbyterii
2739 4540 2759 4569 ³
2796 4537 2813 4606 (
2842 4535 2860 4590 l
2891 4535 3023 4590 Tim.
3056 4553 3124 4601 Iv,
3162 4537 3273 4607 Η).
3308 4536 3374 4589 Et
3402 4535 3579 4589 multis
3608 4535 3734 4588 aliis

2143 4632 2478 4688 documentis
2507 4629 2805 4684 ostenditur
2827 4671 2841 4695 ,
2872 4629 3011 4698 quod
3042 4630 3146 4681 non
3176 4635 3292 4682 erat
3334 4627 3519 4681 laicus.
3566 4624 3728 4692 Quod

2143 4734 2319 4779 autem
2356 4725 2450 4790 ait,
2480 4720 2559 4775 Ne
2583 4720 2917 4774 communices
2946 4718 3161 4789 peccatis
3205 4718 3420 4782 alienis;
3461 4730 3735 4770 consensu

2144 4826 2197 4872 et
2216 4816 2409 4888 placito
2436 4814 2654 4884 intelligi
2681 4813 2860 4867 voluit.
2888 4811 3037 4866 Unde
3064 4810 3240 4865 statim
3272 4811 3558 4880 subiiciens
3587 4826 3731 4878 quo~

2147 4908 2307 4962 modo
2329 4906 2379 4961 id
2408 4914 2545 4976 agat,
2570 4903 2642 4958 Te
2663 4905 2850 4973 ipsum,
2883 4902 3070 4972 inquit,
3103 4912 3293 4956 castum
3313 4901 3506 4955 custodi
3532 4899 3647 4969 (Id.
3683 4918 3736 4968 v,

2146 4999 2259 5070 22).
2284 4998 2466 5068 Neque
2496 4996 2637 5051 enim
2666 5005 2719 5050 et
2740 4995 2852 5064 ipsc
2882 4994 3077 5049 Paulus
3099 4993 3524 5048 communicabat
3552 5008 3736 5062 pecea-

2151 5092 2219 5145 tis
2262 5090 2472 5154 alienis,
2501 5088 2624 5159 quia
2673 5086 2833 5140 falsos
2875 5084 3086 5151 fratres,
3120 5085 3189 5140 de
3227 5085 3420 5156 quibus
3448 5085 3635 5156 gemit,
3683 5085 3736 5139 in

2152 5181 2354 5235 unitate
2412 5179 2675 5248 corporali
2729 5177 3021 5239 tolerabat;
3072 5184 3163 5231 aut
3204 5180 3741 5230 remnmuicziverunt

2153 5275 2293 5329 furto
2319 5284 2372 5328 et
2400 5272 2588 5328 sceleri
2614 5271 2765 5327 Juda:
2794 5285 3149 5342 prmecssores
3178 5269 3292 5340 eius
3320 5268 3580 5338 Apostoli,
3613 5267 3739 5338 quia

2154 5382 2272 5421 cum
2300 5382 2363 5420 eo
2384 5366 2492 5435 iam
2521 5364 2730 5419 Domini
2758 5358 3052 5427 venditare,
3096 5370 3151 5415 ct
3186 5376 3215 5415 a
3262 5361 3481 5414 Domino
3507 5358 3736 5413 demon-

2155 5472 2341 5521 δΙι·;ιΙο,
2371 5470 2761 5513 δηοτυδειιιοιιιιιι
2790 5471 2996 5510 ((ΒΙΙέὶΙΙΙ
3025 5454 3569 5509 (ιιιιιιιιιιιιιὶρεινυιιιιιι.

2226 5552 2449 5606 (ἉΙἮΤ
2493 5549 2646 5603 CVII.
2696 5580 2762 5588 -—
2800 5549 2923 5602 Elii.
2982 5547 3160 5601 Ρετιι..
3198 5546 3369 5599 dixit:
3407 5544 3515 5598 Hac
3564 5545 3747 5597 iterum

2226 5738 2237 5764 τ
2267 5734 2336 5781 sic
2361 5726 2463 5779 Stas.
2491 5729 2605 5780 itdili
2630 5741 2763 5779 vero.
2796 5734 2845 5775 .4t
2865 5738 2937 5774 ac.

2226 5798 2244 5825 ³
2270 5795 2404 5851 idin,
2426 5788 2705 5854 presbyteri.
2724 5792 3019 5850 tastigautur
3047 5800 3105 5834 ex
3133 5783 3480 5847 manuscriptis.
