4028 6202
302 338 409 394 τοιοῖ

302 457 598 512 sententia!
633 457 743 529 ipse
787 457 1060 528 Apostolus
1103 466 1363 530 comparat
1408 457 1727 511 conscientia:
1754 456 1905 511 ntalte

300 559 585 606 consortes.
620 567 639 603 ι
675 547 744 605 Et
770 549 860 622 qui
884 550 1081 618 faciunt
1105 566 1186 616 ea,
1235 549 1427 618 inquit,
1459 558 1509 605 et
1554 548 1644 620 qui
1687 565 1900 603 consen-

303 644 436 695 tinnt
494 642 645 697 talin“~
654 641 993 713 facientibus,
1021 642 1164 714 digni
1217 651 1334 697 sunt
1386 653 1545 697 morte
1577 660 1596 695 ι
1632 640 1652 712 (
1679 639 1831 695 Rom.
1859 656 1896 708 t,

300 734 370 788 52
394 732 436 801 ).

371 822 505 878 ΜΒ.
547 824 679 878 Atto.
730 822 1046 895 respondit:
1081 821 1491 890 Quomodolibet
1543 837 1604 878 ea
1658 821 1895 890 dixeris,

302 929 411 968 non
456 930 622 978 curo;
655 929 779 969 vera
806 924 931 968 sunt
959 915 1097 982 ha-c,
1127 925 1181 970 et
1209 917 1309 970 hoc
1338 925 1422 970 est
1445 914 1585 985 quod
1622 914 1896 970 Catholica

295 1006 477 1073 docet,
527 1004 754 1060 multum
795 998 1058 1063 interesse
1102 1007 1243 1062 inter
1282 1008 1680 1063 consentientes
1705 1007 1895 1079 quibus

299 1095 416 1150 haec
441 1095 679 1167 placent,
711 1106 767 1152 et
795 1097 1083 1153 tolerantes
1111 1098 1305 1170 quibus
1337 1100 1452 1154 hanc
1478 1098 1776 1168 diSplicent.
1812 1099 1894 1154 Illi

297 1189 442 1244 enim
476 1189 629 1260 palea
661 1189 813 1254 iiunt,
847 1190 972 1246 dum
1003 1193 1168 1261 palem
1198 1202 1491 1264 sequuntur
1515 1192 1846 1248 sterilitatem
1874 1210 1891 1249 :

299 1282 380 1336 illi
406 1282 646 1337 triticum
687 1291 832 1351 sunt,
876 1292 1212 1356 exspectent,
1237 1293 1295 1340 ut
1334 1293 1706 1356 segregantur,
1732 1284 1894 1341 Chri-

295 1381 439 1427 stum
467 1373 841 1428 rentilalorem
863 1376 911 1424 ³.

365 1462 596 1520 CAPUT
624 1463 803 1520 CVIII.
822 1496 889 1506 —
907 1465 1032 1520 Sili.
1058 1465 1246 1522 Ρετη..
1278 1466 1407 1521 dixit
1436 1486 1449 1521 :
1489 1464 1661 1522 Venite
1685 1484 1801 1539 ergo
1826 1468 1896 1522 ad

300 1553 603 1621 Ecclesium,
634 1556 834 1627 populi,
861 1567 908 1610 rt
938 1559 1168 1629 aufugite
1195 1558 1481 1623 traditorcs,
1513 1558 1559 1611 si
1582 1575 1693 1612 cunt
1717 1557 1892 1612 iisdem

296 1646 464 1715 perire
503 1662 605 1700 non
645 1647 818 1700 vultis.
851 1644 988 1700 Nam
1018 1657 1071 1700 ut
1098 1647 1253 1716 facile
1276 1647 1591 1718 cognoscatis
1616 1635 1750 1718 quod
1778 1664 1893 1702 cum

297 1736 397 1806 ipsi
421 1736 523 1790 sint
548 1737 650 1795 rei.
676 1737 739 1791 de
764 1736 866 1806 [ide
892 1746 1063 1791 nostra
1083 1738 1268 1809 optime
1280 1737 1512 1809 judicent
1541 1752 1561 1793 :
1579 1753 1668 1809 ego
1688 1738 1892 1792 illorum

297 1828 511 1896 infectos
537 1824 738 1897 baptiso
761 1841 782 1891 ,°
806 1826 884 1881 illi
909 1843 1044 1881 meos
1067 1869 1081 1891 ,
1104 1827 1242 1897 quod
1263 1828 1391 1882 absit
1409 1870 1424 1894 ,
1454 1828 1704 1898 recipiunt
1729 1829 1892 1899 bapti-

298 1929 480 1982 zatos;
504 1934 619 1990 qua:
641 1918 846 1973 omnino
880 1935 980 1972 non
1007 1924 1258 1990 facerent,
1289 1920 1335 1974 si
1357 1920 1409 1974 in
1434 1918 1697 1989 Baptismo
1723 1930 1891 1975 nostro

298 2013 480 2083 culpas
513 2011 708 2084 aliquas
747 2012 1085 2083 agnovissent.
1132 2011 1305 2067 Videte
1329 2029 1478 2084 ergo,
1506 2013 1641 2084 quod
1667 2015 1847 2067 damus
1871 2054 1885 2068 .

294 2119 448 2174 quant
472 2103 539 2158 sit
560 2112 817 2169 sanctum,
851 2104 988 2175 quod
1007 2103 1263 2159 destruere
1290 2104 1464 2158 metuit
1490 2104 1764 2177 sacrilegus
1788 2104 1888 2158 ini-

297 2194 478 2250 micas.

362 2286 490 2342 947.
537 2288 671 2344 Anc.
715 2287 990 2357 respondit
1029 2305 1042 2342 :
1082 2285 1281 2342 Contra
1310 2286 1468 2342 istum
1486 2287 1711 2359 quidem
1741 2303 1892 2344 erro-

298 2394 406 2434 rem
456 2378 625 2434 multa
665 2379 777 2449 jam
818 2380 1084 2446 diximus,
1126 2389 1180 2435 et
1223 2380 1275 2435 in
1308 2379 1409 2435 hoc
1433 2395 1636 2451 opere,
1661 2389 1713 2436 et
1741 2380 1887 2436 alibi.

298 2467 403 2523 Sed
431 2468 558 2539 quia
603 2468 674 2523 ita
713 2484 960 2539 maguum
1004 2471 1397 2526 ﬁrmamentum
1428 2471 1676 2526 vanitatis
1702 2479 1892 2528 vestra:

298 2560 348 2614 in
375 2558 480 2614 hac
508 2560 773 2615 sententia
801 2575 922 2616 esse
949 2561 1282 2617 arbitramini
1307 2602 1323 2629 ,
1354 2570 1413 2617 ttt
1439 2560 1506 2616 ad
1535 2562 1636 2617 hoc
1660 2562 1754 2617 tibi
1777 2570 1889 2618 ter-

300 2648 603 2704 minandam
639 2657 856 2720 putares
888 2651 1201 2720 epistolam,
1231 2667 1338 2724 quo
1359 2652 1509 2723 quasi
1540 2653 1808 2710 recentius
1837 2653 1890 2708 in

297 2739 488 2795 animis
517 2739 808 2808 legentium
838 2750 1169 2807 remaneret,
1202 2741 1435 2798 breviter
1457 2741 1776 2813 respondeo.
1800 2743 1891 2800 Sic

298 2829 655 2901 approbamus
695 2831 748 2887 in
785 2831 1048 2887 Itrereticis
1078 2828 1405 2904 Baptismum
1430 2873 1447 2901 ,
1473 2848 1579 2889 non
1610 2833 1891 2890 htcretico-

298 2937 408 2977 rum
435 2964 451 2989 ,
482 2920 579 2976 sed
608 2920 840 2987 Christi,
870 2922 1009 2977 sicut
1034 2923 1087 2976 in
1113 2923 1552 2989 iornicatorihus,
1581 2924 1888 2992 immundis,

301 3013 607 3075 luxuriosis,
624 3012 919 3069 idololatris
937 3054 952 3081 ,
970 3013 1219 3069 veneficis
1239 3057 1255 3082 ,
1287 3015 1681 3072 inimicitiarum
1706 3026 1887 3072 reten-

300 3104 518 3168 lorihoe,
553 3104 917 3171 contentiosis,
949 3105 1175 3172 :emulis,
1202 3108 1478 3173 animosis,
1497 3106 1889 3164 dissensionum

298 3194 585 3262 studiosis,
630 3196 856 3263 invidis,
897 3196 1157 3260 ebriosis,
1198 3200 1683 3265 comessatoribus,
1727 3209 1783 3257 et
1812 3199 1893 3257 his

298 3287 560 3343 similibus
590 3287 951 3359 approbemus
987 3290 1350 3359 Baptismum,
1392 3306 1497 3346 non
1534 3307 1719 3347 eorum
1743 3333 1758 3357 ,
1799 3292 1890 3347 sed

299 3377 514 3434 Christi.
554 3379 765 3439 Omnes
782 3380 923 3435 enim
955 3380 1041 3436 isti
1070 3382 1209 3437 inter
1234 3397 1369 3452 quos
1395 3392 1447 3437 et
1478 3383 1708 3438 haeretici
1736 3384 1893 3454 positi

303 3478 422 3525 sunt
440 3512 458 3535 ,
482 3471 622 3525 sicut
646 3470 774 3525 dicit
798 3470 1088 3540 Apostolus
1106 3514 1120 3538 ,
1153 3487 1373 3541 regnum
1404 3473 1495 3527 Dei
1524 3489 1628 3528 nun
1658 3476 1896 3545 posside-

303 3562 431 3616 bunt
470 3560 670 3630 (Colat.
710 3577 774 3629 v,
808 3561 1000 3635 iii-2|)
1029 3578 1045 3630 ;
1076 3570 1131 3618 et
1155 3563 1276 3618 ideo
1298 3562 1365 3618 ad
1389 3565 1655 3620 sinisuatn
1690 3577 1893 3635 partem

302 3666 418 3707 cum
452 3650 668 3716 diabolo
697 3653 1050 3721 pertinebunt.
1086 3651 1195 3709 Nec
1226 3654 1346 3709 ideo
1372 3656 1587 3725 putandi
1614 3665 1737 3712 sunt
1770 3674 1891 3715 esse

307 3742 355 3796 in
397 3741 598 3797 Christi
641 3756 902 3813 corpore,
944 3743 1088 3814 quod
1132 3754 1216 3801 est
1255 3745 1490 3802 Ecclesia
1516 3789 1530 3813 ,
1558 3750 1678 3818 quia
1706 3748 1895 3804 Sacra-

305 3842 602 3889 mentorum
632 3834 749 3903 ejus
768 3836 1119 3905 corporaliter
1148 3839 1433 3908 participes
1459 3840 1609 3893 liunt.
1637 3840 1725 3895 Illa
1753 3843 1894 3898 enim

307 3934 356 3979 ct
396 3926 449 3980 in
496 3925 692 3981 talibus
728 3936 908 3983 sancta
934 3937 1090 3993 sunt,
1130 3937 1184 3984 et
1210 3929 1292 3985 eis
1318 3928 1531 3999 indigne
1552 3932 1896 3990 tractantibus

306 4032 359 4076 ct
394 4020 730 4078 sumentibus
770 4021 836 4076 ad
880 4020 1052 4092 majus
1088 4022 1342 4092 judicium
1372 4022 1643 4079 valebunt.
1671 4023 1775 4096 Ipsi
1804 4042 1897 4081 au-

308 4120 409 4166 tem
434 4126 541 4167 non
572 4120 699 4167 sunt
728 4112 780 4168 in
812 4113 896 4168 illa
921 4112 1172 4169 Ecclesia:
1200 4128 1456 4185 compage
1476 4156 1491 4182 ,
1519 4130 1637 4187 quae
1657 4114 1712 4172 in
1730 4132 1900 4173 mem-

306 4201 412 4257 hris
435 4203 638 4260 Christi
665 4220 761 4275 per
780 4220 1079 4260 connexum
1099 4215 1154 4260 et
1172 4215 1472 4262 contactum
1522 4213 1718 4265 crescit
1738 4210 1790 4266 in
1815 4211 1898 4266 in-

306 4305 633 4351 crementum
682 4296 795 4352 Dei.
847 4296 938 4351 Illa
980 4297 1178 4367 quippe
1223 4297 1462 4353 Ecclesia
1499 4299 1552 4353 in
1602 4309 1748 4369 petra
1774 4311 1895 4369 est,

1646 336 1844 394 LIBER
1884 337 2195 403 TERTIUS.

3440 332 3570 387 'Sii

1999 459 2204 513 clesiant
2230 473 2390 514 ineant
2421 454 2631 530 (Matth.
2675 471 2788 523 xvt,
2836 455 2944 528 I8).
2977 453 3055 510 Illi
3093 462 3269 510 autem
3322 453 3373 508 in
3419 467 3578 507 arena

2000 549 2283 616 aediﬁcant,
2316 550 2455 605 sicut
2483 548 2620 604 idem
2660 547 2912 603 Dominus
2941 547 3106 602 dicit:
3136 547 3238 614 Qui
3262 546 3405 600 audit
3435 546 3583 599 verba

1999 656 2113 696 mea
2136 648 2184 694 et
2207 656 2306 694 non
2326 639 2449 710 facit
2488 655 2565 703 ea,
2593 638 2822 692 similnbo
2852 654 2964 691 eum
2994 638 3100 691 viro
3137 635 3312 703 stulto,
3343 639 3432 704 qui
3453 634 3586 688 a'di-

2001 734 2124 803 ﬁcat
2147 731 2350 786 domum
2376 748 2520 786 suam
2545 747 2697 800 super
2735 747 2940 784 arenam
2971 729 3019 803 (1
3028 729 3078 783 d.
3112 744 3203 795 vn,
3232 727 3347 799 26).
3384 726 3489 782 Sed
3519 738 3586 780 ne

2001 832 2155 894 putes
2187 822 2479 878 Ecclesium
2508 837 2626 893 qua:
2652 822 2704 876 itt
2735 831 2883 892 petra
2908 831 3009 885 est,
3057 821 3109 875 in
3156 835 3257 874 una
3292 828 3439 888 parte
3464 833 3585 873 esse

2004 926 2288 978 terrarum,
2318 921 2373 969 et
2398 929 2503 969 non
2533 912 2752 968 dili'uudi
2784 928 2951 983 usque
2978 911 3041 965 ad
3074 911 3207 966 lines
3241 922 3430 965 terras:
3461 909 3583 962 andi

2001 1007 2119 1076 ejus
2139 1021 2321 1061 vocem
2351 1006 2419 1061 de
2441 1004 2657 1061 Psalmo
2676 1005 2936 1075 gementis
2964 1003 3101 1058 inter
3121 1003 3254 1058 mala
3280 999 3586 1073 peregrina-

2004 1100 2161 1154 tionis
2186 1114 2317 1154 suat.
2343 1098 2433 1153 Ait
2464 1098 2643 1153 enim:
2672 1096 2716 1150 Α
2751 1096 2939 1167 ﬁnibus
2964 1105 3109 1150 terra:
3134 1096 3201 1148 ad
3244 1104 3293 1148 te
3332 1092 3544 1147 clamari
3567 1106 3583 1154 ;

2002 1207 2113 1245 cant
2142 1200 2407 1261 angeretur
2450 1206 2540 1244 cor
2569 1206 2753 1254 meum,
2797 1190 2851 1243 in
2900 1198 3042 1260 petra
3080 1188 3316 1243 exaltasti
3350 1201 3465 1240 me:
3493 1185 3585 1239 de-

2002 1281 2195 1334 duxisti
2234 1298 2331 1346 me,
2365 1281 2481 1352 quia
2524 1282 2686 1355 factus
2728 1296 2778 1333 es
2830 1295 2944 1349 spes
2987 1294 3118 1343 mea,
3170 1276 3323 1331 turris
3376 1276 3583 1344 fortitu-

2002 1373 2136 1428 dinis
2172 1391 2204 1426 a
2249 1374 2381 1444 facie
2422 1372 2615 1426 inimici
2654 1371 2826 1442 (Psal.
2871 1388 2958 1437 ιχ,
2991 1372 3046 1437 5,
3072 1371 3150 1439 4).
3182 1368 3369 1424 Videte
3397 1381 3573 1437 quem.

2002 1463 2288 1518 admodum
2319 1479 2347 1517 a
2381 1463 2574 1535 linihus
2617 1472 2771 1519 terra:
2818 1463 3030 1517 clamat.
3075 1461 3191 1516 Non
3240 1468 3322 1515 est
3366 1473 3492 1529 ergo
3530 1458 3583 1512 in

2002 1555 2115 1609 sola
2146 1554 2339 1620 Africa,
2374 1555 2454 1610 vel
2480 1556 2609 1609 solis
2636 1553 2795 1619 Afris,
2828 1538 3136 1623 episcopum
3183 1551 3406 1606 Romam
3452 1563 3587 1619 pau-

2001 1646 2081 1701 cis
2127 1645 2490 1702 Montensibus
2540 1646 2639 1718 (a),
2683 1654 2739 1700 et
2785 1645 2837 1699 in
2884 1644 3190 1714 Hispaniam
3217 1641 3397 1697 domui
3426 1639 3586 1695 unius

1997 1732 2233 1786 mulieris
2266 1734 2338 1806 (b)
2358 1749 2424 1790 ex
2450 1736 2625 1792 Africa
2654 1737 3003 1795 mittentibus.
3030 1740 3215 1797 Videte
3234 1742 3588 1813 quemadmo-

1994 1820 2122 1878 dum
2178 1825 2229 1879 in
2278 1835 2424 1896 petra
2466 1828 2751 1884 exaltctur.
2803 1829 2917 1885 Non
2958 1846 3085 1902 ergo
3129 1831 3180 1887 in
3210 1847 3273 1888 ea
3300 1834 3588 1906 deputandi

1994 1924 2118 1969 sunt
2159 1930 2345 1972 omnes
2388 1918 2478 1987 qui
2521 1918 2789 1974 aediﬁcant
2828 1921 2879 1975 in
2926 1936 3087 1976 arena
3108 1963 3122 1988 ,
3151 1922 3202 1978 id
3230 1934 3311 1979 est
3332 1967 3349 1994 ,
3378 1927 3466 1997 qui
3493 1942 3590 1983 au-

1993 2007 2151 2063 diunt
2180 2009 2335 2064 verba
2358 2009 2555 2065 Christi
2585 2021 2638 2065 et
2664 2025 2771 2065 non
2798 2010 2997 2069 iaciunt
3024 2014 3148 2084 :qui
3175 2020 3349 2070 tamen
3373 2025 3427 2071 et
3446 2017 3588 2086 apud

1994 2115 2093 2155 nos
2139 2107 2194 2154 et
2241 2099 2379 2169 apud
2429 2115 2522 2155 vos
2565 2099 2765 2157 habent
2801 2111 2856 2158 et
2886 2101 3375 2175 traduntBaptismi
3405 2120 3585 2162 sacra-

1994 2199 2254 2246 mentum.
2302 2189 2489 2248 Videte
2530 2192 2978 2263 quemadmodum
3018 2209 3142 2265 spes
3184 2196 3301 2264 ejus
3342 2196 3484 2252 Deus
3519 2199 3588 2259 sit

1994 2281 2152 2337 Pater
2194 2292 2250 2338 et
2297 2281 2460 2337 Filius
2503 2290 2558 2338 et
2606 2282 2837 2354 Spiritus
2879 2294 3095 2341 sanctus
3124 2327 3141 2352 ,
3191 2302 3298 2342 non
3350 2287 3537 2342 Petrus
3568 2330 3584 2354 ,

1994 2389 2099 2429 non
2127 2374 2321 2430 Paulus
2351 2391 2365 2440 ;
2390 2383 2588 2445 quanto
2616 2376 2792 2430 minus
2816 2375 3056 2433 Donatus
3081 2417 3096 2442 ,
3125 2388 3215 2433 aut
3242 2378 3581 2435 Petiliamts?

1993 2463 2110 2519 Non
2137 2480 2266 2536 ergo
2296 2475 2530 2521 vestrum
2560 2474 2643 2521 est
2670 2467 2809 2537 quod
2837 2467 3114 2525 destruere
3142 2470 3459 2537 metuimus,
3490 2471 3587 2527 sed

1993 2556 2189 2613 Christi
2218 2573 2239 2613 :
2263 2557 2403 2628 quod
2434 2567 2489 2614 et
2509 2559 2559 2613 in
2587 2559 2858 2631 sacrilegis
2880 2575 2975 2631 per
2994 2575 3053 2616 se
3074 2569 3314 2617 sanctum
3331 2570 3431 2617 est.
3456 2561 3585 2618 Nam

1994 2649 2267 2704 venientes
2307 2665 2337 2703 a
2376 2649 2525 2706 vobis
2562 2650 2803 2721 recipere
2839 2666 2942 2705 non
2970 2642 3285 2721 possumus,
3315 2654 3415 2709 nisi
3445 2655 3584 2724 quod

1992 2749 2226 2795 vestrum
2271 2749 2355 2795 est
2385 2739 2739 2796 destruamus.
2778 2741 3107 2798 Destruimus
3135 2744 3276 2799 enim
3308 2745 3582 2814 perfidiam

1993 2829 2309 2897 desertoris,
2348 2846 2453 2885 non
2491 2831 2815 2887 tle-struimus
2838 2832 3200 2888 characterem
3228 2834 3582 2905 imperatoris.

1994 2921 2225 2978 Proinde
2261 2931 2314 2977 tu
2358 2923 2471 2993 ipse
2506 2923 2782 2978 considera
2805 2964 2823 2990 ,
2858 2933 2913 2979 et
2941 2923 3156 2980 destrue
3184 2925 3324 2995 quod
3355 2926 3533 2981 dixisti
3570 2946 3582 2981 :

1995 3011 2107 3083 Ego
2130 3054 2145 3077 ,
2182 3012 2388 3082 inquis,
2427 3013 2631 3067 illorum
2659 3013 2870 3087 infectos
2892 3014 3089 3086 baptizo
3110 3034 3131 3083 ;
3153 3017 3234 3071 illi
3256 3033 3389 3072 meos
3406 3060 3423 3084 ,
3450 3012 3586 3089 quod

1993 3106 2143 3172 absit,
2176 3106 2422 3176 recipiant
2449 3105 2751 3176 baptizatos.
2777 3105 2857 3161 Tu
2877 3108 3018 3162 enim
3040 3122 3146 3163 non
3168 3107 3388 3164 infectos
3413 3109 3589 3179 bapti-

1994 3212 2115 3265 zas,
2159 3197 2289 3263 sed,
2334 3208 2393 3253 ut
2434 3198 2507 3254 tui
2549 3199 2748 3254 erroris
2776 3199 2972 3255 lraude
3000 3198 3235 3267 itfllcias,
3267 3200 3584 3273 rebaptizas.

1995 3287 2104 3342 Nos
2123 3299 2298 3343 autem
2325 3306 2428 3343 non
2452 3299 2569 3345 tuos
2598 3290 2882 3361 recipimus
2903 3290 3216 3361 baptizatos,
3241 3291 3334 3348 sed
3354 3291 3587 3348 destrui-

1997 3396 2118 3436 mus
2163 3397 2404 3437 errorem
2451 3389 2599 3436 tuum
2650 3381 2791 3438 unde
2838 3392 2960 3437 sunt
3009 3382 3080 3437 tui
3110 3423 3127 3446 .
3172 3391 3227 3439 et
3269 3384 3586 3454 suscipimus

1996 3471 2193 3527 Christi
2218 3471 2542 3541 Baptismnm
2569 3471 2711 3528 unde
2737 3482 2860 3527 sunt
2888 3473 3153 3543 baptizati.
3185 3473 3364 3545 Itaque
3389 3490 3587 3546 oppor-

1999 3572 2125 3619 tune
2153 3563 2205 3618 in
2236 3563 2412 3619 medio
2440 3563 2538 3619 abs
2565 3572 2618 3619 te
2647 3565 2879 3634 positum
2905 3573 2986 3620 est
3006 3607 3021 3631 ,
3053 3565 3202 3634 Quod
3226 3567 3371 3620 absit.
3397 3567 3586 3623 Dixisti

1998 3659 2139 3715 enim
2162 3699 2177 3721 .
2208 3657 2287 3711 illi
2311 3671 2473 3720 meos,
2505 3655 2641 3725 quod
2665 3655 2793 3709 absit
2817 3697 2832 3721 ,
2860 3656 3108 3726 recipiunt
3134 3655 3430 3728 baptizatos.
3454 3657 3585 3712 Nam

1997 3764 2117 3804 eum
2161 3757 2219 3802 tu
2256 3746 2421 3821 velles
2460 3744 2694 3815 intelligi
2720 3745 2871 3812 Quod
2898 3745 3058 3812 absit,
3087 3746 3361 3816 recipiam,
3395 3746 3587 3802 timens

2000 3856 2067 3895 ne
2105 3850 2225 3894 tuos
2258 3836 2611 3906 recipiamus;
2643 3851 2743 3905 ego
2770 3837 3091 3891 nescientem
3123 3836 3320 3891 dixisse
3345 3838 3546 3909 accipio
3568 3880 3584 3902 ,

2002 3930 2146 3985 Meos
2165 3969 2180 3996 ,
2222 3926 2358 3998 quod
2387 3924 2534 3979 absit.
2576 3924 2781 3979 Revera
2806 3925 2947 3981 enim
2975 3925 3116 3979 absit
3144 3936 3199 3979 ut
3226 3926 3298 3980 tui
3326 3926 3463 3991 sint,
3495 3924 3588 3997 qui

1996 4021 2107 4094 jam
2144 4019 2208 4073 ad
2253 4015 2578 4074 Catholicam
2611 4022 2886 4069 transeunt
2916 4031 2930 4068 :
2960 4028 3061 4069 nec
3084 4014 3161 4069 sic
3188 4022 3460 4097 transeunt
3482 4056 3499 4081 ,
3529 4025 3588 4071 ut

2001 4109 2252 4183 baptizati
2280 4106 2447 4163 nostri
2474 4107 2581 4162 sint
2600 4149 2614 4171 ,
2637 4106 2729 4161 sed
2754 4115 2810 4160 ut
2829 4106 2958 4162 socii
2982 4105 3148 4160 nostri
3171 4106 3277 4161 sint
3298 4122 3314 4173 ;
3339 4106 3597 4177 baptizati.

2001 4214 2178 4261 autem
2207 4201 2401 4259 Christi
2427 4201 2699 4256 nobiscum
2727 4199 2852 4253 sint.

2064 4359 2138 4432 (α)
2156 4351 3347 4432 ορῐι²ιίξξέεέἓηξξῖἱίὲίί¹ἱδέωηὶιθιιξ9ἓθ¹ἓίέῗῖ³ξὲ
3369 4353 3589 4432 ⁸983³⁸Αὲ

308 4384 443 4442 sicut
468 4386 731 4442 Dominus
751 4387 874 4445 dicit
908 4403 923 4440 :
955 4388 1123 4459 Super
1144 4390 1276 4443 hanc
1293 4399 1483 4461 petram
1507 4390 1770 4460 tediﬁcabo
1792 4392 1898 4447 Ec-
2000 4384 3589 4477 ngtn‘jggggzgig‘ggg;,};;[mra

2002 4447 2094 4471 ..ω
2116 4447 2162 4469 ...
2188 4447 2310 4468 nutu
2329 4447 2394 4466 υς
2417 4447 2708 4474 ..ωιυωυιμη
2731 4447 2838 4477 ων.
2863 4447 2942 4469 νυ,
2963 4447 3015 4462 ν.
3115 4447 3258 4475 ..,......
3283 4447 3345 4463 νυ
3396 4447 3447 4462 ...
3467 4447 3513 4468 ...
3535 4447 3589 4465 ν,

2001 4490 2115 4548 ante
2137 4482 2292 4548 ipsum
2315 4474 2637 4548 Opta‘tus,_lib.
2662 4474 2719 4548 2.
2737 4473 2935 4548 Eosdem
2957 4475 3106 4548 etiam
3125 4481 3320 4548 vocatos
3335 4447 3400 4548 ibi
3420 4481 3590 4548 autau-

370 4541 389 4613 Ξ
412 4544 461 4613 is
483 4546 590 4613 ’ἔρα
611 4555 624 4590 =
646 4549 752 4613 Αιῐιξο
769 4539 1246 4613 “antecedentia-
1318 4611 1323 4613 Α
1408 4606 1420 4613 .
2001 4535 2207 4613 ιῖξωηάξν
2225 4542 2330 4613 si“?
2355 4535 2649 4613 melius:
2675 4537 2901 4613 αξξείωξιε
2930 4548 2996 4587 ει
3016 4535 3144 4585 ἀίω
3166 4537 3309 4598 9W-
3335 4535 3424 4595 δδν
3448 4542 3502 4584 οι
3524 4549 3588 4586 θκ

371 4556 387 4572 ·
413 4556 461 4590 In
484 4556 590 4592 IIII.
611 4556 624 4590 :
651 4556 752 4592 Hoc
769 4556 882 4593 παπ
917 4556 975 4593 tte
996 4556 1246 4597 sententia.
2020 4556 2207 4601 atauus,
2225 4556 2329 4591 SWO
2358 4556 2649 4600 cumulatas,
2675 4556 2879 4586 unscmtw

367 4602 483 4676 {sic
498 4608 609 4676 uss.
633 4610 689 4653 Αι
709 4556 942 4676 Iov.
970 4603 1191 4676 ινξιξςιεῃιΔ
1216 4611 1351 4667 sunt,
1385 4606 1503 4656 dum
1544 4613 1825 4672 exspectant
1848 4614 1900 4661 ut
2001 4556 2209 4676 libratio
2234 4602 2418 4676 unitate
2434 4599 2672 4658 Ecclesiae.
2699 4610 2806 4662 eat»
2829 4597 2879 4646 5-

301 4669 612 4729 εεινεῃεηιυτ
633 4676 721 4729 per
737 4663 980 4717 Christum
1001 4661 1348 4718 rentiltttoremi
1632 4661 1643 4672 '

2067 4665 2140 4728 (b)
2163 4661 2369 4712 Lucillze.

1284 4866 1758 4976 LIBER
1828 4850 2548 4976 TERTIUS.

424 5026 935 5104 κοῖφιιίψιειξειεειιιε
957 5028 1196 5103 Was
1215 5027 1405 5104 metas
1427 5029 1501 5103 (α)
1531 5033 1723 5104 σηπίη
1742 5030 1907 5104 inuam,
1921 5029 2199 5104 £9!"in
2224 5024 2509 5104 {sanies
2520 5022 3597 5104 inmte'ibraﬂnzecﬁetsﬂfdisis

373 5089 565 5177 deum;
584 5083 895 5177 etuplé'glencta
920 5093 1111 5155 propria
1132 5105 1219 5142 sua
1261 5083 1564 5142 del‘eusio'ne'
1588 5083 1803 5144 ostendit
1833 5092 2116 5146 Petilianutn
2154 5083 2205 5141 iu
2235 5083 2379 5137 causa
2398 5083 2660 5145 defecisse,
2681 5098 2846 5149 neque
2868 5086 2926 5134 ad
2950 5099 3056 5136 rem
3077 5083 3144 5137 de
3165 5083 3261 5150 qua
3283 5087 3469 5149 agitur,
3509 5098 3594 5133 re-

373 5151 865 5216 stimdaevaluisse.
921 5151 933 5154 “
1009 5151 1021 5155 ⁷

1778 5215 2149 5274 OGWQO
3650 5223 3685 5257 ο

380 5339 606 5398 CAPUT
647 5338 931 5397 PRIMUM.
965 5369 1037 5381 —
1081 5339 1131 5395 ι.
1178 5337 1334 5408 Legi,
1374 5337 1663 5405 Petiliaue,
1700 5337 1905 5392 litteras

315 5441 466 5500 tuas,
512 5435 728 5503 quando
772 5432 951 5503 legere
990 5429 1133 5501 potui
1155 5471 1171 5496 ,
1202 5429 1393 5500 quibus
1427 5439 1479 5484 te
1506 5428 1636 5483 satis
1661 5426 1903 5483 indicasti

313 5524 567 5579 adversus
609 5524 927 5580 catholicam
977 5520 1302 5585 Ecclesium,
1356 5534 1451 5589 pro
1493 5530 1641 5589 parte
1671 5519 1900 5583 Donati,

317 5630 415 5669 nec
456 5614 651 5687 aliquid
679 5613 909 5669 valuisse
934 5612 1115 5668 dicere
1138 5610 1385 5667 idoneum
1412 5651 1426 5676 ,
1457 5625 1556 5665 nec
1581 5620 1755 5665 tacere
1781 5624 1905 5681 pcr-

2014 5332 2256 5387 missum.
2286 5330 2429 5399 Quos
2448 5338 2610 5385 :estus
2635 5344 2823 5400 passus
2859 5346 2918 5387 es
2937 5373 2953 5396 ,
2979 5343 3171 5402 quanta
3190 5330 3370 5387 cordis
3392 5340 3594 5401 tempe-

2011 5434 2149 5482 state
2173 5423 2435 5480 ﬂuctuasti
2455 5465 2470 5490 ,
2501 5437 2620 5478 eum
2653 5423 2873 5494 legisses
2895 5439 2956 5479 ea
2985 5425 3174 5494 quibus
3201 5424 3334 5494 parti
3361 5424 3600 5492 epistola:

2011 5526 2116 5571 tua:
2139 5556 2156 5580 ,
2183 5532 2300 5586 qua:
2331 5514 2383 5570 in
2410 5528 2600 5569 manus
2626 5529 2773 5569 meas
2799 5524 2923 5569 tunc
2952 5525 3199 5575 venerat,
3228 5524 3424 5584 quanta
3454 5515 3600 5584 potui

2015 5609 2273 5663 brevitate
2293 5621 2354 5660 ac
2378 5606 2748 5677 perspicuitate
2775 5605 3057 5676 respondi?
3082 5603 3266 5658 Vidisti
3290 5605 3430 5658 enim
3453 5615 3599 5659 tanta

372 5730 450 5837 lla)
474 5730 709 5780 Possidius
741 5730 790 5778 in
815 5726 1052 5789 tndicnlo,
1089 5737 1192 5789 cap.
1238 5725 1299 5784 5,
1337 5722 1511 5774 librum
1558 5697 1698 5772 hunc
1721 5722 1917 5773 tertium
1961 5723 2125 5771 verbis
2170 5718 2264 5769 illis
2305 5725 2472 5767 notat:
2509 5736 2527 5761 tu
2551 5724 2718 5767 contra
2756 5716 3015 5766 secundam
3052 5714 3303 5778 Epistulam
3337 5716 3574 5781 ejusdem,

390 5791 494 5837 iber
512 5804 653 5837 unus.
675 5807 698 5835 ι

326 5805 348 5836 s
372 5791 494 5840 liber
512 5804 653 5841 unus.
675 5807 698 5835 ι
