4024 6196
404 304 503 356 ΞΠ

402 418 648 472 tit-unitate
693 417 1027 480 roboratam,
1075 424 1221 469 tanta
1269 415 1385 469 lucc
1432 412 1790 482 illustratum,
1839 431 1996 486 quam

401 519 644 564 tenemus
669 515 723 562 et
749 506 1085 562 defendimus
1111 506 1408 570 veritatem,
1439 516 1495 560 ut
1518 507 1641 578 quid
1671 516 1853 562 contra
1876 523 1994 562 eam

399 601 683 657 dicendum
723 608 896 662 esset,
939 614 1043 670 quo
1082 601 1328 656 convicta
1368 602 1728 666 reicllorctur,
1762 603 1998 658 invenire

400 706 506 744 mm
548 704 752 759 posses.
791 690 1075 745 Attendisti
1103 693 1261 746 etiam
1287 733 1302 757 ,
1336 693 1616 747 multorum
1648 695 1735 764 qui
1767 711 1826 748 ea
1859 697 2000 764 lege-

396 789 522 834 rant
543 821 556 843 ,
581 781 1031 850 exspectationem
1061 783 1111 836 iu
1143 793 1192 837 te
1222 798 1340 839 esse
1365 799 1676 840 conversam
1703 828 1718 851 ,
1745 785 1881 841 seire
1905 803 1998 841 en-

397 871 658 940 picntium
703 872 828 940 quid
875 873 1116 939 diceres,
1155 874 1278 944 quid
1319 889 1541 945 ageres,
1574 893 1674 946 qua
1704 879 1956 932 cvadercs
1981 921 1996 942 ,

402 977 508 1028 quo
547 976 613 1014 cx
656 963 814 1016 tantis
852 964 1139 1031 angustiis,
1187 966 1378 1035 quibus
1424 974 1474 1020 te
1519 967 1610 1020 Dei
1642 968 1860 1022 verbmn
1889 971 1995 1023 cir-

396 1055 782 1120 cumvallarat,
818 1073 1143 1122 erurnpcres.
1182 1058 1276 1111 llic
1303 1069 1355 1112 tu
1379 1101 1392 1120 ,
1425 1059 1514 1129 qui
1545 1059 1836 1124 debueras,
1864 1077 2003 1115 con-a

411 1155 610 1216 tempta
652 1148 901 1216 opinione
943 1164 1217 1215 vanorum,
1241 1167 1460 1221 pergere
1501 1152 1550 1205 in
1582 1169 1761 1206 veram
1789 1169 2000 1208 sanam-

403 1253 506 1305 quc
535 1239 851 1292 sententiam
877 1281 889 1300 ,
918 1238 1082 1292 favisti
1108 1241 1246 1308 quod
1273 1241 1338 1294 de
1361 1242 1551 1297 talibus
1574 1243 1842 1312 Scriptura
1868 1261 1998 1313 pra:-

403 1329 538 1382 dixit
578 1347 590 1380 :
641 1329 874 1384 Dilexisti
899 1333 1143 1385 malitiam
1169 1349 1320 1402 super
1351 1334 1700 1403 benignitatem
1719 1375 1734 1400 ,
1763 1335 2000 1404 iuiquittb

407 1431 504 1473 tem
535 1423 692 1491 magis
717 1439 865 1490 quant
895 1423 1029 1492 loqui
1054 1423 1334 1492 wqttilatcm
1357 1423 1527 1494 (Psal.
1562 1441 1608 1478 LI
1627 1467 1642 1490 ,
1669 1425 1744 1496 ii).
1772 1426 1998 1482 Proinde

406 1512 450 1563 si
491 1522 541 1566 et
572 1528 669 1582 ego
702 1513 790 1566 tibi
825 1515 1014 1568 vellem
1047 1531 1140 1584 pro
1169 1516 1464 1572 maledictis
1493 1518 1770 1574 maledicta
1803 1535 1994 1591 repen-

405 1602 533 1656 dere
553 1645 566 1667 ,
607 1603 732 1671 quid
781 1604 926 1658 aliud
969 1621 1126 1675 quam
1162 1607 1268 1660 duo
1295 1607 1537 1664 maledici
1566 1624 1806 1664 essemus
1829 1649 1845 1677 ,
1876 1620 1933 1664 ut
1961 1611 1996 1664 ii

403 1692 493 1764 qui
533 1708 630 1747 nos
665 1694 903 1764 legerent
924 1733 941 1763 ,
971 1697 1057 1751 alii
1087 1697 1378 1753 detestatos
1404 1699 1696 1770 abjicereot
1721 1717 1846 1756 sana
1873 1719 1995 1771 gra-

403 1786 563 1838 vitate
587 1827 601 1848 ,
644 1783 728 1839 alii
773 1788 1006 1842 suaviter
1046 1788 1316 1844 haurirent
1354 1791 1612 1847 malevola
1641 1795 1997 1852 voluntate‘?

405 1877 515 1945 ligo
544 1877 754 1945 quando
783 1879 972 1948 cuique
1003 1881 1082 1935 vel
1107 1881 1332 1937 dicendo
1363 1883 1445 1938 vel
1467 1885 1747 1941 scribendo
1768 1905 1995 1957 respon-

396 1963 502 2016 ιιι-ο
525 2005 538 2029 ,
578 1961 736 2020 etiam
769 1969 1165 2022 contumeliosis
1194 1971 1648 2028 criminationibus
1681 1976 1989 2045 lacessitus,

401 2064 652 2121 quantum
697 2056 825 2110 mihi
859 2058 1109 2112 Dominus
1138 2059 1335 2128 donat,
1368 2063 1584 2117 frenatis
1609 2074 1766 2136 atque
1790 2070 1991 2124 contri~

401 2144 466 2196 tis
493 2146 512 2175 ’
556 2161 706 2200 vana:
761 2147 1136 2218 indignationis
1177 2153 1420 2220 aculeis,
1471 2155 1696 2211 auditori
1742 2158 1994 2216 lectorive

394 2237 712 2300 consulens,
745 2255 848 2292 non
878 2257 976 2309 ago
1009 2250 1065 2294 ut
1087 2242 1286 2297 efficiar
1308 2242 1506 2298 homini
1529 2248 1878 2304 conviciando
1902 2267 1993 2306 su-

398 2331 575 2396 perior
595 2371 608 2394 ,
633 2330 727 2384 sed
753 2347 989 2386 errorem
1019 2334 1383 2391 comriuccndo
1403 2337 1684 2396 salubrior.

469 2419 521 2472 2.
563 2419 616 2474 Si
663 2421 802 2475 enim
844 2423 1228 2495 qualecumque
1270 2442 1365 2482 cor
1412 2428 1645 2498 habent,
1672 2433 1760 2502 qui
1784 2449 1843 2488 ea
1873 2451 1990 2505 quae

393 2509 654 2577 scrirsisti
702 2513 1080 2578 considerant;
1131 2516 1255 2586 quid
1296 2518 1389 2573 tibi
1423 2521 1620 2588 profuit
1645 2523 1710 2577 ad
1740 2540 1987 2594 causam,

392 2615 514 2669 quze
556 2601 694 2656 inter
724 2619 819 2657 nos
845 2604 911 2659 de
940 2609 1314 2663 communione
1342 2612 1602 2669 catholica
1634 2617 1718 2671 vel
1747 2617 1814 2673 de
1843 2628 1990 2688 parte

395 2691 583 2744 Donati
615 2693 814 2760 agitur,
845 2696 984 2765 quod
1016 2698 1203 2754 relicto
1233 2702 1445 2770 negotio
1465 2706 1691 2774 quodam
1716 2709 1873 2763 modo
1895 2727 1991 2779 pu-

393 2779 532 2834 blico
553 2823 568 2847 ,
601 2783 800 2850 privata
827 2786 1054 2855 quadam
1083 2790 1354 2845 simultate
1383 2791 1612 2849 hominis
1640 2797 1798 2851 uoius
1828 2800 1985 2856 vitam

392 2875 665 2930 maledicis
691 2879 992 2947 opprobriis
1024 2881 1312 2938 insectatus
1337 2899 1397 2940 es
1415 2926 1430 2948 ,
1455 2888 1606 2955 quasi
1630 2888 1791 2944 homo
1813 2892 1902 2946 ille
1919 2893 1988 2948 sit

386 2980 546 3018 causa
572 2982 689 3036 qua:
720 2968 1046 3038 inquiritur?
1075 2970 1205 3026 Tam
1233 2975 1370 3028 male
1395 2977 1708 3033 existimasti
1733 3024 1749 3046 ,
1778 2997 1883 3037 non
1904 2983 1986 3038 di-

349 3034 352 3036 i
385 3072 503 3111 eam
547 3058 613 3112 de
649 3058 965 3116 Christianis
989 3103 1004 3128 ,
1036 3063 1132 3119 sed
1158 3065 1225 3119 de
1250 3065 1367 3136 ipso
1392 3083 1592 3137 genere
1621 3074 1856 3127 ι;ιιιιι,ιιι‹›
1878 3117 1894 3140 ,
1925 3085 1986 3132 ιιι

386 3163 495 3201 non
527 3150 775 3205 crederes
803 3168 958 3220 posse
992 3165 1078 3210 tua
1109 3159 1306 3227 seripta
1355 3159 1408 3213 in
1459 3178 1647 3219 manus
1683 3167 1981 3236 aliquorum

383 3238 567 3292 venire
595 3240 954 3308 prudentium,
979 3247 1068 3314 qui
1094 3261 1153 3301 se
1173 3265 1200 3299 a
1231 3251 1470 3317 personis
1497 3255 1690 3308 nostris
1714 3257 1979 3328 tollerent,

381 3335 436 3379 et
472 3330 818 3396 quaestionem
852 3335 1027 3402 potius
1053 3353 1170 3402 qua:
1197 3340 1336 3395 inter
1361 3357 1460 3397 nos
1493 3355 1786 3402 verteretur
1811 3350 1983 3421 inqui-

384 3429 561 3473 rerent
586 3465 600 3485 ,
630 3437 726 3476 nec
754 3425 842 3494 qui
872 3425 951 3480 vel
984 3427 1168 3496 quales
1195 3445 1434 3486 essemus
1457 3473 1472 3498 ,
1499 3435 1592 3489 sed
1623 3438 1746 3506 quid
1769 3456 1865 3508 pro
1887 3459 1979 3497 ve-

383 3507 539 3562 ritate
587 3511 669 3565 vel
725 3523 911 3568 contra
961 3533 1200 3571 errorem
1247 3521 1548 3578 diceremus
1599 3530 1980 3588 attenderem?

381 3596 582 3653 llorum
619 3600 877 3670 judicium
909 3606 1000 3660 tibi
1029 3611 1380 3665 reverendam
1413 3613 1540 3679 fuit,
1575 3616 1764 3672 horum
1796 3637 1980 3691 repre-

383 3690 572 3746 heusio
616 3695 988 3764 pra'cavenda,
1038 3715 1106 3753 ne
1152 3707 1203 3755 te
1249 3703 1638 3761 arbitrarentur
1666 3709 1794 3764 nihil
1835 3713 1979 3769 iuve-

380 3781 526 3836 uisse
566 3783 706 3853 quod
750 3784 958 3842 diceres
980 3831 996 3856 ,
1031 3790 1131 3845 nisi
1166 3793 1255 3846 tibi
1297 3788 1736 3865 proponeresCtii
1765 3819 1978 3874 quoquo

377 3869 539 3928 modo
574 3876 939 3934 maledicercs.
974 3880 1080 3936 Sed
1111 3883 1357 3940 videlicet
1381 3891 1731 3957 quorumdam
1765 3895 1976 3953 levitate

377 3975 536 4035 atque
568 3967 830 4037 vanitate,
853 3973 940 4042 qui
965 3973 1194 4030 libenter
1216 3978 1437 4034 audiunt
1462 3982 1580 4038 lites
1601 3985 1925 4055 jurgantium
1954 3991 1974 4023 ⁸

377 4057 732 4127 disertorum,
781 4071 837 4116 ut
868 4079 986 4120 eum
1015 4068 1294 4124 attendunt
1320 4086 1477 4140 quam
1509 4075 1823 4146 eloquenter
1848 4097 1976 4136 con-

375 4151 584 4205 vicieris
610 4195 623 4217 ,
667 4169 770 4208 non
815 4155 1118 4213 intueantur
1145 4159 1166 4190 δ
1204 4177 1360 4231 quam
1394 4166 1655 4222 veraciter
1686 4170 1974 4228 convinca-

377 4241 470 4294 ris.
495 4239 665 4296 Simul
694 4252 748 4296 ct
777 4244 902 4299 illud
924 4247 1116 4316 opinor
1139 4250 1324 4320 egisti,
1354 4262 1410 4307 ut
1430 4267 1718 4325 occupatus
1740 4275 1855 4314 mea
1877 4261 1971 4316 de-

372 4337 614 4392 fensione
657 4349 956 4408 susceptam
997 4357 1212 4399 causam
1257 4349 1415 4404 etiam
1461 4353 1574 4422 ipse
1617 4354 1919 4414 descrerem
1953 4378 1968 4428 ;

371 4436 532 4497 atque
570 4428 641 4482 ita
669 4427 992 4498 hominibus,
1029 4451 1132 4490 non
1161 4436 1229 4491 ad
1253 4438 1662 4510 diSputantimn,
1693 4449 1784 4504 sed
1812 4451 1877 4505 ad
1907 4427 1970 4508 li-

372 4518 648 4585 tigantium
711 4521 870 4576 verba
927 4527 1201 4582 conversis
1230 4570 1244 4593 ,
1300 4532 1679 4592 obscuraretur
1725 4543 1920 4597 veritas
1949 4587 1965 4612 ,

369 4623 528 4671 quam
569 4609 897 4669 dilucesccre
940 4626 1098 4687 atque
1140 4619 1473 4680 innotescere
1512 4625 1824 4686 formidatis.
1855 4633 1968 4705 Ego

373 4703 547 4768 itaque
574 4711 755 4756 eontra
789 4705 891 4760 tale
916 4709 1196 4766 consilium
1223 4714 1346 4784 quid
1375 4731 1525 4786 agam
1552 4761 1566 4785 ,
1599 4722 1697 4776 nisi
1721 4740 1839 4780 mea
1872 4744 1968 4796 po-

371 4793 476 4845 tius
513 4791 826 4853 defensione
870 4801 1108 4870 neglecta
1138 4821 1249 4860 rem
1285 4817 1490 4864 teneam
1514 4853 1528 4877 ,
1559 4813 1626 4869 de
1654 4831 1755 4886 qua
1789 4818 1964 4874 inten-

371 4881 568 4936 tionem
615 4900 785 4940 meam
832 4889 1006 4944 nullus
1043 4909 1192 4949 meus
1230 4897 1540 4955 criminator
1565 4906 1832 4960 excudat?
1860 4909 1964 4964 Do-

368 4988 514 5028 mum
562 4975 654 5031 Dei
693 4979 832 5044 mei,
871 4981 1020 5050 cujus
1055 4983 1305 5042 decorem
1333 4989 1527 5058 dilexi,
1557 5000 1826 5064 praeconio
1850 5018 1964 5057 ser-

369 5067 561 5121 vientis
597 5071 744 5124 vocis
785 5075 1034 5128 extollam
1065 5118 1079 5141 ,
1125 5093 1212 5133 me
1254 5095 1384 5135 vero
1424 5082 1723 5143 humiliabo'
1748 5101 1801 5145 et
1828 5093 1963 5164 abji-

291 5211 312 5232 ο
365 5157 523 5210 riam.
556 5158 698 5229 Elogi
725 5162 864 5216 enim
892 5165 1131 5234 abjectus
1160 5185 1277 5225 esse
1303 5172 1350 5226 in
1379 5174 1537 5228 domo
1568 5179 1654 5232 Dei
1681 5183 1780 5238 mei
1808 5226 1820 5246 ,
1847 5202 1960 5240 ma-

363 5249 444 5316 gis
471 5265 629 5317 quam
661 5251 898 5309 habitare
921 5256 971 5310 in
1000 5259 1356 5318 tabernaculis
1381 5265 1752 5327 luereticorum
1781 5275 1950 5348 (Psal.

366 5357 593 5408 LXXXIII,
635 5345 740 5417 tl).
777 5349 815 5400 Α
849 5357 898 5402 te
923 5364 1078 5419 ergo,
1111 5353 1365 5412 Petiliane
1387 5401 1399 5421 ,
1424 5375 1724 5419 sermonem
1751 5384 1955 5436 parum-

363 5446 458 5502 per
483 5450 714 5490 avertam
742 5454 756 5503 ;
790 5447 842 5493 et
869 5440 934 5494 ad
965 5457 1057 5496 eos
1088 5457 1392 5503 convertam
1419 5493 1433 5516 ,
1466 5469 1600 5524 quos
1628 5473 1656 5509 a
1687 5475 1770 5512 me
1801 5463 1956 5517 male-

425 5542 441 5619 ξ
467 5551 512 5619 tu
539 5555 662 5619 vss,
689 5550 910 5619 malivola
931 5553 1181 5619 voluptate.

422 5607 442 5676 ξ
468 5609 539 5676 sic
557 5607 662 5676 ttss.
689 5614 962 5676 Editlvero,
987 5607 1223 5671 coercitis.

424 5667 442 5750 ξ
469 5671 599 5750 riditi,
611 5675 900 5750 uagantur»);
921 5691 939 5728 :
951 5667 1040 5742 pro
1054 5667 1154 5750 quo
1165 5667 1301 5750 aliis,
1317 5686 1639 5750 jurgautimu.

422 5736 439 5756 ι
465 5739 509 5791 ,ιλ
532 5731 590 5778 ul
611 5731 802 5800 tirftug
823 5739 851 5786 I.
881 5731 994 5792 Veii.
1026 5731 1390 5807 ρίιιιικίξςὶἷῆιιι
1407 5731 1503 5801 hort
1522 5751 1809 5808 intueantur.
1882 5768 1939 5810 Μ.

1201 302 1476 357 CONTRA
1517 300 1857 356 LITTERAS
1897 299 2256 370 PETlLlANl,
2297 303 2354 360 S.
2397 307 2760 368 AUGUSTINI

3587 332 3700 388 .353

2109 415 2264 471 dictis
2296 420 2398 476 tuis
2418 437 2476 476 es
2502 435 2724 480 conatus
2747 436 2990 484 avertere
3013 471 3028 497 ,
3057 435 3208 503 quasi
3239 435 3340 492 hoc
3369 456 3467 510 ego
3490 446 3698 512 moliar,

2111 519 2164 564 ut
2195 509 2439 570 homines
2459 515 2526 571 ad
2555 533 2638 573 me
2659 504 3058 593 convertantur,
3089 536 3269 584 etnon
3291 535 3467 601 potius
3488 552 3698 596 mecum

2106 601 2170 655 ad
2205 602 2388 658 Deum.

2179 693 2402 751 CAPUT
2425 698 2487 752 ll.
2506 701 2646 756 —3.
2673 704 2862 759 Audite
2891 721 3038 778 ergo,
3065 711 3387 784 quicumque
3417 721 3700 780 malcdfcta

2112 783 2317 853 legistis
2341 830 2353 850 ,
2381 804 2500 858 qua:
2532 792 2584 845 in
2615 808 2701 848 me
2732 794 2917 851 iratior
2953 814 3111 870 quam
3140 807 3530 867 consideratior
3561 816 3702 872 Prli-

2111 875 2286 930 lianus
2316 883 2567 936 evomuit.
2583 883 2752 940 'Prius
2774 903 2866 942 vos
2887 893 3194 960 apostolicis
3222 899 3397 955 verbis
3421 904 3698 974 alloquar;

2110 983 2226 1036 qua'
2256 979 2425 1036 certe,
2458 974 2860 1048 qualiscumque
2888 980 3000 1050 ipse
3017 983 3148 1051 sim,
3172 1001 3298 1044 vera
3319 1003 3462 1047 sunt.
3492 996 3584 1052 Sic
3609 1017 3700 1054 nos

2107 1060 2358 1114 existimet
2379 1063 2528 1118 homo
2554 1069 2702 1135 quasi
2721 1070 2978 1126 ministros
3000 1072 3190 1130 Christi
3211 1120 3224 1140 ,
3255 1091 3302 1134 et
3327 1083 3696 1153 dispensatores

2099 1154 2457 1222 mysteriorum
2491 1157 2604 1212 Dei.
2652 1160 2751 1214 llic
2767 1164 2878 1233 jam
2900 1169 3144 1234 quturitur
3169 1173 3298 1227 inter
3330 1175 3698 1248 disparantur“

2108 1251 2162 1292 ut
2189 1243 2354 1301 lit/clis
2374 1247 2486 1316 quis
2514 1248 2815 1307 inveniatur.
2841 1254 2972 1310 Mihi
2992 1268 3160 1314 autem
3194 1265 3457 1322 minimum
3483 1282 3554 1326 est
3582 1284 3638 1328 ut
3664 1294 3697 1330 ιι

2106 1334 2242 1386 vobis
2267 1335 2533 1406 dijudicer,
2573 1354 2660 1395 aut
2699 1343 2762 1397 ab
2797 1347 3019 1403 humano
3048 1352 3129 1406 die
3149 1371 3168 1407 :
3205 1357 3294 1410 sed
3323 1377 3481 1430 neque
3501 1383 3590 1436 rgo
3616 1385 3697 1424 me

2105 1423 2272 1491 ipsum
2289 1429 2492 1497 judico.
2516 1431 2632 1486 Jam
2661 1435 2798 1504 quod
2827 1442 3086 1510 sequitur,
3119 1448 3216 1501 ctsl
3243 1451 3370 1505 mihi
3395 1423 3499 1510 non
3521 1423 3692 1516 iiudeo

2106 1527 2354 1586 cooptare
2377 1563 2391 1584 ,
2424 1533 2480 1577 ut
2509 1525 2678 1580 dicam
2716 1528 2911 1586 :Nihil
2947 1536 3080 1590 enim
3119 1541 3242 1594 mihi
3279 1548 3506 1603 conscius
3541 1566 3694 1621 sum;

2108 1605 2339 1664 ﬁdenter
2363 1612 2378 1642 ¹
2412 1617 2663 1671 tamenin
2690 1633 2978 1691 conspectu
3015 1626 3107 1682 Dei
3134 1631 3254 1686 dico
3274 1674 3289 1698 ,
3321 1635 3459 1692 Nihil
3480 1605 3688 1710 eorum:

2103 1699 2295 1765 quibus
2322 1702 2612 1761 Petilianus
2659 1719 2867 1780 tempus
2909 1716 3030 1770 vita:
3071 1733 3206 1775 meae
3248 1733 3593 1799 posteaquam
3636 1699 3689 1790 iri

2103 1788 2318 1845 Christo
2347 1793 2643 1863 baptizatus
2669 1817 2804 1868 sum,
2830 1805 3142 1865 criminatus
3161 1788 3264 1878 est,
3286 1818 3417 1873 mihi
3444 1788 3691 1883 conscius

2103 1894 2222 1935 sum
2245 1898 2258 1946 ;
2286 1900 2377 1938 nec
2401 1895 2568 1941 tamen
2595 1890 2646 1942 in
2675 1891 2768 1946 hoc
2786 1895 3097 1965 justiﬁcatus
3125 1912 3277 1958 sum:
3303 1910 3391 1977 qui
3407 1923 3576 1967 autem
3605 1918 3688 1970 di-

2090 1972 2292 2040 judicat
2345 1993 2424 2030 me
2449 2020 2463 2045 ,
2506 1977 2758 2038 Dominus
2793 1997 2885 2043 est.
2931 1989 3108 2061 Itaque
3141 1972 3450 2056 nolite'aute
3491 2015 3689 2077 tempus

2097 2064 2369 2133 quidquam
2392 2069 2629 2138 judicare
2648 2076 2690 2140 ',
2715 2076 2872 2132 donec
2892 2083 3056 2136 veniat
3082 2084 3351 2156 Dominus,
3375 2102 3419 2146 et
3437 2064 3688 2156 illuminat

2098 2154 2391 2212 abscondita
2420 2163 2734 2220 tenebrarum
2755 2210 2770 2231 ,
2794 2181 2840 2223 et
2861 2175 3197 2246 manifestabit
3227 2182 3554 2251 cogitationes
3573 2207 3685 2246 cor-

2097 2245 2177 2300 dis
2198 2289 2211 2311 ,
2239 2259 2283 2300 et
2304 2260 2423 2303 tunc
2443 2253 2556 2307 laus
2581 2257 2672 2309 crit
2699 2260 2968 2332 unicuique
2987 2282 3018 2318 α
3043 2265 3167 2322 Deo.
3206 2269 3333 2326 Ha'c
3352 2286 3545 2343 autem,
3576 2283 3683 2351 fra-

2098 2346 2216 2400 tres,
2248 2344 2607 2415 trans/igurari
2631 2349 2682 2402 in
2706 2369 2784 2405 me
2808 2395 2821 2417 ,
2856 2371 2918 2408 ne
2938 2373 3097 2427 supra
3124 2376 3277 2429 quam
3313 2369 3557 2437 scriptum
3585 2385 3679 2443 est,

2095 2445 2226 2484 unus
2264 2451 2357 2503 pro
2396 2438 2556 2492 altera
2601 2440 2808 2511 inﬂetur
2846 2447 3087 2504 adversus
3127 2452 3344 2510 alterum
3385 2461 3402 2528 (
3424 2459 3442 2514 l
3466 2463 3583 2518 Cor.
3606 2482 3675 2534 tv,

2100 2525 2235 2593 Hi).
2282 2532 2464 2600 Itaque
2502 2539 2929 2608 aemoglorietur
2963 2545 3016 2599 in
3057 2546 3278 2605 homine.
3329 2525 3514 2613 Urania
3550 2565 3680 2618 enim

2096 2627 2258 2671 vestra
2285 2633 2434 2689 sunt,
2463 2641 2549 2679 ros
2575 2638 2742 2684 autent
2765 2631 2986 2703 Christi,
3013 2637 3243 2698 Christus
3268 2661 3384 2703 vero
3411 2650 3506 2706 Dei
3545 2654 3568 2728 (
3587 2655 3674 2712 Id.

2094 2726 2150 2766 ιιι
2176 2753 2190 2774 ,
2221 2712 2396 2772 21-23
2415 2719 2456 2789 ).
2484 2718 2679 2777 Iterum
2706 2725 2824 2781 dico
2848 2769 2865 2795 ,
2895 2729 3063 2787 Nemo
3089 2737 3332 2806 glorietur
3354 2743 3406 2796 in
3435 2712 3639 2803 homine
3658 2767 3681 2805 .-

2092 2804 2292 2874 sacpius
2320 2818 2505 2877 repeto
2532 2854 2546 2877 ,
2579 2811 2746 2869 Nemo
2771 2819 3018 2888 glorietur
3048 2804 3104 2879 in
3129 2827 3347 2886 homine.
3378 2833 3432 2889 Si
3461 2839 3587 2906 quid
3618 2804 3673 2895 in

2092 2896 2251 2950 nobis
2273 2899 2538 2958 laudabile
2563 2905 2839 2965 advertitis
2857 2953 2872 2977 ,
2899 2914 2966 2968 ad
2997 2916 3138 2973 illius
3164 2921 3368 2979 laudem
3394 2896 3610 2993 referte.
3639 2947 3672 2986 a

2090 2997 2196 3052 quo
2217 2996 2300 3042 est
2326 3004 2486 3046 omne
2512 2992 2692 3050 datum
2721 3001 3000 3069 optinmm,
3025 3015 3079 3061 et
3100 3023 3259 3066 omne
3279 3012 3472 3071 donum
3501 3021 3674 3088 perfe-

2089 3082 2231 3129 ctum
2267 3092 2278 3128 :
2311 3077 2592 3139 desursum
2622 3096 2705 3142 est
2733 3091 2874 3146 enim
2911 3093 3247 3158 descendens
3270 3119 3300 3157 a
3333 3107 3488 3164 Patre
3511 3109 3670 3167 lumi-

2089 3181 2215 3220 num
2247 3210 2260 3231 ,
2292 3174 2429 3240 apud
2459 3191 2618 3245 quem
2659 3197 2763 3237 non
2805 3195 2885 3241 est
2928 3188 3257 3262 immutatio,
3291 3211 3388 3255 nec
3418 3207 3667 3260 momenti

2086 3257 2424 3318 obumbratio
2448 3265 2464 3336 (
2487 3266 2672 3326 Jacobi
2693 3289 2737 3336 ι.
2767 3275 2886 3347 17).
2912 3279 3049 3348 Quid
3079 3287 3220 3341 enim
3244 3257 3502 3348 habemus

2087 3364 2191 3404 non
2219 3356 2564 3424 accepimus?
2594 3361 2648 3417 Si
2673 3375 2850 3421 autem
2879 3375 3182 3443 accepimus
3205 3421 3218 3445 ,
3251 3395 3357 3435 non
3380 3384 3670 3453 gloriemur

2084 3444 2235 3510 quasi
2263 3461 2366 3500 non
2394 3454 2758 3521 acceperimus
2791 3459 2811 3530 (
2829 3459 2850 3514 Ι
2880 3462 2996 3517 Cor.
3021 3481 3092 3532 ιγ,
3127 3468 3200 3540 7).
3230 3471 3296 3525 Et
3317 3444 3474 3532 initis
3496 3481 3669 3536 omni-

2084 3531 2184 3587 bus
2207 3551 2556 3612 quaecumque
2585 3545 2636 3600 in
2669 3549 2822 3604 nobis
2851 3551 2984 3608 bona
3010 3560 3178 3614 nostis
3201 3599 3215 3626 ,
3249 3562 3546 3624 imitatores
3572 3587 3670 3626 no-

2082 3626 2176 3678 stri
2205 3633 2454 3695 estote,si
2479 3643 2656 3692 tamen
2676 3655 2774 3695 nos
2793 3642 2986 3698 Christi
3008 3645 3030 3677 ³
3051 3645 3234 3718 (Ibid,
3267 3651 3355 3724 16)
3378 3672 3391 3708 :
3415 3657 3668 3717 siautem

2081 3717 2253 3788 aliqua
2286 3723 2422 3777 mala
2453 3725 2504 3780 iu
2530 3729 2684 3786 nobis
2708 3733 2790 3787 vel
2819 3737 3159 3804 suspieamini
3199 3744 3279 3798 vel
3317 3748 3538 3804 creditis
3579 3756 3668 3809 vel

2081 3810 2271 3866 videtis
2296 3855 2311 3880 ,
2357 3819 2583 3875 retinete
2627 3822 2757 3878 illud
2804 3824 3126 3886 dominicum
3148 3873 3161 3898 ,
3210 3850 3315 3904 quo
3344 3842 3517 3895 securi
3547 3844 3668 3914 ejus

2081 3900 2380 3962 Ecclesium
2431 3925 2534 3964 non
2594 3925 2814 3984 preptcr
2857 3921 2992 3975 mala
3038 3923 3313 3982 hominum
3362 3930 3665 3991 deseratis:

2081 3991 2212 4060 Qua:
2236 3995 2482 4064 dicimus,
2515 4000 2709 4070 facite;
2737 4023 2856 4076 quae
2875 4019 3054 4067 autem
3084 4017 3219 4071 mala
3251 4033 3350 4074 nos
3377 4020 3547 4078 facere
3567 4041 3665 4095 pu-

2079 4088 2200 4141 tatis
2229 4099 2320 4144 aut
2345 4094 2512 4148 nostis
2538 4137 2552 4160 ,
2588 4099 2754 4156 nolite
2780 4100 2952 4158 facere
2983 4105 3004 4175 (
3026 4104 3212 4164 Matth.
3245 4127 3400 4177 χχιιι,
3427 4116 3460 4171 ’5
3479 4117 3520 4188 ).
3547 4088 3664 4174 rion

2077 4179 2218 4232 enim
2250 4190 2458 4252 tempus
2489 4197 2571 4242 est
2602 4193 2858 4261 purgandi
2890 4212 2976 4251 me
2998 4201 3168 4266 vobis,
3192 4214 3335 4271 cum,
3363 4221 3481 4262 mea
3505 4223 3663 4266 causa

2076 4274 2316 4342 neglecta
2340 4317 2355 4344 ,
2390 4294 2502 4333 rem
2533 4284 2682 4338 vobis
2714 4288 2982 4345 salubrem
3013 4297 3389 4354 commendare
3415 4314 3662 4372 suscepe-

2075 4363 2172 4417 rim
2200 4405 2214 4430 ,
2247 4376 2301 4422 ut
2340 4383 2501 4425 nemo
2524 4373 2780 4442 glorietur
2809 4379 2860 4433 in
2891 4381 3128 4439 homine.
3170 4385 3480 4446 Maledictus
3516 4395 3660 4449 enim

2073 4458 2244 4509 ozenis
2265 4461 2351 4529 qui
2374 4476 2521 4531 Spem
2546 4477 2694 4519 suam
2720 4470 2868 4536 ponit
2891 4473 2940 4527 in
2961 4473 3175 4531 homine.
3192 4479 3404 4550 (Jercm.
3428 4500 3559 4553 xm,
3576 4487 3656 4556 5).

2075 4547 2187 4602 lloe
2228 4562 2495 4622 percepto
2537 4555 2805 4615 dominico
2843 4570 2896 4618 et
2934 4547 3474 4640 apostolieoretento
3501 4587 3662 4648 atque

2070 4655 2297 4710 Servato,
2325 4647 2482 4702 etiam
2517 4667 2601 4706 me
2627 4652 2678 4706 in
2703 4671 2819 4711 mea
2845 4672 3025 4723 causa,
3049 4664 3183 4718 sicut
3211 4665 3453 4722 inimicus
3475 4671 3663 4727 existi—

2071 4738 2202 4789 mari
2233 4739 2414 4806 cupit,
2443 4739 2724 4799 deliciente
2750 4758 2798 4801 et
2829 4764 3119 4819 oppresso,
3153 4755 3340 4810 victrix
3371 4759 3474 4813 erit
3497 4777 3656 4817 causa

2069 4827 2153 4880 cui
2187 4830 2381 4885 servio.
2410 4832 2462 4887 Si
2491 4835 2633 4888 enim
2663 4836 2966 4895 ﬁrmissime
2995 4847 3275 4902 teuueritis
3295 4850 3434 4919 quod
3463 4853 3659 4907 exhor-

2070 4927 2155 4970 tor
2183 4929 2234 4973 et
2259 4931 2460 4992 satago,
2487 4927 2824 4984 maledictum
2848 4947 2968 4988 esse
2987 4949 3200 4992 onmem
3225 4941 3312 5009 qui
3334 4955 3480 5010 Spem
3505 4959 3654 4998 suam

2067 5010 2216 5077 ponit
2247 5011 2298 5066 iu
2326 5015 2560 5082 homine,
2590 5027 2649 5071 ut
2670 5035 2828 5075 nemo
2850 5023 3107 5091 glorietur
3127 5027 3178 5082 in
3202 5028 3450 5096 homine;
3475 5047 3653 5089 arcam

2065 5098 2418 5171 dominicam,
2455 5120 2671 5177 propter
2701 5113 2903 5180 paleam
2934 5133 3052 5185 qua:
3081 5120 3163 5174 vel
3192 5137 3332 5177 nunc
3363 5134 3520 5180 vento
3558 5142 3654 5181 su-

2063 5192 2282 5259 perhize,
2317 5210 2567 5262 percussa
2601 5202 2774 5268 volat,
2806 5205 2890 5260 vel
2922 5208 3102 5262 ultima
3125 5213 3468 5270 ventilatione
3495 5233 3652 5286 sepa-

2063 5281 2266 5337 rahitur
2299 5284 2316 5354 (
2346 5283 2531 5341 Matth.
2567 5306 2619 5344 ιιι
2647 5333 2661 5358 ,
2693 5293 2758 5346 12
2781 5294 2800 5366 )
2824 5335 2839 5359 ,
2874 5297 3022 5351 nullo
3049 5301 3207 5356 modo
3234 5302 3525 5374 deseretis,
3555 5281 3656 5364 nec

2060 5370 2276 5428 donmm
2306 5393 2548 5448 magnam
2582 5395 2798 5454 propter
2836 5403 2957 5442 vasa
3010 5389 3143 5446 facta
3183 5395 3232 5447 in
3273 5399 3654 5454 contumeliam

2061 5467 2331 5538 t‘cfugietis
2363 5473 2428 5542 (ll
2461 5473 2589 5529 Tim.
2617 5493 2672 5540 ll,
2701 5479 2816 5552 ΞΟ),
2843 5499 2941 5538 nec
2969 5499 3186 5557 propter
3209 5490 3375 5544 malos
3403 5491 3571 5561 pisces
3597 5493 3652 5548 in

2125 5581 2140 5660 ξ
2167 5582 2302 5660 ιιτιιίιι
2323 5589 2673 5660 manuscriptis.
2702 5599 2756 5660 at
2779 5593 2825 5642 in
2851 5595 3012 5654 editis,
3036 5596 3262 5660 fideliter.

2122 5643 2140 5672 ³
2168 5643 2611 5726 riditi,‘qu.emqua_nt
2625 5652 2873 5714 judicare.
2896 5643 2949 5706 at
2974 5643 3384 5726 quidquam
3396 5662 3646 5726 judicare.

2057 5710 2218 5752 Graece
2243 5715 2336 5763 est,
2361 5710 2397 5757 lt'
2420 5710 2615 5760 criuete.

2123 5765 2141 5795 ³
2167 5772 2230 5815 tta
2254 5772 2356 5817 Mss.
2387 5777 2438 5818 At
2465 5772 2598 5834 editi,
2625 5773 2744 5825 sicut
2765 5778 3052 5830 uase/tristi.
