4028 6202
343 326 445 389 διο

341 448 522 501 littore
552 436 883 511 separandos
923 442 1021 507 per
1041 434 1279 505 disrupta
1313 433 1442 489 retia
1470 432 1680 487 exibitis
1710 431 1931 505 (Matth.

345 553 437 593 ιιιι
458 578 475 604 ,
499 533 590 599 67,
620 528 692 588 48
710 531 729 604 )
750 572 765 597 ,
793 544 894 586 nec
921 536 1141 601 propter
1165 526 1350 582 haedos
1373 534 1586 597 pastore
1609 523 1843 579 dirisuro
1871 523 1937 578 ad

342 624 617 682 sinistram
658 618 938 695 ponendos
975 619 1118 676 bona
1155 617 1373 673 unitatis
1401 627 1597 687 pascua
1628 613 1939 684 relinquetis

346 719 456 793 (Id.
491 728 634 783 xxv,
659 713 749 777 52,
782 710 898 785 33),
925 725 1026 767 nec
1053 719 1277 782 propter
1300 708 1587 765 commixta
1614 707 1815 762 zizania
1844 719 1941 760 vos

346 828 378 865 a
404 809 565 865 tritici
586 807 843 862 societate
865 845 881 870 ,
910 803 995 859 eui
1023 811 1183 874 caput
1206 810 1287 856 est
1314 814 1536 871 granum
1565 798 1693 853 illud
1719 798 1942 853 mortlti-

350 904 525 949 catum
550 897 608 947 et
635 887 1045 960 multiplicatum
1067 927 1083 953 ,
1117 893 1174 940 et
1210 899 1330 956 qute
1370 898 1466 955 per
1502 883 1758 938 mundum
1786 880 1941 936 simul

351 998 521 1054 usque
553 981 621 1036 ad
652 993 882 1035 messem
911 975 1107 1033 crescit
1129 977 1145 1008 ¹
1170 1016 1185 1044 ,
1216 974 1413 1031 nefaria
1440 973 1757 1030 discissione
1784 986 1943 1040 sepa-

354 1073 559 1131 rabilis.
593 1072 737 1142 Ager
761 1076 840 1124 est
870 1068 1014 1125 enim
1041 1066 1273 1123 mundus
1294 1109 1309 1132 ,
1338 1080 1444 1121 non
1475 1063 1687 1129 Africa;
1719 1063 1941 1127 meSsis,

353 1162 473 1221 linis
499 1162 687 1219 sa‘cttli
715 1158 826 1235 (Id.
857 1174 955 1215 xm
974 1199 988 1224 ,
1013 1158 1241 1229 2440),
1276 1172 1379 1213 non
1406 1160 1617 1227 tempus
1646 1154 1857 1211 Donati.

418 1253 652 1312 CAPUT
683 1252 769 1307 Ill.
799 1280 874 1292 -—-
897 1252 953 1307 4.
982 1250 1092 1306 llas
1131 1258 1276 1304 certe
1312 1247 1688 1304 similitudines
1709 1260 1947 1316 evange-

355 1347 485 1402 licas
514 1341 923 1415 recognoscitis,
954 1340 1020 1396 ad
1045 1339 1172 1412 quid
1198 1340 1340 1394 aliud
1365 1339 1540 1404 datas,
1573 1338 1672 1393 nisi
1701 1345 1759 1392 ut
1787 1352 1945 1393 nemo

354 1438 613 1510 glorietur
638 1437 691 1490 in
721 1434 957 1500 homine,
989 1439 1133 1488 etne
1158 1433 1276 1502 quis
1303 1446 1401 1502 pro
1422 1431 1595 1486 altero
1616 1430 1827 1485 inflatus
1846 1430 1945 1484 ad-

356 1538 541 1585 versus
578 1529 810 1583 alterum
851 1524 1122 1581 dixifatur
1142 1565 1159 1590 ,
1200 1523 1384 1578 dicens
1418 1538 1438 1582 :
1467 1520 1580 1594 Ego
1603 1537 1714 1577 sunt
1746 1521 1899 1575 Pauli
1924 1536 1945 1576 :

364 1638 483 1677 cum
511 1621 698 1692 utique
728 1630 834 1675 neu
864 1617 1059 1673 Paulus
1092 1615 1380 1672 crucifixus
1404 1613 1472 1670 sit
1497 1631 1595 1687 pro
1624 1616 1773 1671 vobis
1792 1656 1806 1681 ,
1849 1630 1948 1670 nec

360 1720 412 1772 in
438 1714 658 1770 nomine
687 1713 832 1767 Pauli
863 1754 876 1775 ,
910 1718 1110 1782 quanto
1143 1709 1322 1764 minus
1357 1711 1412 1763 in
1440 1709 1654 1763 nomine
1679 1707 1945 1763 thciliani

358 1809 440 1862 rel
470 1806 780 1874 cujusquam
812 1813 1075 1865 nostrum,
1109 1799 1356 1870 baptizati
1384 1799 1502 1854 sitis
1535 1798 1576 1870 (I
1605 1797 1723 1852 Cor.
1755 1813 1806 1864 ι,
1843 1797 1913 1851 η
1931 1839 1944 1863 ,

364 1892 459 1966 l3)
488 1914 503 1950 :
535 1902 589 1949 ut
614 1892 833 1949 discatls
858 1933 873 1957 ,
926 1890 1178 1961 quamdiu
1209 1890 1359 1960 palea
1389 1905 1509 1944 cum
1554 1889 1820 1943 frumento
1851 1888 1946 1942 tri-

362 1997 606 2054 turatur,
641 1984 894 2058 quamdiu
916 1986 1118 2055 ‘pisces
1154 1984 1276 2037 mali
1316 1996 1436 2037 cum
1476 1982 1631 2037 bonis
1655 1981 1791 2035 intra
1817 1980 1947 2034 retia

358 2078 626 2136 dominica
672 2084 895 2143 natant,
925 2082 1050 2130 ante
1095 2084 1305 2143 tempus
1332 2072 1692 2127 ventilatlouis
1720 2072 1953 2126 tolerare

362 2171 537 2243 potius
563 2175 786 2241 propter
815 2165 983 2223 bonos
1008 2165 1446 2220 commixtionem
1475 2162 1759 2225 malorum,
1790 2177 1949 2232 quam

360 2262 558 2317 violare
612 2266 829 2331 prepter
872 2258 1044 2312 malos
1091 2255 1407 2310 cbaritatem
1466 2254 1775 2309 bonorum?
1827 2252 1953 2306 lltec

362 2355 554 2426 quippe
579 2349 920 2414 commixtio,
946 2360 1052 2402 non
1074 2355 1276 2402 interna
1295 2389 1310 2413 ,
1341 2345 1434 2400 sed
1466 2342 1773 2414 temporalis
1797 2359 1812 2407 ;
1852 2357 1952 2396 nec

364 2443 653 2517 spiritualis
680 2485 694 2510 ,
734 2442 830 2497 sed
857 2438 1148 2509 corporalis
1179 2448 1281 2493 est.
1332 2436 1389 2491 in
1426 2451 1533 2507 qua
1564 2450 1670 2490 non
1700 2435 1955 2489 errabant

367 2539 551 2610 Angeii
579 2578 596 2604 ,
626 2535 841 2607 quando
868 2533 1120 2601 colligeut
1160 2530 1332 2585 malus
1360 2528 1427 2584 de
1454 2526 1629 2583 medio
1651 2527 1913 2596 justorum
1935 2567 1949 2590 ,
2020 2531 2023 2534 ’

366 2641 419 2685 et
458 2628 708 2685 mittent'
750 2622 802 2681 in
840 2623 1108 2680 caminum
1148 2621 1284 2692 ignis
1323 2620 1583 2675 ardentis.
1620 2612 1776 2671 Novit
1810 2618 1951 2671 enim

372 2720 623 2778 Dominus
665 2714 759 2791 qui
796 2725 923 2772 sunt
959 2715 1094 2785 ejus.
1142 2712 1211 2768 Et
1249 2712 1292 2767 si
1334 2712 1403 2766 ab
1428 2708 1620 2781 iniquis
1651 2709 1715 2764 ad
1746 2716 1954 2777 tempus

373 2815 721 2887 corporaliter
743 2824 848 2866 non
876 2815 1068 2881 potest,
1100 2804 1314 2861 recedat
1338 2815 1515 2859 tamen
1536 2804 1603 2857 ab
1624 2801 1735 2872 ipsa
1759 2799 1954 2869 iniqui-

374 2923 384 2943 '
407 2922 473 2971 ite
498 2909 673 2961 omnis
695 2906 781 2973 qui
805 2894 1044 2956 nominat
1066 2910 1260 2953 nomen
1286 2895 1489 2951 Domini
1514 2890 1583 2965 (ιι
1606 2892 1737 2947 Tim.
1761 2906 1818 2958 It,
1839 2888 1952 2956 i9).

374 2990 518 3042 Licet
543 2984 687 3043 cnim
715 3001 744 3042 a
771 2989 926 3044 malis
957 2987 1166 3042 interim
1205 2986 1309 3040 vita
1336 3029 1350 3049 ,
1392 2986 1627 3040 moribus
1652 3026 1667 3051 ,
1698 2984 1859 3038 corde
1893 2995 1957 3037 ac

375 3079 639 3136 voluntate
684 3078 921 3150 separari
960 3089 1119 3150 atque
1159 3078 1434 3133 discedere
1474 3096 1488 3132 :
1530 3092 1648 3147 qua:
1691 3075 1957 3146 separatio

373 3182 581 3243 semper
591 3182 803 3243 oportet
818 3170 1163 3228 custodiatur.
1179 3168 1482 3244 Corporalis
1498 3176 1673 3224 autem
1691 3165 1958 3238 separatio

372 3261 434 3316 ad
455 3263 634 3318 sweuli
666 3261 823 3319 ﬁnem
852 3263 1097 3328 fidenter,
1132 3262 1414 3330 patienter,
1448 3257 1655 3314 fortiter
1676 3265 1956 3327 exspecte-

381 3364 491 3410 tur:
519 3364 742 3426 propter
761 3368 917 3426 quam
940 3353 1394 3426 exspectationem
1415 3350 1614 3407 dictum
1641 3346 1959 3414 est,Sustine

376 3445 668 3511 Dominum,
689 3446 899 3501 viriliter
921 3461 1052 3517 age;
1078 3446 1392 3514 cmfortetur
1410 3456 1499 3496 cor
1520 3451 1682 3507 (unm,
1702 3450 1749 3494 et
1769 3440 1962 3495 sustine

375 3536 646 3590 Dominum
665 3536 841 3609 (Paul.
861 3553 1006 3602 xm,
1029 3537 1133 3605 ιι).
1157 3534 1383 3590 Maxima
1407 3533 1602 3604 quippe
1627 3531 1804 3602 palma
1826 3532 1959 3586 ιοιιε⁸

378 3632 560 3686 rantire
575 3641 677 3696 est,
694 3632 831 3686 inter
847 3630 1280 3687 subintroductos
1300 3626 1459 3682 falsos
1476 3627 1685 3690 fratres,
1702 3639 1797 3679 sua
1816 3636 1960 3693 qua:-

373 3732 567 3790 rentes,
596 3738 701 3777 non
729 3738 848 3794 qua:
872 3722 1001 3779 Jesu
1029 3718 1244 3785 Christi,
1275 3718 1614 3774 dilectionem
1654 3728 1759 3770 nea
1808 3729 1957 3768 suam

372 3816 722 3884 quaerentium
750 3857 765 3882 ,
798 3814 891 3870 sed
916 3828 1036 3885 qua:
1061 3812 1188 3868 Jesu
1215 3811 1408 3866 Christi
1434 3850 1450 3876 ,
1480 3806 1628 3862 nulla
1657 3804 1958 3860 turbulenta

374 3915 424 3959 et
447 3905 728 3960 temeraria
759 3904 1093 3960 dissensione
1120 3902 1334 3958 turbare
1354 3944 1369 3967 ,
1399 3913 1499 3954 nec
1527 3897 1782 3953 unitatem
1811 3909 1962 3965 sago-

374 4010 454 4050 nte
480 3994 765 4052 dominica:
794 4013 858 4053 ex
881 3997 1026 4052 omni
1065 3995 1287 4067 piscium
1324 4004 1521 4064 genere
1550 3986 1919 4060 congregantis
1943 4029 1958 4054 ,

376 4086 498 4140 dum
519 4087 589 4141 ad
611 4087 780 4153 littus,
805 4086 854 4141 id
876 4094 978 4151 est,
1001 4086 1067 4141 ad
1090 4084 1250 4140 finem
1273 4082 1454 4139 smeuli
1478 4081 1708 4146 ducitur,
1732 4078 1961 4150 superbe

377 4174 577 4230 nefaria
609 4176 949 4232 contentione
988 4175 1323 4242 disrumpere
1354 4189 1365 4225 :
1402 4185 1524 4224 cum
1551 4184 1610 4225 se
1641 4178 1789 4238 putat
1818 4168 1965 4238 quis-

377 4280 477 4336 que
519 4265 720 4336 aliquid
766 4281 884 4322 esse
909 4308 922 4332 ,
964 4280 1085 4322 cum
1121 4264 1250 4320 nihil
1282 4263 1350 4318 sit
1375 4304 1390 4329 ,
1420 4269 1577 4331 atque
1602 4260 1673 4315 ita
1702 4274 1762 4315 se
1789 4259 1961 4329 ipsum

376 4358 619 4424 seducit;
661 4366 718 4412 et
759 4354 1010 4412 sufﬁcere
1050 4357 1162 4410 ruit
1192 4356 1255 4408 ad
1300 4353 1613 4424 populorum
1643 4350 1965 4405 christiano-

374 4465 487 4503 rum
511 4448 905 4520 separationem
935 4489 952 4513 ,
980 4463 1135 4503 suum
1162 4445 1246 4499 vel
1274 4459 1493 4499 suorum
1517 4442 1775 4513 judicium
1800 4441 1841 4508 ³,
1872 4440 1961 4511 qui
2004 4462 2017 4475 κ

380 4538 546 4596 malos
593 4540 852 4610 quosdam
896 4538 1274 4593 communione
1314 4535 1781 4590 Sacramentorum
1823 4532 1966 4586 chri-

383 4631 565 4685 stiana:
587 4628 860 4702 religionis
877 4629 1122 4699 indignos
1137 4640 1194 4682 se
1212 4626 1546 4697 apertissime
1567 4640 1726 4679 nosse
1745 4622 1927 4678 dicunt
1946 4640 1959 4676 :

379 4721 443 4775 de
469 4722 661 4791 quibus
694 4729 873 4776 tatncn
902 4717 1159 4791 quidquid
1195 4732 1353 4771 nosse
1377 4731 1436 4770 se
1460 4714 1676 4781 dicunt,
1704 4713 1964 4768 universa:

384 4811 634 4867 Ecclesiae
653 4826 772 4883 quae
793 4826 890 4882 per
909 4824 1096 4865 omnes
1124 4817 1311 4880 gentes
1330 4808 1465 4862 sicut
1490 4816 1573 4862 est
1593 4804 1844 4877 prtedicta
1865 4804 1967 4859 dif-

378 4901 647 4970 funditur,
670 4903 998 4975 persuadere
1038 4916 1144 4958 non
1177 4909 1419 4972 possunt.
1458 4899 1526 4954 Et
1553 4913 1673 4954 cum
1701 4898 1963 4963 istorum,

380 4994 525 5063 quasi
555 5009 691 5068 quos
721 5005 1019 5062 noverunt,
1049 4992 1314 5063 refugiunt
1341 4986 1792 5052 communionem,
1822 4989 1966 5043 illius

379 5086 630 5143 deserunt
659 5088 917 5142 unitatem
948 5104 960 5141 :
991 5100 1112 5141 cum
1144 5084 1318 5155 potius
1342 5080 1597 5138 deberent
1623 5122 1637 5146 ,
1670 5082 1713 5135 si
1741 5090 1881 5135 esset
1909 5082 1959 5134 in

380 5177 458 5233 eis
484 5177 721 5234 cbaritas
740 5178 918 5233 omnia
944 5176 1228 5242 sull'ercns,
1253 5189 1320 5230 ne
1341 5188 1398 5228 se
1418 5187 1447 5226 a
1472 5172 1625 5226 bonis
1645 5170 1962 5234 dividerent,

380 5280 512 5336 quos
534 5269 585 5323 in
615 5267 864 5323 omnibus
884 5266 1133 5338 gentibus
1154 5264 1329 5321 aliena
1356 5263 1494 5317 mala
1521 5261 1715 5316 docere
1736 5274 1844 5315 non
1870 5276 1963 5331 po~

383 5369 570 5426 terant,
595 5361 696 5433 ipsi
720 5361 776 5417 in
799 5376 900 5416 una
919 5369 1078 5430 gente
1100 5359 1327 5416 tolerare
1346 5355 1488 5428 quod
1513 5360 1788 5410 noverant.
1816 5353 1964 5410 Unde

383 5453 534 5508 etiam
563 5469 670 5509 non
700 5452 942 5509 discussa
970 5463 1152 5520 causa,
1186 5448 1238 5504 in
1265 5464 1366 5520 qua
1397 5445 1731 5503 documentis
1754 5445 1964 5516 gravis-
2002 5440 2005 5445 ’

442 5648 457 5679 ¹
483 5655 641 5709 recte,
662 5652 900 5699 ciem.

442 5710 460 5772 ξ
486 5708 711 5772 Apudt-Zr.
731 5710 879 5772 ωειλ.
905 5716 1022 5758 \‘en.
1048 5712 1178 5772 Lor.,
1203 5709 1248 5756 et
1271 5708 1570 5772 mittentem.
1640 5709 1695 5751 ιι.

441 5770 464 5806 ³
483 5764 584 5822 MSS.
611 5785 720 5823 cum
742 5764 839 5820 Ani.
869 5777 921 5820 et
943 5776 1037 5832 En,
1064 5767 1136 5820 rel
1177 5778 1342 5818 eorum
1353 5764 1613 5828 judicium.

1588 328 1597 341 '
1694 318 1897 377 LIBER
1937 318 2254 381 TERTIUS.

3519 333 3621 387 διο

2047 433 2199 490 simis
2226 433 2611 492 convincuntur
2630 435 2930 493 calmnnlati
2956 438 3344 505 innocentibus,
3374 443 3618 513 probaui.

2047 524 2149 579 lius
2176 524 2469 581 creduntur
2493 527 2792 583 traditionis
2831 529 3050 584 crimina
3090 530 3217 586 l'alsa
3249 531 3468 588 tinxisse
3489 574 3507 599 ,
3539 537 3630 604 qui

2048 629 2154 670 non
2199 617 2575 675 dubitaverunt
2620 621 2775 694 longe
2818 622 3129 679 sceleratius
3169 624 3371 680 crimen
3414 620 3632 682 nefaria:

2049 708 2324 766 divisionis
2349 712 2651 769 admittere.
2678 714 2812 782 Quia
2842 726 2894 771 et
2922 716 2965 770 si
2999 732 3183 772 verum
3210 729 3351 774 esset
3376 718 3631 791 quidquid

2048 800 2116 857 de
2147 801 2430 858 traditione
2460 803 2764 873 jactarunt;
2798 816 2974 862 tamen
3016 809 3338 864 consortium
3373 811 3631 865 Christia-

2049 907 2238 947 norum
2262 908 2395 963 quos
2420 910 2586 965 usque
2610 895 2675 950 ad
2707 906 2948 953 extrema
2977 907 3133 954 terrae
3161 898 3336 955 divina
3362 900 3630 972 Scriptura

2048 985 2407 1051 commendat,
2432 996 2650 1057 prepter
2669 987 2771 1043 hoc
2792 989 2932 1057 quod
2961 989 3059 1060 ipsi
3081 990 3336 1058 scierunt,
3358 990 3435 1047 illi
3456 1005 3631 1049 autem

2050 1078 2358 1133 nescierunt
2382 1121 2396 1146 ,
2423 1081 2725 1151 relinquere
2756 1082 2901 1135 nullo
2930 1082 3088 1136 modo
3113 1082 3429 1138 debuerunt.

2119 1167 2348 1226 CAPUT
2378 1170 2467 1225 IV.
2497 1203 2566 1211 —
2590 1171 2644 1227 5.
2670 1170 2852 1241 Neque
2880 1172 2982 1226 hoc
2999 1171 3118 1241 ideo
3138 1174 3360 1229 dixerim
3384 1185 3440 1229 ut
3461 1177 3634 1246 negli-

2048 1267 2203 1330 gatur
2230 1262 2585 1317 ecclesiastica
2625 1262 2900 1334 disciplina
2924 1305 2939 1329 ,
2967 1275 3018 1317 et
3046 1266 3381 1334 permittatur
3409 1267 3634 1336 quisque

2050 1350 2230 1405 facere
2250 1352 2389 1422 quod
2419 1353 2584 1420 velit,
2617 1354 2732 1408 sine
2772 1352 2873 1408 ulla
2916 1356 3252 1424 correptione
3275 1398 3290 1423 ,
3330 1365 3384 1410 et
3411 1356 3635 1428 Quadam

2054 1441 2356 1497 medicinali
2385 1444 2614 1497 vindicta
2633 1486 2647 1510 ,
2680 1454 2732 1499 et
2755 1445 2975 1499 terribili
3004 1448 3222 1501 lenitate
3241 1490 3255 1514 ,
3287 1457 3340 1502 et
3364 1448 3640 1503 cbaritatis

2053 1536 2355 1591 severitate.
2385 1536 2514 1591 Nam
2541 1535 2629 1591 ubi
2661 1536 2765 1591 erit
2792 1535 2921 1591 illud
2950 1534 3192 1607 Apostoli
3228 1555 3241 1593 :
3273 1537 3523 1609 Corripite
3553 1541 3637 1593 in-

2051 1628 2241 1696 quietos
2266 1667 2280 1692 ,
2308 1628 2643 1682 consulamini
2681 1627 3032 1699 pusillanimes
3057 1670 3071 1692 ,
3102 1630 3341 1700 suscipite
3368 1631 3595 1700 infirmos
3622 1677 3636 1695 ,

2054 1719 2297 1788 patientes
2340 1729 2494 1773 estote
2538 1720 2606 1773 ad
2654 1732 2825 1774 unmes
2887 1718 3057 1775 Videte
3092 1737 3153 1775 ne
3181 1722 3292 1791 quis
3326 1722 3515 1775 malunt
3548 1741 3640 1793 pro

2054 1812 2187 1864 malo
2227 1808 2380 1867 alicui
2416 1810 2595 1865 reddat
2633 1808 2904 1884 (iT/tess.
2936 1827 2965 1864 ι’
2988 1854 3001 1876 ,
3041 1811 3141 1879 Μ,
3176 1813 3242 1867 15
3270 1813 3327 1883 )?
3362 1812 3496 1868 Cum
3539 1798 3655 1869 hoc.

2056 1903 2238 1972 utique
2264 1903 2489 1971 subjecit
2515 1918 2530 1953 :
2552 1901 2725 1957 Videte
2755 1920 2816 1957 ne
2840 1904 2952 1971 quis
2988 1903 3179 1957 malum
3207 1921 3300 1976 pro
3329 1904 3462 1959 malo
3488 1902 3643 1957 alicui

2053 1992 2272 2057 reddat;
2310 1994 2438 2048 satis
2465 1992 2732 2058 ostendit,
2766 2009 2870 2049 non
2901 2009 3019 2050 esse
3063 1996 3187 2049 mali
3230 2012 3327 2068 pro
3354 1990 3496 2050 malo
3524 1996 3641 2050 rt-d-

2055 2086 2354 2152 ditionem,
2398 2087 2669 2156 corripere
2715 2087 3015 2157 inquietos,
3065 2089 3307 2157 quamvis
3353 2104 3447 2158 pro
3490 2070 3640 2159 culpa

2057 2176 2432 2248 inquietudinis
2471 2177 2722 2233 reddatur
2760 2194 2915 2251 paena
2961 2179 3332 2249 correptionis.
3373 2178 3487 2234 Non
3518 2196 3645 2250 ergo

2058 2269 2254 2322 mnium
2280 2278 2361 2323 est
2382 2268 2736 2339 correptionis
2762 2284 2918 2340 pmna
2946 2311 2960 2333 ,
2990 2284 3110 2323 cum
3141 2269 3209 2323 sit
3243 2269 3443 2323 malum
3468 2270 3640 2339 Culpa.

2054 2358 2237 2430 Neque
2278 2360 2419 2415 enim
2445 2359 2645 2416 ferrum
2674 2370 2757 2416 est
2786 2361 2983 2416 inimici
3018 2360 3344 2417 ruinerantis
3370 2405 3383 2429 ,
3413 2362 3504 2416 sed
3534 2378 3645 2417 me-

2056 2454 2157 2508 dici
2189 2454 2437 2508 secantis.
2472 2454 2629 2509 Fiunt
2659 2454 2758 2509 ista
2799 2454 2852 2508 in
2890 2451 3128 2508 Ecclesia
3156 2494 3172 2521 ,
3212 2463 3265 2508 et
3301 2454 3391 2508 ille
3431 2440 3646 2523 spiritus

2058 2545 2325 2601 interioris
2355 2545 2586 2601 lenitatis
2614 2545 2765 2600 ardet
2793 2542 2912 2601 zelo
2941 2544 3065 2607 Dei,
3099 2561 3166 2601 ne
3202 2546 3353 2616 virgo
3383 2555 3528 2599 casta
3560 2546 3647 2599 uni

2063 2638 2178 2690 viro
2205 2636 2522 2706 desponsata
2562 2632 2778 2693 Christo
2814 2638 2866 2692 in
2900 2636 3163 2708 aliquibus
3204 2634 3315 2692 suis
3354 2634 3606 2708 membris
3628 2676 3646 2699 .

2057 2729 2193 2783 sicut
2234 2729 2343 2783 Era
2378 2730 2594 2784 seducta
2630 2737 2712 2783 est
2746 2715 3006 2798 serpentis
3032 2728 3245 2794 astutia,
3269 2737 3649 2797 corrumpatur

2058 2834 2088 2873 a
2118 2820 2362 2875 castitate
2406 2836 2524 2889 quae
2574 2829 2656 2874 est
2706 2819 2758 2873 in
2808 2818 3024 2874 Christo
3074 2817 3157 2891 (-ll
3186 2816 3308 2873 Cor.
3344 2834 3397 2872 xl
3422 2859 3435 2883 ,
3463 2814 3500 2871 2
3525 2859 3540 2885 ,
3573 2819 3654 2889 5)

2062 2905 2438 2966 Verumtamen
2468 2910 2602 2964 abs-it
2642 2927 2669 2962 a
2707 2911 2877 2965 servis
2915 2909 3308 2979 patrisfamilias
3330 2951 3346 2975 ,
3378 2919 3436 2965 ut
3461 2908 3645 2964 immcc

2061 3009 2237 3049 meres
2266 2995 2372 3049 sint
2402 2992 2651 3064 prarccp'i
2684 2992 2889 3046 Domini
2918 2994 3017 3053 sui,
3043 3005 3095 3045 et
3123 2995 3199 3046 sic
3228 2994 3481 3047 adversus
3505 2996 3648 3049 ziza-

2063 3087 2269 3140 niorum
2299 3084 2688 3139 multitudinem
2722 3079 2996 3153 ﬂagrantia
3035 3093 3233 3137 sancta:
3274 3081 3650 3154 indignationis

2063 3178 2376 3248 ignescunt,
2400 3186 2452 3232 et
2480 3193 2600 3231 cum
2640 3192 2700 3231 ca
2733 3176 2917 3230 volunt
2954 3183 3079 3230 ante
3117 3184 3325 3247 tempus
3359 3176 3608 3247 colligere
3632 3219 3648 3243 ,

2061 3269 2218 3322 simul
2267 3267 2572 3323 eradicctur
2618 3276 2672 3322 et
2718 3267 2972 3322 triticum.
3006 3254 3169 3337 Cujus
3202 3266 3402 3337 peccati
3446 3266 3528 3320 isti
3573 3267 3648 3320 rci

2063 3368 2403 3425 tenerentur,
2447 3359 2654 3415 etiamsi
2695 3375 2819 3414 vera
2848 3359 3071 3415 crimina
3105 3359 3444 3412 traditoribus
3468 3400 3483 3425 ,
3516 3375 3665 3429 quos.

2061 3448 2461 3515 insimulabant,
2489 3466 2547 3503 se
2578 3448 2841 3519 nbjecisse
2869 3457 3233 3504 monStrareut
3262 3467 3273 3503 :
3305 3448 3552 3518 quoniam
3576 3449 3651 3503 si-

2061 3540 2169 3596 mul
2201 3558 2305 3597 non
2336 3542 2507 3596 solum
2547 3542 2612 3596 ab
2644 3539 2840 3612 iniquis
2864 3583 2879 3606 ,
2909 3556 3135 3612 quorum
3164 3541 3474 3597 societatem
3505 3541 3652 3597 velut

2061 3633 2349 3696 critabant,
2380 3630 2472 3687 sed
2503 3633 2661 3687 etiam
2686 3648 2713 3684 a
2736 3630 2889 3687 bonis
2913 3628 3155 3686 fidelibus
3178 3628 3229 3684 in
3252 3630 3497 3685 omnibus
3523 3647 3652 3701 gen-

2064 3726 2203 3780 tibus
2240 3724 2540 3779 constitutis
2564 3765 2579 3787 ,
2620 3723 2812 3792 quibus
2842 3739 2902 3779 ea
2941 3740 3059 3793 qua:
3090 3739 3148 3777 se
3178 3738 3336 3777 nosse
3363 3722 3603 3797 dicebant
3629 3764 3652 3783 ι

2063 3816 2288 3884 probare
2317 3828 2423 3868 non
2449 3821 2729 3882 poterant,
2767 3813 2922 3881 impia
2972 3815 3384 3883 pl'tt‘StttnpliOnc
3422 3812 3653 3877 separati

2054 3915 2208 3969 eum,
2238 3918 2526 3972 secumque
2555 3901 2773 3964 multos,
2802 3899 2938 3969 apud
2970 3915 3102 3969 quos
3133 3899 3306 3968 aliqua
3336 3900 3650 3952 auctoritate

2066 3994 2461 4067 praevalebant,
2494 4002 2550 4047 ct
2579 3992 2666 4063 qui
2692 3991 2867 4045 minus
2898 3986 3190 4057 intelligere
3216 3996 3458 4059 poterant
3484 4028 3497 4052 ,
3535 3988 3651 4039 uni-

2066 4097 2226 4142 tatem
2261 4084 2515 4140 Ecclesia:
2540 4092 2649 4138 toto
2680 4082 2808 4136 orbe
2842 4072 3046 4134 diffusm
3074 4094 3168 4149 pro
3202 4078 3390 4153 alienis
3416 4078 3661 4149 peccatis

2066 4179 2213 4233 nullo
2254 4176 2412 4231 modo
2448 4190 2567 4229 esse
2607 4170 2955 4227 deserendum
2981 4211 2997 4237 ,
3026 4177 3297 4235 traxerunt
3325 4171 3376 4223 in
3407 4168 3661 4228 Ctttltdettl:

2069 4265 2354 4339 perniciem
2380 4282 2395 4331 ;
2426 4274 2477 4318 ut
2513 4262 2722 4318 etiamsi
2765 4260 2862 4331 ipsi
2893 4261 3093 4315 scirent
3125 4274 3247 4315 \eza
3284 4258 3503 4313 crimina
3535 4260 3660 4326 qni~.

2067 4356 2290 4412 busdam
2319 4371 2377 4410 se
2408 4354 2640 4425 objiccre
2661 4393 2675 4418 ,
2700 4367 2764 4407 co
2795 4349 2955 4406 modo
2985 4346 3182 4420 periret
3210 4346 3448 4404 iniit-mus
3477 4346 3531 4401 in
3559 4363 3655 4402 eo—

2067 4464 2183 4503 rum
2225 4446 2466 4506 scicntia,
2499 4455 2713 4513 propter
2756 4458 2915 4513 quem
2961 4436 3208 4496 Christus
3278 4449 3517 4495 mortuus
3558 4449 3653 4498 est

2067 4542 2084 4608 (
2109 4541 2122 4594 Ι
2154 4541 2269 4596 Cor.
2296 4556 2416 4604 rm,
2445 4539 2533 4611 il.)
2555 4581 2569 4605 ,
2597 4538 2722 4592 dum
2757 4536 2991 4593 olTensus
3023 4536 3174 4590 malis
3202 4535 3389 4589 alienis
3411 4576 3428 4602 ,
3485 4534 3653 4589 inter—

2068 4635 2267 4690 imcbat
2288 4634 2340 4688 in
2368 4649 2424 4687 se
2452 4631 2647 4687 bonum
2678 4630 2822 4701 pacis
2843 4624 2982 4700 quod
3013 4627 3241 4683 habebat
3265 4642 3382 4682 cum
3404 4626 3654 4681 fratribus

2071 4726 2225 4781 bonis
2248 4769 2262 4792 ,
2291 4722 2380 4795 qui
2425 4724 2615 4796 partim
2664 4721 2787 4776 talia
2833 4736 2939 4775 non
2978 4719 3251 4774 audierant
3278 4758 3294 4785 ,
3327 4718 3515 4786 partim
3546 4733 3658 4773 non

2069 4819 2307 4874 discussa
2339 4827 2391 4871 et
2431 4832 2538 4870 non
2570 4813 2789 4885 probata
2831 4823 3035 4867 temere
3072 4810 3291 4865 credere
3332 4807 3654 4864 formidaren

2070 4921 2190 4968 rant
2212 4950 2226 4977 ,
2271 4911 2461 4982 partim
2498 4907 2767 4979 judicibus
2810 4903 3186 4960 ecclesiasticis
3206 4943 3221 4968 ,
3251 4900 3317 4955 ad
3347 4915 3480 4971 quos
3509 4910 3658 4955 trans

2070 5019 2215 5058 mare
2246 5012 2353 5057 tota
2382 5014 2541 5055 causa
2570 4997 2820 5069 perducta
2854 5003 2956 5060 est,
2977 4994 3380 5064 qualiacumque
3400 4991 3416 5020 ⁸
3446 4989 3534 5043 illa
3563 5004 3654 5043 es-

2070 5104 2188 5151 sent
2210 5134 2225 5157 ,
2261 5092 2475 5162 raciiica
2502 5089 2799 5145 humilitate
2826 5087 3168 5156 reliquerant.

2139 5183 2363 5242 CAPUT
2392 5181 2458 5237 V.
2486 5209 2560 5222 ——
2583 5182 2637 5237 6.
2674 5180 2778 5235 Vos
2806 5191 2935 5248 ergo
2954 5217 2969 5242 ,
3001 5184 3179 5230 sancta
3209 5167 3449 5243 germina
3481 5170 3651 5223 UlliCiB

2070 5279 2256 5333 matris
2275 5276 2585 5340 Catholiczc,
2609 5270 2910 5342 huiusmodi
2932 5268 3148 5325 sceleris
3174 5276 3227 5320 et
3249 5265 3450 5320 erroris
3474 5278 3656 5318 exent-

2070 5373 2236 5442 plum,
2264 5367 2461 5423 subditi
2488 5365 2735 5432 Domino,
2761 5369 2958 5434 quanta
2982 5356 3202 5429 potestis
3224 5353 3493 5426 vigilantia
3520 5369 3654 5424 pl‘tl.‘-
3732 5376 3741 5381 υ

2068 5470 2272 5520 cavete.
2296 5458 2635 5530 Quantalibet
2653 5456 2908 5512 doctrinae
2927 5467 2991 5508 ac
3010 5451 3165 5506 famae
3185 5450 3300 5504 lucc
3319 5445 3655 5518 praefulgeant.

2074 5557 2406 5630 lapidemque
2452 5568 2512 5609 se
2558 5565 2678 5606 esse
2717 5548 2884 5619 iactet
2924 5544 3215 5618 pretiosum
3240 5582 3257 5609 ,
3290 5539 3528 5612 quisquis
3558 5552 3662 5597 vos

2136 5761 2151 5791 ι
2178 5758 2250 5806 sic
2273 5761 2379 5806 Mss.
2420 5749 2531 5801 Editi
2569 5751 2764 5807 autem,
2804 5743 3199 5804 quantacunque.
