4028 6202
348 378 438 430 δ’ςι
912 411 925 437 .

348 497 382 539 ιι
397 486 559 540 abere
584 481 806 537 voluerit
834 485 950 547 past
978 489 1034 528 se
1065 473 1231 542 ipsum
1256 510 1272 536 ,
1315 477 1637 523 mementote
1661 463 1799 536 quod
1835 464 1916 518 illa

350 575 540 630 ntulier
566 574 717 628 fortis
745 578 799 625 et
832 582 934 622 una
972 565 1059 618 uni
1098 561 1339 617 amabilis
1366 561 1478 614 viro
1508 575 1604 613 suo
1625 599 1640 623 ,
1683 573 1837 627 quam
1872 558 1922 609 in

350 669 535 721 ultimo
560 661 965 720 Proverbiorum
997 665 1176 711 sancta
1204 654 1473 723 Scriptura
1501 651 1772 716 describit,
1804 664 1922 719 pre-

353 758 536 812 tiosior
563 764 643 809 est
671 752 929 822 lapidibus
958 748 1222 819 pretiosis.
1253 745 1418 800 Nemo
1448 745 1582 799 dicat
1611 785 1625 807 ,
1660 744 1804 797 Ilhuu
1836 757 1926 795 se-

352 864 505 917 quar,
534 844 781 916 quoniam
815 843 925 911 ipse
954 855 1037 895 me
1063 837 1407 893 christianum
1432 836 1592 899 fecit;
1624 846 1708 888 aut
1736 850 1747 885 :
1779 834 1925 886 llltnn

350 950 566 1005 sequar,
596 933 845 1002 quoniam
876 932 987 999 ipse
1013 944 1096 983 me
1124 927 1428 999 baptizavit.
1456 925 1634 994 Neque
1660 924 1746 995 qui
1782 924 1927 992 plau-

352 1036 428 1081 tat
458 1035 539 1079 est
562 1022 778 1092 aliquid,
809 1036 978 1089 neque
1003 1020 1091 1089 qui
1124 1020 1277 1088 rigat,
1302 1016 1393 1070 sed
1424 1016 1511 1085 qui
1545 1014 1925 1068 incrementum

349 1116 437 1167 dat
458 1114 595 1168 Dens
612 1113 653 1182 (l
672 1111 789 1168 Cor.
818 1127 892 1177 ιιι,
909 1111 982 1179 7).
1005 1111 1066 1163 Et
1090 1110 1225 1162 Deus
1246 1106 1475 1161 Charitas
1496 1114 1597 1171 est,
1625 1113 1677 1158 et
1701 1102 1789 1172 qui
1813 1119 1927 1155 ma-

358 1215 446 1259 net
474 1206 527 1259 in
556 1204 833 1268 charitatc,
865 1202 914 1255 in
944 1202 1050 1254 Deo
1078 1209 1252 1253 manet
1272 1240 1285 1262 ,
1319 1205 1371 1251 et
1396 1196 1532 1250 Deus
1555 1195 1605 1247 in
1637 1195 1726 1247 illo
1751 1201 1929 1247 manet

360 1294 399 1361 (l
423 1291 577 1346 Joan.
603 1308 677 1357 Iv,
709 1292 820 1360 I6).
848 1290 1034 1345 Nullus
1058 1288 1215 1343 etiam
1247 1285 1541 1356 prcedicans
1564 1300 1752 1337 nomen
1775 1282 1930 1357 Chri-

360 1384 425 1437 sti
453 1424 468 1449 ,
495 1392 547 1436 et
576 1390 791 1451 gestans
820 1395 882 1434 ac
918 1379 1225 1433 ministraus
1257 1376 1655 1431 Sacramentum
1693 1372 1886 1428 Christi
1912 1413 1926 1437 ,

357 1474 661 1545 sequendus
700 1482 781 1527 est
815 1482 997 1527 contra
1038 1470 1292 1523 unitatem
1334 1466 1552 1521 Christi.
1597 1464 1737 1534 Opus
1776 1479 1927 1517 suum

363 1567 550 1635 probet
573 1567 959 1636 unusquisque;
986 1573 1039 1617 et
1064 1572 1186 1617 tunc
1205 1562 1255 1615 iu
1278 1577 1335 1615 sc
1357 1562 1469 1630 ipso
1493 1570 1689 1613 tantum
1711 1559 1928 1629 gloriam

361 1657 611 1721 habebit,
648 1666 702 1711 et
752 1672 855 1710 non
903 1657 954 1710 in
998 1656 1185 1709 altero.
1220 1653 1587 1722 Unusquisque
1629 1653 1767 1706 enim
1805 1667 1929 1719 pro-

362 1747 532 1815 prium
563 1761 699 1801 onus
728 1746 957 1815 portabit
983 1744 1179 1816 (Calat.
1206 1759 1287 1808 vt,
1312 1743 1364 1808 4,
1395 1742 1461 1806 5)
1481 1782 1495 1806 ,
1525 1756 1660 1794 onus
1690 1739 1933 1794 videlicet

360 1836 647 1891 reddenda:
673 1836 891 1889 rationis
920 1853 935 1890 :
961 1837 1081 1904 quia
1108 1834 1463 1902 unusquisque
1490 1840 1728 1884 nostrum
1758 1845 1852 1899 pro
1874 1845 1932 1882 se

355 1926 615 1981 rationem
640 1926 846 1981 reddet.
879 1924 993 1978 Non
1026 1924 1201 1993 itaque
1227 1923 1454 1991 amplius
1481 1922 1701 1974 invicem
1727 1918 1932 1988 judice-

360 2031 480 2071 tnns
511 2015 529 2087 (
555 2014 704 2069 Rom.
739 2030 859 2079 ειν,
894 2016 960 2069 1‘2
981 2057 998 2080 ,
1033 2014 1155 2084 15).
1200 2012 1330 2067 Nam
1372 2020 1623 2081 quantum
1653 2010 1838 2063 attinet
1865 2007 1929 2062 ad

362 2120 526 2159 onera
554 2116 747 2159 mulum
769 2104 1060 2169 charitatis,
1086 2104 1305 2158 invicem
1327 2118 1488 2157 onera
1511 2113 1681 2155 vestra
1704 2110 1928 2171 portate,

360 2206 414 2249 et
442 2196 518 2249 sic
548 2195 904 2265 adimplebitis
941 2195 1108 2263 legem
1144 2192 1360 2248 Christi.
1392 2192 1492 2259 Qui
1528 2193 1669 2247 enim
1700 2201 1847 2261 putat
1874 2207 1931 2245 se

362 2299 482 2340 esse
507 2285 703 2355 aliquid
724 2326 738 2350 ,
770 2300 891 2339 cum
923 2285 1049 2339 nihil
1077 2285 1178 2350 sit,
1209 2299 1269 2339 se
1297 2285 1465 2353 ipsum
1491 2283 1694 2338 seducit
1721 2280 1929 2351 (Galat.

359 2391 433 2441 vi,
452 2376 487 2430 2
502 2388 547 2430 et
564 2370 642 2447 3).
666 2377 990 2432 SuITeramus
1016 2392 1143 2447 ergo
1169 2377 1390 2430 invicem
1415 2376 1464 2428 in
1486 2375 1784 2440 dilectione,
1805 2374 1935 2427 satis

364 2478 579 2537 agentes
620 2483 834 2524 servare
879 2469 1133 2523 unitatem
1183 2468 1399 2537 spiritus
1445 2466 1497 2519 in
1539 2466 1748 2521 vinculo
1789 2466 1932 2534 pacis

362 2556 575 2625 (Ephes.
608 2574 678 2621 tv,
705 2556 761 2627 2)
795 2576 807 2610 :
842 2570 989 2612 extra
1008 2573 1165 2627 quam
1186 2556 1422 2627 quisquis
1447 2555 1663 2625 colligit,
1690 2570 1791 2609 non
1813 2570 1933 2609 cum

361 2648 575 2701 Christo
603 2648 801 2719 colligit
830 2666 842 2700 :
870 2649 1109 2717 quisquis
1132 2656 1306 2701 autem
1330 2662 1432 2702 non
1454 2661 1571 2701 cum
1596 2644 1807 2701 Christo
1825 2646 1933 2700 col-

358 2740 471 2810 ligit
490 2780 504 2803 ,
532 2741 725 2810 spargit
755 2738 963 2809 (Matth.
990 2755 1097 2802 xu,
1130 2738 1251 2810 50).

439 2828 663 2885 CAPUT
696 2830 779 2883 VI.
806 2860 877 2870 —-—
906 2830 955 2883 7.
982 2829 1208 2884 Proinde
1234 2830 1343 2883 sive
1381 2828 1448 2883 de
1469 2827 1698 2892 Christo,
1726 2827 1835 2881 sive
1866 2827 1934 2881 de

356 2923 470 2989 ejus
500 2920 757 2986 Ecclesia,
783 2921 893 2975 sive
915 2920 982 2974 de
1006 2936 1334 2990 quacumque
1354 2920 1454 2974 alia
1484 2936 1540 2974 re
1566 2936 1682 2989 qum
1706 2918 1932 2987 pertinet

356 3011 421 3064 ad
447 3009 599 3063 [idem
632 3010 896 3079 vitamque
929 3010 1209 3074 vcstram‘,
1238 3026 1339 3062 non
1371 3009 1541 3061 dicam
1574 3023 1690 3070 nos,
1738 3022 1933 3075 nequa-

357 3116 513 3170 quam
542 3098 879 3168 comparandi
910 3100 955 3151 ei
986 3100 1072 3168 qui
1097 3098 1245 3162 dixit,
1271 3096 1408 3150 Licet
1428 3098 1471 3149 si
1494 3112 1618 3159 nos;
1646 3095 1738 3151 sed
1764 3096 1934 3149 omni-

360 3206 427 3243 no
449 3188 588 3259 quod
618 3198 829 3242 secutus
858 3188 1068 3257 adjecit,
1106 3186 1163 3241 Si
1185 3188 1391 3255 angelus
1418 3187 1480 3239 de
1508 3188 1631 3238 caelo
1661 3186 1794 3239 vobis
1836 3204 1932 3239 an-

362 3282 658 3336 nnntiaverit
700 3289 884 3349 prarter
923 3296 1073 3347 quam
1111 3279 1245 3349 quod
1272 3279 1323 3333 in
1364 3278 1649 3348 Seripturis
1680 3279 1932 3347 legalibus

359 3381 412 3424 et
456 3369 769 3440 evangelieis
806 3370 1085 3439 accepistis,
1127 3370 1394 3423 anathema
1428 3370 1489 3422 sit
1538 3368 1735 3438 (Colat.
1767 3385 1804 3435 ι,
1850 3369 1930 3438 8).

367 3462 489 3516 Ilzec
515 3463 807 3527 vobiscum,
853 3472 903 3515 et
930 3477 1048 3515 cum
1078 3462 1321 3515 omnibus
1341 3476 1473 3530 quos
1498 3461 1707 3515 Christo
1743 3460 1931 3513 lucrari

361 3553 622 3619 cupimus,
652 3552 947 3615 actitantes,
992 3560 1148 3621 atque
1178 3551 1314 3604 inter
1339 3558 1531 3603 cartcra
1559 3558 1793 3602 sanctam
1836 3548 1933 3603 Ec-

367 3642 579 3697 clesiam
608 3655 763 3709 quam
804 3640 855 3693 in
887 3640 974 3694 Dei
1022 3639 1235 3693 Litteris
1275 3639 1586 3709 promissam
1612 3638 1851 3705 legimus,
1880 3646 1934 3691 et

368 3731 504 3784 sicut
531 3729 787 3801 promissa
835 3737 917 3783 est
947 3730 996 3782 in
1023 3728 1267 3782 omnibus
1292 3727 1536 3798 gentibus
1584 3726 1729 3781 reddi
1760 3728 1934 3781 cerui-

362 3835 479 3874 mns
510 3818 873 3891 prmdicantcs,
915 3818 982 3873 ab
1022 3819 1084 3872 iis
1110 3833 1240 3888 quos
1266 3817 1331 3872 ad
1351 3818 1464 3886 ejus
1495 3818 1765 3887 paciﬁcum
1812 3832 1935 3887 gre-

360 3909 520 3963 mium
546 3908 735 3963 attrahi
755 3909 1016 3977 cupimus,
1044 3924 1137 3976 pro
1157 3908 1363 3962 actione
1382 3908 1665 3977 gratiarum
1694 3906 1933 3960 ﬂammas

322 4042 325 4043 ν
362 4002 647 4055 meruimus
678 4000 917 4055 odiorum
939 4016 953 4054 :
973 4000 1118 4070 quasi
1138 4014 1235 4053 nos
1250 3999 1404 4053 cosio
1422 4013 1482 4052 ea
1512 4007 1657 4067 parte
1688 3997 1932 4066 ligaveri-

363 4107 501 4156 mus,
534 4106 630 4163 pro
659 4106 759 4162 qua
782 4106 885 4145 non
915 4090 1191 4145 inveniunt
1224 4088 1347 4158 quid
1373 4088 1685 4156 loquantur;
1717 4096 1808 4139 aut
1836 4101 1934 4141 nos

362 4182 785 4236 mandaverimus
813 4189 960 4234 tanto
998 4188 1120 4234 ante
1156 4178 1438 4247 Prophetis
1466 4186 1520 4230 et
1547 4176 1835 4245 Apostolis,
1874 4187 1933 4229 ut

364 4274 416 4325 in
446 4272 591 4325 libris
620 4271 729 4324 suis
771 4270 914 4323 nulla
945 4268 1245 4322 testimonia
1279 4276 1553 4336 ponerent,
1591 4266 1784 4335 quibus
1813 4280 1930 4334 pars

364 4366 549 4417 Donati
579 4363 811 4417 Ecclesia
830 4360 1022 4415 Christi
1040 4374 1155 4413 esse
1184 4358 1455 4413 doceatur.
1488 4358 1552 4412 Et
1580 4373 1676 4411 nos
1697 4357 1930 4425 quidem,

366 4453 682 4515 charissimi,
710 4467 830 4507 cum
879 4451 1003 4504 falsa
1050 4450 1273 4504 crimina
1319 4448 1563 4504 audimus
1592 4450 1659 4504 ab
1696 4450 1774 4503 cis
1800 4463 1933 4517 quos

364 4544 677 4601 offendimus
722 4542 1057 4613 przcdicando
1094 4541 1300 4612 eloquia
1342 4541 1598 4604 veritatis,
1646 4550 1701 4594 et
1737 4539 1933 4593 erroris

364 4635 660 4704 vzuiiloquia
685 4632 1064 4699 convincenda,
1094 4631 1368 4697 habemus,
1396 4629 1732 4693 sicutnostis,
1763 4628 1933 4682 abun-

363 4727 727 4781 (lautissimam
748 4722 1183 4779 consolationem.
1222 4721 1352 4776 Nam
1384 4721 1426 4774 si
1456 4722 1507 4774 in
1539 4721 1616 4774 eis
1639 4719 1827 4788 quibus
1850 4732 1934 4772 me

365 4817 730 4881 criminantur,
764 4815 1120 4870 teSIimonium
1146 4812 1487 4868 conscientia:
1515 4826 1646 4865 mete
1679 4824 1783 4864 non
1831 4817 1936 4863 stat

365 4917 551 4965 eontra
579 4923 665 4963 me
692 4908 744 4962 in
776 4917 1060 4977 conspectu
1088 4906 1203 4967 Dei,
1231 4921 1336 4975 quo
1358 4904 1533 4957 nullus
1562 4900 1748 4955 oculus
1794 4915 1937 4953 mor-

371 5002 492 5057 talis
531 4999 852 5063 intenditur;
908 5013 1011 5053 non
1061 4997 1232 5051 solum
1277 4993 1575 5050 contristari
1610 5007 1713 5045 non
1741 4990 1931 5053 debeo,

362 5109 543 5149 verum
570 5094 727 5148 etiam
755 5093 925 5147 debeo
953 5090 1182 5161 gaudere
1206 5098 1259 5142 et
1279 5087 1561 5147 exsulL-ire,
1584 5084 1703 5154 quia
1734 5096 1937 5137 merces

364 5204 478 5241 mea
511 5186 670 5239 ntulta
714 5194 799 5240 est
839 5185 888 5237 in
924 5182 1093 5237 cadis.
1142 5180 1319 5249 Neque
1348 5180 1490 5232 enim
1522 5175 1832 5231 intuendum
1857 5182 1938 5228 est

361 5293 517 5345 quam
576 5278 643 5330 sit
704 5289 982 5337 amarum,
1021 5271 1115 5327 sed
1151 5286 1307 5341 quam
1342 5270 1529 5324 falsum
1569 5268 1707 5339 quod
1746 5265 1935 5330 audio,

368 5376 421 5419 et
464 5381 619 5435 quam
667 5379 826 5418 verax
876 5376 971 5432 pro
1025 5362 1175 5430 cujus
1228 5360 1442 5415 nomine
1497 5359 1598 5413 hoc
1645 5357 1830 5421 audio,
1885 5363 1939 5410 et

365 5458 447 5509 cui
476 5457 666 5510 dicitur
688 5453 1035 5526 :Unguentuut
1064 5451 1279 5520 e/fusum
1307 5461 1378 5506 est
1405 5466 1582 5504 nomen
1608 5459 1744 5501 tuum
1768 5447 1937 5515 (Cant.

376 5561 413 5606 t,
440 5545 520 5611 ἓ).
549 5547 610 5599 Iit
656 5546 843 5599 metito
884 5543 1077 5614 fragrat
1119 5543 1169 5597 iu
1215 5542 1459 5597 omnibus
1486 5539 1750 5612 gentibus,
1790 5536 1939 5604 cujus

372 5638 589 5691 odorem
634 5639 737 5702 isti,
770 5640 857 5709 qui
903 5638 1051 5692 nobis
1096 5635 1435 5699 maledicunt,
1487 5636 1535 5687 iu
1584 5647 1684 5686 una
1742 5630 1937 5684 .‘Il’riczc

429 5770 447 5800 ⁸
471 5768 605 5817 sicin
630 5774 731 5816 Mss.
763 5777 809 5818 Αι
833 5772 879 5817 in
906 5770 1060 5827 editis,
1088 5775 1311 5817 nostram.

1182 357 1451 415 CONTRA
1494 351 1827 410 LITTERAS
1867 351 2223 419 I’Ii'l‘iLI.\N!,
2265 354 2322 409 S.
2365 354 2725 410 AUGUS'I’INI

3492 354 3597 411 Si!

2035 466 2285 535 particula
2325 479 2581 524 conantur
2608 470 2895 527 includere.
2928 472 3035 528 Cur
3062 472 3239 542 itaque
3261 471 3493 526 feramus
3522 474 3606 526 in-

2034 561 2191 630 digne
2218 561 2361 630 quod
2394 577 2488 616 nos
2518 562 2792 627 inlamant,
2820 563 2907 632 qui
2946 564 3127 632 gloriae
3172 562 3367 617 Christi
3414 561 3606 617 εἰοιιε-

2036 653 2268 716 trahunt,
2293 669 2531 722 .quorum
2574 655 2706 723 parti
2742 654 3169 723 contentioniquc
3202 652 3472 706 inimicum
3503 664 3607 717 est,

2032 744 2172 814 quod
2202 744 2268 799 de
2291 744 2429 799 illius
2449 744 2512 799 ad
2536 740 3052 809 cmlos'aseensione,
3080 755 3128 798 et
3151 744 3222 796 de
3241 744 3470 797 nominis
3495 743 3611 813 ejus

2037 845 2280 904 tanquam
2332 835 2579 904 unguenti
2616 834 2903 900 cifusione,
2942 843 3087 888 tanto
3132 844 3256 889 ante
3294 835 3607 904 praedictum

2034 938 2157 980 est:
2193 925 2437 979 Exaltare
2480 942 2629 995 super
2675 924 2855 991 calas,
2904 923 3071 989 Deus;
3117 935 3163 978 et
3211 942 3361 994 super
3409 941 3610 979 omne»:

2036 1025 2219 1067 terram
2239 1012 2401 1083 gloria
2429 1027 2513 1067 tua
2535 1012 2703 1085 (Psal.
2738 1030 2842 1079 Lvt,
2877 1013 2964 1084 ιθ)
2996 1016 3019 1066 ?

2124 1104 2345 1158 CAPUT
2399 1104 2509 1158 VII.
2570 1134 2640 1145 —-
2700 1106 2752 1159 8.
2789 1105 2913 1159 liceo
2936 1115 2986 1160 et
3012 1106 3132 1160 talia
3162 1106 3343 1160 divina
3366 1107 3607 1161 testimo-

2036 1195 2119 1247 nia
2160 1210 2255 1248 nos
2298 1193 2553 1250 adversm
2580 1193 2807 1248 Immana
2838 1196 3130 1265 vaniloquia
3157 1196 3504 1263 prolerentes,
3536 1197 3608 1249 ab

2036 1286 2263 1339 inimicis
2287 1286 2466 1355 gloria:
2502 1285 2698 1339 Christi
2740 1288 2928 1342 acerba
2956 1288 3234 1357 opprobria
3258 1289 3600 1343 sustinemus.

2037 1377 2217 1430 Dieant
2236 1377 2378 1446 quod
2406 1380 2607 1444 volunt,
2630 1380 2753 1433 dum
2782 1380 2869 1433 ille
2906 1397 3001 1433 nos
3020 1380 3347 1443 exhortetur,
3378 1383 3561 1437 dicens
3590 1400 3605 1436 :

2038 1466 2178 1521 Bcati
2228 1468 2311 1537 qui
2349 1470 2737 1538 persecutionem
2776 1471 3035 1538 patiuntur
3079 1482 3283 1541 propter
3318 1472 3603 1540 justitiam,

2036 1559 2155 1627 quia
2184 1559 2411 1627 ipsorum
2438 1571 2508 1612 est
2530 1576 2736 1630 regnum
2762 1560 3017 1613 ctrlorunt.
3051 1560 3192 1615 Beati
3213 1563 3351 1616 eritis
3375 1580 3488 1616 cum
3517 1580 3606 1617 vos

2038 1651 2281 1718 persecuti
2301 1652 2509 1718 fuerint,
2543 1660 2587 1703 ct
2606 1651 2955 1706 maledixeriut
2980 1652 3196 1716 vobis,“
3225 1654 3442 1707 dixerint
3460 1671 3606 1707 omne

2038 1742 2223 1794 malum
2254 1743 2517 1794 adversum
2542 1759 2647 1809 eos,
2676 1743 2963 1798 mentientes
2985 1756 3188 1815 propter
3209 1761 3306 1798 me.
3349 1744 3503 1813 Quod
3532 1748 3615 1800 ait

2036 1834 2299 1904 superius,
2352 1845 2556 1905 propter
2593 1837 2883 1906 justitiam;
2915 1836 3015 1890 hoc
3036 1836 3300 1905 repetivit,
3351 1836 3495 1906 quod
3535 1838 3610 1891 ait

2038 1935 2238 1995 postea,
2273 1934 2475 1996 praptcr
2500 1943 2575 1979 me
2600 1943 2616 1979 :
2646 1927 2768 1996 quia
2798 1931 2964 1997 factus
2994 1936 3065 1980 est
3089 1926 3233 1981 nobis
3272 1927 3520 1994 sapientia
3559 1938 3613 1980 et

2029 2016 2227 2083 justitia
2247 2026 2293 2068 et
2314 2016 2647 2083 sanctiﬁcatio
2686 2026 2732 2072 et
2762 2016 3065 2087 redemptio;
3087 2026 3160 2082 ut,
3192 2016 3619 2086 quemadmodum

2035 2108 2276 2175 scriptum
2295 2118 2385 2174 est,
2417 2107 2514 2172 Qui
2539 2106 2806 2178 gloriatur,
2842 2108 2893 2161 in
2921 2107 3136 2160 Domino
3160 2108 3397 2178 glorietur
3426 2107 3466 2178 (I
3489 2108 3608 2161 Cor.

2038 2214 2076 2263 ι,
2104 2198 2217 2268 51).
2246 2196 2346 2263 Qui
2386 2214 2505 2253 cum
2549 2198 2710 2263 dicat,
2741 2198 2956 2268 gaudete
3000 2208 3047 2251 et
3101 2199 3367 2263 exsultate,
3425 2215 3617 2252 merces

2037 2291 2166 2343 enim
2194 2299 2355 2343 ucstra
2398 2289 2554 2342 multa
2606 2297 2676 2343 est
2715 2290 2765 2342 in
2794 2288 2930 2342 cadis
2960 2287 3169 2358 (Matth.
3200 2304 3251 2353 v,
3285 2289 3508 2357 I042);
3563 2289 3617 2342 si

2036 2378 2175 2449 quod
2206 2379 2401 2433 dictum
2441 2388 2542 2443 est,
2587 2388 2791 2450 prapter
2828 2379 3081 2450 justitiam
3120 2389 3174 2434 et
3198 2389 3402 2448 propter
3428 2396 3524 2444 nte,
3559 2381 3609 2431 in
3677 2434 3685 2441 ,

2037 2470 2173 2525 bona
2193 2472 2515 2525 conscientia
2538 2478 2711 2533 teneo,
2735 2471 2971 2541 quisquis
2996 2470 3177 2543 volens
3204 2470 3434 2525 detrahit
3458 2471 3612 2524 fama:

2037 2577 2192 2627 mem,
2220 2562 2406 2617 nolens
2425 2562 2571 2616 addit
2596 2561 2823 2616 mercedi
2856 2577 3005 2616 mem.
3039 2561 3219 2632 Neque
3240 2562 3379 2616 enim
3414 2576 3497 2615 me
3524 2563 3612 2617 illo

2039 2667 2136 2705 suo
2166 2652 2327 2706 verbo
2357 2651 2723 2705 tantummodo
2751 2651 2981 2717 edocuit,
3011 2661 3061 2706 et
3093 2668 3197 2704 non
3222 2652 3379 2706 etiam
3405 2667 3501 2706 suo
3530 2653 3611 2705 ﬁr-

2039 2743 2198 2796 mavit
2226 2744 2489 2812 exemplo.
2528 2742 2763 2813 Sequere
2796 2751 3098 2797 sanctarum
3128 2743 3514 2813 Scripturarum
3540 2744 3607 2796 ti-

2037 2831 2181 2897 dem,
2208 2833 2445 2887 invenies
2465 2832 2728 2886 Christum
2750 2833 3103 2888 resurrexisse
3122 2848 3150 2884 a
3175 2833 3414 2898 mortuis,
3429 2848 3611 2887 ascen~

2038 2922 2183 2977 disse
2214 2924 2263 2975 in
2292 2923 2508 2988 ctelum,
2540 2921 2726 2977 sedere
2768 2922 2833 2976 ad
2860 2922 3131 2977 dexteram
3162 2923 3350 2977 Patris.
3376 2924 3608 2990 Sequere

2038 3013 2434 3067 criminationes
2456 3012 2807 3079 inimicorum,
2827 3013 2934 3081 jam
2966 3013 3171 3083 putabis
3200 3030 3319 3068 eum
3340 3013 3406 3068 de
3432 3013 3611 3082 sepul-

2038 3121 2130 3160 cro
2155 3104 2383 3159 furatum
2404 3119 2520 3159 esse
2546 3120 2576 3158 a
2593 3105 2883 3175 discipulis.
2907 3105 3041 3172 Quid
3066 3121 3193 3176 ergo
3216 3120 3333 3172 nos,
3356 3114 3606 3174 quantum

2040 3197 2151 3265 ipse
2181 3196 2363 3260 donat,
2388 3194 2733 3250 defendentes
2756 3195 2970 3249 domum
3001 3195 3135 3265 ejus,
3158 3196 3225 3250 ab
3246 3195 3471 3250 inimicis
3496 3196 3612 3264 ejus

2039 3289 2179 3342 aliud
2207 3304 2422 3358 sperare
2468 3288 2759 3343 debemus?
2790 3288 2849 3341 Si
2884 3288 3299 3359 patremfamilias
3338 3286 3608 3341 Beelzebub

2038 3389 2355 3445 vocaverunt,
2402 3389 2588 3449 quanto
2624 3379 2782 3449 magis
2808 3379 3099 3431 domesticos
3127 3379 3235 3446 ejus
3261 3376 3371 3448 (Id.
3399 3393 3455 3443 ι,
3485 3377 3611 3446 ἳὸγέ

2037 3472 2089 3526 Si
2123 3487 2249 3540 ergo
2272 3473 2576 3536 toleramus,
2608 3480 2661 3524 et
2696 3470 3154 3539 conregnabimus.
3200 3467 3255 3524 Si
3297 3479 3475 3524 autem
3506 3485 3609 3523 non

2037 3578 2219 3617 autem
2266 3564 2433 3616 solam
2480 3563 2705 3631 percutit
2747 3560 3011 3614 iracundia
3057 3561 3403 3626 criminantis,
3428 3576 3610 3615 verum

2038 3654 2196 3707 etiam
2248 3654 2623 3708 conscientiam
2666 3652 2869 3706 mordet
2910 3651 3103 3705 veritas
3148 3650 3423 3714 criminis,
3481 3652 3607 3718 quid

2039 3744 2167 3798 mihi
2196 3744 2409 3813 prodest
2442 3746 2485 3798 si
2526 3761 2611 3799 me
2654 3744 2915 3798 continuis
2945 3742 3185 3796 laudibus
3212 3750 3350 3795 totus
3378 3743 3609 3795 mundus

2038 3836 2281 3890 attollat?
2311 3836 2382 3891 ita
2414 3853 2511 3891 nec
2537 3836 2729 3890 malam
2769 3835 3143 3889 conscientiam
3169 3842 3321 3888 sanat
3348 3833 3611 3887 laudantis

2040 3928 2382 3997 praeconium,
2410 3943 2508 3982 nec
2535 3927 2726 3981 bonam
2752 3927 2994 3980 vulnerat
3017 3924 3363 3978 conviciantis
3412 3938 3611 3993 Oppro-

2038 4019 2231 4072 brium.
2266 4018 2371 4072 Nec
2397 4019 2473 4072 sic
2507 4027 2681 4072 tamen
2713 4018 2972 4087 decipitur
3024 4032 3148 4087 spes
3191 4027 3365 4071 vestra
3412 4031 3529 4086 qua:
3559 4016 3609 4068 in

2042 4110 2263 4162 Domino
2284 4117 2383 4171 est,
2412 4108 2616 4161 etiamsi
2644 4108 2777 4162 forte
2807 4109 2859 4162 in
2887 4108 3092 4162 occulto
3122 4107 3251 4161 tales
3277 4106 3461 4172 simus,
3484 4121 3611 4174 qua-

2042 4204 2117 4257 les
2139 4218 2234 4254 uos
2266 4201 2432 4271 putari
2464 4201 2904 4269 eupitinimicus:
2938 4200 3057 4269 quia
3088 4214 3191 4252 non
3221 4214 3337 4253 eam
3365 4196 3611 4267 posuistis

2041 4296 2091 4347 in
2125 4295 2295 4360 nobis,
2339 4310 2434 4349 nec
2483 4309 2714 4363 unquam
2763 4292 2862 4345 hoc
2891 4291 3111 4345 audistis
3149 4307 3179 4345 a
3220 4291 3393 4345 nobis.
3428 4289 3611 4345 Securi

2040 4401 2167 4453 ergo
2192 4385 2340 4446 estis,
2369 4384 2776 4451 qualescumque
2799 4395 2895 4435 nos
2923 4380 3110 4447 simus,
3143 4381 3232 4451 qui
3273 4380 3453 4434 dicere
3473 4379 3611 4432 didi-

2038 4476 2205 4538 cistis,
2233 4474 2295 4528 lu
2322 4474 2536 4528 Domino
2553 4490 2759 4543 sperans
2785 4489 2883 4527 non
2910 4472 3138 4527 movebar
3156 4474 3170 4505 ¹
3189 4471 3355 4546 (Psal.
3380 4472 3543 4537 xxv,l
3560 4472 3612 4539 )'.'

2040 4574 2108 4624 ct.
2142 4564 2207 4619 In
2238 4564 2342 4619 Deo
2366 4563 2595 4631 sperabo,
2620 4580 2718 4616 non
2747 4563 2926 4617 timebo
2954 4564 3074 4633 quid
3105 4564 3261 4632 faciat
3299 4564 3422 4633 mihi
3466 4563 3613 4616 homo

2041 4656 2212 4726 (I’sal.
2242 4672 2326 4721 LV,
2350 4654 2462 4725 I2).
2521 4655 2585 4709 Et
2618 4656 2695 4709 eis
2724 4655 2812 4724 qui
2844 4669 2938 4708 vos
2958 4653 3022 4708 ad
3052 4648 3325 4709 hominum
3352 4652 3613 4723 superbo-

2041 4762 2156 4800 rum
2187 4754 2425 4800 terrenas
2450 4744 2750 4799 altitudines
2781 4743 3033 4798 seducere
3063 4744 3376 4807 moliuntur,
3395 4757 3617 4812 respon-

2040 4837 2166 4891 dere
2196 4838 2381 4903 nostis,
2404 4835 2465 4889 In
2482 4835 2695 4890 Domino
2713 4834 2911 4903 con/ida
2933 4852 2943 4887 :
2964 4834 3212 4904 quomodo
3239 4834 3405 4887 dicitis
3432 4834 3619 4886 anima:

2044 4945 2185 4990 meas,
2210 4928 2539 4997 Transmigra
2566 4928 2617 4979 in
2645 4937 2862 4980 montem
2905 4926 3031 4980 sicut
3061 4942 3232 4995 passer
3260 4923 3430 4992 (Psal.
3457 4940 3511 4988 ι,
3537 4922 3617 4991 2).

2111 5019 2334 5075 CAPUT
2357 5019 2484 5072 VIII.
2510 5048 2575 5057 -—
2598 5021 2652 5073 9.
2676 5017 2783 5070 Nec
2812 5026 3011 5070 tantum
3032 5030 3145 5080 vos,
3176 5015 3362 5085 quibus
3394 5014 3442 5067 in
3468 5014 3622 5067 nobis

2043 5110 2156 5179 ipsa
2183 5109 2376 5164 Christi
2424 5108 2619 5164 veritas
2665 5108 2856 5178 placet,
2881 5115 3363 5176 quantumcumque
3396 5119 3491 5175 per
3524 5118 3623 5157 nos

2042 5212 2093 5255 et
2117 5201 2433 5268 ubicumque
2471 5198 2806 5265 praedicatur,
2840 5205 2892 5250 et
2918 5198 3037 5266 quia
3070 5210 3185 5249 eam
3218 5194 3622 5263 quantulocum-

2043 5308 2145 5361 que
2191 5300 2387 5345 nostra:
2424 5292 2615 5360 linguae
2643 5286 2935 5343 ministerio
2968 5287 3193 5341 libenter
3221 5284 3430 5346 auditis,
3462 5283 3621 5338 etiam

2044 5383 2111 5438 de
2138 5382 2287 5437 nobis
2316 5382 2447 5437 bene
2477 5380 2806 5449 benigneque
2840 5378 3065 5438 sentitis,
3094 5375 3265 5430 securi
3310 5374 3459 5437 estis,
3491 5387 3620 5442 qua-

2045 5476 2348 5543 Iescumque
2400 5489 2495 5527 nos
2545 5472 2747 5535 simus;
2782 5471 2901 5541 quia
2946 5472 2996 5523 in
3044 5468 3130 5522 illo
3170 5482 3293 5536 spes
3317 5474 3490 5519 vestra
3521 5473 3624 5527 est,

2112 5634 2303 5687 trditi,
2345 5645 2435 5679 non
2483 5626 2777 5691 infirmabor.
2820 5635 2873 5675 At
2910 5625 3219 5691 Floriaeens's
3261 5629 3420 5691 _vetus_
3450 5615 3624 5691 epdex.

2047 5712 2137 5747 non
2157 5675 2834 5752 inmerito-rigidingustinus,
2864 5695 3021 5736 Euarr.
3050 5688 3098 5735 in
3135 5683 3359 5736 eumdem
3396 5675 3629 5729 Psalntum

2050 5762 2122 5808 1’)".
