4028 6202
292 304 408 361 333

292 431 459 489 quem
490 416 643 473 vobis
668 432 732 471 ex
763 415 903 472 illius
929 429 1088 486 super
1128 430 1222 471 vos
1249 416 1610 473 misericordia
1638 416 1896 488 pra-dica-

294 525 419 566 mus
448 528 463 577 ;
494 527 681 567 verum
724 511 885 565 etiam
924 510 1245 581 quicumque
1275 522 1454 566 nostra
1500 511 1902 580 dispensatione

294 603 462 656 etiam
485 610 879 656 sacramentum
901 601 1069 656 sancti
1096 600 1348 671 Daptismi
1369 602 1895 672 percepistis,eadem

293 693 588 749 securitate
625 692 884 764 gaudete;
929 693 1180 764 quoniam
1229 709 1334 748 non
1367 695 1419 748 in
1469 694 1643 755 nobis,
1697 696 1791 750 sed
1844 695 1897 750 iu

291 785 517 839 Christo
543 783 793 855 baptizati
825 786 975 839 estis.
1005 783 1120 838 Non
1149 785 1325 854 itaque
1352 800 1470 849 nos,
1503 785 1598 840 sed
1627 784 1897 841 Christum

293 876 583 942 induistis;
627 891 727 932 nec
770 891 865 931 vos
895 876 1215 946 interrogavi
1248 885 1424 932 utrum
1456 876 1524 932 ad
1554 894 1641 932 me
1672 894 1898 933 conver-

293 968 582 1035 tercmiui,
625 968 717 1023 scd
743 968 811 1021 ad
864 968 1028 1023 Deum
1074 969 1289 1035 vivum;
1344 985 1445 1026 nec
1486 980 1663 1025 utrum
1712 971 1763 1025 in
1812 987 1899 1027 me

291 1057 655 1124 credideritis,
676 1058 768 1113 sed
792 1061 845 1113 in
875 1060 1083 1114 Patrem
1105 1068 1159 1114 et
1185 1060 1376 1115 Filium
1399 1070 1453 1115 et
1490 1061 1744 1131 Spiritum
1775 1077 1897 1117 san-

291 1161 462 1205 ctum.
506 1149 659 1218 Quod
688 1151 733 1205 si
778 1151 951 1206 veraci
999 1152 1177 1207 animo
1207 1154 1578 1222 respondistis,
1604 1152 1788 1210 salvos
1804 1171 1897 1208 vos

295 1241 442 1308 fecit,
477 1258 584 1296 non
625 1243 804 1297 carnis
831 1243 1096 1311 depositio
1125 1244 1385 1311 sordium,
1415 1245 1508 1300 sed
1551 1247 1894 1301 conscientia:

295 1334 451 1388 boita:
479 1334 826 1405 interrogatio
858 1334 1078 1407 (IPrtr.
1097 1350 1170 1400 ιιι,
1190 1336 1306 1408 2|):
1332 1353 1435 1392 tton
1463 1354 1775 1405 conservus,
1800 1340 1895 1395 sed

297 1425 596 1490 Dominus;
630 1442 733 1481 non
775 1443 970 1499 prmco,
998 1427 1092 1483 sed
1134 1428 1318 1498 judex.
1350 1428 1530 1500 Neque
1558 1431 1699 1484 enim
1746 1445 1891 1498 vere,

292 1519 433 1573 sicut
465 1520 756 1575 Petilianus
777 1520 1168 1577 inconsiderate
1190 1521 1343 1586 dixit,
1361 1520 1682 1577 Conscientia
1698 1522 1888 1588 dantis,

290 1613 374 1667 vel
398 1611 542 1683 quod
568 1612 795 1679 addidit,
825 1613 1143 1668 Conscientia
1180 1624 1353 1668 sancte
1382 1613 1552 1668 dantis
1590 1615 1889 1684 attenditur,

288 1720 405 1773 qua:
416 1704 588 1757 obluat
603 1704 912 1774 accipientis.
930 1703 1061 1760 Cum
1080 1705 1222 1760 enim
1241 1704 1343 1760 hoc
1355 1704 1511 1761 datur
1523 1705 1663 1777 quod
1682 1707 1770 1762 Dei
1785 1718 1887 1774 est,

288 1783 538 1850 sanctum
560 1796 649 1849 dat
675 1797 834 1851 etiam
863 1812 967 1851 non
990 1806 1174 1852 sancta
1203 1798 1549 1851 conscientia.
1579 1798 1711 1867 Qua:
1739 1808 1890 1855 certe

287 1888 409 1942 sive
437 1889 509 1943 sit
532 1898 731 1953 sancta,
762 1889 874 1944 sive
904 1903 1009 1943 non
1041 1898 1244 1952 sancta,
1276 1888 1344 1943 ab
1373 1890 1666 1961 accipiente
1693 1891 1881 1960 inspici

288 1993 400 2033 non
450 1988 658 2050 potest;
687 1979 781 2034 sed
814 1980 972 2050 plane
996 1980 1122 2035 illud
1146 1980 1289 2051 qttod
1315 1980 1471 2037 datur
1515 1992 1707 2052 potest,
1739 1984 1883 2055 quod

285 2071 563 2141 cognitum
596 2071 643 2125 ei
671 2071 759 2141 qui
785 2085 1000 2141 semper
1026 2081 1110 2128 est
1147 2084 1386 2138 Sanctus,
1418 2090 1513 2144 per
1542 2076 1887 2145 qualemlibet

287 2163 593 2219 ministrum
657 2165 1373 2235 accipiatur,vsccurissitnc
1435 2168 1717 2238 accipitur.
1772 2167 1882 2223 Nisi

285 2254 429 2309 enim
483 2263 667 2309 sancta
714 2256 875 2310 verba
916 2267 1098 2311 essent
1142 2274 1207 2311 ex
1254 2257 1509 2313 cathedra
1552 2259 1740 2332 Moysi,
1776 2276 1880 2315 non

284 2346 490 2400 diceret
518 2345 745 2412 Veritas,
779 2346 906 2414 Qua:
935 2347 1147 2412 dicunt,
1170 2348 1343 2417 facile.
1377 2348 1432 2403 Si
1469 2358 1644 2404 autem
1676 2351 1881 2422 ipsiqui

287 2438 447 2493 verba
474 2447 662 2493 sancta
691 2437 890 2493 dabant
931 2441 1100 2495 sancti
1132 2450 1331 2507 essent,
1363 2456 1467 2496 non
1498 2443 1718 2509 diceret,
1753 2443 1882 2511 ραω

283 2530 499 2599 facinut,
517 2529 684 2599 facere
701 2532 893 2593 nolite;
920 2532 1093 2585 dicunt
1115 2532 1244 2586 enim
1268 2542 1312 2586 et
1334 2551 1433 2587 non
1453 2536 1645 2601 faciunt
1662 2534 1872 2608 (.llutth.

287 2638 441 2687 xxtn,
458 2621 535 2693 '5).
551 2621 914 2693 Nulloquippe
937 2624 1094 2678 modo
1118 2623 1307 2695 legitur
1326 2641 1421 2679 uva
1448 2627 1513 2681 de
1540 2628 1708 2696 Spiuis
1726 2645 1739 2693 ;
1755 2628 1877 2698 quia

286 2728 556 2782 nunqnant
583 2711 653 2768 de
676 2706 950 2782 spinartnn
979 2714 1246 2770 radicibus
1283 2718 1455 2771 oritur
1484 2734 1499 2770 :
1528 2718 1620 2773 sed
1670 2735 1789 2773 cum
1815 2735 1873 2774 se

283 2802 515 2873 spinosis
543 2805 760 2875 scpibtts
790 2804 991 2873 palntes
1018 2806 1141 2860 vitis
1165 2806 1444 2876 implicuit.
1478 2824 1580 2862 ιιοιι
1606 2809 1725 2864 ideo
1766 2811 1873 2865 fru-

283 2903 402 2951 ctus
445 2895 535 2967 qui
598 2894 705 2950 illic
734 2894 928 2966 pendet
970 2896 1252 2965 horretur;
1307 2898 1400 2954 sed
1453 2901 1601 2971 spina
1638 2912 1874 2971 cavetur,

282 3002 383 3041 uva
409 2987 734 3056 decerpitur.
1266 2998 1269 3003 ί

351 3079 582 3135 CAPUT
611 3078 699 3134 l.\'.
729 3110 801 3119 ——
830 3078 915 3134 10.
947 3079 1147 3151 Itaque,
1184 3090 1241 3136 ut
1285 3097 1429 3153 saepe
1457 3083 1586 3149 dixi,
1619 3097 1667 3140 et
1711 3087 1873 3142 vcbe-

284 3182 491 3225 menter
520 3172 748 3237 iueulco,
769 3172 1183 3242 qualescumque
1212 3188 1307 3228 nos
1322 3174 1508 3238 simus,
1527 3179 1701 3231 securi
1724 3180 1873 3244 estis,

283 3265 370 3333 qui
404 3264 571 3318 Deum
602 3264 811 3318 Patrem
840 3272 893 3318 et
922 3264 1037 3334 ejus
1061 3264 1351 3320 Ecclesiam
1386 3276 1607 3321 matrem
1643 3268 1873 3323 habetis.

282 3356 534 3423 Quamvis
558 3358 700 3411 enim
732 3356 890 3412 sin'ml
921 3355 1058 3411 lia-di
1077 3371 1197 3410 cum
1224 3357 1412 3411 ovibus
1433 3369 1733 3429 pascantur,
1770 3379 1872 3415 non

282 3451 497 3505 stabunt
538 3450 605 3505 ad
635 3451 930 3507 dexteram.
959 3451 1213 3520 Quamvis
1239 3452 1397 3506 simul
1425 3454 1571 3521 palea
1625 3470 1743 3508 cum
1778 3457 1871 3510 tri-

285 3544 393 3597 tico
442 3546 743 3609 trituretur,
776 3559 882 3598 non
931 3544 1151 3599 intrabit
1194 3544 1246 3598 in
1296 3542 1585 3599 horreum.
1621 3545 1875 3612 Quamvis

285 3637 444 3691 simul
491 3639 669 3709 pisces
698 3638 822 3693 ntali
866 3652 986 3691 cum
1041 3638 1195 3692 bonis
1244 3638 1380 3691 intra
1429 3638 1560 3692 retia
1609 3638 1872 3694 dominica

284 3738 488 3794 natent,
507 3746 615 3784 non
645 3729 918 3783 mittentur
941 3729 991 3782 in
1024 3728 1258 3783 vascula.
1284 3727 1451 3782 Nemo
1476 3729 1750 3797 glorietur,
1777 3745 1875 3783 nec

286 3824 336 3875 in
371 3821 587 3875 homine
630 3820 804 3886 bono;
839 3834 996 3875 nemo
1026 3818 1164 3875 bona
1212 3819 1305 3873 Dei
1344 3819 1528 3890 fugiat,
1560 3835 1656 3875 nec
1682 3818 1734 3874 in
1780 3819 1876 3874 ho-

284 3906 427 3961 mine
452 3907 615 3961 Ittalo.

354 3997 580 4053 CAPUT
608 3996 677 4051 Χ.
708 4027 779 4037 -—-
810 3997 893 4051 ll.
921 3995 1043 4051 Iltcc
1074 3995 1223 4050 vobis
1251 4036 1266 4062 ,
1289 3993 1575 4050 Christiani
1624 3996 1871 4051 catholici

282 4094 475 4147 fratres
504 4090 826 4155 eharissimi,
857 4106 953 4160 pro
986 4091 1200 4160 negotio
1242 4091 1485 4159 praesenti
1523 4090 1829 4146 sull‘ecerint
1856 4108 1870 4145 :

281 4200 402 4253 qurc
432 4182 477 4236 si
521 4182 783 4237 catholica
815 4181 1105 4236 dilectione
1150 4180 1411 4246 retinetis,
1444 4197 1565 4235 cum
1593 4182 1707 4236 sitis
1738 4197 1874 4238 unus

281 4294 408 4347 grex
441 4276 509 4331 de
552 4291 658 4330 uno
703 4285 913 4346 pastore
963 4288 1206 4340 securus,
1238 4288 1342 4327 non
1370 4273 1530 4329 nimis
1567 4289 1700 4327 curo
1730 4276 1870 4343 quod

284 4370 413 4423 mihi
481 4369 563 4424 vel
604 4366 903 4438 eungrcgali
944 4376 1143 4431 vestro,
1190 4366 1272 4420 vel
1317 4374 1463 4421 certe
1506 4366 1623 4420 cani
1672 4377 1869 4433 vestro,

282 4460 615 4514 conviciator
657 4458 878 4528 quilibet
927 4458 1203 4521 inimicus;
1238 4455 1526 4511 dummodo
1575 4473 1661 4512 me
1705 4459 1873 4527 magis

236 4538 249 4547 ’
286 4567 382 4619 pro
406 4559 607 4617 vestra,
638 4564 800 4619 quam
846 4563 941 4618 pro
971 4563 1088 4603 mea
1126 4548 1438 4603 defensione
1479 4549 1676 4604 latrare
1721 4564 1872 4603 com-

285 4642 446 4710 pellat
478 4658 491 4693 :
520 4655 623 4711 qua
651 4650 828 4695 tamen
858 4638 901 4695 si
946 4652 1082 4708 opus
1111 4646 1255 4694 esset
1292 4637 1358 4692 ad
1402 4653 1640 4705 causam,
1672 4638 1872 4694 brevis-

283 4734 415 4787 sima
466 4732 821 4803 facillimoque
861 4740 1071 4795 uterer,
1119 4738 1284 4783 totum
1331 4730 1536 4785 scilicet
1580 4731 1700 4785 vita:
1738 4747 1871 4786 mea:

281 4838 492 4899 tempus
540 4836 824 4895 antequam
872 4822 1205 4894 perciperem
1256 4821 1584 4891 Baptismuut
1646 4821 1868 4889 Christi,

281 4926 535 4987 quantum
564 4916 629 4971 ad
674 4930 821 4970 meas
839 4913 1155 4983 cupiditates
1171 4928 1487 4983 erroresque
1512 4914 1720 4979 attinet,
1748 4930 1869 4968 cum

280 5008 531 5064 omnibus
557 5007 867 5079 improbans
892 5017 945 5061 et
966 5004 1259 5069 detestans,
1289 5019 1355 5058 ne
1382 5005 1433 5057 in
1463 5005 1578 5073 ejus
1614 5006 1870 5075 temporis

278 5100 592 5158 defensione
616 5114 790 5155 meam
818 5097 1042 5169 gloriam
1066 5111 1309 5168 qurerere
1334 5095 1564 5165 viderer,
1600 5112 1704 5151 non
1730 5098 1870 5153 illius

276 5193 368 5262 qui
412 5208 499 5248 me
549 5207 643 5261 per
692 5190 916 5262 gratiam
962 5204 1113 5244 suam
1145 5197 1203 5244 et
1240 5203 1271 5242 a
1302 5203 1387 5244 me
1441 5188 1556 5258 ipso
1600 5190 1866 5247 liberavit.

280 5289 431 5346 Unde
457 5288 601 5343 illam
626 5287 788 5342 vitam
818 5300 993 5340 meam
1019 5299 1141 5339 eum
1173 5284 1457 5353 vituperari
1485 5282 1663 5347 audio,
1691 5285 1867 5354 quoli-

276 5383 366 5437 bct
392 5384 573 5437 animo
599 5381 650 5436 id
680 5382 837 5436 faciat
862 5380 949 5451 qui
978 5379 1078 5433 hoc
1108 5376 1254 5443 facit,
1273 5392 1375 5432 non
1405 5392 1574 5448 usque
1599 5377 1733 5432 adeo
1748 5392 1864 5431 sum

282 5476 521 5545 ingratus
542 5472 822 5527 utdoleam
857 5487 876 5526 :
906 5479 1163 5542 quantum
1194 5470 1389 5539 quippe
1416 5468 1501 5522 ille
1526 5479 1739 5523 accusat
1783 5472 1865 5522 vi-

272 5567 405 5619 tium
436 5580 638 5631 mcum,
673 5572 875 5618 tantum
910 5576 1009 5632 ego
1039 5560 1198 5616 laudo
1232 5560 1495 5615 medicmn
1523 5561 1862 5627 meunrQuid

270 5671 402 5727 ergo
421 5656 531 5726 jam
558 5656 628 5712 de
655 5655 760 5711 illis
787 5654 1069 5725 praeteritis
1103 5662 1264 5723 atque
1295 5653 1505 5707 abolitis
1538 5654 1689 5706 malis
1731 5654 1865 5709 meis

271 5746 624 5808 defendendis
650 5746 912 5814 laborem,
932 5745 1000 5799 de
1027 5745 1217 5811 quibus
1242 5744 1529 5799 Petilianus
1561 5746 1719 5799 multa
1745 5747 1861 5817 qui-

1656 302 1859 359 LlBER
1900 301 2224 362 TERTIUS.

3490 332 3587 388 33(

2013 415 2133 472 dem
2162 416 2292 475 falsa
2335 421 2491 489 dixit,
2520 425 2612 479 sed
2668 428 2813 496 plura
2842 447 2962 487 vera
2997 451 3100 491 non
3126 438 3304 497 dixit?
3351 444 3427 501 De
3452 455 3590 501 tem.

2011 524 2142 579 pore
2168 521 2346 567 autem
2377 516 2496 571 vita:
2525 534 2660 574 mea)
2689 523 2829 591 quod
2856 535 2938 579 est
2979 538 3094 596 post
3126 530 3476 603 Baptismum,
3507 555 3592 590 vo-

2009 603 2092 657 bis
2118 607 2439 677 quicumque
2473 626 2557 665 me
2585 614 2773 680 nostis,
2796 619 3064 686 superﬂuo
3082 621 3270 692 loquor
3294 641 3357 681 ex
3388 628 3452 683 iis
3477 646 3594 700 quzc

2010 704 2133 750 nota
2187 712 2305 753 esse
2330 699 2633 758 hominibus
2684 717 2951 774 possunt:
2987 710 3039 767 hi
3086 729 3214 769 vero
3238 718 3325 787 qui
3352 734 3437 774 me
3487 699 3593 775 non

2010 800 2290 856 noverunt,
2325 808 2428 847 non
2458 794 2527 848 ita
2570 796 2735 868 iniqui
2759 814 2878 855 esse
2904 802 3100 859 debent
3130 806 3180 860 in
3208 824 3311 873 me,
3342 820 3395 864 ut
3426 814 3594 882 magis

2007 879 2074 936 de
2113 898 2198 937 me
2234 885 2453 940 credant
2480 887 2738 944 Petiliano
2759 908 2914 961 quam
2944 896 3111 951 vobis.
3141 897 3273 954 Nam
3301 903 3343 956 si
3375 879 3593 959 laudan-

2008 973 2043 1027 ti
2070 974 2241 1030 amico
2280 977 2601 1033 credendum
2629 996 2736 1036 non
2764 993 2865 1051 est,
2895 1001 2994 1041 nec
3022 988 3236 1045 inimico
3266 992 3587 1052 detrahenti.

2008 1066 2229 1122 Restant
2258 1085 2317 1123 ea
2349 1087 2466 1139 quae
2492 1074 2698 1128 occulta
2736 1088 2862 1130 sunt
2891 1078 3142 1143 hominis,
3173 1083 3260 1137 ubi
3291 1085 3401 1140 sola
3455 1103 3590 1142 con-
3622 1102 3625 1109 '

2006 1161 2226 1215 scientia
2255 1164 2402 1217 testis
2420 1175 2502 1220 est
2521 1165 2690 1237 ‘,qu-.c
2726 1170 2877 1224 testis
2902 1186 3024 1226 esse
3051 1173 3190 1242 apud
3211 1176 3454 1234 homines
3484 1198 3587 1234 non

2004 1263 2198 1321 potest.
2244 1256 2297 1310 ln
2331 1257 2411 1311 his
2441 1274 2528 1313 me
2578 1258 2872 1317 Petiliauns
2902 1265 3253 1322 manichatum
3283 1284 3402 1326 esse
3432 1271 3581 1337 dicit,

2001 1346 2223 1417 loquens
2253 1349 2318 1403 de
2346 1351 2518 1406 aliena
2567 1355 2888 1409 conscientia
2925 1374 2937 1409 ε
2971 1356 3075 1413 hoc
3101 1376 3199 1430 ego
3230 1378 3314 1417 me
3341 1379 3445 1419 non
3472 1379 3593 1420 esse

1999 1436 2140 1502 dico,
2176 1439 2396 1510 loquens
2425 1440 2491 1497 de
2513 1458 2630 1497 mea
2657 1445 3008 1501 conscientia.
3035 1449 3231 1520 Eligite
3280 1454 3369 1507 cui
3396 1456 3586 1510 ereda-

2000 1529 2473 1588 tis.Vertnutatuen
2504 1536 2757 1604 quoniam
2792 1553 2889 1592 nec
2916 1539 3015 1593 ista
3044 1540 3188 1596 brevi
3216 1559 3279 1596 ac
3306 1543 3442 1599 facili
3467 1563 3583 1601 mea

1996 1620 2310 1678 defensione
2336 1638 2469 1693 Opus
2499 1635 2602 1690 est,
2637 1627 2723 1682 ubi
2755 1630 2980 1697 qumstio
3012 1647 3116 1685 non
3155 1632 3221 1688 de
3266 1635 3587 1704 qualis-cum-
3622 1637 3631 1641 ’

1995 1729 2099 1784 que
2127 1716 2283 1769 unius
2334 1716 2567 1772 hominis
2618 1720 2828 1783 merito,
2858 1722 2951 1776 sed
2983 1723 3052 1778 de
3091 1736 3289 1780 sancta:
3329 1728 3584 1783 Εροιιθδίςυ

1994 1806 2253 1862 Veritale’
2288 1818 2560 1877 versatur;
2593 1809 2659 1864 ad
2687 1826 2782 1864 vos
2809 1812 2967 1865 etiam
3000 1814 3129 1867 mihi
3174 1816 3320 1883 plura
3362 1818 3584 1874 dicenda

1993 1906 2137 1963 sunt,
2170 1898 2491 1969 quicumque
2547 1900 2601 1954 in
2650 1909 2801 1969 parte
2846 1903 3053 1968 Donati,
3087 1903 3332 1960 Petiliani
3386 1924 3504 1978 qua:
3534 1910 3583 1963 in

1992 2004 2079 2043 me
2101 1989 2313 2060 scripsit
2358 1990 2641 2047 maledicta
2674 1993 2899 2064 legistis,
2931 2011 3050 2063 qua:
3078 1997 3146 2051 ab
3177 1997 3267 2052 illo
3297 2016 3401 2053 non
3429 2002 3584 2055 audi-

1992 2094 2142 2145 rem,
2191 2080 2233 2133 si
2290 2091 2522 2136 vestram
2578 2084 2926 2152 perditioncnt
2990 2098 3435 2145 contemnerem:
3488 2094 3583 2148 sed

1988 2171 2262 2227 charitalis
2290 2171 2597 2227 christiana}
2629 2175 2830 2229 viscera
2863 2192 2966 2229 non
3003 2177 3277 2233 haberent.

2058 2283 2284 2340 CAPUT
2308 2284 2485 2339 Xl.——
2514 2286 2601 2343 l2.
2632 2288 2769 2355 Quid
2798 2304 2925 2359 ergo
2954 2289 3169 2359 mirum,
3198 2294 3240 2348 si
3263 2308 3385 2350 cum
3412 2313 3573 2367 grana

1986 2373 2055 2430 de
2082 2390 2208 2430 area
2246 2377 2509 2433 dominica
2536 2394 2768 2434 excussa
2793 2420 2808 2447 ,
2835 2381 2994 2436 simul
3032 2398 3152 2438 cum
3182 2392 3321 2439 terra
3352 2399 3405 2441 et
3428 2390 3577 2458 palea

1985 2465 2275 2521 introrsum
2301 2468 2475 2533 traho,
2494 2469 2743 2539 iniuriam
2771 2471 3057 2527 resilientis
3083 2475 3313 2544 pulveris
3335 2479 3534 2535 sull'ero
3563 2501 3573 2535 :

1976 2559 2069 2621 vel
2096 2573 2217 2612 cum
2247 2559 2459 2615 Domini
2489 2563 2594 2617 mei
2624 2577 2752 2618 oves
2777 2565 3012 2633 perditas
3040 2567 3323 2639 diligenter
3345 2571 3574 2643 inquiro,

1983 2650 2317 2718 Spinosarum
2343 2652 2642 2723 linguarum
2664 2656 2913 2727 vepribus
2935 2657 3181 2715 laceror?
3205 2662 3438 2718 Obsecro
3461 2681 3571 2728 vos,

1951 2780 1957 2787 .
1983 2742 2232 2812 deponite
2259 2746 2529 2815 paululum
2558 2747 2729 2802 studia
2758 2751 2982 2819 partium
3008 2793 3023 2816 ,
3056 2764 3215 2824 atque
3243 2756 3381 2811 inter
3407 2774 3491 2813 me
3515 2770 3574 2814 et

1982 2835 2300 2892 Petilianum
2324 2852 2443 2893 eum
2471 2839 2644 2909 aliqua
2672 2842 2922 2912 :nquitate
2949 2843 3205 2913 iudicate.
3234 2847 3349 2918 Ego
3379 2850 3570 2907 Eccle-

1981 2931 2075 2982 siae
2104 2943 2316 2984 causam
2358 2931 2478 2984 volo
2508 2941 2565 2986 ut
2594 2934 2870 2998 noveritis,
2904 2935 2990 2989 ille
3019 2944 3075 2991 ut
3099 2955 3272 2994 meam
3305 2958 3319 2994 :
3348 2942 3412 2996 ad
3443 2945 3567 3014 qttid

1980 3020 2144 3085 aliud,
2177 3020 2276 3075 nisi
2297 3022 2418 3091 quia
2445 3024 2668 3078 testibus
2694 3026 2849 3088 meis,
2878 3043 3012 3097 quos
3041 3030 3092 3083 in
3129 3046 3289 3086 causa
3317 3018 3571 3091 Ecclesia:

1981 3120 2290 3165 constanter
2331 3112 2591 3177 adhibeo,
2636 3131 2741 3169 non
2784 3116 2939 3172 audet
2986 3110 3165 3175 dicere
3211 3136 3279 3176 ne
3305 3125 3569 3189 credatis;

1982 3202 2263 3273 Propheta:
2302 3207 2444 3287 enim
2483 3216 2637 3273 sunt,
2661 3219 2713 3263 et
2743 3210 2979 3278 Apostoli
3007 3254 3021 3277 ,
3046 3223 3100 3267 et
3130 3213 3243 3285 ipse
3274 3216 3571 3287 PrOpheta-

1980 3311 2096 3349 rum
2121 3305 2175 3350 et
2199 3285 2575 3367 Apostolorum
2609 3301 2861 3355 Dominus
2886 3301 3127 3360 Christus
3151 3323 3165 3359 :
3197 3307 3265 3362 de
3286 3285 3567 3366 metantem

1978 3386 2231 3457 quidquid
2257 3388 2438 3445 dicere
2468 3392 2689 3447 voluerit
2712 3391 2751 3455 ³,
2785 3392 2983 3449 homini
3005 3396 3260 3452 adversus
3276 3399 3566 3469 hominem,

1978 3470 2037 3532 et
2075 3488 2254 3533 vestro
2296 3479 2557 3535 adversus
2604 3482 2871 3550 alienum,
2918 3485 3070 3541 facile
3116 3489 3371 3544 creditis?
3413 3491 3477 3546 Et
3525 3495 3568 3546 si

1979 3586 2115 3639 quos
2161 3572 2285 3626 vita:
2325 3588 2459 3627 mea:
2490 3583 2657 3629 testes
2686 3576 3012 3643 adhibucro,
3045 3581 3171 3650 quid
3212 3598 3461 3653 magnum
3489 3596 3569 3640 est

1980 3671 2037 3714 ut
2059 3662 2197 3716 dicat
2219 3702 2234 3726 ,
2264 3678 2368 3718 non
2412 3666 2490 3719 eis
2511 3682 2631 3721 esse
2655 3669 2981 3723 credendum
3007 3711 3021 3734 ,
3052 3681 3104 3725 et
3125 3672 3226 3726 hoc
3269 3677 3422 3730 vobis
3458 3679 3565 3731 cito

1981 3752 2336 3819 persuadeat:
2371 3757 2666 3822 prmsertim
2709 3759 2920 3826 quando
2961 3761 3201 3831 quisquis
3243 3780 3338 3833 pro
3366 3781 3453 3821 me
3483 3771 3566 3823 ul-

1979 3842 2088 3896 lum
2139 3844 2361 3897 verbum
2404 3844 2624 3908 fecerit,
2659 3846 2905 3901 inimicus
2944 3850 3079 3918 parti
3110 3851 3338 3921 Donati,
3369 3870 3432 3911 ac
3475 3872 3569 3926 per

1980 3934 2081 3990 hoc
2109 3944 2283 3990 vester
2318 3937 2571 3993 continuo
2617 3937 3001 4009 deputabitur?
3030 3941 3237 4012 [legunt
3265 3946 3442 4016 itaque
3462 3946 3567 4003 Pe-

1982 4026 2192 4080 lilianus
2219 4043 2232 4081 :
2263 4026 2477 4096 quando
2503 4028 2554 4082 in
2595 4045 2680 4084 me
2705 4029 2953 4099 qutclibet
2981 4034 3220 4089 convicia
3260 4034 3525 4105 jaculatur
3548 4082 3563 4104 ,

1979 4116 2029 4171 ei
2084 4131 2271 4172 omnes
2309 4119 2616 4174 acclamatis
2642 4128 2696 4173 et
2731 4121 3001 4190 plaudilis.
3040 4124 3185 4180 llanc
3218 4126 3318 4182 sibi
3367 4128 3567 4186 invenit

1980 4208 2283 4263 vincibilem
2314 4223 2527 4265 causmu
2554 4253 2570 4277 ,
2600 4211 2694 4266 sed
2733 4213 3001 4281 judicibus
3029 4216 3178 4273 vobis
3204 4235 3217 4272 :
3247 4235 3347 4274 nec
3376 4231 3564 4278 testem

1981 4314 2078 4353 nec
2104 4308 2472 4369 argumentum
2504 4303 2767 4372 requiret,
2792 4305 2875 4359 cui
2900 4306 3000 4362 hoc
3026 4308 3196 4363 solum
3223 4320 3304 4365 est
3341 4312 3567 4381 probare

1977 4390 2120 4460 quod
2142 4391 2288 4458 dicit,
2320 4392 2439 4460 quia
2463 4392 2511 4447 ei
2528 4408 2685 4464 quem
2710 4397 2941 4452 maxime
2967 4398 3175 4468 odiSIis,
3195 4404 3567 4472 eopiosissime

1980 4481 2265 4537 maledicit.
2312 4482 2444 4538 Nam
2474 4484 2725 4554 quoniam
2769 4486 2963 4544 divinae
2992 4489 3283 4561 Scriptura:
3322 4497 3566 4552 testimo-

1979 4573 2062 4627 nia
2090 4588 2248 4637 ,cum
2275 4589 2373 4645 pro
2414 4575 2649 4633 Ecclesia
2691 4580 2949 4635 catholica
2996 4591 3103 4639 tam
3145 4585 3307 4642 densa
3357 4599 3412 4644 et
3461 4598 3566 4646 tam

1978 4665 2118 4719 clara
2170 4667 2503 4733 recitantur,
2528 4668 2678 4723 vobis
2719 4670 3025 4729 dolentibus
3068 4688 3310 4734 remanet
3352 4691 3564 4745 mulus;

1978 4757 2141 4826 elegit
2164 4759 2463 4825 materiam,
2495 4759 2580 4814 ttbi
2605 4761 2754 4817 vobis
2776 4761 3073 4821 faventibus
3096 4768 3340 4838 loquatur
3365 4812 3378 4834 .
3409 4782 3465 4828 et
3484 4774 3564 4827 vi-

1976 4858 2092 4901 ctus
2129 4864 2310 4902 vertnn
2350 4850 2605 4906 simulans
2638 4862 2836 4908 statum
2858 4853 2899 4921 ⁸,
2936 4857 3057 4911 talia
3090 4861 3171 4915 vel
3198 4865 3357 4917 etiam
3398 4867 3568 4920 scele-

1978 4940 2173 5021 ratiora
2221 4939 2364 4994 dicat
2404 4942 2455 4995 in
2503 4958 2609 4997 me.
2658 4943 2782 5000 Mihi
2828 4956 2909 5001 sat
2935 4958 3016 5004 est
3038 4949 3115 5020 (τι)
3138 4952 3203 5006 ad
3248 4969 3361 5009 rem
3404 4971 3564 5025 quant

2037 5164 2057 5233 ξ
2081 5162 2197 5233 {diti
2214 5197 2229 5221 ,
2253 5160 2364 5233 talis
2384 5161 2677 5233 cstattelius
2710 5172 2834 5224 Mss,
2876 5167 3008 5219 testis
3027 5175 3114 5221 est.

2037 5227 2058 5257 ³
2080 5231 2153 5291 lar.
2180 5234 2230 5275 et
2254 5227 2603 5291 Lov.,_wntrtte.
2639 5234 2738 5291 Am.
2774 5241 2892 5291 vero
2928 5238 2979 5280 et
3002 5239 3131 5291 Mss,
3170 5234 3382 5284 t'etitate.
3418 5241 3570 5286 favet

1974 5284 2253 5355 illudinfra,
2279 5300 2328 5334 ιι.
2354 5285 2494 5355 ‘28,}
2517 5287 2580 5335 de
2606 5286 2827 5355 Ecclfsite
2854 5291 2930 5340 vel
2964 5284 3182 5355 Baptismi
3222 5300 3445 5346 Vct'itate.
3464 5284 3568 5349 erit

1975 5350 2058 5398 lib.
2083 5349 2148 5397 de
2173 5351 2313 5398 Unico
2336 5350 2597 5411 Baptismo,
2623 5364 2670 5399 ιι.
2698 5349 2783 5411 22,
2817 5369 2839 5398 ι
2861 5349 3219 5405 ambulantibus
3255 5358 3302 5404 in
3335 5359 3558 5412 Ecclesiae

1974 5414 2198 5461 veritate.
2219 5427 2240 5455 ι

2039 5476 2060 5505 ³
2083 5473 2211 5536 Aplld
2237 5479 2309 5536 Er.
2334 5480 2382 5536 et
2409 5479 2514 5521 [ον.
2536 5507 2550 5531 ,
2574 5471 2782 5524 libuerit.
3178 5502 3183 5507 -

2039 5536 2061 5605 ε
2083 5534 2209 5605 διεδ...
2234 5534 2657 5605 sintilmtsstatum.
2684 5543 2749 5586 t-‘.x
2795 5536 2871 5586 bis
2911 5551 3035 5588 unus
3063 5542 3433 5603 Cygirannettsis
3452 5556 3557 5605 pro,

1972 5604 2161 5657 statum,
2186 5597 2349 5656 habet,
2374 5597 2549 5647 statim.

2038 5681 2109 5743 (u)
2135 5688 2276 5745 Juxta
2294 5680 2456 5745 ttorel,
2470 5678 2804 5745 illem.cri_tic.,
2825 5697 2937 5745 rga.
2955 5684 3270 5744 326-328,sie
3283 5686 3459 5736 melius
3484 5687 3559 5737 le-

1977 5740 2179 5806 geretur
2205 5743 2286 5792 ille
2314 5742 2463 5805 locus,
2489 5740 2569 5793 ubi
2601 5742 2725 5795 robis
2747 5740 3009 5807 [urentibus
3047 5740 3266 5812 loquetur
3311 5759 3354 5800 et
3389 5748 3555 5803 victus.
