4024 6196
370 281 472 338 Ζῖιῦ

371 406 508 444 nunc
537 404 633 462 ago
659 429 673 454 ,
707 385 844 456 quod
871 382 1270 454 qualiscumque
1300 377 1353 430 in
1395 390 1455 430 ea
1484 374 1584 428 sim
1603 415 1620 440 ,
1649 381 1825 426 tamen
1855 369 1956 424 Ec-

370 481 531 535 tlcsia
561 495 656 548 pro
687 493 786 544 qua
816 477 1009 544 loquor
1037 469 1230 526 invicta
1259 478 1363 524 est.

383 625 386 628 .
443 569 669 626 CAl’U'l‘
701 565 811 624 ΧΗ.
843 592 914 604 —-—
941 563 1027 620 15.
1061 562 1229 616 llou'to
1258 575 1376 615 sunt
1396 558 1536 614 enim
1567 555 1633 612 de
1661 568 1782 608 area
1811 550 1966 606 Chri-

375 663 437 714 sti
461 676 474 726 ;
501 660 649 729 palea
680 658 722 712 si
756 656 960 718 malus,
994 666 1214 722 granum
1242 651 1284 703 si
1315 649 1504 703 bonus.
1539 646 1650 699 Non
1689 652 1774 698 est
1813 640 1967 710 hujus

375 765 514 804 area:
544 747 898 804 ventilabrum
932 745 1106 814 lingua
1135 740 1379 797 Petiliani
1407 756 1421 792 :
1455 754 1516 792 ac
1563 752 1656 806 per
1686 734 1790 788 hic
1817 732 1970 804 quid-

377 842 503 911 quid
533 843 582 894 in
630 841 746 908 ejus
788 840 992 908 paleam
1047 835 1168 888 mali
1213 834 1371 888 etiam
1404 847 1528 886 vere
1568 824 1969 896 dixerit,nullo

380 933 540 987 tuoth
575 932 854 985 frumentis
898 929 1016 998 ejus
1047 925 1373 996 pra-judZCat.
1407 920 1670 990 Quidquid
1708 928 1882 971 autem
1919 915 1970 974 in

380 1028 493 1096 ipsa
543 1026 807 1079 frumenta
841 1022 1247 1077 maledictorum
1295 1015 1781 1082 calnumiarumquc
1806 1009 1974 1079 jacta-

381 1117 521 1170 verit
545 1156 560 1182 ,
593 1115 724 1168 titles
743 1130 928 1168 eorum
959 1120 1237 1167 exercetur
1265 1107 1316 1161 in
1343 1105 1497 1159 terris
1521 1145 1534 1168 ,
1571 1117 1778 1157 merces
1817 1115 1974 1167 ange-

387 1218 472 1261 tnr
502 1209 551 1262 iu
594 1208 764 1262 cmlis.
802 1204 1012 1261 Sanctis
1051 1201 1193 1255 enim
1225 1198 1313 1251 Dei
1345 1195 1512 1252 servis
1549 1202 1835 1260 sancteque
1869 1189 1976 1244 Deo

387 1298 733 1350 militantibus
758 1338 771 1362 ,
801 1311 904 1349 non
947 1292 1204 1346 adversus
1235 1285 1552 1342 Petilianum
1593 1295 1751 1352 atque
1793 1281 1977 1348 hujus-

388 1388 527 1441 intuli
557 1403 768 1440 carnem
801 1395 854 1438 ct
881 1383 1190 1452 sanguinem
1213 1419 1227 1445 ,
1253 1377 1346 1432 sed
1372 1376 1627 1430 adversus
1658 1371 1981 1440 principatus

388 1487 443 1531 et
485 1456 774 1546 potestates
813 1482 866 1529 et
894 1484 1129 1527 rectores
1175 1471 1354 1523 talimn
1390 1466 1727 1521 tenebrarum
1763 1460 1978 1532 (liplzes.

388 1588 462 1635 vn,
496 1569 601 1640 ιε),
630 1569 813 1638 quales
854 1576 976 1620 sunt
999 1579 1187 1619 omnes
1227 1559 1519 1616 adversarii
1565 1557 1803 1612 veritatis
1825 1597 1838 1619 ,
1869 1553 1986 1624 qni-

389 1661 489 1715 bus
512 1661 709 1712 utinam
741 1657 982 1711 dicmnus
1008 1697 1022 1718 ,
1053 1653 1248 1708 Fuistis
1277 1649 1552 1721 aliquando
1584 1647 1816 1708 tenebrae,
1851 1659 1986 1697 nunc

391 1761 557 1803 autent
584 1751 672 1801 lux
698 1749 748 1801 in
781 1747 996 1801 Domino
1028 1743 1138 1818 (Id.
1170 1759 1224 1812 γ,
1257 1743 1339 1812 1‘2.)
1374 1759 1386 1794 :
1421 1742 1559 1795 hanc
1585 1755 1715 1812 ergo
1745 1737 1985 1792 militiam

395 1841 741 1894 militantibus
791 1837 960 1894 servis
1001 1838 1089 1890 Dei
1118 1850 1466 1906 quotcumque
1501 1833 1567 1886 ab
1598 1832 1825 1887 inimicis
1859 1845 1988 1884 con-

394 1931 526 1985 vicia
558 1929 848 1984 criminosa
876 1928 1128 1981 dicuntur
1147 1968 1160 1989 ,
1194 1940 1312 1996 qum
1340 1922 1480 1993 apud
1514 1921 1804 1976 malevolos
1829 1929 1880 1974 et
1907 1929 1986 1974 te-

395 2036 542 2074 mere
582 2018 826 2072 ercdnlos
876 2018 1065 2070 malam
1097 2017 1290 2068 famam
1326 2013 1520 2067 faciant
1544 2053 1559 2077 ,
1588 2027 1733 2064 arma
1775 2010 1986 2064 sinistra

397 2121 550 2175 sunt;
579 2111 742 2164 etiam
794 2109 874 2162 his
904 2107 1147 2161 diabolus
1169 2116 1516 2178 expugnatur.
1546 2104 1678 2157 Cum
1708 2102 1848 2156 enim
1899 2117 1992 2170 per

398 2203 588 2254 bnuant
614 2202 804 2254 famam
831 2199 1119 2268 probamur
1143 2208 1321 2250 utrum
1356 2211 1453 2249 nos
1484 2195 1534 2248 in
1558 2193 1858 2262 superbiam
1887 2207 1988 2244 non

395 2294 746 2354 extollanms,
780 2301 832 2344 et
868 2306 961 2360 per
1009 2290 1201 2344 malam
1239 2287 1432 2340 famam
1481 2285 1770 2354 probamur
1815 2291 1990 2335 utrum

399 2384 644 2436 inimicos
671 2397 764 2436 eos
791 2382 934 2450 ipsius
973 2396 1001 2434 a
1030 2381 1224 2450 quibus
1253 2378 1404 2431 nobis
1430 2375 1771 2445 contingitur,
1802 2373 1990 2442 diliga-

400 2488 535 2535 mus,
562 2488 654 2542 pcr
679 2487 825 2525 arma
849 2472 1068 2542 justitia:
1105 2470 1322 2524 dextera
1352 2476 1406 2521 ct
1436 2467 1647 2520 sinistra
1677 2468 1691 2496 ί
1721 2464 1992 2518 diabolum

400 2566 678 2618 vincimus.
728 2563 858 2630 Qua:
906 2578 1025 2617 cum
1084 2561 1369 2630 Apostolus
1409 2563 1888 2611 commemorasset
1915 2553 1996 2606 di-

399 2675 524 2711 cens
548 2699 562 2718 ,
603 2655 704 2710 Per
733 2671 877 2708 arma
904 2655 1123 2723 justitia:
1159 2653 1365 2706 dextera
1393 2661 1438 2703 et
1475 2651 1717 2712 sinistra;
1745 2648 1995 2702 continuo

409 2759 658 2816 tauquam
686 2759 961 2816 exponens
985 2743 1112 2813 quid
1136 2742 1364 2803 dixerit,
1400 2739 1502 2792 Per
1530 2739 1775 2810 gloriam,
1806 2737 1992 2806 inquit,

401 2850 448 2891 et
478 2839 858 2909 ignobilitatem,
892 2835 1254 2906 perinfamiant
1279 2843 1324 2885 et
1347 2835 1526 2885 bonum
1551 2833 1741 2900 faniam
1783 2827 1850 2901 (lt
1877 2829 1991 2880 (Sor.

403 2946 478 2991 vi,
514 2932 562 2992 7,
596 2931 650 2999 8)
681 2971 694 2992 ,
719 2940 772 2983 et
801 2935 992 2981 caetera
1027 2927 1148 2980 talia
1182 2942 1193 2977 :
1234 2923 1454 2992 gloriam
1484 2922 1687 2974 scilicet
1718 2929 1770 2972 et
1803 2920 1994 2972 bonam

403 3024 595 3075 fatuam
621 3034 903 3073 numerans
931 3018 980 3069 in
1009 3015 1171 3068 armis
1197 3014 1450 3079 dexteris,
1482 3013 1533 3065 in
1563 3012 1792 3065 sinistris
1820 3019 1995 3062 autem

403 3112 785 3181 ignobilitatem
808 3119 858 3162 et
882 3105 1173 3160 infamiam.

472 3201 696 3257 CAPUT
729 3199 862 3253 Xlll.
899 3198 1075 3252 ~11.
1099 3195 1152 3252 Si
1180 3209 1308 3264 ergo
1321 3209 1436 3248 sum
1459 3193 1548 3248 Dei
1572 3208 1758 3275 servus
1779 3193 1997 3247 etmiles

404 3309 509 3348 non
530 3293 805 3362 reprobus,
826 3290 1114 3360 quamlibet
1131 3289 1358 3342 disertus
1375 3287 1698 3340 conviciator
1723 3286 1774 3339 in
1795 3302 1878 3339 me
1899 3286 1999 3339 l‘e-

407 3385 622 3437 tilianns
667 3383 851 3436 existat
875 3423 888 3446 ,
920 3379 1174 3448 numquid
1201 3379 1423 3432 moleste
1456 3375 1598 3431 ferre
1639 3377 1810 3431 debeo
1836 3419 1851 3442 ,
1877 3377 1998 3446 quia

405 3473 534 3527 mihi
563 3486 833 3525 armorum
865 3471 1202 3523 sinistrorutn
1241 3467 1389 3520 faber
1439 3467 1820 3519 Solertissimus
1849 3482 2000 3534 para-

405 3576 492 3620 tus
537 3565 694 3619 cst'?
723 3563 869 3631 Opus
913 3569 997 3616 est
1035 3568 1092 3614 ut
1132 3560 1214 3613 his
1255 3560 1305 3611 in
1356 3557 1619 3627 adjutorio
1652 3557 1856 3611 Domini
1897 3559 1999 3613 mei

414 3657 732 3727 peritissime
763 3656 783 3686 ³
828 3654 1122 3718 dimicem,
1155 3661 1208 3705 et
1255 3651 1334 3704 eis
1379 3650 1524 3703 illmu
1577 3649 1758 3704 feriam
1818 3658 2000 3703 cootra

406 3766 564 3821 quem
603 3749 938 3804 invisibiliter
981 3762 1194 3817 pugno,
1219 3746 1307 3814 qui
1361 3745 1761 3812 perversiSsima
1787 3753 1838 3797 et
1867 3744 2004 3796 anti-

407 3842 660 3910 quissima
707 3839 900 3894 astutia
945 3837 1137 3892 callide
1179 3834 1403 3889 intendit
1427 3843 1481 3888 et
1521 3834 1658 3903 agit,
1692 3842 1751 3887 ut
1791 3843 2004 3902 rropter

410 3934 525 3988 hinc
561 3932 876 3988 Petilianqu
921 3928 1129 3982 oderim
1155 3968 1170 3991 ,
1205 3941 1266 3979 ac
1309 3926 1383 3979 sic
1433 3937 1756 3993 pra-ceptum
1807 3925 2002 3976 Christi

409 4025 549 4094 quod
581 4023 694 4087 ait,
723 4021 926 4090 Diligi'e
963 4020 1193 4072 inimicos
1219 4027 1404 4070 restros
1440 4014 1588 4085 (an.
1621 4031 1671 4067 vt
1699 4055 1712 4079 ,
1744 4014 1832 4084 55)
1862 4057 1873 4076 ,
1902 4016 2003 4066 itu-

411 4119 559 4187 plcre
587 4130 689 4168 non
719 4113 916 4184 possint
965 4111 1114 4178 Quod
1144 4126 1173 4164 a
1204 4123 1290 4163 me
1315 4116 1520 4162 avertat
1546 4107 1661 4175 ejus
1694 4107 2004 4160 misericor-

410 4209 526 4272 dia,
554 4208 643 4277 qui
671 4223 756 4260 mo
784 4205 970 4258 dilexit
994 4245 1006 4268 ,
1040 4214 1093 4257 et
1121 4203 1337 4257 tradidit
1381 4201 1725 4268 semetipsum
1759 4216 1853 4268 pro
1882 4217 1966 4252 me
1987 4242 2001 4264 ,

413 4310 467 4352 nt
497 4297 732 4367 pendens
761 4297 811 4350 in
835 4311 992 4348 cruce
1021 4293 1244 4358 dit-cret,
1284 4293 1455 4357 Pater,
1491 4293 1694 4362 ignosce
1717 4291 1819 4344 illis
1840 4332 1852 4354 ,
1885 4294 2005 4361 quia

417 4391 649 4444 nesciunt
691 4387 814 4460 quid
835 4389 1028 4457 [uc-imit
1060 4385 1169 4457 (Id.
1203 4401 1331 4439 xxm
1360 4429 1373 4449 ,
1400 4387 1489 4456 Si)
1517 4403 1528 4436 :
1558 4399 1746 4453 meque
1773 4383 1839 4437 de
1869 4385 2006 4438 Peti-

419 4485 562 4537 liauo
586 4491 640 4536 et
670 4483 860 4537 talibus
889 4479 1119 4534 inimicis
1149 4480 1279 4532 meis
1299 4478 1478 4532 dicere
1501 4478 1735 4543 doceret,
1763 4477 2001 4541 Domine,

417 4578 634 4646 ignosce
664 4575 790 4636 illis,
819 4575 939 4642 quia
971 4572 1214 4626 nesciunt
1239 4571 1364 4640 quid
1390 4571 1694 4639 loquuntur.

485 4664 714 4720 CAPUT
751 4663 892 4719 xw.
934 4664 1129 4718 —-15.
1183 4661 1413 4717 proinde
1470 4661 1515 4716 si
1562 4646 1926 4731 impetravero
1975 4676 2004 4714 a

417 4756 590 4820 vobis,
617 4757 755 4811 sicut
778 4755 999 4816 intendi,
1028 4763 1086 4808 ut
1114 4763 1319 4808 remoto
1342 4753 1408 4806 ab
1429 4752 1620 4805 animis
1649 4753 1838 4806 vestris
1861 4753 2004 4806 omni

419 4847 593 4904 studio
619 4848 843 4917 partium
865 4888 879 4911 ,
913 4847 1050 4900 inter
1082 4859 1166 4900 me
1195 4853 1249 4899 et
1278 4844 1592 4914 Pctiliaupm
1626 4845 1761 4913 πηιιί
1800 4843 2008 4912 judices

419 4944 562 5006 sitis;
592 4937 870 4996 ostendam
914 4939 1065 4992 vobis
1098 4953 1200 4990 non
1243 4953 1364 4991 eum
1409 4935 1751 5006 respondisse
1798 4936 2008 5002 scriptis

423 5036 553 5089 meis
584 5052 596 5087 :
627 5041 683 5087 ut
721 5030 1028 5101 intelligatis
1056 5030 1174 5098 quia
1206 5028 1443 5083 veritatis
1475 5027 1650 5095 inpia
1679 5036 1898 5078 coactus
1939 5025 2009 5076 sit

417 5142 632 5182 causam
673 5124 1007 5193 relinquere,
1040 5131 1093 5177 et
1135 5121 1186 5175 iu
1229 5120 1500 5175 hominem
1539 5117 1628 5188 qui
1653 5133 1770 5171 eam
1799 5117 1874 5171 sic
1901 5118 2010 5186 egit

419 5229 474 5271 nt
505 5217 832 5287 respondere
862 5215 952 5268 ille
987 5229 1092 5266 non
1127 5222 1345 5282 posset,
1369 5226 1486 5281 qua}
1528 5209 1700 5280 potuit
1727 5209 2008 5264 maledicta

428 5381 599 5442 rerum
623 5372 667 5421 si
685 5369 859 5443 millies
901 5372 1084 5443 tantum
1105 5364 1222 5416 talia
1259 5364 1329 5415 vel
1361 5363 1506 5416 etiam
1541 5361 1849 5416 sceleratiora
1881 5362 2011 5414 dicat

421 5435 472 5482 in
503 5449 577 5484 me
593 5471 609 5494 ,
628 5435 746 5485 mihi
769 5438 842 5483 sat
866 5437 953 5482 est.
1023 5438 1076 5477 at.

487 5538 676 5608 ’.ιιᾚὶιῄ
701 5552 730 5586 a
754 5536 958 5586 dextera
990 5519 1035 5583 et
1067 5545 1097 5582 a
1132 5530 1343 5582 sinistra.
1380 5530 1700 5580 [mandantur
1741 5543 1801 5580 ex
1841 5541 2009 5578 manu-

497 5612 626 5644 "ILIIS.

424 5607 626 5681 κιμιις.

492 5724 507 5726 _
529 5665 574 5706 tn
600 5667 724 5726 Mss,
741 5663 1026 5726 procurata:
1047 5662 1136 5726 est.
1195 5715 1204 5726 ο

490 5724 510 5750 ³
534 5730 588 5768 δι)
611 5737 632 5770 a
661 5722 804 5770 editio
830 5730 956 5778 l.L;\'.,
983 5722 1296 5777 apertissime.

1213 263 1481 319 CONTRA
1524 255 1862 316 LITTERAS
1904 251 2265 322 PETILIANI,
2306 251 2364 306 S.
2406 246 2776 306 AUGUSTINI

3557 246 3666 316 356

2070 366 2290 435 jactare.
2334 363 2644 434 Quanquam
2676 369 2822 422 tanta
2853 358 3276 420 manifestationc
3300 356 3513 416 darent
3541 375 3660 433 qua:

2071 455 2309 510 dicturus
2338 469 2486 520 sum,
2518 464 2574 508 ut
2599 451 2806 508 etiamsi
2845 447 3020 504 studio
3051 448 3280 521 partium
3321 459 3376 505 ct
3407 451 3531 506 odio
3557 453 3664 506 inci

2074 555 2264 600 vestra:
2285 552 2493 600 mentes
2519 560 2546 597 a
2579 560 2663 599 me
2685 543 2983 600 alieuentur
3010 584 3022 610 ,
3053 541 3421 596 tantummodo
3442 543 3486 596 si
3515 551 3664 595 utra-

2073 654 2176 708 que
2202 637 2386 708 legatis
2407 677 2423 705 ,
2447 647 2594 694 certe
2624 635 2759 708 apud
2793 635 3147 708 vosmetipsos
3188 634 3239 689 in
3279 634 3531 691 cordibus
3576 651 3669 690 ve-

2075 730 2202 786 stris
2229 745 2414 786 verum
2440 743 2526 783 me
2554 728 2756 784 dixisse
2785 727 3074 784 fateamini.

2141 822 2228 878 16.
2258 823 2370 893 Ego
2397 822 2538 878 enim
2572 837 2674 890 res;
2695 821 2902 876 oudeus
2947 820 3134 890 prima:
3171 820 3305 890 parti
3348 821 3671 891 scriptorum

2078 913 2212 982 ejus,
2245 931 2364 985 qua:
2387 923 2512 968 tunc
2539 914 2588 967 in
2623 927 2809 966 manus
2849 927 2993 966 meas
3029 921 3278 976 venerat,
3310 913 3673 983 prtetcrmisso

2079 1005 2382 1059 eouvicioso
2415 1015 2470 1062 ct
2507 1005 2768 1075 sacrilego
2805 1005 3176 1073 multiloquio,
3207 1006 3293 1059 tibi
3329 1006 3536 1062 ait:Bis
3561 1006 3670 1062 Ba-

2083 1098 2263 1169 ptisnta
2294 1098 2435 1151 nobis
2467 1099 2707 1170 objiciunt
2737 1099 2792 1160 ii,
2826 1097 2912 1166 qui
2935 1095 3024 1152 sub
3055 1096 3257 1151 nomine
3278 1097 3529 1168 Βαμιὶεηίἱ
3558 1102 3674 1154 ani-

2085 1205 2190 1241 mus
2209 1206 2323 1241 suas
2355 1205 2438 1242 reo
2467 1189 2668 1241 lavucro
2699 1187 3009 1258 polluerunt,
3039 1186 3217 1256 quibus
3245 1189 3472 1258 equidem
3504 1190 3679 1244 obs-ce.

2085 1281 2164 1334 nis
2192 1281 2365 1334 sordes
2395 1292 2589 1334 cuncta:
2616 1280 2904 1333 mundiores
2932 1289 3082 1340 sunt;
3108 1295 3233 1348 quos
3263 1296 3494 1348 perversa
3530 1299 3681 1334 man-

2087 1372 2212 1424 clitia
2249 1388 2379 1439 aqua
2409 1388 2502 1423 sua
2531 1372 2737 1442 contigit
2768 1371 3062 1439 inquinari:
3092 1370 3222 1430 illud
3261 1373 3400 1442 quod
3441 1375 3682 1443 sequitur

2089 1473 2108 1516 t
2131 1463 2232 1520 'nui
2259 1463 2646 1518 discutiet’idum
2669 1472 2721 1516 et
2743 1461 3115 1529 refelleudmn,
3135 1462 3274 1532 quod
3301 1462 3683 1520 ait:Conscicno

2092 1556 2160 1607 tiu
2186 1572 2399 1622 namque
2423 1555 2589 1608 dantis
2613 1554 2907 1618 attenditur,
2938 1569 3051 1622 qna:
3080 1554 3251 1609 abluat
3279 1555 3587 1622 accipientis.
3614 1556 3685 1610 Et

2092 1645 2313 1712 quzcsivi
2364 1643 2506 1698 unde
2547 1642 2840 1698 abluendus
2870 1642 2935 1696 sit
2979 1644 3066 1712 qui
3094 1642 3285 1712 accipit
3317 1644 3638 1714 liaptismnm
3665 1689 3682 1709 ,

2092 1752 2211 1788 cum
2243 1735 2416 1788 dantis
2441 1735 2636 1804 polluta
2663 1733 2986 1788 conscientia
3013 1743 3094 1788 est
3115 1773 3131 1798 ,
3163 1743 3217 1789 et
3243 1733 3343 1788 hoc
3373 1735 3461 1790 ille
3483 1739 3572 1808 qui
3599 1747 3685 1791 est

2094 1838 2406 1895 accepturus
2430 1826 2635 1896 ignorat
2664 1824 2884 1895 (Supra,
2914 1824 3002 1878 lib.
3040 1826 3091 1891 1,
3118 1841 3233 1895 cap.
3269 1824 3346 1897 1).

2163 1915 2388 1972 CAPUT
2423 1915 2538 1970 XV.
2561 1946 2630 1955 —
2663 1917 2748 1971 17.
2780 1915 2964 1986 Legite
3006 1933 3144 1974 nunc
3173 1917 3291 1987 ejus
3317 1917 3686 1989 cepiosissima

2097 2008 2392 2073 maledicta,
2423 2025 2541 2080 qure
2573 2009 2624 2062 in
2649 2025 2734 2064 me
2759 2009 2971 2064 inflatus
3000 2019 3055 2063 et
3086 2009 3252 2065 iratus
3279 2009 3491 2078 ell'udit;
3522 2023 3578 2070 et
3604 2014 3686 2068 \i-

2095 2103 2217 2156 dete
2255 2111 2428 2155 utrum
2471 2102 2729 2172 quatreuti
2764 2102 2891 2156 mihi
2930 2103 3301 2174 responderit,
3330 2104 3470 2159 unde
3500 2106 3567 2159 sit
3588 2106 3685 2158 ab-

2099 2193 2323 2248 luendus
2361 2195 2446 2264 qui
2490 2196 2694 2263 accepit
2729 2194 3055 2266 Baptismum
3079 2237 3093 2259 ,
3126 2211 3246 2249 cum
3279 2195 3450 2250 dantis
3491 2199 3686 2266 polluta

2097 2286 2420 2340 conscientia
2443 2295 2546 2351 cst,
2569 2293 2623 2340 ct
2654 2285 2753 2339 hoc
2773 2286 2980 2355 ignorat
3001 2286 3290 2354 accipiens.
3313 2285 3547 2342 Obsecro
3572 2305 3687 2352 vos,

2099 2376 2318 2445 qttmritc
2357 2385 2559 2430 attente
2581 2414 2598 2442 ,
2627 2390 2816 2430 omnes
2844 2375 3080 2430 exemita
3111 2376 3326 2446 paginas
3348 2418 3360 2440 ,
3393 2393 3580 2434 omnes
3603 2379 3653 2431 di
3675 2411 3691 2421 -

2101 2479 2378 2526 munerato
2424 2469 2748 2532 versiculos,
2779 2469 2957 2522 oumia
3009 2469 3166 2522 verba
3216 2480 3455 2536 versate,
3503 2487 3691 2524 uulnus

2101 2563 2332 2634 syllabas
2369 2563 2680 2626 enucleate;
2710 2571 2762 2616 et
2785 2560 2948 2616 dicite
2991 2561 3153 2628 mihi,
3178 2561 3220 2614 si
3245 2562 3538 2618 invenit-itis
3561 2604 3574 2627 ,
3603 2564 3691 2615 ubi

2101 2655 2452 2723 responderit,
2482 2670 2599 2708 cum
2624 2654 2800 2708 dantis
2827 2654 3148 2708 ccuscieatia
3177 2654 3373 2723 polluta
3405 2665 3487 2710 est
3509 2699 3521 2722 ,
3549 2657 3693 2711 aude

2101 2747 2169 2800 sit
2190 2745 2302 2814 ejus
2329 2746 2586 2803 abluenda
2614 2747 2699 2816 qui
2724 2746 2823 2801 hoc
2843 2756 3157 2816 accepturus
3179 2748 3402 2816 ignorat.

2177 2837 2262 2890 18.
2293 2837 2424 2903 Quid
2458 2837 2542 2890 cui
2566 2825 2596 2888 ii
2628 2836 2693 2889 ad
2717 2823 2826 2891 rem
2861 2835 3113 2905 pertinuit
3142 2841 3176 2908 ‘,
3198 2838 3315 2908 quia
3343 2837 3562 2892 verbum
3591 2837 3696 2891 ad-

2103 2926 2254 2992 didit,
2283 2926 2422 2996 quod
2451 2943 2478 2978 ιι
2513 2943 2597 2981 me
2626 2925 2825 2981 diceret
2854 2926 3015 2981 fuisse
3055 2928 3379 2981 subtractum
3403 2969 3416 2994 ,
3439 2938 3595 2998 atque
3620 2929 3696 2984 ita

2103 3034 2162 3073 se
2203 3019 2482 3088 scripsisse
2527 3019 2800 3074 contendit
2836 3036 2850 3074 :
2893 3017 3212 3074 Conscientia
3262 3038 3477 3091 namque
3522 3034 3698 3076 sancte

2106 3111 2272 3163 dantis
2311 3111 2621 3174 attenditur,
2664 3127 2777 3180 quw
2808 3109 2981 3164 abluat
3010 3111 3320 3180 accipientis.
3354 3111 3481 3165 “Nam
3513 3119 3569 3164 ut
3597 3128 3698 3164 ue)-

2105 3203 2286 3257 vcritis
2312 3219 2417 3257 non
2449 3221 2475 3254 a
2506 3220 2592 3257 me
2634 3203 2795 3258 fuisse
2834 3205 3161 3258 subtractum
3187 3244 3201 3270 ,
3232 3204 3363 3258 nihil
3396 3204 3700 3274 inquisitio—

2107 3308 2228 3349 nem
2258 3309 2431 3350 meam
2475 3295 2694 3363 impedit
2728 3294 3000 3362 additum,
3032 3295 3161 3351 nihil
3193 3297 3309 3365 ejus
3339 3295 3574 3350 sublevat
3599 3294 3705 3350 de-

2106 3386 2411 3442 fectionem.
2439 3387 2517 3441 Ad
2549 3388 2660 3456 ipsa
2706 3387 2847 3440 enim
2887 3386 3044 3442 verba
3069 3403 3252 3440 rursus
3298 3387 3567 3456 interrogo
3591 3428 3606 3452 ,
3638 3395 3702 3440 ct

2111 3488 2282 3531 utrum
2309 3476 2640 3545 rcSponderit
2669 3494 2848 3547 qu.rro
2870 3479 2923 3529 ἐ
2957 3477 3011 3531 Si
3043 3479 3347 3530 conscientia
3372 3489 3543 3531 sancte
3564 3478 3700 3530 dun-

2110 3569 2174 3621 tis
2220 3569 2495 3621 attenditur
2515 3611 2530 3638 ,
2563 3585 2675 3639 qua:
2703 3569 2871 3622 abluat
2923 3567 3249 3636 accipientis;
3278 3567 3418 3622 unde.
3461 3568 3708 3622 abluitur

2108 3661 2418 3730 accipientis
2446 3659 2801 3720 consricntia‘,
2826 3657 3035 3728 quando
3063 3656 3236 3710 dantis
3269 3657 3538 3710 maculosa
3565 3673 3706 3711 cott-

2109 3751 2326 3804 scientia
2365 3759 2446 3804 est
2469 3791 2483 3811 ,
2516 3759 2569 3803 et
2599 3750 2698 3805 hoc
2743 3757 3059 3818 accepturus
3087 3748 3332 3818 ignorat?
3361 3746 3442 3801 Ad
3474 3747 3579 3802 hoc
3615 3765 3710 3802 rc.-

2110 3841 2357 3911 spondcri
2388 3841 2618 3911 llagitate
2645 3884 2659 3907 ,
2694 3842 2956 3896 neminem
2984 3841 3164 3895 relicta
3190 3855 3350 3894 causa
3393 3822 3710 3916 conviciose

2111 3933 2327 3986 alienari
2361 3933 2652 4001 permittite
2681 3950 2692 3985 :
2729 3933 2782 3988 Si
2809 3933 3109 3986 conscientia
3138 3943 3310 3985 sancte
3349 3931 3514 3985 dantis
3536 3942 3710 3984 atten-

2111 4022 2286 4076 ditur:
2329 4022 2502 4077 videte
2549 4024 2670 4095 qnia
2717 4039 2820 4078 non
2861 4023 3005 4088 dixi,
3030 4023 3334 4076 conscientia
3371 4021 3574 4085 dantis;
3602 4024 3706 4077 sed

2111 4113 2320 4179 addidi,
2350 4125 2520 4168 sancte
2548 4116 2714 4169 dantis
2745 4131 2762 4168 :
2795 4114 2850 4169 Si
2881 4114 3211 4178 conscientia,
3246 4113 3456 4184 inquam
3481 4155 3495 4175 ,
3526 4125 3712 4167 sancte

2111 4203 2279 4258 dantis
2317 4206 2596 4258 alteraliter
2619 4247 2632 4268 ,
2665 4222 2776 4276 qua!
2810 4205 2981 4258 abluat
3027 4205 3351 4274 accipientis;
3380 4203 3516 4259 unde
3542 4203 3710 4274 igitur

2112 4293 2408 4348 ablueudus
2424 4305 2521 4356 est,
2540 4295 2628 4364 qui
2661 4295 2850 4363 accipit
2874 4295 3221 4366 Baptismum,
3246 4309 3365 4348 cum
3388 4293 3558 4348 dantis
3581 4293 3708 4362 pol-

2114 4388 2216 4440 Iuta
2265 4385 2590 4440 Conscientia
2618 4395 2728 4451 et,
2754 4396 2807 4441 et
2856 4386 2954 4440 hoc
2986 4387 3072 4440 illc
3114 4388 3202 4456 qui
3249 4395 3331 4440 est
3383 4393 3709 4456 accepturus

2115 4479 2354 4551 ignorat?
3713 4516 3730 4530 .

2183 4570 2407 4626 CAPUT
2452 4570 2592 4624 XVI.
2616 4601 2686 4610 ——
2717 4569 2800 4625 19.
2843 4570 2942 4625 Eat
2962 4585 3099 4625 nth
3121 4613 3135 4636 ,
3165 4554 3230 4625 et.
3254 4569 3460 4624 anhelis
3488 4569 3711 4640 pulmo-

2114 4665 2270 4718 nibus
2322 4679 2384 4720 ac
2417 4663 2639 4734 turgidis
2683 4662 2920 4718 faucibus
2951 4678 3035 4716 me
3076 4671 3325 4732 tanquam
3368 4660 3711 4716 dialecticum

2114 4759 2427 4813 criminetur
2479 4776 2491 4810 :
2546 4758 2652 4810 imo
2697 4772 2800 4810 non
2843 4770 2968 4818 me,
3023 4754 3117 4809 sed
3153 4755 3322 4824 ipsam
3373 4752 3712 4807 dialecticam

2115 4852 2255 4903 velut
2286 4849 2572 4902 mentiendi
2598 4847 2853 4901 artificem
2884 4844 2936 4898 in
2968 4845 3221 4921 populare
3265 4844 3527 4914 judicium
3555 4858 3711 4898 ream

2115 4943 2372 5004 devoret,
2406 4951 2459 4995 et
2497 4941 2547 4994 in
2585 4956 2702 4994 eam
2746 4939 3032 5010 quamlibet
3077 4938 3445 5008 fragosissimo
3484 4938 3714 5008 strepitu

2115 5035 2354 5087 advocati
2400 5031 2625 5087 forensis
2655 5047 2747 5084 ora
2787 5029 3072 5084 distendat.
3119 5029 3268 5083 Dicat
3306 5027 3562 5106 quidquid
3595 5028 3720 5090 vult

2117 5128 2252 5198 apud
2285 5127 2560 5197 inperitos
2582 5167 2595 5191 ,
2625 5124 2764 5177 unde
2789 5122 3190 5177 stotnachcntur
3216 5120 3356 5174 docti
3375 5161 3390 5186 ,
3418 5119 3720 5173 illudantur

2120 5219 2333 5273 indocti.
2369 5218 2448 5274 ille
2496 5229 2710 5286 pr0plct‘
2749 5214 3104 5276 rhetoricam,
3134 5213 3354 5267 Tertulli
3387 5211 3647 5268 oratoris.
3683 5227 3716 5263 a

2117 5331 2220 5380 quo
2266 5321 2542 5365 accusatus
2583 5319 2663 5362 est
2701 5307 2894 5364 Paulus
2941 5306 3074 5378 (Act.
3113 5320 3237 5364 xxiv
3261 5347 3275 5369 ,
3310 5303 3398 5377 1),
3453 5302 3721 5357 vocabulo

2117 5405 2369 5458 denotet:
2411 5403 2510 5456 sibi
2557 5412 2772 5474 propter
2797 5399 3235 5459 advocationem,
3271 5397 3321 5450 in
3365 5410 3466 5466 qua
3515 5405 3719 5469 poten-

2121 5498 2242 5549 tiam
2286 5493 2550 5564 qnoudam
2596 5507 2743 5546 suam
2776 5491 2975 5561 jactat,
3003 5488 3257 5542 Paraeleti
3309 5501 3501 5541 nomen
3535 5485 3719 5555 impo-

2184 5655 2199 5682 ι
2236 5648 2354 5710 tptul
2380 5654 2452 5696 Er.
2473 5646 2620 5704 Lugd.
2650 5653 2766 5694 γρῦ.
2792 5650 2923 5703 Lov.,
2943 5641 3164 5707 pertinet.
3228 5646 3285 5691 Ι.

2184 5716 2202 5743 ί
2227 5725 2354 5770 i.t.~v.,
2378 5718 2420 5759 ct
2446 5722 2617 5760 uerum
2642 5719 2822 5771 atare.
