4028 6202
354 350 456 408 3ὕ7

354 478 464 539 nat,
492 476 653 539 atque
680 466 749 535 ob
788 464 888 521 boc
926 480 985 522 se
1004 463 1425 536 cognominalem
1467 466 1693 537 Spiritus
1728 464 1936 527 sancti,

352 576 455 617 non
482 576 605 619 esse
626 603 642 628 ,
665 559 761 615 sed
793 559 956 615 fuisse
993 559 1207 614 deliret.
1245 557 1655 615 Manicltmorum
1701 558 1934 612 immun-

348 651 507 706 ditias
535 647 886 705 libentissime
920 656 1238 719 exaggeret,
1261 663 1457 719 easque
1484 648 1539 702 in
1570 662 1656 702 me
1693 646 1935 701 latrando

348 743 667 812 detorquere
687 751 927 796 conetur.
951 738 1253 811 lgnotorum
1279 739 1407 794 mibi
1436 748 1490 795 et
1515 744 1761 794 notarum
1784 747 1932 809 gesta

345 834 534 889 recitet
575 832 980 898 damnatorum,
1009 838 1064 885 et
1110 829 1252 902 quod
1300 829 1372 885 ibi
1414 831 1616 886 amicus
1664 829 1930 902 quondam

346 938 497 978 tuens
521 921 692 994 magis
709 920 776 976 ad
804 920 1171 979 defensionem
1197 935 1347 975 suam
1375 935 1463 975 me
1489 920 1780 975 nominavit
1804 919 1934 974 abs-

341 1025 520 1071 entem
542 1054 557 1075 ,
588 1014 640 1069 in
685 1011 1006 1068 Calumniam
1044 1010 1372 1083 prmjudicati
1437 1010 1677 1066 criminis
1698 1052 1713 1076 ,
1745 1009 1929 1067 nescio

340 1119 447 1176 quo
469 1119 612 1165 novo
648 1114 700 1165 et
728 1119 827 1163 suo
849 1102 1001 1173 jure,
1025 1113 1322 1162 convertat.
1349 1103 1555 1159 Titnlos
1581 1102 1927 1173 epistularum

340 1213 581 1253 mearum
626 1211 656 1250 a
686 1211 766 1264 se,
789 1194 875 1252 vel
898 1210 929 1250 a
955 1195 1098 1263 suis,
1128 1195 1264 1249 sicut
1285 1195 1362 1251 eis
1392 1194 1616 1264 placuit,
1648 1192 1929 1265 inscriptos

338 1289 513 1360 legat,
540 1298 595 1345 et
624 1298 873 1359 tanquam
925 1303 1011 1344 me
1045 1286 1097 1341 in
1137 1286 1216 1343 eis
1253 1285 1723 1359 comprehendisse
1751 1300 1809 1340 se
1838 1301 1929 1355 ge-

330 1381 464 1437 stiat
493 1398 507 1435 :
538 1379 770 1435 contitcn
782 1389 886 1434 tem
918 1378 1154 1448 culogias
1192 1378 1345 1449 panis
1372 1376 1687 1448 simpliciter
1709 1384 1762 1431 et
1790 1374 1926 1429 blla-

338 1474 466 1527 riter
491 1470 664 1536 datas,
693 1468 917 1529 ridiculo
943 1470 1157 1525 nomine
1186 1483 1468 1525 venenosa:
1498 1467 1838 1538 turpitudinis
1860 1482 1924 1522 ac

338 1563 530 1621 furoris
567 1562 823 1631 infamet,
852 1571 907 1618 et
931 1558 998 1617 de
1038 1571 1214 1617 vestro
1245 1562 1258 1593 '
1300 1558 1462 1616 corde
1488 1572 1592 1616 tam
1636 1562 1773 1616 male
1801 1575 1921 1616 scn-

334 1655 452 1719 tiut,
476 1663 532 1709 ut
562 1652 819 1709 amatoria
857 1652 1113 1714 malelicia
1157 1652 1276 1707 data
1305 1651 1549 1718 mulieri,
1577 1653 1767 1707 marito
1814 1669 1917 1709 non

328 1744 507 1800 solum
557 1743 808 1808 conscio,
859 1759 1045 1799 verum
1091 1744 1250 1798 etiam
1302 1742 1510 1798 favente
1530 1745 1574 1812 ’,
1633 1743 1777 1807 credi
1817 1745 1915 1801 sibi

331 1848 492 1906 posse
512 1842 817 1903 prmsumat.
850 1831 1000 1902 Quod
1027 1832 1096 1889 de
1125 1849 1211 1889 me
1235 1833 1409 1891 adhuc
1430 1832 1740 1911 presbytero
1776 1837 1914 1893 scri-

333 1926 443 1995 psit
474 1926 636 1983 iratns
665 1926 941 1985 ordinator
963 1926 1171 1983 iuturus
1198 1926 1532 1998 episc0patus
1558 1928 1661 1984 mei
1691 1926 1786 2000 (a),
1819 1943 1912 1983 ve-

331 2017 396 2073 lit
422 2019 595 2074 valere
625 2018 885 2076 adversus
931 2033 1015 2074 me
1046 2037 1059 2073 :
1092 2018 1235 2090 quod
1263 2028 1440 2075 autem
1465 2034 1495 2076 a
1521 2030 1703 2078 sancto
1730 2023 1911 2077 conci-

326 2107 402 2163 lio
422 2107 488 2162 de
517 2108 617 2165 lioc
642 2108 784 2187 quod
808 2109 858 2164 in
889 2124 984 2164 nos
1008 2109 1076 2167 ita
1104 2111 1378 2181 peccavit,
1410 2111 1617 2171 veniam
1651 2113 1833 2182 petivit
1859 2122 1913 2168 ct

325 2199 558 2263 meruit,
590 2201 722 2256 nolit
745 2200 925 2257 valere
953 2215 1049 2271 pro
1078 2216 1195 2268 me;
1225 2200 1296 2255 ita
1332 2201 1636 2257 Christianae
1663 2219 1910 2261 mansue-

324 2287 525 2345 tudinis
550 2300 604 2346 et
632 2290 883 2361 praecepti
916 2291 1207 2362 evangelici
1228 2291 1308 2346 vel
1342 2292 1553 2347 nescius
1576 2291 1658 2347 vel
1686 2294 1904 2360 olil'tus,

321 2368 580 2437 utetiam
624 2380 766 2451 quod
811 2379 961 2436 fratri
1003 2389 1061 2435 ut
1107 2380 1206 2435 sibi
1241 2381 1607 2452 ignosceretur
1634 2381 1908 2438 humiliter

321 2474 611 2543 postulanti
650 2472 945 2527 clementer
963 2472 1200 2542 ignotum
1226 2482 1327 2541 est,
1356 2472 1690 2527 criminetur.

387 2583 614 2641 CAPUT
654 2582 815 2639 XVII.
853 2612 926 2625 --—
959 2582 1048 2639 20.
1088 2582 1463 2653 Pergatetiam
1483 2599 1730 2647 sermone
1756 2586 1897 2643 mel-

315 2676 540 2746 tiloquo,
588 2675 688 2730 sed
730 2674 892 2745 plane
936 2673 1246 2743 vaniloquo,
1294 2673 1349 2729 in
1401 2689 1466 2730 ea
1513 2691 1633 2745 quae
1682 2690 1903 2749 prorsus

316 2770 542 2839 ignorat,
564 2767 651 2822 vel
673 2768 726 2821 in
747 2767 940 2837 quibus
960 2766 1137 2837 potius
1156 2767 1390 2824 abutitur
1408 2765 1708 2839 ignorantia
1735 2767 1901 2839 pluri-

312 2868 647 2915 mortumet
664 2874 730 2914 ex
771 2857 1107 2915 confessione
1150 2857 1427 2927 cujusdam
1471 2858 1706 2926 feminae,
1756 2860 1897 2929 quod

310 2948 752 3007 oatecbumenam
776 2940 1060 3006 sodixerit
1086 2946 1519 3012 Hauicbmorum,
1550 2964 1668 3019 quze
1695 2950 1896 3006 sancti-

310 3041 561 3097 monialis
586 3040 644 3095 in
673 3039 696 3073 ³
721 3038 993 3095 Catholica
1021 3037 1207 3105 fuerit,
1236 3037 1379 3109 quod
1406 3040 1454 3095 ei
1478 3040 1652 3110 placet
1683 3041 1751 3097 de
1775 3040 1894 3097 illo-

306 3148 422 3187 rum
449 3132 721 3202 baptismo
744 3130 903 3195 dicat,
936 3138 990 3186 et
1009 3132 1233 3198 scribat,
1264 3130 1540 3196 nesciens,
1561 3140 1647 3186 aut
1683 3132 1893 3189 nescire

303 3238 368 3279 se
403 3223 634 3294 ﬁngens,
670 3237 777 3281 non
828 3222 940 3278 illic
982 3221 1060 3282 ita
1103 3220 1127 3253 ⁸
1171 3221 1427 3292 appellari
1480 3221 1893 3279 catechumenos

304 3324 558 3386 tauquam
577 3314 658 3371 eis
680 3313 976 3383 baptismus
1003 3312 1323 3385 quandoque
1347 3313 1644 3379 debeatur;
1675 3314 1768 3368 scd
1799 3331 1892 3370 eos

292 3404 406 3461 boc
426 3405 640 3472 vocari,
673 3404 765 3475 qui
786 3405 947 3461 etiam
971 3404 1260 3462 Auditores
1279 3413 1555 3469 vocantur,
1586 3405 1725 3475 quod
1746 3406 1892 3462 vide-

292 3499 425 3554 licet
459 3508 718 3567 tanquam
738 3497 960 3579 meliora
979 3505 1036 3553 et
1061 3496 1264 3566 majora
1295 3505 1558 3579 pracepta
1603 3496 1890 3554 observare

298 3606 407 3644 non
433 3589 667 3659 possint,
691 3568 813 3659 qua;
850 3589 1206 3651 observantur
1231 3588 1298 3644 ab
1322 3588 1400 3644 eis
1422 3568 1558 3658 quos
1586 3588 1887 3645 Electorum

302 3680 514 3736 nomine
541 3679 931 3737 discernendos
960 3687 1016 3736 et
1036 3678 1378 3736 honorandos
1395 3688 1599 3750 putant.
1619 3679 1703 3736 Me
1728 3681 1886 3736 etiam

303 3772 677 3843 presbyterum
707 3770 869 3830 fuisse
906 3771 1342 3839 Maniclnnorum,
1373 3771 1456 3827 vel
1483 3770 1647 3829 falsus
1674 3772 1755 3827 vel
1787 3773 1885 3828 ial-

300 3864 435 3929 lens,
462 3864 695 3925 mirabili
722 3865 1020 3923 temeritate
1040 3864 1528 3923 contendaLVerba
1560 3867 1700 3921 tertii
1730 3867 1846 3922 libri
1864 3869 1886 3900 ⁸

299 3955 705 4015 Confessionum
751 3970 1030 4019 mearum,
1096 3971 1216 4027 qum
1256 3970 1353 4025 per
1401 3970 1464 4011 se
1519 3956 1671 4025 ipsa,
1710 3957 1883 4014 et.de

301 4047 480 4102 multis
504 4056 634 4104 ante
653 4056 710 4104 et
732 4058 918 4118 postea
950 4047 1107 4105 dictis
1149 4046 1584 4105 manifestissima
1638 4057 1763 4104 sunt
1804 4048 1883 4104 le-

297 4138 565 4207 gentibus,
592 4137 695 4193 sub
720 4152 826 4208 quo
843 4138 895 4194 ei
924 4138 1132 4195 videtur
1147 4138 1417 4196 intellectu
1439 4152 1702 4211 proponat
1724 4151 1884 4211 atque

299 4238 499 4299 arguat.
526 4228 725 4286 Furem
751 4242 838 4285 me
864 4227 1095 4299 denique
1123 4227 1412 4286 verborum
1454 4245 1696 4293 suorum,
1741 4231 1881 4301 quod

299 4319 405 4374 duo
472 4318 833 4377 subit-uerita
864 4361 883 4388 ,
962 4329 1212 4390 tanquam
1279 4319 1361 4376 eis
1415 4320 1669 4392 repositis
1715 4322 1882 4378 victor

298 4410 548 4465 exsultet.

366 4500 593 4558 CAPUT
612 4500 874 4559 XVlll.—
888 4501 980 4559 21.
1007 4501 1064 4561 ln
1086 4501 1168 4557 bis
1188 4512 1332 4558 certe
1357 4503 1624 4567 omnibus,
1655 4504 1793 4559 sicut
1808 4506 1885 4561 lc-

214 4584 227 4597 “
298 4591 469 4659 geodo
498 4607 823 4663 cognoscere
861 4593 944 4650 vel
992 4608 1376 4663 recognoscere
1418 4595 1680 4663 poteritis.
1716 4595 1882 4664 impco

298 4691 408 4735 tum
433 4681 651 4753 quidem
678 4681 871 4754 lim
897 4697 1010 4739 suae
1037 4698 1144 4753 quo
1166 4682 1322 4738 libuit
1344 4682 1545 4739 ambitu
1570 4685 1880 4753 jactationis

293 4773 539 4829 exercuit
570 4792 584 4827 :
616 4788 877 4843 nusquam
913 4782 1094 4833 tamen
1119 4773 1253 4830 dixit
1279 4772 1421 4851 unde
1462 4774 1707 4831 abluatur
1748 4777 1881 4837 acci-

359 4968 377 5000 ⁸
399 4969 472 5018 sto
487 4975 592 5019 res.
619 4975 677 5019 At
693 4967 827 5026 editi,
843 4975 888 5021 et
909 4968 973 5021 de
990 4973 1166 5023 nostra.

359 5031 378 5060 ³
401 5031 630 5088 Verbum,
664 5031 865 5090 linteata,
888 5031 951 5081 ab
981 5031 1203 5080 omnibus
1236 5035 1341 5079 uss.
1369 5030 1509 5082 abest
1542 5039 1594 5082 et
1631 5033 1694 5081 ab
1734 5032 1879 5087 editis

294 5098 394 5140 Mli.
422 5100 478 5157 et_
496 5089 1071 5157 f:._sed_illud_rrasmus
1092 5092 1150 5140 ad
1174 5104 1305 5157 oram
1340 5091 1451 5142 libri
1476 5101 1732 5157 posuerat,
1768 5108 1875 5146 mo-

289 5164 419 5229 ιιεξλε
436 5151 1149 5229 φονεδίιξέἓεηίὲεφέιρέψ
1178 5154 1377 5229 essese:
1473 5151 1520 5229 ζ..
1646 5224 1676 5229 _

359 5212 379 5244 ³
402 5219 532 5273 Lov.,
572 5220 635 5263 et.
676 5213 793 5264 aliti
833 5212 998 5264 alii’et
1024 5212 1165 5271 'Mss,
1192 5213 1243 5265 in
1266 5226 1283 5264 :
1304 5214 1604 5272 subauditur,
1639 5215 1868 5269 Ecclesia.

357 5273 379 5303 ⁸
405 5274 541 5335 aditi,
564 5274 732 5342 illicito
751 5288 778 5342 :_
795 5284 845 5342 e_t
862 5275 999 5334 infra,
1025 5282 1251 5340 tanquam
1284 5277 1388 5342 ejus
1411 5276 1670 5342 baptismus
1702 5290 1720 5342 ς
1745 5293 1871 5342 pra:-

288 5342 531 5410 tgljgaqno
570 5336 705 5399 loco,
743 5336 1002 5410 debeatur,
1025 5336 1129 5387 Am;
1159 5347 1212 5389 et
1240 5336 1317 5388 Erl
1341 5336 1597 5401 terebant,
1635 5336 1869 5397 deleatur.

280 5402 674 5472 @WP‘
698 5402 1049 5472 Willis-

353 5458 374 5488 ⁵
399 5464 451 5506 In
471 5462 700 5511 omnibus
719 5468 828 5512 Mss.
852 5458 1051 5525 legitur,
1068 5460 1229 5524 quarti
1250 5459 1379 5514 libri.

348 5540 420 5617 ta)
443 5540 1294 5617 litigii!iusCalameusisepizricppus1
1309 5547 1550 5617 Numidia:
1571 5549 1766 5612 primas,
1781 5566 1861 5603 or-

277 5602 477 5676 dinatur
490 5602 886 5676 ttiitﬁugustini,
908 5602 970 5676 ea
986 5602 1268 5676 Possidiojn
1281 5610 1429 5671 hujus
1444 5602 1695 5676 vitm-cap.
1717 5602 1765 5662 δῖ
1790 5602 1860 5664 Ad

278 5670 510 5740 eamsfem
532 5668 827 5740 calumniam
840 5667 1124 5740 erﬁegalii
1147 5667 1370 5740 primatis
1395 5667 1600 5740 petitam
1625 5667 1859 5738 epistola,

279 5727 553 5786 respondet
575 5742 770 5796 rursum
803 5734 853 5781 in
874 5727 1187 5781 librocontr'a
1209 5727 1525 5803 Cresconium
1559 5727 1728 5800 tertio,
1750 5727 1856 5802 cup:

275 5792 315 5830 δ
352 5822 366 5841 ,
392 5788 550 5850 ιι.9.ξ;
573 5795 626 5839 et
643 5790 773 5840 libro
800 5799 993 5853 quarto,
1020 5807 1125 5856 cap.
1147 5795 1225 5855 6i,
1253 5808 1331 5842 un.
1365 5798 1442 5856 78,
1474 5798 1551 5848 79.

352 5822 366 5841 ,
392 5803 443 5835 tt.
461 5803 550 5850 υές
573 5803 626 5839 ct
643 5803 773 5840 ιιι)το
800 5803 993 5853 quarto,
1020 5807 1125 5856 cap.
1147 5803 1225 5855 ω,
1253 5808 1331 5842 nn.
1366 5803 1442 5856 78,
1474 5803 1551 5848 '19.

1702 349 1901 405 LIBER
1941 346 2254 410 Tlili'l'iUS.

3525 376 3627 430 353

2047 469 2239 541 pientis
2263 476 2607 548 conscientia,
2647 494 2768 536 cum
2804 481 3126 540 maculosum
3170 485 3350 542 dantis
3401 487 3627 559 ignorat.

2044 563 2113 618 At
2140 580 2237 636 ego
2256 563 2402 623 inter
2420 574 2696 641 strepitum
2739 576 2819 631 vel
2859 587 2978 647 post
3014 580 3294 650 strepitum
3326 582 3440 652 ejus
3477 598 3628 655 gran-

2043 653 2184 721 dem,
2217 668 2269 712 et
2297 659 2452 715 nimis
2484 672 2537 717 ut
2560 674 2708 735 putat
2740 666 2853 737 ipse
2877 669 3185 739 terribilem,
3221 658 3381 739 lente,
3416 653 3630 732 utiliri-

2044 754 2214 835 tur,et
2240 749 2374 807 bene
2405 749 2478 826 (α)
2506 754 2606 812 hoc
2628 757 2798 825 ipsum
2825 769 3025 829 repeto,
3046 769 3100 816 et
3131 772 3185 817 ut
3218 764 3583 835 respondeatis
3604 769 3621 799 ‘

2040 828 2270 908 exposco
2319 859 2332 897 :
2382 842 2435 898 Si
2477 847 2800 903 conscientia
2846 861 3028 905 sancte
3079 851 3255 907 dantis
3302 857 3616 924 attenditur,

2038 946 2157 1000 quzu
2181 933 2362 989 abluat
2386 936 2733 1011 accipientis;
2764 940 2903 996 unde
2932 950 3014 998 est
3039 943 3352 1012 ablucndus,
3381 948 3470 1017 qui
3503 964 3617 1003 ma-

2036 1024 2267 1078 culosam
2309 1030 2687 1086 conscientiam
2727 1034 2902 1089 dantis
2937 1035 3182 1103 ignorat?
3222 1037 3286 1093 Et
3329 1056 3427 1109 per
3453 1048 3617 1096 totam

2035 1114 2149 1186 ejus
2178 1116 2470 1187 Epistulam
2501 1122 2567 1175 ad
2596 1123 2695 1177 hoc
2722 1140 2826 1179 non
2853 1125 3064 1181 invenio
3090 1126 3285 1198 aliquid
3317 1130 3538 1199 dictum.

2103 1204 2326 1264 CAPUT
2364 1208 2508 1265 XIX.
2546 1242 2619 1252 —
2655 1213 2743 1268 29..
2787 1214 2915 1269 Nam
2947 1214 3173 1272 fortasse
3203 1217 3341 1274 dicet
3365 1221 3492 1274 milii
3521 1220 3619 1275 ali-

2031 1296 2147 1363 quis
2168 1308 2403 1355 vestrum
2439 1302 2607 1359 :‘chc
2637 1307 2812 1360 omnia
2857 1322 2977 1373 utne
3024 1309 3161 1363 dixit
3201 1311 3250 1363 in
3284 1320 3352 1374 te,
3403 1312 3467 1365 ad
3510 1312 3614 1367 hoc

2030 1388 2205 1443 valere
2229 1391 2412 1461 voluit,
2439 1402 2493 1448 ut
2517 1403 2566 1449 te
2588 1394 2926 1464 deformaret,
2962 1414 3024 1453 ac
3056 1416 3150 1469 per
3178 1410 3228 1455 te
3271 1402 3390 1457 illos
3418 1403 3615 1472 quibus

2027 1483 2405 1549 communicas,
2452 1500 2518 1540 ne
2552 1486 2773 1541 ulterius
2816 1490 3037 1558 alicujus
3077 1492 3334 1547 momenti
3387 1509 3506 1550 esse
3560 1505 3613 1550 to

2025 1570 2359 1641 existiment,
2380 1577 2460 1630 vel
2510 1578 2630 1646 ipsi,
2659 1580 2741 1634 vel
2775 1581 2806 1633 ii
2840 1596 2976 1651 quos
3001 1582 3066 1636 ad
3096 1568 3324 1638 vestram
3362 1600 3605 1640 conmm—

2025 1665 2236 1719 nionem
2271 1668 2548 1725 traducere
2580 1671 2783 1726 niteris.
2806 1674 3071 1731 Cancrum
3099 1691 3162 1733 ex
3194 1692 3300 1750 quo
3332 1679 3609 1748 proposuit

2022 1754 2180 1809 verba
2205 1756 2453 1826 Epistolas
2486 1769 2610 1828 tum,
2642 1778 2707 1817 ex
2730 1762 2822 1817 illo
2843 1762 3288 1821 considerandum
3317 1779 3399 1823 est
3427 1780 3602 1823 utrum

2020 1845 2149 1899 nihil
2178 1846 2242 1902 ad
2280 1849 2365 1903 illa
2395 1852 2747 1921 responderit.
2787 1853 2861 1909 ita
2908 1870 3035 1926 ergo
3065 1856 3321 1914 faciamus
3349 1874 3362 1911 :
3386 1876 3452 1915 ex
3487 1860 3606 1930 ipso

2020 1951 2236 2004 prorsus
2262 1938 2382 1995 loco
2403 1941 2598 2011 scripta
2630 1944 2746 2015 ejus
2776 1945 3198 2003 consideremus.
3224 1947 3458 2020 Excepto
3474 1966 3603 2022 ergo

2017 2028 2278 2097 proremio
2314 2047 2420 2102 quo
2458 2035 2599 2088 volui
2639 2037 2872 2095 animum
2914 2052 3216 2108 prirparare
3270 2041 3503 2110 lectoris,
3545 2053 3602 2099 et

2015 2134 2181 2189 pauca
2209 2121 2324 2191 ejus
2362 2124 2517 2179 verba
2548 2127 2715 2196 prima
2749 2130 2768 2159 ²
2799 2130 3181 2189 contumeliosa
3223 2134 3390 2204 magis
3432 2148 3589 2205 quam

2012 2208 2077 2263 ad
2102 2225 2211 2266 rem
2234 2213 2550 2283 pertinentia
2580 2219 2872 2288 prmterirc,
2894 2219 2994 2284 Ait,
3019 2222 3254 2292 inquam,
3276 2223 3598 2279 Conscientia

2011 2316 2225 2369 namque
2253 2303 2417 2358 dantis
2443 2308 2737 2375 attenditur,
2764 2326 2877 2381 quin
2898 2311 3067 2365 abluat
3088 2313 3396 2383 accipientis.
3432 2314 3589 2385 Quid,

2008 2392 2054 2445 si
2090 2392 2242 2448 lateat
2278 2395 2444 2450 daulis
2487 2400 2809 2465 conscientia,
2850 2411 2895 2455 ct
2927 2404 3139 2473 fortasse
3178 2404 3438 2460 maculosa
3491 2409 3598 2461 sit?

2007 2483 2258 2553 quomodo
2299 2487 2481 2556 potcrit
2523 2490 2813 2561 accipientis
2863 2492 3069 2551 abluere
3110 2497 3488 2562 conscientiam,
3526 2501 3591 2565 si,

2005 2576 2427 2640 quemadmodum
2453 2577 2592 2642 dicit.
2616 2581 2918 2637 conscientia
2945 2584 3115 2639 danti:
3143 2588 3441 2654 attenditur,
3478 2607 3591 2659 qua.

2005 2659 2175 2715 abluat
2195 2665 2522 2734 accipientis?
2557 2666 2619 2724 Si
2643 2671 2773 2725 cnim
2805 2673 2990 2728 dixerit
3033 2674 3102 2728 ad
3126 2678 3450 2746 accipientem
3492 2697 3591 2733 non

1998 2753 2247 2827 pertinere
2269 2757 2513 2827 quidquid
2533 2762 2655 2814 mali
2685 2763 2885 2817 latuerit
2910 2765 2960 2823 in
2984 2766 3286 2820 conscientia
3310 2768 3497 2833 dantis,
3521 2774 3591 2823 ad

2003 2842 2096 2897 hoc
2112 2846 2288 2899 valebit
2315 2850 2528 2919 fortasse
2549 2851 2642 2907 illa
2669 2851 2977 2929 ignorantia,
3001 2866 3054 2909 ut
3090 2856 3153 2911 de
3181 2860 3485 2913 conscientia
3505 2863 3589 2914 ba.

2000 2935 2263 3007 ptizatoris
2301 2940 2380 2992 sui
2423 2957 2521 2994 non
2574 2944 2731 3014 possit
2774 2947 2999 3001 nesciens
3037 2964 3121 3000 ma
3155 2949 3307 3001 uluri.
3358 2949 3587 3020 Sufficiat

1999 3042 2139 3098 ergo,
2163 3036 2216 3080 ut
2252 3029 2460 3084 alterius
2494 3034 2797 3088 conscientia
2825 3037 3100 3103 maculosa,
3150 3055 3265 3093 cum
3297 3040 3562 3112 ignoratur

1997 3135 2100 3177 non
2139 3121 2356 3176 maculet
2397 3137 2416 3176 :
2459 3124 2707 3196 numquid
2737 3137 2903 3181 autent
2944 3129 3093 3182 etiam
3138 3130 3340 3185 abluere
3388 3135 3586 3201 potest?

2001 3206 2146 3269 Unde
2166 3210 2323 3284 igitur
2339 3212 2620 3268 abluenda:
2648 3225 2720 3270 est
2754 3218 2840 3290 qui
2878 3219 3061 3285 accipit
3091 3217 3427 3291 Buptisntum,
3469 3240 3583 3277 cum

1996 3299 2162 3357 dantis
2195 3302 2390 3372 polluta
2415 3305 2719 3361 conscientia
2743 3317 2832 3372 cst,
2859 3319 2904 3362 et
2927 3310 3021 3364 hoc
3046 3309 3134 3366 ille
3152 3312 3239 3380 qui
3260 3322 3329 3367 est
3349 3325 3581 3382 acceptu-

1994 3409 2081 3447 rus
2101 3394 2299 3466 ignorat
2323 3412 2343 3460 ;
2375 3398 2651 3467 prtcscrtim
2674 3415 2786 3454 cum
2807 3401 2962 3454 addat
2991 3411 3035 3455 et
3061 3401 3216 3470 dicat,
3244 3403 3380 3458 Nam
3405 3406 3491 3475 qni
3513 3407 3580 3475 [i-

1994 3478 2106 3538 dem
2128 3501 2158 3537 a
2194 3487 2388 3557 perﬁdo
2414 3490 2701 3561 sumpserit,
2730 3508 2831 3545 non
2863 3492 3015 3563 ﬁdem
3055 3494 3286 3567 percipit,
3336 3498 3426 3552 ml
3464 3515 3578 3552 rca—

1994 3587 2099 3630 tum
2121 3577 2337 3649 (Supra,
2368 3580 2452 3635 lib.
2476 3583 2524 3648 1,
2550 3600 2665 3652 cup.
2689 3583 2740 3647 1,
2766 3601 2853 3638 nn.
2876 3583 2927 3650 9.,
2958 3583 3057 3656 3)?

2062 3665 2289 3725 CAPUT
2326 3669 2446 3725 XX.
2485 3702 2558 3712 -—-
2593 3670 2683 3727 93.
2725 3672 2849 3729 Haec
2874 3676 3047 3729 omnia
3084 3676 3248 3730 verba
3281 3676 3575 3734 Pctilianus

1990 3775 2056 3815 cx
2079 3760 2266 3816 litteris
2294 3764 2426 3816 meis
2466 3764 2753 3819 refellenda
2782 3767 3056 3834 preposnit
3089 3781 3104 3819 :
3143 3768 3417 3823 videamus
3451 3785 3578 3839 ergo

1991 3861 2166 3909 utrmn
2217 3853 2492 3920 refellcrit,
2540 3865 2714 3914 utrum
2761 3857 2979 3910 omnino
3036 3859 3392 3928 reSpondcrit.
3426 3861 3576 3919 Addo

1989 3944 2131 3998 enim
2159 3944 2315 4001 verba
2345 3959 2463 4015 qucc
2499 3960 2583 4000 me
2608 3946 2934 4001 subtraxisse
2977 3948 3332 4004 calumniatur
3352 3994 3366 4014 ,
3399 3961 3451 4006 et
3482 3968 3574 4007 ea-

1989 4033 2109 4089 dem
2133 4034 2245 4104 ipsa
2265 4035 2342 4091 sic
2367 4046 2569 4107 repeto,
2595 4047 2650 4093 ut
2676 4039 2834 4097 etiam
2871 4038 3108 4095 brevius.
3141 4041 3401 4101 Addendo
3431 4046 3570 4099 enim

1989 4125 2104 4183 haec
2132 4126 2238 4183 duo
2263 4127 2444 4195 verba,
2493 4130 2651 4186 ctiam
2705 4130 2771 4186 ad
2827 4131 3137 4193 brevitatem
3194 4136 3573 4206 prepositiouis

1990 4215 2145 4289 lmjus
2173 4234 2258 4274 mc
2284 4219 2565 4290 plurimum
2590 4221 2809 4291 adjuvit.
2833 4222 2888 4278 Si
2919 4224 3221 4280 conscientia
3240 4237 3410 4281 sancte
3437 4228 3570 4282 clan-

1988 4309 2051 4364 tis
2071 4309 2363 4378 attenditur,
2389 4327 2501 4380 qua:
2523 4312 2695 4367 abluat
2717 4314 3027 4385 accipientis,
3050 4326 3097 4371 cl
3123 4317 3213 4391 qui
3239 4318 3390 4388 ﬁdem
3411 4322 3572 4375 sciens

1986 4418 2018 4457 α
2041 4402 2235 4473 perﬁdo
2259 4405 2549 4472 sumpserit,
2581 4422 2683 4461 non
2720 4407 2875 4478 ﬁdem
2926 4409 3158 4483 percipit,
3207 4409 3298 4466 sed
3340 4420 3572 4478 reatum,-

1987 4495 2125 4548 unde
2154 4495 2385 4550 abluitur
2408 4495 2713 4566 accipientis
2729 4498 3077 4569 conscientia,
3095 4515 3216 4555 cum
3245 4502 3572 4558 maculosum

1986 4584 2163 4641 dantis
2188 4586 2419 4655 ignorat;
2451 4595 2641 4643 etcum
2667 4586 2821 4643 iidem
2840 4590 3082 4645 nesciens
3101 4591 3265 4646 sumit
3281 4609 3309 4649 a
3330 4594 3531 4663 perﬁdo
3546 4596 3573 4649 ?

1987 4691 2138 4746 rogo,
2168 4676 2306 4732 unde
2334 4677 2606 4731 abluitur?
2635 4676 2783 4734 Dicat
2819 4679 2992 4749 nobis,
3024 4696 3126 4736 non
3169 4691 3257 4738 eat
3302 4684 3353 4739 in
3399 4684 3565 4753 aliud,

1986 4783 2091 4821 non
2132 4767 2386 4822 obtendnt
2436 4768 2654 4824 nebulas
2708 4771 2984 4841 imperitis.
3040 4770 3320 4832 Postremo
3375 4779 3568 4835 saltem

1986 4858 2163 4913 multis
2183 4857 2605 4916 ctanimcmosis
2631 4862 2941 4918 circuitibus
2976 4865 3301 4938 interpositis
3358 4879 3413 4927 et
3445 4888 3567 4943 pcr-

1985 4950 2137 5017 actis,
2192 4950 2401 5005 tandem
2444 4953 2727 5022 aliquando
2777 4954 2918 5010 dicat
2967 4957 3120 5016 nobis
3165 4959 3304 5020 unde
3334 4962 3569 5021 abluitur

1982 5042 2288 5111 accipientis
2342 5044 2708 5111 conscientia,
2760 5046 2974 5116 quando
3040 5050 3303 5104 maculosa
3377 5052 3564 5119 perﬁdi

1983 5135 2297 5204 baptizantis
2342 5136 2547 5191 occulta
2590 5146 2692 5202 est,
2734 5139 2778 5194 si
2824 5140 3126 5197 conscientia
3180 5150 3350 5196 sancte
3396 5142 3567 5196 dantis

1981 5228 2277 5294 attenditur,
2302 5244 2417 5298 quin
2441 5228 2611 5282 abluat
2640 5228 2951 5300 accipientis,
2982 5241 3031 5288 ct
3054 5234 3143 5303 qui
3163 5233 3316 5302 [idem
3342 5233 3502 5288 sciens
3531 5251 3564 5287 (ι

1980 5317 2175 5387 perﬁdo
2225 5318 2511 5389 stnnpsciit,
2568 5335 2670 5374 non
2718 5321 2870 5387 [idem
2922 5322 3153 5392 percipit,
3205 5323 3293 5377 sed
3342 5332 3560 5378 reatum.

1980 5407 2232 5465 Nesciens
2261 5411 2404 5465 enim
2427 5409 2586 5464 sumit
2611 5426 2640 5463 a
2669 5410 2871 5479 perﬁdo
2898 5427 3002 5466 non
3034 5412 3264 5469 habente
3283 5414 3559 5470 conscieno

2043 5591 2058 5661 Ῐ
2082 5593 2238 5661 ξίέΐὲβν
2259 5586 2559 5661 νεδῐκὲηίίεᾳί·
2763 5652 2774 5661 .
2814 5653 2842 5661 ,.
2957 5649 2968 5661 .

2039 5652 2058 5682 ³
2083 5650 2218 5707 Editi,
2242 5650 2438 5710 promta.
2464 5658 2520 5700 Αι
2540 5652 2863 5715 rnanuscripti,
2886 5650 3061 5717 prima.

2037 5731 2109 5787 (al
2134 5731 2483 5842 ambitis}?th
2512 5731 2672 5793 more],
2704 5738 2751 5783 et
2795 5730 2916 5783 leue.
2955 5733 3072 5783 Vide
3108 5732 3342 5788 Eleatem.
3375 5743 3558 5801 Critia,

1977 5807 2117 5857 pagg.
2149 5807 2250 5852 nu,
2282 5807 2381 5841 ιιι.
2447 5807 2500 5842 ω.
