4066 6200
463 305 565 362 359

462 421 586 475 tiam
641 427 820 471 sancte
874 413 1067 478 dantis,
1113 411 1205 467 sed
1257 410 1579 466 maculosam
1629 420 1682 463 et
1732 408 2037 463 occultam:

466 508 604 563 unde
623 522 752 576 ergo
796 503 1065 559 abluitur?
1118 503 1258 557 unde
1301 516 1430 571 ergo
1475 501 1697 571 percipit
1748 499 1947 554 fidem?
1985 498 2039 554 Si

461 600 600 652 enim
629 612 728 651 nec
756 605 880 649 time
904 594 1154 658 abluitur,
1179 608 1277 647 nec
1306 602 1429 647 tunc
1460 591 1682 662 percipit
1705 588 1886 656 fidem,
1918 605 2040 645 cum

468 689 760 757 baptizatur
782 685 1012 754 perfidus
1037 693 1091 740 et
1117 684 1416 739 maculosus
1444 682 1684 738 occultus
1709 690 1824 744 est;
1856 696 1951 734 cur
1976 695 2045 734 eo

464 787 643 845 postea
669 774 877 845 prodito
902 782 1060 844 alque
1087 773 1358 838 damnato,
1391 786 1494 827 non
1525 770 1700 826 denuo
1722 770 2038 839 baptizatur,

461 879 514 920 ut
537 866 780 921 abluatur
808 865 1073 934 fidemque
1099 863 1396 934 percipiat?
1420 863 1472 917 Si
1509 871 1687 916 autem
1722 860 1810 915 illo
1838 859 2041 929 perfido

460 972 514 1013 ct
551 960 821 1013 maculoso
850 956 1060 1012 occulto
1102 957 1201 1010 istc
1240 955 1471 1011 abluitur
1503 962 1556 1008 et
1592 952 1814 1023 percipit
1844 951 2037 1013 fidem;

460 1050 600 1105 unde
625 1049 876 1113 abluitur,
908 1047 1048 1101 unde
1078 1046 1322 1117 percipit,
1355 1045 1442 1098 ubi
1470 1060 1574 1097 non
1605 1051 1686 1097 est
1713 1041 2038 1097 conscientia

461 1152 644 1197 sancte
686 1141 881 1204 dantis,
928 1155 1045 1209 quae
1074 1138 1251 1192 abluat
1280 1134 1619 1205 accipientis?
1648 1135 1756 1188 lluc
1788 1134 1946 1197 dicat,
1974 1132 2039 1187 ad

462 1234 566 1288 hoc
620 1231 939 1301 respondeat
969 1248 982 1285 :
1012 1228 1161 1285 Unde
1204 1228 1452 1294 abluitur,
1506 1226 1647 1281 unde
1700 1226 1941 1295 percipit,
1993 1225 2037 1278 si

460 1324 764 1377 conscientia
784 1331 954 1377 sancte
978 1321 1143 1374 dantis
1165 1320 1455 1384 attenditur,
1474 1334 1587 1388 qua!
1603 1316 1772 1369 abluat
1785 1316 2038 1384 accipien-

458 1415 521 1467 tis
544 1429 563 1477 ;
592 1422 646 1467 et
671 1413 785 1467 Itzec
816 1412 883 1465 ibi
912 1426 1014 1464 non
1042 1419 1143 1473 est,
1176 1409 1386 1477 quando
1423 1407 1713 1476 baptizatur
1736 1407 2039 1459 maculosus

456 1514 511 1559 et
563 1503 796 1573 perfidus
848 1498 1036 1556 latuit?
1087 1499 1225 1553 Nihil
1290 1497 1373 1568 ad,
1411 1498 1511 1550 huc
1556 1512 1870 1566 responsum
1903 1496 1918 1527 ¹
1956 1502 2040 1548 est

455 1595 694 1648 omnino.

525 1684 752 1741 CAPUT
792 1682 934 1739 XXI.
990 1712 1041 1722 -
1080 1681 1171 1736 24.
1212 1679 1315 1736 Sed
1343 1694 1466 1735 cccc
1502 1686 1808 1748 angustatus
1835 1677 1884 1729 in
1915 1691 2039 1729 cau-

462 1792 537 1843 sa,
565 1792 776 1831 rursum
805 1777 857 1829 in
899 1790 985 1828 mc
1036 1774 1289 1843 impetum
1341 1770 1465 1825 facit
1521 1770 1834 1823 nebulosum
1881 1777 2037 1837 atque

463 1877 756 1929 ventosum,
786 1876 844 1919 ut
886 1864 1123 1920 veritatis
1175 1862 1433 1917 serenitas
1486 1860 1834 1923 obscuretur;
1876 1867 1928 1911 et
1982 1858 2037 1911 lit

464 1975 664 2033 summa
695 1959 869 2029 inopia
891 1957 1157 2023 copiosus,
1192 1970 1295 2008 non
1334 1968 1455 2006 vera
1502 1950 1727 2005 dicendo
1748 1993 1761 2015 ,
1795 1950 1887 2004 sed
1921 1964 2035 2002 ma—

466 2050 654 2105 ledicta
684 2049 855 2102 inania
884 2061 987 2100 non
1011 2044 1235 2100 emendo
1257 2045 1297 2095 ³.
1322 2042 1517 2096 Tenetc
1539 2056 1667 2095 sane
1689 2040 2037 2093 intentissime

459 2149 619 2209 atque
667 2136 953 2193 fortissime
984 2134 1109 2205 quid
1155 2132 1399 2188 debeat’
1446 2131 1791 2200 respondere,
1841 2129 1890 2182 id
1932 2141 2033 2194 est,

457 2229 599 2284 unde
625 2229 871 2284 abluatur
896 2224 1204 2295 accipientis
1232 2222 1554 2277 conscientia
1574 2263 1588 2287 ,
1618 2237 1736 2275 cum
1770 2219 2033 2273 maculosa

454 2320 630 2375 dantis
656 2318 860 2374 occulta
888 2326 971 2372 est
996 2333 1009 2368 :
1040 2331 1105 2369 uc
1131 2314 1265 2369 forte
1284 2314 1384 2367 hoc
1402 2311 1551 2367 vobis
1568 2327 1595 2363 e.
1614 2310 1856 2364 manibus
1879 2309 2034 2362 ﬂatus

455 2413 571 2483 ejus
595 2412 842 2475 excutiat,
884 2424 1081 2479 vosque
1110 2408 1207 2477 ipsi
1235 2404 1497 2461 sermonis
1525 2402 1717 2457 turbidi
1748 2402 2032 2471 caliginosa

455 2512 769 2573 tempestate
796 2500 1090 2571 rapiamini,
1126 2508 1184 2553 ut
1216 2496 1294 2552 vel
1334 2496 1624 2549 discessum
1666 2493 1747 2546 vel
1776 2507 1881 2562 quo
1906 2491 2033 2546 rvd-

454 2595 686 2651 cundum
737 2596 803 2648 sit
859 2591 1076 2647 omnino
1114 2588 1380 2644 nesciatis.
1435 2587 1499 2641 Et
1548 2585 1720 2639 videte
1766 2583 2032 2637 hominem

458 2686 637 2756 vagari
664 2700 764 2754 qua
798 2690 1001 2754 potest,
1034 2680 1161 2734 dum
1194 2694 1289 2749 pro
1334 2677 1548 2746 negotio
1595 2674 1735 2745 quod
1780 2671 2031 2741 suscepit,

453 2787 596 2833 stare
622 2793 727 2832 non
755 2784 947 2846 potest.
980 2772 1164 2826 Videte
1189 2785 1344 2841 quam
1376 2768 1537 2824 multa
1574 2767 1752 2830 dicat,
1783 2780 1887 2821 non
1936 2764 2034 2819 ha-

456 2866 633 2924 bendo
660 2865 798 2937 quod
826 2865 985 2919 dicat.
1013 2863 1151 2918 Dicit
1178 2878 1254 2915 me
1281 2860 1380 2915 labi
1411 2860 1653 2913 lubricum
1677 2899 1692 2926 ,
1721 2858 1808 2912 sed
1832 2856 1987 2910 teneri
2018 2874 2031 2910 :

454 2978 542 3015 nec
572 2961 840 3022 destruere,
871 2974 961 3011 nec
987 2955 1287 3023 conﬁrmare
1310 2952 1443 3022 quod
1469 2951 1650 3021 objicio
1681 2993 1695 3017 ,
1722 2952 1913 3004 incerta
1944 2965 2035 3019 pro

453 3050 598 3104 certis
619 3049 929 3120 excogitare,
969 3061 1067 3097 non
1103 3043 1382 3112 permittere
1405 3039 1619 3111 legentes
1644 3055 1754 3108 quae
1774 3055 1888 3091 uera
1918 3047 2036 3091 sunt

454 3138 673 3203 credere,
702 3136 789 3190 sed
812 3139 978 3206 facere
998 3144 1051 3186 ut
1078 3132 1231 3184 altius
1256 3130 1408 3183 dubia
1429 3130 1761 3198 suspicentur.
1800 3129 1931 3182 Dicit
1957 3144 2035 3184 nte

455 3226 742 3283 Academici
770 3222 1056 3277 damnabile
1094 3221 1349 3291 ingenium
1379 3219 1558 3273 habere
1601 3219 1877 3273 Carneadis
1934 3218 2031 3289 (τι).

452 3317 688 3371 Cunatur
715 3316 874 3370 etiam
912 3312 1183 3368 insinuare
1213 3309 1337 3380 quid
1363 3309 1666 3364 Academici
1699 3312 1932 3362 sentiant
1966 3308 2033 3363 de

456 3407 680 3462 falsitate
701 3408 782 3461 vcl
812 3404 1020 3460 fallacia
1049 3416 1236 3457 sensus
1274 3401 1509 3466 humani,
1533 3401 1691 3454 etiam
1722 3401 1774 3453 in
1806 3399 1889 3454 his
1915 3414 2035 3453 om-

455 3501 583 3556 nino
614 3498 737 3568 quid
761 3500 1007 3567 loquatur
1045 3496 1315 3565 ignorans.
1348 3491 1463 3545 Dici
1495 3492 1555 3545 ab
1577 3493 1647 3545 eis
1668 3491 1874 3553 asserit,
1899 3492 2034 3545 nives

461 3593 632 3664 nigras
660 3606 763 3645 esse
787 3604 900 3642 cum
926 3587 1055 3641 alba:
1070 3587 1187 3647 sint,
1220 3585 1514 3654 nigrumque
1538 3591 1818 3653 argentum,
1850 3593 2033 3635 turrem

455 3683 723 3739 rotundam
764 3680 839 3734 vel
861 3688 1060 3732 teretem
1086 3676 1244 3731 videri
1273 3691 1385 3728 cum
1408 3674 1654 3744 angulosa
1689 3672 1749 3726 sit
1776 3672 1816 3737 ⁸,
1841 3689 2034 3726 remmn

456 3776 509 3829 in
536 3790 666 3845 aqua
693 3777 910 3843 fractum
940 3786 1051 3823 cum
1068 3770 1130 3822 sit
1158 3768 1364 3837 integer.
1393 3766 1455 3819 lit
1478 3766 1577 3818 hoc
1603 3773 1767 3817 totum
1787 3772 2034 3832 propter-

455 3883 553 3931 ea,
607 3866 856 3937 quoniam
913 3878 1033 3917 cum
1077 3861 1322 3925 dixisset,
1374 3857 1687 3912 Conscientia
1739 3858 1906 3910 dantis
1953 3856 2033 3910 vel

453 3968 623 4014 sancte
640 3958 806 4012 dantis
826 3954 1118 4017 attenditur,
1140 3967 1250 4023 qua:
1275 3951 1445 4003 abluat
1469 3949 1757 4019 accipientis
1782 3964 1796 4009 ;
1846 3957 2029 4002 contra

452 4066 551 4121 ego
579 4050 709 4117 dixi,
746 4048 899 4116 Quid,
930 4048 970 4100 si
1001 4046 1154 4099 lateat
1187 4042 1353 4096 dantis
1384 4040 1708 4102 conscientia,
1738 4048 1783 4093 et
1823 4039 2035 4105 fortasse

454 4142 710 4195 maculosa
731 4139 835 4193 sit?
866 4138 991 4192 Istae
1011 4143 1133 4189 sunt
1159 4135 1307 4188 nives
1334 4147 1495 4202 nigra:
1518 4173 1533 4196 ,
1565 4138 1618 4184 ct
1645 4140 1919 4200 argentum
1955 4129 2035 4183 ni-

454 4249 629 4303 grum,
661 4241 713 4285 et
740 4231 901 4285 turris
943 4220 1166 4282 rotunda
1201 4242 1296 4295 pro
1341 4225 1611 4294 angulosa,
1654 4232 1708 4277 et
1754 4238 1932 4276 remus
1980 4223 2031 4277 in

454 4338 586 4392 aqua
617 4320 811 4375 fractus
831 4333 928 4389 pro
954 4318 1160 4387 integro
1190 4316 1203 4369 !
1229 4331 1338 4369 rem
1368 4315 1563 4385 quippe
1591 4313 1698 4368 dixi
1726 4329 1841 4383 qme
1862 4316 2031 4382 putari

455 4412 638 4482 possit,
664 4419 718 4465 et
747 4424 865 4464 esse
895 4424 999 4463 non
1041 4407 1226 4478 possit,
1258 4414 1317 4460 ut
1354 4407 1514 4460 lateat
1543 4404 1717 4459 dantis
1759 4405 2035 4458 conscien-

458 4506 550 4567 tia,
581 4514 633 4559 et
664 4503 889 4559 fortasse
918 4500 1186 4556 maculosa
1214 4500 1303 4552 sit.

524 4595 613 4650 23.
655 4594 721 4649 Et
746 4593 988 4663 sequitur
1018 4606 1098 4656 se,
1122 4600 1174 4645 et
1210 4589 1402 4644 clamat
1435 4606 1449 4642 :
1479 4586 1614 4654 Quid
1639 4598 1711 4641 est
1737 4629 1750 4652 ,
1782 4586 1915 4652 Quid
1945 4587 1984 4640 si
2015 4604 2029 4647 ;

451 4686 571 4757 quid
594 4694 686 4751 est,
716 4682 977 4739 Fortassis
994 4682 1021 4737 .’
1048 4681 1144 4736 nisi
1171 4682 1356 4734 incerta
1384 4688 1430 4734 et
1457 4680 1743 4733 inconstans
1787 4679 2033 4731 limitatio

451 4778 746 4842 dubitantis,
776 4777 839 4832 de
863 4792 959 4843 qua
979 4775 1065 4829 ille
1084 4783 1196 4827 tuus
1225 4772 1294 4826 ait
1319 4787 1336 4827 :

521 4888 543 4917 ι
568 4869 685 4929 Quid
707 4870 746 4920 si
770 4880 898 4918 nunc
918 4868 939 4900 ⁸
963 4864 1115 4915 redeo
1132 4862 1190 4913 ad
1214 4860 1321 4912 illos
1336 4861 1416 4925 qui
1443 4862 1592 4919 alunt,
1612 4859 1727 4919 Quid
1751 4861 1791 4909 si
1816 4872 1941 4908 nunc

604 4931 780 4982 cadum
794 4929 935 4979 ruat”!
955 4944 977 4973 1

819 4991 1025 5053 (Terent.
1053 4990 1225 5037 Heaut.
1246 4990 1339 5034 act.
1364 4983 1413 5044 4,
1431 4995 1558 5033 scen.
1582 4983 1630 5043 3,
1651 4995 1772 5033 vers.
1791 4980 1891 5033 ili.

513 5151 529 5182 ι
568 5157 664 5197 Am.
689 5151 762 5195 Er.
790 5151 843 5194 et
862 5142 1011 5192 nostri
1036 5148 1162 5198 Mss,
1188 5134 1588 5200 respmtdendum.

514 5214 535 5243 ²
560 5211 633 5259 sic
657 5216 759 5256 Mss.
788 5211 842 5253 At
865 5204 1002 5261 editi,
1027 5214 1119 5250 non
1139 5197 1442 5261 emendando
1469 5209 1487 5246 :
1513 5198 1676 5261 minus
1690 5202 1840 5243 recte.

514 5274 535 5305 ³
560 5252 837 5324 inlicito,
846 5252 1067 5314 debeatis.
1081 5269 1207 5329 Iov,
1222 5258 1447 5329 laureatis.
1461 5256 1681 5329 Qalhcaui
1709 5264 1810 5329 atss.
1820 5288 1833 5329 ε
1845 5252 2029 5329 debeat.

513 5334 533 5364 δ
559 5343 656 5381 Aut.
685 5338 756 5378 Er.
785 5319 835 5378 et
858 5336 985 5385 MSS.,
1010 5336 1119 5373 cum
1135 5322 1273 5386 longa
1297 5319 1372 5370 sit.
1401 5325 1453 5368 Et
1477 5319 1615 5377 infra,
1636 5323 1680 5366 et
1705 5319 1853 5365 turris
1875 5321 2034 5364 rotun-

461 5396 518 5448 ια
538 5407 624 5458 pro
647 5392 805 5458 longa.
953 5447 973 5458 -
1028 5453 1038 5458 _
1201 5456 1211 5458 _
1268 5450 1299 5458 Α
1388 5443 1447 5458 υ,

512 5446 811 5505 "Terentius
834 5462 929 5499 non
952 5447 1064 5503 fert,
1088 5456 1229 5502 nunc,
1256 5450 1307 5492 et
1328 5446 1557 5505 merito.___
1584 5446 1637 5505 Mf.

513 5502 583 5577 (rt)
602 5502 677 5565 De
700 5511 955 5562 (tarneadis
976 5502 1461 5577 ingeniotac‘tantilus
1478 5538 1490 5559 ,
1513 5502 1597 5577 lib.
1618 5502 1674 5577 δέ,
1692 5511 1824 5577 etp;
1840 5502 1933 5577 ιι.
1951 5512 1969 5567 c

454 5562 669 5639 Ingnium
692 5588 803 5624 eum
834 5562 1100 5622 nomatn'ab
1124 5566 1493 5639 Atheniensibus
1516 5564 1711 5639 missum
1724 5562 1826 5639 ...ιιχὶ
1855 5572 1938 5620 pro
1954 5562 2032 5618 ju-

454 5621 825 5697 giiiii‘liiitaiiii,
850 5621 948 5697 tum
969 5640 1160 5694 postera
1183 5630 1264 5677 die
1282 5635 1445 5676 contra
1465 5625 1701 5697 justitiam
1722 5621 1905 5697 disisse
1929 5634 2032 5697 me:

455 5681 824 5753 i.‘.};t-;t',§i’ctiae'
855 5681 905 5743 in
938 5681 1193 5753 uirumque
1228 5696 1415 5753 partem
1446 5681 1691 5735 disserere
1727 5681 1944 5741 solitum,
1982 5689 2034 5729 ut

456 5710 691 5751 lllOI‘al,Sl
756 5710 819 5744 ue
858 5710 905 5743 In
938 5710 1193 5753 Utramque
1230 5710 1415 5750 partem
1446 5710 1553 5735 υιδδι

456 5758 573 5805 alios
594 5710 826 5816 quidcliitet
848 5762 1128 5804 asserentes
1146 5767 1161 5813 ι
1176 5757 1306 5798 esset
1323 5750 1553 5795 refutare.

1799 5496 1924 5555 .14,
1951 5498 2033 5559 qui

1309 296 1576 353 CONTRA
1621 295 1956 351 LITTERAS
1994 292 2353 356 Pl‘lTiLth,
2396 294 2451 349 S.
2496 293 2857 351 AUGUSTle

3618 304 3729 361 560

2153 406 2381 462 lloccinc
2411 407 2548 477 quod
2574 407 2700 471 dixi,
2738 411 2869 475 Quid
2888 412 2931 464 si
2956 411 3107 465 lateat
3128 412 3295 467 dantis
3322 416 3648 485 conscientia,
3682 432 3731 476 et

2152 500 2384 567 fortassis
2412 501 2665 553 maculosa
2691 502 2790 564 sit;
2821 501 2924 556 tale
2954 511 3035 557 est
3082 518 3142 556 ac
3196 504 3239 557 si
3287 504 3532 571 dixerim,
3595 508 3699 574 Qui
3725 529 3737 560 ι

2147 590 2192 642 si
2214 607 2349 643 nunc
2375 592 2549 643 ('0?le
2581 591 2735 645 ruat?
2768 592 2968 645 Dictum
3001 603 3083 647 est
3112 594 3311 663 utique,
3347 594 3484 660 Quid
3498 599 3541 650 si
3559 615 3577 663 ;
3606 600 3729 667 quia

2149 683 2259 737 fieri
2289 690 2461 751 potest
2488 692 2545 736 ut
2575 684 2764 747 lateat,
2792 684 2903 738 ﬁeri
2944 694 3117 754 potest
3147 694 3203 739 ιιι
3245 701 3350 740 non
3381 687 3536 741 lateat
3564 708 3577 742 :
3608 704 3731 743 nam

2147 772 2359 839 quando
2408 774 2678 844 ignoratur
2718 774 2842 845 quid
2880 774 3094 844 cogitet,
3127 775 3209 830 vel
3259 777 3383 845 quid
3433 778 3728 837 admiserit.

2148 863 2277 917 latet
2306 864 2486 934 utique
2512 864 2859 934 accipientem
2897 860 3072 929 dantis
3115 866 3470 927 conscientia;
3516 870 3731 936 quando

2144 962 2321 1009 autem
2354 964 2622 1022 peceatum
2651 955 2767 1024 ejus
2796 954 3177 1019 manifestatur,
3212 971 3315 1009 non
3344 955 3490 1011 latet.
3521 958 3727 1013 Dictum

2148 1054 2252 1111 cst,
2279 1055 2326 1098 et
2354 1045 2569 1115 fortasse
2593 1045 2848 1099 maculosa
2865 1045 2927 1099 sit
2946 1062 2965 1111 ;
2987 1045 3106 1116 quia
3134 1045 3245 1100 fieri
3283 1056 3455 1117 potest
3482 1058 3538 1101 ιιι
3567 1048 3729 1104 lateat

2145 1146 2200 1190 et
2229 1136 2422 1191 munda
2448 1137 2534 1200 sit,
2562 1147 2615 1192 ct
2642 1154 2824 1192 rursus
2853 1137 2963 1192 fieri
3002 1145 3193 1207 potest.
3232 1150 3289 1192 ut
3323 1139 3480 1195 lateat
3514 1150 3567 1196 ct
3610 1158 3724 1196 ma.

2144 1227 2325 1280 culosa
2353 1227 2442 1280 sit.
2496 1227 2641 1292 ldco,
2674 1227 2808 1293 Quid
2836 1227 2920 1291 si;
2960 1228 3100 1293 ideo,
3148 1227 3407 1285 Fortasse.
3458 1230 3723 1303 Numquid

2144 1317 2266 1373 huic
2293 1319 2465 1375 simile
2489 1328 2593 1386 est,
2625 1320 2760 1387 Quid
2788 1321 2831 1374 si
2866 1336 2998 1374 nunc
3026 1322 3204 1374 ctutum
3233 1321 3391 1375 ruat.’
3429 1323 3472 1378 Ο
3513 1326 3724 1394 quoties

2142 1418 2193 1464 et
2214 1409 2441 1464 convicti
2470 1420 2516 1464 et
2550 1409 2780 1464 confessi
2810 1419 2935 1465 sunt
2972 1410 3214 1471 homines
3241 1424 3299 1464 sc
3328 1412 3623 1467 maculosas
3669 1422 3724 1466 ct

2142 1502 2469 1557 adulterinas
2494 1501 2742 1557 habuisse
2770 1502 3124 1558 conscientias
3145 1545 3158 1566 ,
3188 1518 3306 1557 cum
3337 1503 3403 1557 ab
3428 1503 3504 1557 eis
3543 1504 3723 1573 bapti-

2142 1603 2390 1647 zarentur
2417 1594 2612 1663 ignari,
2645 1602 2983 1663 posteaquam
3021 1592 3357 1647 manifestato
3382 1595 3582 1650 scelere
3616 1572 3719 1650 de-

2141 1685 2345 1755 gradati
2369 1694 2511 1749 sunt,
2541 1696 2593 1740 et
2625 1695 2797 1739 tamen
2819 1686 3011 1739 ccelnm
3040 1701 3144 1739 non
3178 1685 3281 1738 ruit
3302 1686 3315 1738 !
3336 1684 3470 1751 Quid
3491 1686 3573 1740 hic
3596 1686 3721 1741 facit

2141 1775 2285 1829 Piltts
2311 1786 2363 1830 et
2389 1775 2575 1829 Furius
2606 1775 2678 1845 (a)
2713 1816 2727 1836 ,
2758 1776 2843 1843 qui
2885 1782 3065 1830 centra
3108 1774 3362 1843 justitiam
3409 1774 3717 1846 injustitiam

2139 1864 2528 1920 defenderunt?
2558 1866 2692 1933 Quid
2742 1866 2825 1920 hic
2866 1864 2988 1919 facit
3021 1865 3210 1919 athens
3259 1865 3509 1937 Diagoras
3553 1868 3593 1932 ⁸,
3627 1870 3719 1938 qui

2140 1973 2259 2013 esse
2288 1958 2452 2012 Deum
2487 1959 2716 2027 negavit.
2763 1966 2819 2011 ιιι
2861 1956 2928 2011 de
2984 1956 3074 2010 illo
3122 1956 3362 2010 videatur
3410 1958 3720 2024 prmdixisse

2142 2048 2417 2119 propheta.
2437 2048 2574 2101 Dixit
2594 2048 2771 2101 stultus
2785 2048 2834 2099 in
2853 2046 3001 2100 corde
3019 2062 3131 2111 suo,
3157 2044 3276 2099 Non
3298 2055 3370 2099 est
3393 2044 3715 2115 Deus(Psa!.

2140 2155 2252 2203 xm,
2284 2137 2376 2210 l)?
2401 2138 2534 2207 Quid
2565 2138 2647 2192 hic
2674 2138 2759 2192 isti
2792 2135 3031 2191 faciunt?
3062 2136 3253 2207 thnid
3282 2136 3535 2189 nominati
3566 2148 3714 2197 sunt.

2140 2230 2239 2283 nisi
2268 2239 2323 2282 nt
2356 2228 2738 2283 intervenircnt
2764 2230 2879 2296 pro
2910 2226 3125 2281 homine
3170 2241 3271 2279 non
3311 2224 3540 2279 habente
3590 2227 3717 2297 quid

2138 2318 2311 2380 dicat;
2338 2327 2395 2372 ut
2415 2318 2539 2372 dum
2570 2317 2637 2372 de
2665 2317 2749 2372 his
2778 2318 2964 2371 saltem
2992 2316 3185 2386 aliquid
3230 2317 3345 2369 sine
3385 2332 3542 2371 causa
3580 2317 3717 2381 dici-

2140 2417 2240 2473 tur,
2275 2409 2357 2480 agi
2386 2424 2543 2463 causa
2590 2408 2848 2471 videatur,
2877 2417 2929 2462 et
2972 2407 3036 2461 ad
3085 2405 3225 2476 quod
3271 2422 3375 2461 non
3402 2422 3716 2478 responsum

2138 2508 2239 2563 ρει,
2271 2514 2586 2568 responsura
2612 2514 2731 2554 esse
2758 2497 3046 2553 credatur?

2207 2588 2435 2644 CAPUT
2464 2583 2637 2644 XXII.
2678 2619 2751 2629 —
2785 2588 2875 2643 26.
2917 2588 3195 2643 Postremo
3237 2589 3280 2642 si
3325 2588 3433 2643 dno
3488 2590 3568 2644 vel
3617 2590 3717 2644 tria

2136 2683 2298 2737 verba
2325 2682 2445 2746 ista,
2482 2681 2619 2747 Quid
2645 2681 2707 2747 si,
2738 2689 2791 2734 ct
2818 2678 3077 2742 Fortasse,
3109 2695 3275 2750 usque
3305 2680 3439 2735 adeo
3464 2689 3589 2735 sunt
3632 2681 3718 2734 in-

2139 2772 2460 2838 tolerabilia,
2485 2779 2543 2824 ut
2566 2780 2783 2841 propter
2803 2770 2889 2824 illa
2917 2770 3273 2825 excitarentur
3300 2770 3422 2823 olim
3449 2770 3724 2824 dormien-

2139 2873 2218 2919 tes
2250 2863 2572 2928 Academici,
2600 2872 2654 2917 ct
2688 2860 3011 2922 Carneades.
3038 2870 3094 2915 et
3133 2861 3295 2926 Pilus,
3332 2871 3386 2916 et
3420 2861 3631 2927 Furius,
3659 2872 3722 2916 es

2139 2955 2415 3025 Diagoras,
2443 2963 2498 3009 ct
2524 2954 2671 3008 nives
2717 2953 2899 3022 nigrm,
2954 2961 3009 3007 et
3041 2954 3192 3007 ruina
3234 2954 3377 3017 cceli,
3415 2961 3470 3008 et
3516 2962 3721 3008 cetera

2138 3045 2389 3100 similiter
2429 3044 2611 3097 insana
2645 3052 2698 3096 ct
2718 3041 2983 3108 absurda;
3016 3052 3389 3097 removeantur
3420 3042 3487 3098 de
3515 3043 3717 3097 medio.

2137 3136 2321 3206 Neque
2347 3136 2486 3190 enim
2518 3150 2699 3189 revera
2726 3134 2845 3188 sine
2877 3132 2957 3188 ltis
2987 3150 3089 3189 non
3123 3145 3295 3205 potest
3322 3135 3426 3190 dici
3453 3135 3591 3205 quod
3626 3150 3727 3190 vo—

2138 3229 2332 3283 lumus.
2363 3228 2500 3283 Ecce
2530 3226 2726 3281 sufficit
2751 3225 2891 3297 quod
2916 3227 3072 3296 paulo
3107 3237 3225 3297 post
3255 3228 3323 3280 ita
3358 3228 3584 3298 positum
3610 3237 3720 3291 est,

2138 3328 2191 3375 ct
2214 3320 2281 3374 ab
2312 3321 2426 3389 ipso
2454 3336 2518 3374 cx
2551 3320 2682 3374 meis
2723 3321 2913 3376 litteris
2942 3320 3347 3389 interpositum:
3385 3318 3531 3374 Unde
3562 3320 3727 3391 igitur

2137 3413 2423 3467 abluendus
2444 3422 2516 3466 est
2536 3413 2620 3484 qui
2647 3414 2830 3481 accipit
2859 3412 3196 3482 Baptismum,
3221 3428 3331 3466 cum
3350 3412 3518 3465 dantis
3543 3412 3727 3482 pollu-

2139 3517 2189 3558 ta
2215 3506 2516 3559 conscientia
2535 3514 2607 3558 est
2626 3546 2641 3570 ,
2663 3515 2710 3558 et
2733 3505 2826 3558 hoc
2852 3505 2939 3557 ille
2971 3504 3058 3573 qui
3083 3514 3159 3557 est
3181 3512 3479 3572 accepturus
3517 3504 3729 3572 ignorat

2138 3594 2350 3665 (Supra,
2381 3595 2468 3648 lib.
2500 3596 2549 3660 l,
2569 3594 2752 3663 cap.2,
2774 3611 2823 3646 n.
2844 3593 2942 3662 5)?
2972 3592 3172 3661 Nempe
3201 3593 3285 3646 hic
3312 3607 3417 3646 non
3440 3592 3560 3647 est?
3583 3594 3732 3659 Quid

2136 3688 2199 3750 si,
2229 3697 2278 3741 et
2306 3686 2560 3741 Fortasse.
2586 3685 2983 3756 Respondentur
3006 3698 3151 3753 ergo.
3179 3682 3468 3749 Attendite,
3488 3698 3557 3738 ne
3580 3684 3735 3741 forte

2138 3781 2187 3832 in
2207 3795 2269 3833 co
2285 3778 2425 3849 quod
2450 3779 2706 3848 sequitur,
2727 3776 2790 3831 ad
2814 3778 2912 3830 hoc
2936 3773 3271 3845 respondeat.
3294 3773 3397 3827 Sed
3417 3789 3507 3844 ego
3534 3782 3606 3839 te,
3642 3775 3735 3829 in-

2136 3872 2267 3941 quit.
2290 3871 2601 3924 cavillantem
2616 3871 2683 3923 ad
2698 3870 2847 3939 ﬁdem
2867 3868 3095 3922 credendi
3113 3868 3419 3938 constringo,
3437 3882 3501 3920 ne
3511 3868 3736 3923 ulteﬁus

2135 3964 2375 4031 evageris.
2403 3962 2538 4027 Quid
2556 3962 2862 4029 argumentis
2882 3960 3106 4013 stultitia:
3139 3958 3320 4012 avertis
3348 3957 3606 4012 erroribus
3643 3960 3733 4011 ui-

2139 4063 2239 4103 tam
2271 4053 2296 4104 .9
2329 4051 2451 4119 quid
2488 4050 2608 4118 fidei
2626 4051 2870 4103 rationem
2891 4050 2953 4102 de
2968 4049 3110 4103 rebus
3130 4047 3501 4101 irrationalibus
3519 4047 3735 4101 turbas?

2140 4142 2252 4195 Iloc
2277 4159 2376 4195 uno
2413 4141 2558 4195 verba
2592 4152 2638 4195 te
2665 4151 2807 4195 teneo
2851 4150 2897 4193 et
2947 4140 3209 4193 convinco.
3263 4139 3389 4192 lltcc
3427 4136 3732 4192 Petilianus

2136 4234 2288 4299 dixit,
2334 4249 2436 4289 non
2465 4250 2583 4303 ego.
2637 4232 2736 4286 Ista
2787 4248 2851 4286 ex
2887 4232 3111 4299 epistola
3150 4229 3391 4285 Pctiliani
3432 4236 3589 4291 sunt;
3624 4229 3728 4282 sed

2135 4328 2218 4380 cui
2242 4328 2398 4380 verba
2426 4327 2445 4357 ³
2472 4326 2579 4394 jam
2605 4324 2712 4378 duo
2741 4324 2826 4376 illa
2851 4363 2866 4388 ,
2900 4338 3019 4391 quze
3050 4337 3135 4376 me
3170 4321 3456 4376 abstulisse
3490 4320 3730 4375 insimu-

2139 4419 2230 4479 lat,
2262 4418 2462 4477 addidi,
2489 4427 2541 4471 ct
2570 4410 2912 4469 nihilominus
2937 4414 3145 4469 ostendi
3173 4412 3531 4484 inquisitionis
3557 4427 3726 4472 mem,

2136 4512 2217 4564 cui
2248 4527 2349 4563 non
2369 4506 2674 4576 respondet,
2711 4506 2878 4560 multo
2908 4505 3121 4561 brevius
3147 4514 3200 4559 ct
3239 4503 3518 4560 enodatius
3558 4500 3732 4557 lixam

2136 4612 2276 4655 stare
2303 4600 2641 4655 sententiam.
2688 4597 2845 4652 Certe
2890 4596 3003 4651 lucc
3045 4597 3132 4652 illa
3182 4596 3290 4649 duo
3331 4603 3475 4659 sunt,
3522 4602 3730 4659 sancte,

2136 4706 2186 4745 et
2213 4693 2411 4745 sciens:
2442 4699 2497 4742 ut
2525 4704 2627 4743 non
2670 4689 2737 4743 sit
2764 4687 3011 4743 videlicet
3041 4686 3350 4740 conscientia
3386 4683 3579 4746 dantis,
3623 4684 3735 4737 sed

2136 4781 2435 4837 conscientia
2455 4790 2625 4836 sancte
2643 4779 2809 4832 dantis
2826 4794 2844 4841 ;
2861 4787 2914 4832 ct
2935 4792 3036 4830 non
3066 4777 3153 4841 sit,
3182 4777 3269 4846 qui
3294 4776 3447 4846 [idem
3470 4792 3501 4828 a
3523 4774 3738 4845 perﬁdo

2135 4874 2422 4943 sumpserit,
2440 4872 2529 4926 sed
2551 4874 2636 4943 qui
2658 4871 2809 4942 fidem
2832 4871 2991 4923 sciens
3007 4887 3038 4922 a
3067 4870 3260 4937 perﬁdo
3278 4866 3566 4937 sumpserit.
3583 4865 3732 4935 ραι

2136 4968 2349 5037 quidem
2375 4965 2534 5020 verba
2583 4980 2688 5018 non
2729 4964 3117 5023 subtraxcram,
3159 4960 3251 5013 sed
3300 4960 3353 5014 in
3399 4958 3586 5012 codice
3628 4959 3741 5027 ιιιιί

2139 5059 2265 5114 mihi
2308 5058 2463 5113 datus
2506 5064 2622 5109 crat
2674 5069 2778 5109 non
2824 5054 3152 5107 inveneram.
3210 5049 3349 5105 Fieri
3399 5056 3574 5101 autem
3626 5062 3742 5114 pu-

2138 5158 2241 5203 test
2271 5156 2329 5202 ut
2364 5145 2650 5201 mendosus
2699 5144 2854 5199 fuerit
2905 5157 2920 5195 :
2963 5156 3133 5211 neque
3187 5139 3329 5193 cnim
3376 5147 3431 5193 et
3484 5137 3587 5191 hoc
3638 5137 3745 5189 in—

2202 5353 2217 5380 ¹
2246 5354 2293 5396 tu
2317 5354 2442 5403 Mss,
2460 5346 2537 5394 hic
2561 5351 2611 5392 et
2630 5342 2767 5401 infra,
2793 5340 2913 5398 loco,
2939 5339 3183 5403 Diagoras,
3203 5337 3401 5403 legitur,
3419 5342 3742 5398 Protagoras.

2140 5418 2347 5472 t'terque
2366 5398 2539 5456 atlicus
2563 5398 2822 5472 fuit,__tes_te
2845 5398 3074 5472 Cicermie
3100 5402 3147 5449 in
3171 5398 3293 5449 libro
3315 5398 3380 5447 de
3404 5406 3574 5447 natura
3602 5404 3719 5446 ινφ

2137 5485 2242 5520 rum
2260 5464 2282 5531 ;’
2300 5478 2349 5519 et
2371 5470 2624 5532 Lactantio,
2654 5467 2734 5513 Iih.
2762 5464 2806 5523 l,
2830 5476 2934 5524 cap.
2961 5465 3004 5511 l.
3055 5521 3066 5532 ι

2204 5535 2222 5563 ²
2249 5529 2355 5579 Lor.
2382 5530 2439 5578 ad
2464 5530 2731 5588 marginem
2757 5539 2777 5588 :7
2797 5544 2819 5571 ι
2842 5532 2999 5583 Forte,
3021 5529 3161 5588 tiam.
3184 5539 3207 5566 ι
3288 5529 3342 5569 at.

2204 5594 2223 5625 ³
2245 5596 2317 5641 Sic
2342 5600 2441 5639 Mss.
2464 5599 2517 5638 At
2536 5584 2671 5641 editi.
2694 5587 2779 5637 sed
2802 5592 2985 5635 tantum
3005 5584 3162 5634 verba.

2201 5676 2271 5736 (τι)
2296 5673 2464 5721 Con'cr
2489 5671 2569 5736 lily.
2593 5670 2622 5718 2
2636 5671 2698 5718 de
2720 5670 2918 5736 civitate
2939 5668 3039 5736 Dei,
3060 5679 3164 5736 cap.
3188 5664 3383 5736 2l,_quo
3404 5660 3511 5713 loco
3529 5662 3722 5715 Ludovt

2139 5726 2223 5787 cus
2252 5726 2318 5784 iii
2346 5748 2385 5784 ιε
2411 5748 2473 5783 ex
2494 5733 2588 5781 telo
2605 5740 2653 5781 ct
2679 5732 2813 5780 curio
2838 5742 2983 5779 unum
3003 5726 3248 5777 hominem
3272 5726 3394 5774 facit.
