4066 6200
303 264 402 327 361

304 373 564 435 credibile
608 383 711 440 est,
760 384 819 430 ut
854 375 1014 430 etiam
1061 372 1183 427 hinc
1229 371 1358 426 mihi
1400 371 1715 427 Academiae
1760 371 1897 424 exei-

308 483 454 527 tetur
483 469 702 529 invidia,
730 477 784 522 et
812 468 915 522 tale
940 475 1211 519 asseratur
1239 479 1362 519 esse
1400 462 1542 533 quod
1585 463 1716 526 dixi,
1760 461 1900 516 codi-

309 580 432 619 cem
464 563 625 617 fuisse
655 560 988 615 mendosum,
1017 557 1174 627 «ptale
1202 557 1245 610 si
1273 556 1504 611 dicerem
1526 555 1681 610 nives
1703 555 1896 623 nigras.

313 652 514 721 thuid
546 651 686 706 enim
707 651 756 706 ei
787 648 1022 719 rependo
1053 648 1390 702 temerariam
1431 647 1818 716 suspicionem,
1847 655 1903 698 ut

309 746 493 801 dicam
529 744 670 813 quod
711 743 826 813 ipse
867 749 985 810 post
1021 739 1305 804 addiderit,
1336 739 1426 810 qui
1456 754 1540 793 me
1577 737 1905 793 subtraxisse

308 834 600 898 coiiliiixit;
630 847 752 888 cum
777 831 943 902 possit
973 831 1129 885 istam
1165 829 1535 884 mendositatis
1581 836 1758 882 notam
1789 829 1906 880 sine

310 941 437 980 mea
468 924 726 980 maledica
755 923 1056 978 temeritate
1081 921 1248 976 codex
1279 921 1365 991 qui
1393 934 1498 974 non
1528 919 1777 974 irascitur
1797 931 1908 972 sus-

309 1017 532 1071 sinere?

384 1104 613 1162 CAPUT
640 1103 825 1159 XXIII.
869 1133 928 1144 —
951 1103 1040 1157 27.
1086 1104 1148 1158 Et
1178 1103 1304 1157 illud
1335 1101 1549 1172 quidem
1582 1102 1828 1169 primum,
1854 1099 1907 1154 id

310 1207 397 1252 est
416 1239 430 1261 ,
464 1205 634 1250 sancte
659 1197 851 1261 dantis,
876 1195 1094 1249 omnino
1119 1210 1224 1248 non
1253 1195 1472 1263 impedit
1514 1193 1904 1262 inquisitionem

313 1303 510 1350 meam,
541 1301 647 1356 qua
671 1287 758 1340 ille
787 1285 1130 1340 vehementer
1159 1295 1392 1354 urgetur,
1423 1293 1598 1337 utrum
1631 1283 1697 1336 ita
1711 1282 1904 1346 dicam,

317 1376 375 1430 Si
407 1377 712 1429 conscientia
758 1375 926 1429 dantis
977 1375 1293 1428 attenditur:
1336 1388 1403 1427 an
1425 1388 1551 1427 vero
1579 1373 1670 1436 ita,
1705 1372 1759 1427 Si
1788 1388 1909 1425 con-

313 1466 527 1520 scientia
563 1474 735 1518 sancte
769 1465 940 1518 dantis
983 1463 1275 1526 attenditur,
1299 1478 1412 1530 qua:
1461 1461 1632 1515 abluat
1657 1461 1908 1528 accipien-

317 1557 427 1618 tis;
456 1543 596 1610 unde
624 1557 783 1626 igitur
807 1555 1104 1610 abluendus
1133 1565 1214 1610 est
1233 1555 1319 1625 qui
1345 1555 1534 1620 accipit
1553 1553 1902 1621 Baptismum,

315 1647 362 1701 si
402 1647 577 1701 dantis
610 1648 804 1716 polluta
847 1646 1171 1701 conscientia
1215 1655 1296 1700 est
1319 1685 1336 1711 ,
1365 1656 1418 1699 et
1459 1646 1558 1698 hoc
1596 1645 1681 1699 ille
1709 1644 1797 1712 qui
1825 1633 1942 1698 esti

314 1745 632 1805 accepturus
670 1736 916 1806 ignorat?
944 1735 1075 1790 Illud
1115 1744 1290 1790 autem
1333 1735 1554 1788 alterum
1586 1732 1727 1804 quod
1757 1731 1907 1786 addi-

315 1835 426 1891 tur,
453 1828 639 1891 sciens,
671 1835 724 1880 ut
755 1842 857 1880 non
887 1821 1125 1892 dicatur,
1157 1826 1255 1892 Qui
1279 1825 1431 1895 ﬁdem
1462 1842 1492 1877 a
1534 1825 1728 1896 perﬁdo
1767 1841 1906 1879 sum-

317 1920 474 1986 pserit
493 1918 642 1983 ;scd,
678 1917 775 1984 Qui
806 1917 957 1985 ﬁdem
996 1919 1156 1972 sciens
1179 1933 1211 1969 a
1237 1916 1432 1987 perﬁdo
1472 1915 1772 1985 sumpserit,
1802 1931 1905 1970 non

314 2011 471 2078 fidem
496 2011 707 2080 percipit
730 2051 742 2072 ,
772 2010 859 2063 sed
887 2021 1080 2063 reatum
1105 2025 1124 2063 :
1149 2008 1318 2064 fateor
1340 2050 1356 2076 ,
1384 2017 1635 2079 tanquam
1664 2009 1900 2070 deesset,

312 2115 404 2155 me
425 2100 673 2154 nonnulla
707 2101 928 2165 dixisse,
963 2115 1187 2180 quorum
1224 2099 1487 2168 jacturam
1517 2098 1669 2154 facile
1689 2100 1899 2169 patior;

310 2189 562 2258 quoniam
586 2189 752 2258 magis
774 2204 972 2242 moram
997 2203 1128 2243 mea;
1148 2187 1386 2243 facilitati
1405 2188 1720 2255 efferebant,
1741 2204 1900 2259 quam

311 2279 632 2348 sdjntorium
665 2279 916 2333 facultati.
947 2279 1156 2346 Quanto
1179 2279 1323 2334 enim
1350 2278 1671 2348 expeditius,
1703 2287 1902 2348 quanto

311 2371 523 2438 planius
550 2379 604 2424 et
631 2370 843 2428 brevius
872 2370 950 2425 sic
977 2370 1247 2439 interrogo
1279 2389 1291 2426 :
1324 2370 1378 2426 Si
1406 2371 1708 2424 conscientia
1732 2380 1904 2425 sancte

308 2461 482 2515 dantis
509 2461 784 2516 attenditur
804 2502 820 2527 ,
851 2476 966 2529 quae
987 2460 1160 2515 abluat
1187 2462 1478 2529 accipientis
1501 2479 1520 2526 ;
1545 2468 1618 2525 et,
1635 2461 1722 2530 qui
1751 2461 1902 2530 ﬁdem

307 2555 473 2608 sciens
498 2570 530 2606 a
553 2554 749 2624 perﬁdo
775 2554 1075 2624 sumpserit,
1111 2569 1210 2606 non
1240 2552 1393 2621 ﬁdem
1415 2554 1646 2622 percipit,
1673 2553 1762 2606 sed
1784 2569 1901 2606 rea-

307 2655 454 2711 tum;
501 2645 639 2700 unde
681 2646 928 2708 abluitur,
975 2659 1130 2715 quem
1165 2645 1292 2698 latet
1339 2660 1443 2698 non
1492 2653 1676 2698 sattcte
1720 2643 1900 2697 dantis

307 2735 580 2790 maculosa
609 2733 957 2797 conscientia,
989 2744 1042 2790 et
1072 2733 1212 2788 unde
1241 2748 1418 2786 veram
1447 2732 1672 2802 percipit
1703 2731 1896 2799 ﬁdem,

312 2827 406 2894 qui
435 2826 680 2882 nesciens
717 2826 1012 2895 baptizatur
1049 2841 1077 2878 a
1116 2823 1362 2894 perﬁdo?
1405 2824 1615 2878 Dicatur
1657 2823 1815 2887 unde,
1845 2829 1902 2878 et

316 2917 389 2970 ibi
437 2917 610 2971 omnis
653 2899 811 2970 causa
854 2916 1100 2984 Baptismi
1151 2915 1368 2984 patebit,
1427 2915 1496 2968 ibi
1544 2921 1710 2968 totum
1757 2909 1898 2985 quod

311 3009 569 3077 qna-ritur
595 3005 854 3068 elucebit;
886 3004 980 3060 sed
1006 3005 1050 3060 si
1080 3005 1318 3071 dicatur,
1349 3018 1455 3060 non
1481 3004 1525 3060 si
1555 3011 1761 3074 tempus
1785 3017 1900 3058 nta-

315 3097 598 3153 lediceudo
625 3098 855 3152 ﬁniatur.

380 3187 606 3244 CAPUT
645 3187 830 3242 XXIV.
858 3217 933 3228 —
964 3187 1056 3244 28.
1095 3186 1359 3258 Quidquid
1405 3201 1533 3258 ergo
1575 3187 1643 3242 de
1688 3186 1898 3242 duobus

311 3277 425 3331 istis
451 3278 626 3332 verbis
655 3278 735 3331 vel
764 3276 1014 3331 detractis
1040 3277 1416 3342 calumniatur,
1446 3276 1530 3330 vel
1559 3275 1752 3331 additis
1777 3277 1892 3346 glo-

310 3369 508 3431 riatur,
541 3367 674 3421 nihil
703 3369 1169 3437 interrogationem
1199 3381 1370 3420 meam
1402 3365 1660 3435 impedire
1687 3366 1894 3434 perspi-

308 3457 461 3511 citis:
515 3459 602 3512 cui
651 3457 775 3526 quid
831 3456 1150 3526 respondeat
1199 3456 1288 3510 ille
1331 3470 1436 3509 non
1481 3454 1776 3518 inveniens,
1829 3469 1896 3509 ne

310 3559 484 3602 tamen
518 3557 729 3614 taceat,
774 3550 922 3602 irruit
959 3547 1241 3606 identidem
1274 3548 1324 3602 in
1351 3561 1635 3618 personam
1681 3562 1891 3609 meam;

309 3639 541 3692 dicerem
565 3681 579 3702 ,
611 3639 868 3694 recedens
894 3653 922 3691 a
947 3653 1105 3704 causa
1126 3677 1140 3701 ,
1168 3639 1211 3692 si
1242 3638 1460 3692 omnino
1483 3639 1802 3692 accessisset
1827 3640 1894 3692 ad

311 3745 545 3783 causam.
575 3731 782 3798 Quippe.
808 3730 960 3798 quasi
982 3729 1046 3783 de
1072 3744 1156 3782 me
1181 3737 1383 3797 agatur,
1406 3737 1459 3782 et
1486 3743 1592 3782 non
1614 3727 1681 3782 de
1706 3727 1893 3783 Eccle-

309 3820 402 3873 sia:
433 3821 448 3850 ‘
482 3820 565 3874 vel
611 3819 860 3888 Baptismi
906 3819 1160 3882 veritate,
1191 3818 1304 3871 ideo
1344 3833 1422 3870 me
1457 3816 1586 3872 dicit
1629 3817 1896 3872 subtractis

308 3907 410 3964 illis
435 3909 631 3964 duobus
667 3911 823 3964 verbis
849 3919 1254 3980 argumentatum
1277 3949 1292 3970 ,
1320 3919 1374 3962 ut
1401 3910 1546 3975 quasi
1581 3910 1896 3964 conscientia:

311 4016 434 4054 mea
457 4017 558 4054 non
572 4001 728 4074 .obsit,
752 4001 887 4070 quod
911 4001 1262 4070 inquinatoris,
1291 4007 1346 4054 ut
1374 3997 1502 4053 dicit
1525 4040 1540 4064 ,
1571 3998 1668 4051 mei
1690 4000 1896 4053 sacrile-

311 4108 425 4159 gam
451 4091 677 4162 ignoravi
705 4090 1074 4143 conscientiam.
1108 4088 1259 4156 Quod
1285 4089 1329 4142 si
1366 4089 1433 4141 ita
1463 4099 1607 4143 esset
1631 4128 1646 4150 ,
1673 4086 1892 4142 verbum

311 4182 437 4236 illud
469 4181 611 4252 quod
644 4181 870 4250 positum
892 4188 975 4234 est
997 4219 1012 4242 ,
1041 4181 1199 4232 sciens
1219 4219 1232 4242 ,
1260 4177 1498 4231 additum
1548 4175 1677 4230 mihi
1721 4177 1895 4246 potius

312 4273 610 4340 prodesset,
634 4279 686 4324 et
705 4270 915 4325 obesset
941 4268 1191 4322 ablatum.
1213 4267 1267 4322 Si
1284 4268 1427 4322 enim
1450 4281 1535 4321 me
1561 4266 1628 4320 ita
1647 4266 1856 4326 defendi
1873 4269 1913 4334 Ἀ

309 4365 596 4418 voluissem
630 4401 647 4427 ,
697 4371 756 4416 ut
795 4359 1132 4430 baptizatoris
1193 4359 1294 4414 mei
1360 4369 1577 4430 putarer
1622 4359 1896 4427 ignorasse

311 4455 711 4516 conscientiam,
740 4469 833 4519 pro
856 4467 940 4506 me
964 4452 1193 4504 locutum
1220 4450 1512 4518 acciperem
1538 4448 1890 4502 Petilianum:

311 4545 522 4610 quando
551 4559 656 4597 non
687 4551 970 4611 utcumque
990 4541 1082 4602 ait,
1107 4539 1205 4606 Qui
1229 4539 1380 4607 ﬁdem
1403 4557 1434 4590 α
1455 4539 1647 4607 perﬁdo
1667 4555 1894 4606 sumpse-

315 4635 411 4697 rit;
449 4634 569 4698 sed,
618 4631 720 4697 Qui
750 4631 900 4699 ﬁdem
941 4630 1103 4685 sciens
1145 4645 1177 4680 a
1225 4628 1420 4699 perﬁdo
1462 4629 1749 4698 sumpserit,
1794 4645 1895 4681 non

313 4727 461 4789 ﬁdem
483 4725 716 4795 percipit,
740 4723 828 4777 sed
845 4733 1036 4776 reatum
1055 4736 1073 4774 :
1094 4729 1152 4774 ut
1173 4720 1295 4774 hinc
1315 4735 1414 4789 ego
1434 4735 1537 4773 non
1561 4736 1644 4774 me
1664 4729 1890 4785 reatum,

309 4816 402 4872 sed
429 4816 594 4871 ﬁdem
635 4814 938 4883 percepisse
971 4812 1226 4881 iactarem
1249 4852 1263 4876 ,
1310 4810 1431 4878 quia
1474 4809 1704 4864 dicerent
1727 4851 1742 4874 ,
1774 4810 1891 4864 Non

307 4922 408 4976 ego
437 4907 616 4962 sciens
644 4919 673 4957 a
703 4903 906 4974 perﬁdo
929 4900 1111 4970 accepi
1134 4941 1149 4961 ,
1193 4899 1287 4955 sed
1325 4901 1482 4953 homo
1516 4900 1892 4955 conscientiam

307 4997 484 5052 dantis
512 4995 746 5051 hominis
777 4995 1032 5065 ignoravi.
1065 4993 1250 5047 Videte
1280 4993 1478 5061 itaque,
1505 5002 1558 5047 et
1587 5001 1890 5057 numerate,

307 5089 355 5141 si
385 5088 642 5157 potestis,
666 5095 861 5156 quanta
887 5083 1150 5153 superﬂua
1179 5083 1426 5152 loquatur
1449 5082 1514 5136 ad
1545 5098 1706 5136 unmn
1735 5081 1893 5151 Igno-

305 5179 438 5243 rari,
466 5177 610 5248 quod
638 5190 725 5230 me
750 5175 994 5244 proponit
1019 5172 1236 5238 dixisse,
1263 5187 1384 5226 cum
1411 5171 1512 5226 hoc
1540 5172 1762 5226 omnino
1785 5186 1890 5225 non

304 5269 576 5322 dixerim:
607 5266 731 5336 quia
769 5278 868 5320 nec
901 5265 963 5318 de
994 5278 1080 5318 me
1104 5263 1390 5333 agebatur,
1423 5270 1479 5316 ut
1507 5261 1761 5326 dicerem,
1794 5276 1894 5316 nec

304 5358 509 5428 aliquid
539 5356 781 5412 criminis
806 5358 862 5410 in
901 5369 967 5409 eo
991 5353 1081 5423 qui
1108 5368 1194 5407 me
1219 5352 1501 5422 baptizavit
1539 5351 1800 5421 apparuit,
1838 5361 1897 5405 ut

376 5555 394 5585 ‘
421 5553 555 5610 aditi,
583 5553 646 5602 de
665 5548 888 5601 Ecclesia.
915 5547 1084 5599 Melius
1104 5553 1230 5608 Mss,
1254 5543 1315 5598 de
1337 5544 1561 5597 Ecclesia
1577 5584 1590 5608 ,
1617 5540 1800 5596 scilicet
1823 5557 1898 5596 eeo

304 5616 454 5666 ritate
475 5629 489 5671 ;
513 5623 568 5664 ut
588 5627 751 5675 supra,
777 5627 833 5675 ιι.Δ
856 5613 928 5662 tt.

378 5678 399 5708 ¹
419 5669 622 5726 tense:
649 5669 737 5735 "(mi
759 5672 885 5723 enim
906 5685 980 5722 me
1002 5670 1069 5720 ita
1089 5669 1300 5732 defendi.

639 5757 907 5814 PATRUL.
948 5753 991 5810 Χ
1010 5751 1166 5810 LIII.

1621 256 1817 316 LIBER
1849 253 2165 316 TERTIUS.

3485 272 3591 331 ιω

2005 370 2123 438 ejus
2151 386 2236 426 me
2263 371 2533 441 ignorasse
2559 374 2936 430 conscientiam
2953 416 2970 442 ,
2994 391 3088 447 pro
3119 393 3235 433 mea
3280 381 3590 442 defensione

2006 474 2228 530 cogerer
2249 462 2446 517 dicere.

2074 553 2303 610 CAPUT
2333 555 2497 610 XXV.
2521 588 2590 597 —
2609 559 2697 614 ‘29.
2741 559 2809 614 Et
2835 570 3010 615 tamen
3037 566 3152 628 iste,
3183 579 3250 619 ne
3273 568 3595 636 respondeat

2007 643 2073 698 ad
2095 659 2158 700 ea
2177 662 2296 716 qua:
2315 647 2446 713 dixi,
2476 653 2726 720 proponit
2747 652 2847 706 sibi
2869 655 3007 723 quod
3035 671 3139 710 non
3161 657 3269 712 dixi
3293 675 3308 722 ;
3331 669 3383 714 et
3405 667 3595 718 avocat

2011 734 2256 791 homines
2283 737 2350 791 ah
2376 739 2669 796 intentione
2693 741 2857 797 debiti
2887 745 2989 808 sui,
3020 760 3089 800 ne
3119 746 3167 799 id
3200 749 3337 816 quod
3371 765 3593 820 respon-

2009 824 2242 880 dendum
2290 829 2303 859 ι
2333 837 2416 884 est
2444 830 2713 901 exigatur;
2761 834 3048 902 interponit
3086 851 3227 906 saepe
3253 880 3267 903 ,
3297 839 3539 910 Ignoravi
3566 879 3582 905 ,

2010 914 2218 982 inquam
2243 933 2258 971 :
2289 925 2343 971 et.
2370 920 2680 988 respondet,
2706 921 2812 976 Sed
2831 924 2876 976 si
2894 924 3154 994 ignorares
3177 938 3264 982 :ct
3289 932 3440 999 quasi
3466 946 3594 986 com

2011 1005 2193 1068 vincit,
2229 1021 2295 1062 ne
2322 1009 2448 1062 mihi
2481 1011 2638 1066 liceat
2662 1013 2842 1070 dicere
2865 1055 2880 1079 ,
2909 1015 3151 1086 Ignoravi
3189 1020 3594 1079 Commemorat

2013 1095 2350 1166 llensuritnn,
2375 1099 2723 1170 Cacilianum,
2757 1105 3058 1172 Macarium,
3086 1109 3382 1177 Taurinam,
3407 1116 3591 1170 Roma.

2011 1204 2151 1251 num,
2182 1200 2230 1243 et
2271 1207 2358 1245 eos
2384 1202 2559 1248 contra
2582 1193 2863 1266 Ecclesium
2889 1198 2977 1253 Dei
3006 1202 3184 1270 fecisse
3205 1203 3456 1269 affirmat,
3484 1219 3594 1277 mue

2010 1277 2244 1346 ignorare
2289 1297 2390 1334 non
2416 1297 2633 1352 possent,
2662 1300 2719 1338 eo
2747 1287 2882 1355 quod
2909 1287 3034 1358 Afer
3061 1291 3176 1354 sim,
3206 1301 3251 1344 et
3288 1304 3437 1348 let-nte
3467 1309 3592 1366 pene

2002 1371 2115 1440 jam
2131 1386 2284 1426 senes;
2312 1387 2332 1427 :
2354 1387 2498 1440 cum,
2525 1375 2664 1430 sicut
2691 1377 2850 1431 audio
2869 1419 2883 1443 ,
2925 1379 3222 1435 Mensurius
3257 1383 3309 1436 in
3347 1399 3590 1441 commu-

2009 1463 2188 1517 nionis
2232 1464 2439 1522 unitate
2475 1466 2762 1527 defunctus
2787 1471 2877 1534 sit,
2921 1480 3203 1540 antequam
3237 1490 3296 1530 se
3319 1479 3594 1535 scinderet

2010 1571 2134 1626 pars
2159 1558 2347 1613 Donati
2377 1575 2390 1613 :
2417 1576 2630 1616 causam
2656 1580 2782 1617 vero
2797 1564 3064 1621 Caeciliani
3088 1569 3327 1640 legerim,
3356 1572 3497 1641 quod
3524 1572 3589 1627 ad

2009 1647 2417 1706 Constantinum
2451 1653 2548 1722 ipsi
2577 1655 2952 1719 detulerint,et
2972 1659 3038 1713 ab
3058 1662 3320 1730 episcopis
3349 1680 3485 1731 quos
3503 1662 3592 1720 ille

2009 1737 2302 1805 imperator
2317 1741 2526 1810 judices
2545 1745 2798 1809 dederat,
2847 1757 2902 1802 et
2929 1752 3096 1804 semel
3125 1760 3180 1805 et
3209 1751 3400 1808 iterum
3425 1795 3440 1818 ,
3485 1763 3540 1810 et
3569 1754 3589 1786 ‘

2008 1827 2076 1913 ab
2107 1829 2221 1896 ipso
2252 1846 2375 1899 rege
2421 1833 2528 1913 illis
2556 1834 2620 1887 ad
2667 1850 2788 1892 eum
2818 1838 3206 1906 appellantibus
3231 1843 3392 1896 etiam
3434 1844 3591 1898 tertio

2006 1912 2168 1971 fuerit
2196 1912 2486 1974 absolutus.
2519 1922 2780 1978 Macarius,
2797 1940 2924 1979 vero
2943 1935 2998 1983 et
3023 1927 3284 1984 Taurinus
3309 1939 3364 1984 et
3391 1931 3590 1986 Roma-

2007 2022 2136 2072 nus,
2166 2009 2420 2080 quidquid
2448 2013 2528 2065 vel
2554 2012 2831 2083 iudiciaria
2851 2016 2934 2070 vel
2956 2020 3288 2074 exsecutoria
3329 2031 3590 2090 potestate

2006 2097 2263 2153 adversus
2287 2114 2472 2156 eorum
2503 2104 2825 2160 obstinatum
2855 2105 3086 2162 furorem
3113 2125 3208 2178 pro
3221 2112 3420 2166 unitate
3449 2112 3590 2167 fece-

2006 2197 2152 2255 runt,
2175 2193 2468 2246 secundum
2497 2194 2638 2264 leges
2659 2211 2753 2250 eos
2782 2194 2974 2252 fecisse
2999 2209 3244 2266 constat;
3269 2217 3402 2270 quas
3428 2201 3587 2256 iidem

2013 2282 2151 2352 ipsi,
2181 2298 2395 2339 causam
2421 2285 2688 2341 Caeciliani
2724 2288 2790 2342 ad
2821 2289 3160 2359 Imperatoris
3205 2292 3462 2361 judicium
3491 2294 3588 2348 de-

2007 2373 2227 2430 ferendo
2248 2416 2263 2441 ,
2293 2388 2477 2432 ωηιξη
2507 2394 2564 2434 se
2591 2377 2714 2434 ferri
2744 2381 3026 2450 exserique
3061 2393 3371 2453 coegerunt.

2076 2465 2165 2520 50.
2207 2466 2346 2521 Inter
2389 2468 2556 2522 multa
2593 2469 2754 2538 etiam
2784 2485 3001 2539 prorsus
3025 2470 3092 2525 ad
3139 2488 3247 2527 rem
3296 2488 3398 2526 non
3429 2471 3588 2542 perti-

2005 2555 2180 2609 tientia
2211 2555 2376 2624 dicit,
2416 2556 2656 2612 Μεπὶαηὶ
2701 2561 3014 2627 proconsulis
3042 2563 3286 2616 sententia
3316 2578 3394 2616 me
3433 2564 3589 2632 [uisu

2006 2661 2291 2712 percussum
2318 2689 2334 2713 ,
2377 2658 2431 2702 ut
2460 2665 2522 2703 ea:
2574 2650 2747 2718 Africa
2799 2652 3023 2722 fugerem
3056 2668 3076 2705 :
3124 2661 3180 2706 et
3224 2661 3440 2723 propter
3484 2653 3587 2708 hoc

2004 2733 2192 2790 falsum
2233 2737 2396 2809 (quod
2435 2741 2480 2794 si
2519 2755 2621 2794 non
2664 2742 2776 2810 ipse
2807 2742 3091 2807 confinxit,
3119 2756 3266 2800 certe
3311 2745 3584 2801 malevolis

2005 2823 2320 2895 ﬁngentibus
2356 2829 2616 2884 malevole
2649 2831 2898 2900 credidit.)
2931 2847 3088 2902 quam
3119 2833 3284 2887 multa
3313 2835 3412 2888 alia
3453 2834 3582 2889 falsa

2003 2928 2426 2988 consequenter,
2457 2936 2563 2974 non
2593 2931 2874 2992 utcumque
2899 2923 3076 2978 dicere
3095 2963 3109 2988 ,
3141 2925 3233 2979 sed
3261 2926 3422 2980 etiam
3446 2927 3581 2980 scri-

2003 3010 2136 3066 bere
2177 3012 2306 3065 mira
2339 3013 2634 3067 temeritate
2663 3028 2766 3068 non
2799 3013 3006 3068 timuit:
3039 3028 3159 3068 cum
3205 3031 3303 3091 ego
3327 3016 3582 3071 Mediola-

2003 3116 2134 3156 num
2154 3110 2278 3157 ante
2303 3102 2589 3157 Bautonem
2617 3104 2887 3158 consulem
2912 3105 3169 3172 venerim,
3197 3106 3352 3176 eique
3377 3108 3582 3163 consuli

2001 3191 2236 3249 ealendis
2255 3194 2510 3263 januariis
2539 3193 2746 3249 Iaudem
2780 3195 2831 3250 in
2877 3204 3021 3250 tanto
3050 3207 3316 3251 conventu
3353 3212 3582 3266 conspeo

1999 3293 2191 3354 ctuque
2217 3284 2509 3351 hominum,
2543 3301 2640 3355 pro
2662 3301 2777 3341 mea
2809 3297 2934 3342 tunc
2962 3288 3222 3343 rhetorica
3254 3289 3583 3358 professione

2002 3376 2352 3441 recitaverim,
2376 3387 2429 3431 et
2453 3392 2519 3431 ex
2542 3376 2626 3431 illa
2650 3379 3073 3448 peregrinatione
3089 3380 3196 3448 jam
3221 3390 3340 3450 post
3365 3380 3581 3435 Maximi

2002 3468 2207 3538 tyranni
2227 3476 2451 3524 mortem
2474 3467 2706 3524 Africam
2737 3470 3105 3539 repetiverim;
3139 3471 3454 3527 Maniebreos
3482 3487 3582 3526 au-

2002 3565 2107 3613 tem
2158 3557 2453 3614 Messianus
2495 3560 2779 3628 proconsul
2823 3561 3046 3616 audierit
3085 3569 3204 3632 post
3247 3563 3580 3617 consulatum

2001 3651 2271 3714 Bautonis,
2304 3652 2439 3706 sicut
2463 3650 2578 3705 dies
2603 3650 2885 3707 Gestorum
2912 3653 2978 3707 ab
3003 3653 3189 3707 eodem
3223 3653 3479 3707 Petiliano
3500 3654 3580 3708 in-

1999 3749 2174 3795 sertus
2211 3740 2466 3796 ostendit.
2499 3740 2628 3808 Quae
2671 3744 2713 3795 si
2742 3743 3105 3796 dubitantibus
3133 3744 3218 3796 vel
3243 3753 3428 3798 contra
3459 3759 3580 3798 cre-

2000 3830 2248 3884 dentibus
2294 3830 2315 3861 ³
2365 3830 2591 3898 probare
2642 3845 2862 3885 necesse
2903 3842 3064 3895 esset,
3121 3834 3317 3888 multos
3367 3849 3578 3902 possem

1997 3919 2182 3974 claros
2201 3919 2255 3976 in
2281 3919 2476 3974 smculo
2504 3920 2648 3974 viros
2667 3929 2830 3974 testes
2854 3921 3297 3988 locupletissimos
3323 3925 3580 3982 adhibere

1999 4009 2160 4064 totius
2188 4008 2328 4063 illius
2352 4009 2606 4078 temporis
2630 4009 2753 4063 vitae
2780 4024 2936 4064 mete.

2069 4097 2292 4154 CAPUT
2344 4097 2731 4155 XXVI—3!.
2781 4099 2883 4155 Sed
2926 4097 3048 4169 quid
3080 4101 3174 4155 ista
3213 4104 3579 4174 requirimus?

1998 4191 2122 4261 quid
2149 4200 2201 4246 et
2228 4191 2456 4260 patimur
2483 4190 2776 4261 superfluas
2807 4207 3002 4255 moras,
3031 4201 3083 4247 et
3112 4191 3378 4250 facimus?
3404 4197 3572 4253 Num.

1999 4282 2125 4353 quid
2183 4284 2305 4338 hinc
2364 4285 2627 4338 inventuri
2691 4299 2875 4338 sumus
2933 4284 3072 4340 unde
3135 4286 3204 4340 sit
3267 4288 3574 4357 accipientis

1998 4374 2254 4428 abluenda
2282 4374 2624 4438 conscientia,
2646 4375 2738 4444 qui
2768 4375 3087 4429 maculosam
3127 4375 3299 4432 dantis
3329 4377 3568 4446 ignorat;

2000 4463 2264 4534 ﬁdemque
2305 4465 2444 4518 unde
2483 4465 2772 4533 percipiat,
2801 4466 2889 4534 qui
2929 4466 3172 4520 nesciens
3222 4467 3514 4536 baptizatur
3540 4483 3570 4523 a

2000 4553 2238 4623 perﬁdo?
2277 4554 2418 4624 quod
2458 4554 2558 4608 sibi
2597 4555 2883 4610 Petilianus
2919 4571 3038 4610 cum
3082 4573 3148 4611 ex
3190 4557 3422 4626 Epistola
3454 4575 3574 4615 mea

2001 4654 2246 4714 tanquam
2287 4644 2352 4699 ad
2405 4645 2828 4714 respondendum
2877 4649 3278 4714 preposuisset,
3319 4649 3573 4720 quidquid

1999 4739 2164 4792 voluit
2204 4737 2345 4792 aliud
2377 4739 2581 4793 locutus
2610 4747 2712 4802 est,
2740 4753 2898 4816 quam
2929 4737 2980 4792 id
3015 4739 3154 4806 quod
3182 4755 3341 4794 causa
3382 4754 3575 4810 posce-

2001 4828 2107 4882 bat.
2137 4827 2354 4895 Quoties
2383 4827 2544 4890 dixit,
2574 4827 2634 4882 Si
2658 4828 2955 4898 ignorares;
2981 4829 3131 4898 quasi
3168 4843 3267 4898 ego
3309 4829 3534 4884 dixerim
3560 4873 3574 4895 ,

1999 4919 2139 4989 quod
2175 4934 2441 4988 nunquam
2470 4919 2602 4983 dixi,
2645 4919 2750 4973 mei
2796 4918 3136 4987 baptizatoris
3173 4935 3261 4974 me
3307 4920 3578 4990 ignorasse

2001 5008 2421 5064 conscientiam?
2451 5009 2519 5062 Et
2545 5009 2684 5062 aliud
2714 5007 2845 5062 nihil
2867 5009 3040 5078 egisse
3063 5009 3207 5062 visus
3235 5017 3318 5064 est
3340 5025 3435 5064 ore
3461 5025 3577 5064 ma.

2000 5099 2171 5154 ledico
2189 5139 2204 5164 ,
2235 5113 2392 5168 quam
2424 5105 2482 5152 ut
2509 5113 2594 5152 me
2617 5098 2756 5151 mala
2777 5112 2961 5153 eorum
2992 5097 3132 5167 apud
3156 5113 3290 5168 quos
3340 5098 3576 5168 baptiza-

2066 5361 2081 5391 ³
2110 5357 2247 5414 Editi,
2271 5369 2567 5419 responsum.
2593 5355 2912 5419 Emendantur
2950 5369 3013 5406 ex
3050 5358 3395 5419 manuscriptls

2065 5421 2084 5452 ¹
2108 5424 2158 5468 tn
2195 5417 2622 5480 editis'exciderat
2659 5417 2915 5479 particula,
2953 5424 3033 5480 et,
3056 5431 3168 5480 qua
3198 5417 3301 5468 huc
3326 5426 3577 5480 revocatur

2004 5495 2066 5531 ex
2091 5486 2218 5538 uss,
2240 5488 2295 5528 ut
2312 5479 2438 5542 quod
2460 5476 2786 5540 minuitur,
2808 5485 2853 5528 et
2881 5479 3027 5530 seruet
3047 5476 3093 5528 et
3121 5476 3576 5542 itermn,_referstut

2002 5543 2061 5591 ad
2100 5542 2290 5600 judices
2330 5540 2601 5602 episcOpos,
2645 5551 2695 5602 ag
2717 5541 2986 5602 quibusin
3023 5547 3228 5602 Bonane
3264 5540 3490 5602 primum,
3523 5549 3578 5589 se

2006 5598 2173 5664 postea
2192 5605 2240 5650 in
2263 5598 2528 5650 Arelatensi
2549 5598 2749 5650 concilio
2768 5598 3043 5651 Czecillanus
3067 5607 3143 5648 est
3162 5598 3425 5651 abiimus.

2077 5665 2096 5694 ⁸
2118 5662 2258 5711 aditi.
2274 5657 2716 5711 contradicentibus.

2248 5700 2258 5722 ,
2274 5675 2716 5712 υυηινααιερηιιοω.

3013 5739 3324 5816 (licitae)
