4066 6200
462 227 567 286 365

466 352 573 407 tus,
602 350 659 396 et
682 352 908 410 quorum
938 334 1312 391 communione
1340 334 1574 388 sociatus
1605 346 1741 397 sum,
1767 346 1871 385 non
1896 330 2049 399 igno-

467 446 615 486 rasse
637 471 654 497 ,
682 429 1005 484 convincere
1029 424 1301 480 videretur
1327 443 1340 480 :
1382 425 1511 479 satis
1544 423 1723 492 utique
1752 422 2053 491 intelligens

464 522 589 590 quia
630 518 922 589 ignorantia
962 530 1050 571 me
1075 532 1179 569 non
1211 514 1412 570 faceret
1444 529 1617 570 reum.
1656 513 1796 566 Ecce
1831 527 1959 581 ergo
2008 511 2052 563 si

468 617 790 683 ignorarem,
822 610 959 665 sicut
982 608 1137 663 toties
1161 608 1407 677 repetivit
1432 647 1445 670 ,
1475 605 1657 676 procul
1684 604 1845 659 dubio
1868 604 1936 657 ab
1974 604 2053 658 eis

465 704 711 759 omnibus
726 701 880 755 malis
900 701 1153 755 innocens
1168 714 1361 755 essem.
1374 698 1525 754 Unde
1535 712 1663 766 ergo
1679 696 1946 759 abluerer,
1964 695 2053 764 qui

465 792 847 849 conscientiam
892 805 999 845 non
1038 798 1221 844 sancte
1253 789 1427 843 dantis
1459 788 1709 857 ignorans
1743 786 2052 840 criminibus

464 894 580 954 ejus
624 882 868 953 impediri
919 882 1138 935 minime
1190 878 1453 949 possem?
1506 877 1658 932 Unde
1720 876 2050 944 percipercm

466 976 621 1031 fidem
647 1017 662 1043 ,
699 975 789 1045 qui
818 974 1061 1029 nesciens
1085 988 1115 1025 a
1145 971 1349 1041 perﬁdo
1378 969 1723 1039 baptizarer?
1762 968 1875 1022 Non
1905 968 2047 1021 enim

466 1068 682 1132 frustm,
708 1066 768 1121 Si
786 1067 1064 1137 ignorares,
1089 1064 1245 1118 toties
1269 1062 1532 1132 repetivit,
1559 1061 1658 1115 nisi
1686 1076 1751 1114 ne
1773 1075 1857 1113 me
1880 1059 2051 1128 putari

464 1162 664 1215 sineret
683 1160 1019 1213 innocentem
1047 1175 1059 1210 :
1092 1156 1273 1225 procul
1303 1155 1464 1211 dubio
1486 1153 1732 1223 judicans
1758 1152 1898 1223 quod
1924 1152 2055 1205 nul-

466 1251 570 1305 lius
617 1248 917 1303 innocentia
953 1248 1202 1313 violatur,
1248 1246 1295 1300 si
1338 1245 1585 1301 nesciens
1625 1244 1784 1298 ﬁdem
1830 1243 1992 1296 sumit
2020 1256 2051 1296 a

467 1340 693 1411 perﬁdo,
715 1348 769 1394 et
796 1338 1119 1393 maculosam
1142 1336 1523 1391 conscientiam
1551 1349 1656 1389 non
1673 1344 1854 1390 sancte
1878 1333 2055 1389 dantis

467 1432 694 1501 ignorat.
723 1429 871 1483 Dicat
904 1442 1033 1496 ergo
1057 1426 1198 1481 unde
1224 1426 1358 1480 tales
1388 1425 1691 1489 abluantur,
1724 1424 1862 1479 unde
1894 1423 2051 1478 ﬁdem

466 1521 796 1591 percipiant,
828 1534 936 1574 non
970 1518 1219 1572 reatum?
1240 1516 1345 1573 Sed
1385 1530 1492 1569 non
1518 1530 1611 1571 vos
1652 1515 1836 1568 fallat:
1867 1515 2048 1580 dicat;

464 1628 571 1666 non
603 1610 765 1665 multa
806 1606 1032 1664 dicendo
1058 1606 1130 1660 nil
1172 1605 1351 1670 dicat,
1377 1614 1468 1658 aut
1497 1605 1569 1658 nii
1612 1603 1839 1658 dicendo
1878 1606 2053 1673 potius

453 1700 633 1755 'multa
663 1700 823 1755 dicat.
854 1697 1077 1762 Deinde,
1111 1696 1252 1767 quod
1292 1696 1343 1750 in
1370 1706 1604 1750 mentem
1633 1695 1809 1760 venit,
1835 1704 1890 1748 et
1913 1708 2050 1763 pras-

467 1791 777 1848 tereundum
808 1804 917 1844 non
945 1797 1048 1851 est,
1072 1787 1116 1841 si
1166 1801 1266 1856 ego
1289 1796 1571 1855 propterea
1600 1800 1725 1840 reus
1755 1798 1896 1849 sum,
1927 1784 2048 1851 quia

466 1897 570 1935 non
598 1879 853 1950 ignoravi,
881 1886 937 1931 ut
955 1875 1244 1931 secundum
1272 1874 1443 1944 ipsum
1466 1872 1683 1943 loquar;
1712 1873 1832 1927 ideo
1873 1882 2050 1926 autem

467 1988 574 2026 non
616 1950 875 2041 ignoravi,
898 1968 1022 2037 quia
1050 1976 1105 2022 et
1146 1967 1275 2021 Afer
1311 1980 1450 2032 sum,
1477 1973 1532 2019 et
1568 1972 1723 2019 :etate
1765 1979 1901 2033 pene
1938 1964 2049 2033 jam

466 2077 630 2118 senex
662 2077 675 2112 :
710 2060 898 2114 saltem
922 2057 1072 2127 pueri
1115 2066 1430 2112 exterarum
1466 2063 1580 2111 toto
1616 2055 1749 2110 orbe
1788 2063 2050 2109 terrarum

465 2171 571 2211 non
608 2156 715 2210 sint
758 2154 854 2219 rei,
886 2153 974 2222 qui
1000 2166 1099 2207 nec
1129 2158 1287 2220 gente
1326 2164 1423 2204 nec
1460 2158 1618 2204 aetate
1665 2149 1763 2203 ista
1794 2156 1967 2203 vestra
2001 2150 2043 2212 ι,

461 2247 669 2316 objecta
689 2260 782 2300 seu
803 2259 925 2298 vera
948 2258 1043 2298 seu
1057 2243 1184 2296 falsa
1204 2255 1363 2296 nosse
1385 2248 1670 2310 potuerunt
1691 2257 1705 2305 ;
1726 2240 1815 2309 qui
1841 2250 2039 2305 tamen,

460 2339 507 2392 si
529 2338 582 2391 in
613 2351 707 2392 vos
729 2335 1029 2401 inciderint,
1058 2333 1173 2387 sine
1217 2332 1328 2387 ullo
1346 2341 1591 2401 respectu
1632 2332 2048 2401 rebaptizantur.

533 2427 757 2483 CAPUT
796 2425 1009 2481 XXVII.
1047 2454 1121 2464 —
1162 2423 1251 2479 52.
1294 2421 1398 2480 Sed
1424 2438 1565 2478 nunc
1590 2424 1685 2478 ista
1718 2438 1823 2478 non
1848 2424 2049 2491 quaeri—

464 2534 585 2575 mus
609 2538 623 2575 :
646 2518 773 2574 illud
797 2518 971 2587 potius
994 2515 1502 2586 respondeatiquod
1524 2530 1591 2571 ne
1614 2515 1938 2585 respondere
1958 2530 2048 2569 co-

462 2623 617 2684 gatur
643 2610 1011 2681 copiosissime
1040 2609 1303 2663 alienatur
1328 2610 1348 2639 ¹
1373 2607 1413 2677 ),
1438 2607 1580 2662 unde
1628 2608 1875 2662 abluatur
1902 2608 2048 2661 acci-

463 2703 657 2773 pientis
684 2700 1028 2766 conscientia,
1059 2699 1150 2769 qui
1190 2699 1516 2753 maculosam
1546 2698 1725 2753 dantis
1751 2698 1976 2766 ignorat,
2001 2698 2046 2752 si

463 2791 765 2848 conscientia
802 2800 972 2845 sancte
1004 2790 1174 2843 dantis
1219 2788 1516 2854 attenditur,
1561 2804 1674 2857 qua:
1713 2787 1882 2842 abluat
1912 2788 2046 2841 acci-

464 2883 677 2953 pientis;
704 2890 762 2936 et
786 2879 925 2935 unde
959 2877 1181 2949 percipit
1211 2877 1391 2945 fidem,
1420 2878 1509 2948 qui
1543 2877 1783 2932 nesciens
1812 2876 2045 2946 baptiza-

461 2981 594 3026 tura
624 2969 848 3040 perﬁdo,
892 2968 937 3023 si
971 2969 1197 3038 quisquis
1226 2968 1380 3036 ﬁdem
1406 2969 1567 3022 sciens
1592 2984 1623 3020 a
1663 2967 1859 3037 perﬁdo
1900 2983 2040 3021 sum-

461 3062 634 3131 pserit,
665 3075 769 3112 non
810 3058 963 3126 ﬁdem
1002 3058 1230 3126 percipit,
1277 3057 1365 3112 sed
1394 3067 1608 3112 reatum.
1660 3056 1882 3113 Omissis
1916 3073 2042 3128 ergo

460 3152 575 3220 ejus
603 3148 918 3213 maledictis,
952 3161 1072 3216 qua:
1117 3147 1168 3200 in
1199 3162 1284 3201 me
1317 3147 1434 3202 sine
1460 3148 1562 3201 ulla
1590 3161 1715 3202 sana
1738 3148 2043 3204 considera-

460 3241 603 3295 tione
626 3240 866 3310 jactavit,
897 3236 1073 3292 adhuc
1101 3238 1438 3293 attendamus
1480 3254 1547 3293 ne
1591 3238 1726 3295 forte
1757 3240 1858 3295 hoc
1900 3240 2040 3311 quod

459 3329 799 3402 exposcimus
837 3328 888 3382 in
917 3328 1369 3397 consequentibus
1395 3330 1553 3383 dicat.
1580 3330 1731 3384 Libet
1755 3346 1933 3386 autem
1957 3333 2040 3386 in-

462 3421 597 3475 tueri
620 3433 781 3487 quam
817 3418 1062 3487 garrulus
1091 3434 1151 3472 ea
1190 3420 1554 3487 pr0posuerit,
1601 3422 1750 3490 quasi
1792 3421 2041 3477 facillime

466 3508 820 3564 convulsurus
867 3516 923 3561 et
956 3522 1260 3561 eversurus.
1304 3508 1410 3562 Sed
1442 3509 1510 3561 ad
1548 3510 1711 3575 illud,
1744 3510 1930 3579 inquit,
1967 3513 2042 3565 tui

460 3598 827 3671 phantasmatis
855 3605 1204 3665 argumentum
1226 3637 1242 3661 ,
1285 3613 1383 3664 quo
1434 3613 1789 3668 quemcumque
1813 3598 2042 3669 baptism

458 3691 617 3745 verbis
643 3690 730 3743 tibi
757 3689 959 3758 pingere
990 3688 1122 3742 visus
1152 3705 1224 3755 es,
1264 3688 1546 3744 redeamus.
1591 3689 1872 3761 lmaginari
1909 3693 2041 3746 enim

460 3792 507 3837 te
526 3778 816 3837 verisimilia
838 3779 1025 3843 decuit,
1049 3779 1130 3845 qui
1161 3794 1259 3832 non
1282 3780 1417 3833 vides
1432 3780 1705 3835 veritatem.
1737 3781 1861 3836 [hec
1880 3783 2042 3837 verba

457 3887 552 3928 sua
584 3871 889 3943 prolocutus
927 3876 1010 3924 est
1040 3869 1348 3934 Petilianus,
1393 3872 1551 3926 verba
1582 3887 1699 3927 mea
1737 3874 2039 3943 propositu-

460 3976 573 4017 rus.
622 3958 821 4015 Deinde
871 3958 1140 4027 subjunxit
1186 3958 1391 4022 :Ecce,
1438 3961 1639 4029 inquis,
1670 3971 1768 4015 stat
1817 3964 2041 4032 perﬁdus

457 4053 825 4125 baptizaturus,
856 4060 906 4103 at
931 4051 1019 4105 ille
1044 4051 1131 4121 qui
1159 4049 1492 4119 baptizandus
1518 4063 1608 4117 est,
1640 4054 1905 4122 perﬁdiam
1930 4056 2040 4122 eius

456 4143 885 4218 ignorat(Supra,
906 4143 993 4196 lib.
1016 4144 1067 4208 l,
1086 4159 1200 4212 cap.
1218 4143 1254 4196 2
1272 4161 1324 4196 η.
1349 4145 1427 4213 5).
1448 4143 1560 4198 Νοη
1586 4153 1747 4199 totam
1767 4144 1898 4199 dixit
1920 4162 2041 4216 pro-

463 4235 783 4304 positionem
806 4232 1450 4301 atqueinterrogationcm
1470 4250 1664 4300 meam,
1694 4245 1747 4289 et
1771 4251 1893 4290 mox
1927 4239 2040 4306 ipse

461 4326 793 4392 interrogare
820 4336 908 4376 me
926 4322 1091 4389 caspit
1108 4363 1121 4383 ,
1152 4321 1340 4376 dicens
1363 4344 1376 4377 :
1406 4324 1532 4388 Quis
1552 4336 1623 4379 est
1648 4327 1759 4392 iste,
1796 4337 1887 4381 aut
1906 4329 2039 4383 unde

456 4415 688 4489 prosiluit
702 4429 847 4484 quem
863 4412 1128 4481 proponis?
1140 4412 1242 4466 Cur
1257 4414 1345 4467 tibi
1355 4416 1534 4469 uideris
1551 4417 1714 4471 videre
1729 4435 1871 4486 quem
1883 4420 2041 4473 simn-

455 4505 557 4569 las,
588 4519 652 4558 ne
677 4502 846 4557 videas
880 4517 995 4555 eum
1034 4518 1179 4571 quem
1209 4504 1374 4557 videre
1403 4522 1463 4557 ac
1491 4506 1734 4561 discutere
1760 4509 2041 4578 diligentis-

453 4599 581 4652 sime
607 4594 788 4650 debeas
821 4601 865 4646 et
915 4592 1168 4662 probare?
1197 4593 1301 4648 Sed
1325 4598 1442 4665 quia
1476 4598 1704 4667 intelligo
1732 4609 1781 4652 te
1806 4600 2040 4671 ignorare

453 4688 681 4742 ordinem
725 4683 1069 4750 Sacramenti,
1105 4684 1198 4739 hoc
1225 4686 1311 4738 tibi
1337 4686 1547 4741 breviter
1576 4688 1688 4742 dico
1715 4707 1733 4742 :
1761 4700 1806 4743 et
1847 4703 1899 4743 tu
1951 4693 2040 4745 ba-

454 4779 662 4851 ptistam
707 4775 987 4841 discutere,
1026 4785 1073 4829 et
1126 4776 1189 4829 ab
1223 4792 1280 4830 eo
1320 4777 1504 4831 discuti
1532 4778 1759 4833 debuisti.
1792 4780 1927 4848 Quid
1953 4791 2038 4837 est

451 4867 595 4937 quod
641 4866 1117 4938 exspectabamus?
1161 4867 1230 4923 Ut
1253 4868 1473 4936 diceret,
1518 4870 1657 4926 unde
1684 4872 1926 4928 abluatur
1950 4889 2039 4929 ae-

450 4961 700 5031 cipieutis
729 4960 1079 5026 conscientia,
1109 4960 1197 5028 qui
1228 4961 1549 5015 maculosam
1579 4977 1683 5017 non
1712 4975 1892 5020 sancte
1907 4967 2037 5020 dan-

452 5056 521 5109 tis
549 5056 775 5125 iguorat,
800 5062 857 5109 et
886 5052 1029 5107 unde
1062 5051 1243 5116 ﬁdem,
1275 5068 1383 5105 non
1412 5063 1615 5108 reatum
1642 5056 1918 5125 percipiat,
1945 5058 2037 5127 qui

453 5146 781 5215 Baptismum
813 5146 1065 5199 nesciens
1092 5158 1119 5195 a
1148 5142 1348 5211 perﬁdo
1389 5146 1696 5213 sumpserit.
1722 5146 1858 5201 Ecce
1882 5149 2035 5201 audi-

452 5239 626 5293 vimus
654 5238 942 5307 baptistam
972 5236 1171 5291 debere
1200 5233 1608 5305 diligentissime
1651 5238 1840 5293 discuti
1874 5240 1942 5294 ab
1972 5254 2037 5295 eo

516 5386 535 5418 ⁸
559 5392 634 5435 Er.
660 5393 714 5435 et
734 5393 864 5443 tov.,
888 5390 1064 5433 nostra.
1091 5382 1261 5433 Melius
1281 5392 1377 5434 Am.
1406 5394 1458 5435 et
1472 5393 1597 5445 Mss,
1625 5394 1795 5438 vestra.

515 5447 536 5477 ³
561 5454 631 5495 Er.
660 5456 712 5496 et
735 5455 839 5495 Iov.
864 5447 1237 5506 substitucrunt,
1256 5446 1531 5496 altercatur.
1552 5450 1642 5497 sed
1667 5457 1770 5498 Mss.
1798 5464 1906 5499 cum
1930 5451 2035 5500 edi-

454 5507 587 5555 tione
613 5519 706 5557 Αιη.
744 5510 939 5565 habent,
964 5507 1230 5567 alienatur;
1254 5508 1472 5575 idﬁesthln
1494 5509 1651 5558 aliena
1676 5520 1874 5575 vagatur
1898 5521 2037 5575 extra

456 5578 646 5616 musam
672 5585 682 5616 :
709 5583 807 5631 quo
830 5582 976 5617 sensu
1000 5582 1169 5631 supra,
1196 5583 1244 5618 n.
1271 5568 1356 5626 18,
1375 5570 1490 5618 dicit.
1514 5584 1525 5618 :
1554 5588 1577 5616 ι
1599 5568 1845 5621 Neminem
1867 5572 2035 5623 relicta

460 5644 483 5672 ι
508 5640 649 5677 causa
671 5630 942 5680 conviciose
965 5630 1164 5680 δίωσιπί
1190 5632 1473 5692 permittite.
1498 5646 1521 5675 ι

1349 219 1615 279 comm
1658 194 1993 274 LITTERAS
2038 218 2397 286 PETlLtANI,
2439 219 2494 275 s.
2540 217 2911 276 AUGUSTINI

3635 223 3739 281 3M

2163 332 2252 402 qui
2294 332 2403 386 vult
2454 331 2611 387 ﬁdem
2644 334 2919 402 percipere
2943 375 2956 398 ,
3007 347 3113 387 non
3146 342 3375 399 reatum,
3423 344 3479 389 ut
3508 336 3742 392 inveniat

2160 424 2541 478 conscientiam
2577 432 2761 477 sancte
2787 424 2991 487 dantis,
3035 440 3152 495 qua:
3199 426 3379 480 abluat
3410 429 3743 497 accipientis.

2160 512 2293 567 Nam
2323 514 2413 582 qui
2442 528 2545 568 non
2572 513 2880 569 discesserit
2905 555 2921 579 ,
2952 524 3005 569 et
3030 516 3273 570 nesciens
3303 532 3332 570 a
3362 517 3569 588 perﬁdo
3593 535 3748 574 acet--

2160 604 2331 673 perit,
2366 619 2430 657 eo
2482 605 2597 673 ipso
2644 604 2783 674 quod
2830 620 2934 658 non
2979 605 3267 671 discussit,
3312 608 3746 679 maculosamque

2161 694 2338 747 dantis
2365 695 2628 763 ignoravit
2668 696 3069 761 conscientiam,
3125 712 3229 751 non
3274 696 3370 751 fuit
3414 698 3555 754 unde
3587 700 3745 755 fidem

2160 787 2494 855 perciperet,
2526 802 2632 840 non
2682 796 2887 841 reatum
2920 788 2955 840 ί.
2983 787 3118 855 Quid
3168 804 3295 858 ergo
3337 790 3572 857 adjuvit,
3602 794 3744 860 qttml

2160 894 2258 949 pro
2286 894 2476 949 magno
2503 879 2723 941 addidit,
2752 880 2913 933 sciens
2937 921 2951 944 ,
3002 880 3142 949 quod
3174 896 3257 934 me
3283 883 3615 937 subtraxisse
3652 900 3745 937 ca-

2162 969 2448 1024 lumniatus
2471 970 2600 1025 est?
2629 970 2761 1023 Cum
2793 971 2934 1025 enim
2964 972 3135 1024 noluit
3156 972 3222 1025 ita
3246 972 3369 1035 dici,
3406 972 3507 1036 Qui
3533 974 3685 1040 ﬁdem
3719 993 3746 1023 η

2162 1060 2355 1127 perﬁdo
2383 1062 2667 1130 sumpserit,
2699 1078 2798 1114 non
2843 1061 2994 1127 ﬁdem
3028 1062 3257 1131 percipit,
3294 1062 3383 1115 sed
3422 1074 3640 1128 reatum;
3670 1068 3740 1116 vi-

2159 1150 2315 1203 detur
2344 1150 2573 1219 aliquam
2616 1166 2764 1220 spem
2808 1151 3088 1219 reliquisse
3126 1154 3405 1207 nescienti.
3438 1154 3587 1210 Nunc
3616 1174 3745 1210 vero

2160 1253 2280 1295 cum
2312 1240 2687 1309 interrogatur,
2716 1242 2855 1296 unde
2881 1243 3140 1311 percipiat
3164 1242 3341 1307 fidem,
3376 1245 3464 1313 qui
3499 1247 3745 1300 nesciens

2159 1331 2457 1399 baptizatur
2482 1347 2509 1383 a
2541 1331 2777 1401 perﬁdo;
2836 1334 3113 1402 respondit
3157 1350 3279 1391 eum
3337 1336 3604 1392 discutere
3644 1339 3742 1393 de-

2161 1422 2340 1476 buisse
2387 1422 2670 1491 baptistam
2712 1441 2724 1476 :
2757 1424 2936 1490 procul
2964 1424 3125 1478 dubio
3158 1428 3413 1480 miserum
3449 1443 3547 1481 ncc
3592 1429 3744 1499 igno.

2162 1528 2283 1567 rare
2322 1513 2616 1581 permittit,
2670 1528 2772 1566 non
2824 1515 3139 1569 inveniendo
3186 1518 3325 1572 unde
3371 1519 3526 1573 [idem
3575 1524 3741 1589 possit

2159 1604 2419 1673 accipere,
2447 1606 2547 1659 nisi
2579 1620 2727 1674 spem
2770 1620 2921 1659 suam
2945 1607 2996 1659 in
3043 1606 3257 1663 homine
3303 1609 3606 1679 baptizantc
3650 1630 3740 1681 p0-

2159 1695 2343 1748 suerit.

2228 1782 2453 1839 CAPUT
2483 1783 2717 1839 XXVIII.
2748 1816 2819 1825 —
2848 1787 2935 1841 53.
2971 1785 3081 1840 [Ioc
3117 1796 3195 1841 est
3222 1788 3359 1855 quod
3390 1789 3739 1846 exhorremns

2158 1873 2211 1926 in
2238 1874 2386 1928 vobis
2408 1915 2421 1935 ,
2451 1874 2553 1928 hoc
2594 1884 2672 1929 est
2702 1876 2841 1945 quod
2870 1876 3083 1930 damnat
3111 1876 3285 1931 divina
3313 1881 3574 1933 sententia
3598 1923 3611 1944 ,
3647 1897 3737 1935 ve-

2156 1965 2428 2020 raeissime
2456 1981 2517 2020 ac
2548 1968 2975 2023 manifestissime
2998 1969 3234 2023 clamans
3258 1988 3270 2022 :
3299 1970 3596 2025 Maledictus
3625 1989 3736 2024 om-

2156 2056 2233 2110 nis
2259 2057 2344 2125 qui
2366 2073 2507 2124 spem
2547 2074 2688 2110 suam
2718 2058 2857 2127 ponit
2886 2059 2937 2112 in
2982 2058 3184 2113 homine
3209 2059 3421 2130 (Jerem.
3471 2077 3583 2115 xvn
3605 2103 3620 2127 ,
3656 2063 3735 2131 5).

2158 2147 2269 2201 Hoc
2295 2155 2375 2202 est
2398 2148 2536 2217 quod
2559 2149 2893 2217 apertissime
2918 2152 3159 2219 prohibet
3186 2162 3367 2205 sancta
3395 2153 3663 2207 humilitas
3684 2167 3737 2209 et

2154 2236 2388 2291 charitas
2415 2238 2701 2307 apostolica
2724 2280 2738 2304 ,
2770 2238 3033 2294 clamante
3060 2241 3224 2296 Paulo
3259 2260 3271 2296 :
3310 2241 3469 2295 Nemo
3498 2246 3737 2314 glorietur

2153 2328 2206 2381 in
2234 2328 2433 2381 homine
2461 2328 2505 2396 (l
2535 2327 2653 2383 Cor.
2682 2344 2773 2395 Ill,
2802 2329 2920 2400 2|).
2967 2330 3077 2385 Hoc
3104 2340 3187 2386 est
3212 2332 3353 2401 quod
3396 2334 3446 2386 in
3493 2349 3587 2387 nos
3616 2334 3733 2388 ina-

2155 2422 2298 2473 nium
2315 2420 2695 2475 calumniarum
2727 2429 2781 2475 et
2799 2422 3183 2477 acerrimorum
3210 2422 3607 2479 maledictorum
3627 2442 3737 2481 crc-

2153 2509 2349 2564 brcscit
2378 2510 2602 2578 impetus
2623 2552 2637 2576 ,
2672 2520 2727 2564 ut
2755 2513 2907 2581 quasi
2950 2528 3140 2568 everso
3186 2513 3399 2569 homine
3427 2516 3563 2569 nulla
3609 2533 3735 2585 spes

2152 2608 2423 2653 remaneat
2452 2613 2655 2664 eorum,
2674 2600 2865 2669 quibus
2889 2601 3107 2655 verbum
3142 2602 3233 2657 Dei
3265 2613 3317 2657 et
3346 2617 3734 2659 sacramentum

2152 2705 2248 2758 pro
2265 2690 2661 2759 dispensatione
2687 2691 2839 2746 nobis
2864 2691 3061 2746 credita
3094 2693 3477 2749 ministramus.
3501 2696 3737 2765 Respon-

2150 2780 2337 2836 demus
2359 2782 2437 2836 eis
2462 2801 2475 2838 :
2497 2782 2781 2853 Quousque
2808 2786 3073 2853 apponitis
3102 2802 3262 2856 super
3291 2788 3587 2841 hominem?
3633 2790 3735 2843 Re-

2153 2872 2381 2942 spondet
2406 2873 2483 2927 eis
2512 2872 2771 2928 catholica
2802 2876 3103 2931 veneranda
3144 2879 3400 2932 societas:
3421 2877 3600 2931 Nonne
3621 2878 3733 2931 Deo

2147 2962 2438 3032 subjicietur
2475 2964 2646 3016 anima
2674 2964 2827 3017 mea?
2867 2966 2930 3019 ab
2976 2969 3089 3036 ipso
3118 2969 3250 3021 enim
3292 2970 3511 3027 salutare
3538 2986 3730 3022 meum.

2148 3052 2349 3107 Etenim
2379 3054 2486 3123 ipse
2521 3062 2591 3107 est
2620 3053 2755 3108 Deus
2781 3072 2950 3122 meus,
2984 3068 3244 3126 susceptor
3269 3075 3445 3121 uicus;
3472 3075 3569 3112 non
3606 3060 3735 3112 emi-

2146 3145 2301 3217 grabo
2323 3144 2492 3215 (Psal.
2523 3161 2606 3199 th
2628 3187 2642 3211 ,
2671 3144 2707 3198 2
2727 3186 2741 3211 ,
2770 3146 2845 3215 5η).
2878 3145 3010 3201 Nam
3033 3162 3151 3217 quae
3176 3149 3275 3201 alia
3302 3165 3459 3203 causa
3490 3149 3584 3203 fuit
3611 3150 3734 3204 istis

2146 3234 2440 3305 emigrandi
2468 3234 2534 3290 de
2562 3234 2724 3289 domo
2754 3236 2879 3301 Dei,
2929 3238 3028 3293 nisi
3056 3240 3177 3308 quia
3206 3254 3325 3292 vasa
3353 3239 3488 3293 facta
3520 3241 3569 3294 in
3594 3256 3729 3294 con-

2148 3325 2415 3379 tumeliam
2435 3366 2448 3389 ,
2478 3326 2593 3381 sine
2621 3326 2812 3395 quibus
2842 3327 2932 3381 illa
2959 3344 3125 3398 usque
3151 3328 3217 3383 ad
3246 3329 3385 3384 diem
3408 3330 3591 3400 judicii
3622 3347 3732 3384 non

2144 3417 2277 3477 erit.
2312 3416 2576 3469 finxerunt
2603 3429 2662 3470 se
2707 3415 2846 3472 ferre
2876 3433 2980 3472 non
3012 3433 3201 3487 posse;
3245 3435 3363 3473 cum
3409 3429 3581 3475 tamen
3630 3420 3737 3475 hoc

2144 3508 2314 3577 magis
2344 3506 2440 3575 ipsi
2471 3505 2631 3560 fuisse
2651 3547 2663 3570 ,
2704 3516 2759 3561 et
2781 3508 2897 3562 aliis
2924 3509 3249 3563 calumniose
3303 3510 3567 3577 ohjecissc
3588 3553 3601 3573 ,
3635 3528 3735 3581 ge-

2145 3596 2240 3651 stis
2266 3606 2425 3665 atque
2445 3596 2759 3667 conscriptis
2787 3606 2909 3653 tunc
2934 3598 3093 3652 rebus
3120 3607 3409 3667 appareant
3430 3601 3475 3651 ἐ
3508 3599 3576 3653 de
3606 3604 3735 3668 qui—

2145 3688 2245 3743 bus
2289 3689 2341 3742 in
2383 3689 2754 3743 contumeliam
2782 3688 2965 3756 factis,
2997 3704 3063 3744 ne
3093 3700 3309 3759 propter
3351 3690 3437 3744 illa
3468 3691 3535 3745 dc
3562 3691 3739 3746 domo

2145 3796 2333 3850 magna
2354 3780 2408 3845 ³,
2440 3796 2557 3851 qute
2588 3796 2780 3851 magno
2824 3780 3185 3851 patrifamilias
3215 3798 3317 3837 una
3348 3792 3461 3846 cst,
3510 3795 3734 3853 pertur-

2145 3872 2300 3927 batus
2338 3874 2591 3943 emigret,
2625 3874 2755 3929 dicit
2784 3875 2875 3928 Dei
2920 3888 3103 3928 servus
3123 3914 3138 3941 ,
3169 3883 3223 3929 et
3254 3874 3420 3930 bonus
3451 3872 3621 3930 ﬁdelis
3647 3878 3735 3930 vel

2145 3963 2302 4018 ﬁdem
2330 3964 2381 4017 in
2411 3964 2678 4033 Baptismo
2704 3972 3067 4033 percepturus.
3087 3964 3227 4034 quod
3253 3966 3410 4035 paulo
3437 3975 3557 4020 ante
3581 3983 3735 4020 com-

2144 4054 2434 4108 memoravi
2461 4072 2472 4108 :
2500 4052 2685 4108 Nonne
2704 4054 2809 4108 Deo
2834 4056 3124 4125 subjicielur
3151 4057 3321 4109 anima
3343 4057 3489 4110 mea?
3508 4056 3611 4110 Deo
3637 4060 3738 4111 uti-

2143 4161 2267 4215 que,
2293 4160 2398 4199 non
2426 4145 2647 4200 homini.
2678 4146 2753 4199 Ab
2779 4148 2888 4217 ipso
2913 4149 3047 4201 enim
3076 4149 3299 4201 salutare
3324 4166 3503 4211 nteant,
3532 4164 3637 4202 non
3666 4152 3735 4202 ah

2145 4236 2379 4291 homine.
2398 4238 2503 4292 lste
2528 4247 2702 4292 autem
2722 4254 2825 4291 non
2854 4240 3043 4292 saltem
3075 4248 3199 4294 tunc
3226 4241 3334 4295 Deo
3350 4241 3733 4295 daretablueu-

2144 4327 2267 4381 dum
2285 4328 2751 4396 mundandumque
2776 4327 3066 4394 hominem,
3086 4331 3298 4399 quando
3317 4332 3580 4384 maculosa
3606 4347 3734 4386 cou-

2144 4420 2362 4474 scientia
2396 4435 2497 4473 non
2541 4427 2723 4473 sancte
2746 4419 2919 4473 dantis
2946 4421 3149 4474 occulta
3174 4431 3289 4487 est,
3337 4432 3390 4477 et
3431 4424 3583 4475 fidem
3631 4440 3733 4477 nc-

2144 4513 2320 4566 sciens
2346 4511 2583 4581 quisquis
2611 4510 2773 4564 sumit
2801 4525 2829 4563 a
2862 4510 3083 4580 perﬁdo.
3118 4510 3249 4577 Hoc,
3284 4512 3471 4581 inquit,
3502 4513 3587 4565 tibi
3611 4514 3731 4567 bro-

2144 4602 2268 4654 viter
2294 4602 2406 4653 dico
2426 4642 2440 4666 ,
2488 4610 2535 4653 et
2578 4609 2631 4653 tu
2662 4602 2929 4671 baptistam
2955 4602 3235 4667 discutere,
3274 4613 3320 4657 et
3357 4604 3423 4658 ab
3449 4620 3504 4658 eo
3548 4605 3736 4657 discuti

2144 4690 2375 4743 debuisti.

2214 4779 2439 4836 CAPUT
2468 4780 2657 4835 XXIX.
2675 4782 2847 4837 —3l.
2866 4780 3100 4837 Obsecro
3124 4797 3241 4848 vos,
3262 4783 3367 4839 huc
3390 4785 3653 4839 advertite
3674 4795 3695 4826 δ
3723 4802 3735 4838 :

2144 4886 2242 4941 ego
2264 4886 2445 4941 quacro
2471 4872 2610 4927 unde
2636 4872 2880 4927 abluatur
2906 4872 3212 4941 accipientis
3236 4875 3581 4940 conscientia,
3605 4891 3736 4930 cum

2144 4962 2470 5016 maculosam
2498 4976 2601 5016 non
2630 4972 2813 5017 sancte
2837 4962 3011 5016 dantis
3055 4962 3261 5031 ignorat
3282 5006 3297 5031 ,
3327 4967 3371 5019 si
3399 4967 3733 5021 conscientia

2144 5062 2327 5108 sancte
2368 5053 2543 5107 dantis
2572 5054 2895 5120 attenditur,
2930 5070 3047 5124 qum
3078 5054 3257 5108 abluat
3302 5057 3645 5125 accipientis;
3681 5070 3739 5111 et

2144 5144 2284 5199 unde
2308 5144 2531 5213 accipiat
2569 5143 2726 5199 fidem
2748 5186 2763 5211 ,
2793 5145 2881 5215 qui
2911 5145 3154 5200 nesciens
3184 5161 3212 5197 a
3244 5147 3446 5213 perfido
3488 5147 3736 5215 baptiza-

2146 5246 2249 5303 tur,
2273 5237 2317 5291 si
2342 5237 2582 5307 quisquis
2610 5237 2769 5292 ﬁdem
2794 5236 2969 5291 sciens
2995 5252 3025 5291 a
3058 5236 3262 5307 perﬁdo
3291 5238 3598 5308 sumpserit,
3621 5254 3734 5293 non

2208 5392 2223 5422 ι
2249 5391 2321 5440 sic
2342 5397 2446 5441 Mss.
2475 5398 2528 5441 Αῑ
2552 5390 2688 5449 editi,
2711 5389 2796 5441 sed
2820 5368 3019 5441 reatum.

2206 5454 2225 5483 ²
2250 5458 2320 5500 Er.
2359 5460 2411 5501 et
2441 5459 2569 5512 bov.,
2602 5459 2849 5515 appareat.
2878 5452 3164 5503 Concinnius
3195 5459 3293 5501 Am.
3335 5460 3387 5503 et.
3423 5461 3552 5513 uss,
3574 5466 3735 5516 appa-

2143 5519 2680 5646 Υεῗιῖιὲεκςιιξίάμαηο
2698 5574 2808 5646 Ριξ-
2836 5575 3014 5646 abeas
3027 5573 3184 5646 ,α
3205 5578 3557 5646 “animum

2209 5635 2231 5665 δ
2274 5634 2405 5697 Apud
2429 5641 2502 5683 Er.
2528 5635 2672 5698 Lugd.
2698 5642 2817 5686 ven.
2843 5642 2973 5696 l.ov.,
2996 5634 3075 5687 hic
3092 5636 3338 5688 advertite.
3399 5634 3454 5687 ως
