4024 6196
251 351 355 412 365

258 471 413 526 ﬁdem
445 464 705 536 percipit.
752 461 844 515 Sed
877 463 1078 514 reatum
1115 474 1126 508 :
1161 466 1213 510 ct
1260 454 1348 509 ille
1393 452 1520 508 mibi
1554 453 1839 522 respondet

258 555 645 614 discutiendum
691 567 810 604 esse
838 559 892 603 et
936 548 1315 617 baptizatorem
1347 553 1400 598 et
1440 542 1838 612 baptizandum.

261 652 324 704 Et
350 647 417 701 ad
443 647 541 698 hoc
564 641 892 713 probandum
916 680 930 702 ,
963 637 1102 692 unde
1126 635 1350 705 quarstio
1375 633 1520 687 nulla
1549 640 1629 686 est
1648 671 1662 696 ,
1695 630 1841 684 aditis

263 739 350 793 bet
378 735 681 804 exemplum
707 731 925 786 Joannis
947 769 961 790 ,
1002 725 1143 796 quod
1188 740 1308 779 eum
1337 717 1720 787 discusserint,
1757 719 1848 789 qui

263 827 330 880 ab
356 840 421 880 eo
450 824 775 893 quaesierunt
803 834 959 888 quem
990 832 1048 871 se
1076 829 1195 870 esse
1221 813 1421 868 diceret
1449 809 1624 881 (Joan.
1654 819 1692 876 ι,
1715 809 1845 879 22);

263 914 402 986 quod
432 913 547 983 ipse
576 925 784 981 quoque
807 907 1117 963 discusserit
1151 918 1244 958 eos
1267 903 1460 972 quibus
1483 902 1591 966 ait,
1625 898 1848 953 Genera-

267 1007 335 1058 tio
363 1004 649 1072 viperarum
668 1042 682 1064 ,
715 1000 824 1066 quis
865 996 1000 1050 vobis
1024 993 1236 1048 ostendit
1263 993 1436 1062 fugere
1455 991 1520 1043 ab
1545 990 1622 1042 ira
1644 999 1852 1042 ventura

266 1092 478 1162 (Matth.
525 1107 616 1155 ιιι,
647 1089 744 1158 7)?
773 1087 908 1154 Quid
941 1086 1040 1139 hoc
1064 1083 1129 1137 ad
1155 1083 1308 1137 rem?
1333 1081 1459 1150 quid
1487 1079 1586 1134 hoc
1616 1078 1681 1132 ad
1723 1093 1842 1132 cau-

267 1183 422 1238 sam?
449 1183 591 1236 Deus
615 1179 804 1234 Joanni
835 1175 1174 1246 perhibuerat
1197 1172 1556 1227 testimonium
1582 1169 1853 1223 excellen-

269 1277 490 1331 tissimze
534 1271 830 1328 sanctitatis
875 1266 1148 1338 prophetia
1192 1263 1600 1334 prteclarissima
1647 1275 1852 1330 praece-

268 1370 450 1432 dente,
471 1378 526 1422 et
549 1364 762 1436 quando
778 1368 1086 1430 conceptus,
1106 1368 1158 1413 et
1184 1355 1394 1425 quando
1413 1362 1565 1407 natus
1591 1361 1690 1408 est.
1709 1352 1858 1419 Qum-

271 1460 462 1515 rebant
485 1465 662 1510 autem
695 1454 768 1508 illi
791 1453 898 1522 jam
925 1449 1205 1506 credentes
1233 1461 1353 1501 esse
1380 1453 1644 1508 sanctum,
1672 1456 1829 1510 quem

273 1567 393 1606 nam
420 1565 481 1605 sc
503 1548 707 1602 diceret
748 1559 867 1600 esse
891 1549 1196 1597 sanctorum
1217 1578 1232 1602 ,
1260 1535 1345 1590 vel
1377 1544 1552 1589 utrum
1579 1534 1692 1602 ipse
1716 1539 1859 1586 esset

272 1649 489 1696 sanctus
505 1647 806 1693 sanctorum
824 1632 964 1703 quod
982 1641 1063 1686 est
1079 1629 1324 1684 Christus
1339 1625 1514 1681 Jesus.
1533 1624 1697 1678 Tanta
1714 1621 1868 1692 quip--

275 1749 343 1804 pe
366 1733 535 1803 gratia
556 1733 571 1763 ¹
595 1730 669 1784 illi
694 1727 1010 1788 habebatur,
1025 1734 1082 1777 ut
1106 1720 1360 1776 continuo
1387 1717 1695 1772 crederetur
1708 1713 1860 1784 quid-

275 1825 402 1896 quid
428 1823 497 1877 de
520 1837 578 1876 se
605 1821 718 1889 ipse
746 1817 988 1873 dixisset.
1015 1813 1071 1869 Si
1112 1821 1288 1866 autem
1315 1809 1416 1863 hoc
1443 1806 1686 1875 exemplo
1710 1819 1860 1859 asse-

276 1893 412 1968 ritur
437 1912 659 1982 quilibet
687 1923 827 1962 nunc
852 1901 1214 1960 discutiendus
1237 1914 1356 1954 esse
1398 1897 1624 1966 baptista
1649 1937 1662 1959 ,
1709 1893 1863 1963 quid-

275 2003 403 2073 quid
427 2002 496 2057 de
521 2016 580 2056 se
605 1999 831 2070 quisque
871 1994 1099 2058 dixerit,
1129 1988 1426 2045 credendus
1453 1987 1579 2040 erit.
1609 1984 1740 2051 Quis
1780 1990 1863 2037 est

277 2104 453 2149 autem
484 2093 638 2148 ﬁctus
656 2133 671 2156 ,
699 2102 856 2159 quem
892 2085 1023 2155 fugit
1051 2083 1267 2151 utique,
1297 2078 1434 2133 sicut
1459 2075 1713 2144 scriptum
1739 2082 1820 2127 est
1843 2113 1858 2137 ,

278 2186 508 2256 Spiritus
527 2192 741 2239 sanctus
757 2179 910 2250 (Sap.
937 2193 974 2240 ι,
992 2175 1068 2243 5),
1090 2173 1216 2242 quin
1233 2171 1300 2226 de
1319 2186 1378 2224 se
1393 2168 1592 2238 optime
1612 2165 1754 2220 credi
1772 2179 1862 2218 ve-

281 2279 359 2343 lit,
377 2285 533 2345 atque
553 2274 606 2328 id
630 2280 750 2342 agat
773 2269 964 2340 quibus
983 2265 1159 2320 verbis
1186 2259 1447 2334 potuerit?
1464 2258 1580 2312 lam
1598 2271 1726 2325 ergo
1741 2269 1862 2308 cum

282 2367 439 2423 fuerit
467 2369 823 2434 interrogatus
847 2360 1087 2430 quisnam
1113 2356 1202 2418 sit,
1225 2361 1280 2407 et
1305 2347 1641 2419 responderit
1664 2361 1724 2400 se
1744 2359 1884 2400 esse.

283 2459 377 2514 Dei
419 2457 631 2512 ﬁdelem
656 2433 1077 2522 dispensatorem
1097 2487 1113 2510 ,
1146 2457 1246 2498 nec
1287 2439 1597 2509 cujusquam
1628 2433 1866 2489 criminis

277 2557 488 2611 macula
526 2552 780 2622 pollutam
819 2547 1018 2600 habere
1040 2538 1458 2597 conscientiam;
1489 2533 1604 2586 haec
1631 2529 1733 2584 erit
1758 2538 1867 2583 tota

273 2618 548 2702 discussio
567 2682 582 2707 ,
610 2656 676 2694 an
701 2637 860 2693 etiam
887 2647 1062 2688 mores
1086 2631 1205 2698 ejus
1243 2635 1297 2681 et
1322 2626 1429 2678 vita
1452 2620 1756 2691 diligentius
1784 2618 1868 2671 in-

278 2736 478 2794 tuenda
518 2733 638 2789 est?
663 2731 738 2784 Ita
764 2743 894 2784 sane
925 2743 939 2778 :
973 2723 1068 2780 sed
1095 2735 1198 2776 non
1231 2719 1332 2771 hoc
1353 2718 1374 2748 ³
1405 2714 1659 2782 scriptum
1685 2718 1768 2765 est
1795 2707 1872 2763 fe-

283 2831 420 2886 cisse
449 2827 588 2886 illos.
608 2823 696 2892 qui
713 2820 973 2876 Joannem
1001 2815 1052 2868 in
1079 2812 1292 2867 deserto
1310 2804 1558 2862 lordanis
1581 2803 1869 2870 interroga-

288 2926 476 2974 verunt
502 2914 624 2984 quis
647 2919 807 2966 esset.

353 2981 579 3063 CAPUT
618 2999 788 3057 xxx.
809 3027 880 3037 -
899 2996 988 3052 35.
1020 2992 1172 3050 Unde
1193 2990 1294 3044 hoc
1323 2985 1621 3054 exemplum
1650 2981 1714 3036 ad
1742 2995 1851 3035 rem

289 3102 355 3157 de
383 3116 482 3170 qua
513 3095 684 3168 agitur
711 3091 930 3147 omnino
969 3102 1075 3140 non
1103 3082 1350 3153 pertinet.
1386 3077 1550 3147 Magis
1576 3072 1866 3143 apostolica

292 3195 380 3249 illa
401 3163 664 3246 sententia
693 3185 825 3241 satis
847 3182 984 3236 hanc
1010 3177 1198 3233 incutit
1225 3186 1441 3235 curam;
1469 3167 1561 3223 ubi
1590 3167 1665 3220 ait
1696 3182 1708 3217 :
1737 3163 1868 3216 Pro-

290 3286 463 3338 bentur
483 3281 721 3352 primum,
742 3284 786 3329 et
807 3275 877 3328 sic
903 3271 1184 3324 ministrent
1205 3264 1402 3318 nullum
1426 3260 1614 3314 crimen
1640 3255 1872 3309 habentes

290 3375 331 3447 (I
359 3374 492 3429 Tim.
524 3387 602 3435 ut,
626 3368 732 3439 I0).
764 3363 914 3434 Quod
943 3376 1063 3416 cum
1091 3357 1315 3413 sollicite
1337 3369 1397 3407 ac
1444 3352 1510 3406 de
1540 3363 1690 3404 more
1727 3357 1874 3401 utro-

290 3437 446 3535 bique
477 3476 610 3532 pene
635 3437 702 3513 ab
732 3455 977 3511 omnibus
1008 3452 1131 3511 ﬁat;
1175 3446 1318 3501 unde
1345 3454 1450 3499 tam
1483 3441 1635 3495 multi
1662 3437 1872 3508 reprobi

292 3531 412 3626 post
435 3531 645 3620 tempus
689 3556 852 3618 gesta:
880 3538 1294 3612 dispensationis
1321 3535 1478 3604 hujus
1502 3531 1703 3586 inventi
1728 3537 1870 3594 sunt,

292 3622 392 3700 nisi
417 3645 537 3715 quia
568 3650 621 3698 et
664 3640 892 3694 humana
931 3630 1207 3705 diligentia
1233 3628 1542 3698 plerumque
1574 3622 1788 3682 fallitur,
1816 3628 1872 3672 et

294 3733 534 3789 nonnulli
595 3730 823 3799 primum
872 3723 997 3778 boni
1055 3722 1107 3774 in
1162 3717 1395 3771 deterius
1437 3706 1874 3767 commutantur?

292 3825 423 3893 Quae
462 3798 718 3878 cumtum
762 3814 951 3870 crebro
1000 3808 1262 3871 accidant,
1318 3814 1376 3858 ut
1422 3798 1756 3856 dissimulare
1789 3805 1879 3848 aut

293 3913 535 3971 oblivisci
563 3909 826 3964 neminem
847 3905 1023 3958 sinant
1046 3917 1062 3966 ;
1089 3896 1212 3968 quid
1229 3903 1311 3950 est
1337 3891 1475 3962 quod
1497 3886 1880 3943 contumeliose

296 4021 396 4061 nos
420 4001 652 4058 breviter
673 3997 832 4052 docet
853 3991 1163 4049 Petilianus,
1191 4000 1222 4039 a
1247 3978 1564 4052 baptizando
1589 3975 1882 4031 discutien-

295 4095 424 4148 dum
471 4105 590 4146 esse
618 4086 938 4158 baptistam,
997 4077 1244 4149 quoniam
1289 4069 1579 4142 quaerimus
1625 4064 1763 4119 unde
1813 4063 1883 4116 sit

297 4183 607 4256 accipientis
676 4155 937 4232 abluenda
1004 4165 1328 4226 conscientia
1353 4203 1368 4228 ,
1429 4175 1550 4215 cum
1614 4155 1884 4238 maculosa~

299 4249 617 4333 non-sancte
662 4269 836 4324 dantis
880 4262 1086 4320 occulta
1125 4267 1225 4321 est,
1253 4255 1298 4310 si
1328 4249 1651 4308 conscientia
1697 4251 1882 4301 sancte

301 4371 475 4426 dantis
530 4364 847 4428 attenditur,
912 4372 1031 4428 quae
1095 4353 1275 4408 abluat
1338 4340 1685 4414 accipientis?
1749 4339 1885 4405 Quia

303 4462 524 4530 intelligo
579 4468 663 4523 te,
709 4454 911 4523 inquit,
959 4450 1196 4518 ignorare
1251 4440 1478 4512 ordinem
1528 4431 1880 4496 Sacramenti,

307 4553 396 4606 hoc
416 4521 504 4604 tibi
531 4521 740 4602 breviter
759 4521 894 4607 dico,
919 4549 964 4593 et
992 4546 1046 4589 tu
1076 4533 1345 4604 baptistam
1371 4528 1638 4588 discutere,
1668 4532 1715 4576 et
1743 4521 1805 4573 ab
1827 4535 1885 4574 eo

308 4640 486 4696 discuti
515 4636 749 4692 debuisti.
795 4632 840 4687 Ο
883 4623 1246 4698 respondere!
1291 4620 1618 4676 Circumstat
1636 4611 1796 4668 eum'
1827 4612 1882 4665 in

309 4743 410 4785 tam
438 4728 618 4783 multis
641 4725 773 4779 locis
796 4729 939 4776 tanta
967 4715 1241 4771 hominum
1261 4706 1566 4769 multitudo,
1587 4718 1706 4772 qua:
1725 4701 1888 4768 bapti-

308 4832 418 4878 zata
447 4831 532 4876 est
561 4818 629 4873 ab
647 4817 729 4873 eis
747 4814 838 4885 qui
864 4824 985 4867 cum
1011 4807 1158 4878 prius
1173 4803 1299 4874 justi
1327 4809 1380 4854 et
1407 4797 1536 4854 casti
1559 4794 1884 4855 viderentur,

308 4921 490 4984 postea
517 4907 726 4964 nudatis
744 4884 1055 4959 criminibus
1081 4893 1309 4950 convicti
1336 4897 1492 4958 atque
1513 4884 1705 4955 dejecti
1731 4891 1883 4945 sunt;

306 4973 360 5056 et
387 5015 447 5057 se
469 5006 619 5069 putat
638 4993 867 5055 evadere
895 4988 1054 5059 hujus
1101 4980 1531 5052 interrogationis
1559 4973 1884 5037 violentiam,

307 5108 407 5162 qua
434 5065 722 5162 quaerimus
747 5083 889 5140 unde
917 5081 1162 5137 abluatur
1189 5072 1502 5144 accipientis
1540 5065 1885 5129 conscientia,

311 5155 520 5257 quando
569 5178 894 5234 maculosam
951 5187 1056 5227 non
1105 5174 1291 5224 sancte
1345 5163 1520 5217 dantis
1575 5161 1800 5228 ignorat,
1842 5155 1888 5210 si

311 5248 636 5332 conscientia
662 5277 847 5325 sancte
871 5265 1049 5322 dantis
1074 5257 1386 5323 attenditur,
1403 5269 1520 5324 qua:
1536 5252 1720 5307 abluat
1745 5248 1887 5303 acci-

375 5474 391 5504 ¹
418 5471 619 5520 Optima:
654 5471 782 5514 noue
817 5457 1131 5520 Floriacensis
1166 5451 1323 5504 codex
1342 5453 1478 5499 caret
1516 5457 1654 5504 voce,
1694 5441 1890 5508 gratia:

313 5515 448 5592 alius
457 5515 572 5580 iiiis
584 5515 711 5576 forte
733 5521 995 5592 legendum
1003 5557 1014 5574 ,
1036 5515 1175 5592 ﬁdes:

581 5570 650 5638 ίῘά
663 5570 899 5636 Edim
917 5570 1046 5638 Itoc',’
1058 5579 1248 5641 omisso,
1267 5570 1368 5623 sed.
1529 5629 1559 5641 η
1580 5628 1591 5640 _

377 5624 553 5702 ’λ
565 5624 1177 5702 efd'riiiii‘iésiriiae.
1202 5624 1343 5702 nova;
1361 5641 1456 5702 Hoc
1473 5628 1591 5702 mihi
1614 5624 1848 5702 responde
1875 5636 1892 5672 :

317 5693 587 5764 cncidit-sus;
608 5693 809 5760 enimio
836 5713 932 5755 tam
972 5693 1160 5760 multis,
1188 5706 1280 5746 etc.
1319 5693 1613 5753 castigantur
1641 5701 1704 5739 ex
1727 5699 1895 5736 mauu-

317 5778 513 5840 scmus.

1598 337 1800 394 LIBER
1839 289 2154 393 TER'TIUS.

3420 340 3525 396 366

1958 451 2187 521 pientis;
2229 451 2348 518 quia
2397 449 2628 505 breviter
2682 449 3041 506 discutit-udus
3097 464 3238 507 esset
3278 454 3525 526 baptista.

1955 541 2090 595 Nihil
2119 541 2398 606 infelicius,
2427 557 2583 611 quam
2613 556 2715 596 non
2745 543 3049 598 consentire
3076 545 3302 609 veritati,
3330 561 3432 616 qua
3461 547 3528 599 im

1954 634 2178 702 quisque
2205 632 2557 698 concluditur,
2608 643 2664 685 ut
2690 634 2886 687 exitum
2935 635 3173 689 invenire
3213 653 3316 690 non
3345 639 3530 706 possit.

1955 724 2253 790 Quztzritnus
2282 737 2312 776 a
2344 737 2449 793 quo
2475 723 2700 788 accipiat
2727 723 2904 790 ﬁdem,
2936 725 3025 794 qui
3053 726 3295 780 nesciens
3318 743 3346 779 a
3379 732 3517 796 perii

1956 817 2025 870 do
2054 817 2375 886 baptizatur.
2393 816 2787 885 Respondetur,
2818 814 3076 872 Discutere
3095 818 3263 871 debuit
3304 818 3524 892 baptiza-

1957 919 2113 964 torem
2154 927 2322 964 suum.
2375 909 2520 980 Ergo
2567 910 2687 980 quia
2729 925 2832 964 non
2877 910 3094 965 discutit
3137 927 3257 965 eum
3286 922 3340 966 et
3379 913 3528 968 ﬁdem

1957 1001 2116 1054 etiam
2144 1001 2386 1055 nesciens
2425 1001 2586 1054 sumit
2614 1016 2644 1054 a
2694 1001 2917 1069 perﬁdo,
2951 1017 3055 1054 non
3091 1002 3245 1056 ﬁdem
3288 983 3533 1074 percipit,

1959 1091 2054 1148 sed
2081 1093 2324 1148 reatum?
2354 1091 2460 1147 Cur
2482 1092 2659 1162 itaque
2688 1108 2793 1146 non
2812 1093 2989 1147 denuo
3036 1093 3383 1162 baptizantur,
3409 1112 3538 1163 qum

1958 1200 1987 1239 a
2013 1185 2231 1254 proditis
2252 1194 2409 1254 atque
2429 1185 2705 1249 convictis,
2737 1199 2856 1238 cum
2887 1185 3061 1239 adhuc
3087 1185 3334 1250 laterent,
3367 1187 3540 1256 bapti-

1959 1286 2106 1330 zatos
2129 1291 2247 1331 esse
2270 1275 2603 1330 constiterit?

2031 1369 2256 1426 CAPUT
2283 1369 2476 1424 XXXI.
2499 1370 2674 1425 —56.
2703 1369 2772 1424 Et
2801 1369 2884 1424 ubi
2914 1379 3005 1437 est,
3025 1370 3212 1441 inquit,
3240 1373 3374 1442 quod
3392 1371 3542 1425 addi-

1964 1461 2036 1526 di,
2060 1463 2257 1528 sciens;
2289 1472 2341 1514 ut
2361 1480 2460 1516 non
2482 1463 2718 1525 dicerent,
2753 1461 2852 1528 Qui
2872 1462 3025 1530 [idem
3045 1481 3076 1515 a
3099 1479 3185 1532 per
3195 1464 3292 1530 fido
3320 1481 3545 1533 sumpse-

1962 1554 2029 1606 rit
2059 1571 2072 1607 :
2102 1553 2210 1616 sed,
2260 1553 2360 1617 Qui
2397 1552 2551 1622 ﬁdem
2586 1553 2748 1607 sciens
2791 1569 2822 1605 a
2862 1553 3057 1622 perﬁdo
3094 1554 3398 1621 sumpserit,
3444 1570 3546 1606 non

1964 1644 2118 1712 ﬁdem
2146 1644 2382 1714 percipit,
2411 1643 2500 1698 sed
2527 1644 2758 1697 reatum?
2785 1644 3030 1712 Percepit
3057 1657 3186 1712 ergo
3231 1643 3410 1709 ﬁdem,
3438 1659 3544 1697 non

1966 1746 2193 1796 reatum,
2221 1733 2311 1804 qtti
2342 1735 2582 1788 nesciens
2610 1722 2834 1801 sumpsit
2854 1732 3104 1803 aperﬁdo
3134 1750 3146 1784 :
3174 1741 3226 1786 ct
3252 1732 3371 1786 ideo
3397 1747 3546 1801 quae-

1967 1839 2028 1877 ro
2059 1823 2196 1878 unde
2223 1825 2538 1892 perceperit.
2561 1822 2662 1879 Ubi
2691 1830 2990 1876 coarctatus
3015 1821 3336 1890 respondet,
3366 1822 3548 1876 Discu-

1966 1924 2066 1968 tere
2089 1915 2278 1968 debuit.
2331 1915 2480 1979 Esto,
2518 1913 2701 1968 debuit
2732 1931 2743 1964 :
2777 1928 2882 1966 non
2909 1912 3053 1977 fecit,
3075 1922 3166 1966 aut
3195 1927 3298 1966 non
3347 1912 3544 1975 valuit;

1967 2005 2093 2075 quid
2119 2005 2185 2059 de
2214 2005 2302 2058 illo
2331 2003 2606 2058 censetis?
2632 2002 2860 2056 Ablutus
2896 2010 2998 2068 est,
3027 2017 3094 2055 an
3144 2001 3295 2055 non?
3319 2001 3372 2057 Si
3400 2001 3549 2055 ablu-

1970 2108 2052 2152 tus
2076 2107 2177 2162 est,
2205 2111 2385 2166 quer
2430 2094 2614 2150 unde?
2661 2093 2774 2149 Non
2814 2095 2954 2148 enim
2981 2109 3102 2148 eum
3147 2095 3414 2149 maculosa
3443 2108 3548 2147 non

1969 2198 2153 2242 sancte
2210 2186 2387 2240 dantis
2439 2184 2796 2250 conscientia,
2827 2199 2983 2253 quam
3027 2184 3283 2248 nescivit,
3332 2183 3551 2238 abluere

1968 2279 2159 2347 potuit.
2189 2277 2245 2332 Si
2269 2286 2446 2332 autem
2475 2291 2580 2331 non
2619 2284 2707 2331 est
2731 2275 2960 2341 ablutus,
2989 2275 3174 2343 jubete
3201 2282 3260 2330 ut
3281 2273 3547 2328 abluatur.

1969 2369 2084 2424 Non
2111 2367 2308 2438 jubetis
2337 2385 2350 2422 :
2381 2382 2510 2438 ergo
2553 2366 2763 2422 ablutus
2807 2373 2909 2420 est.
2938 2365 3128 2432 Dicite,
3158 2364 3336 2419 unde?
3383 2362 3552 2419 Dicite

1969 2461 2158 2516 saltem
2190 2475 2303 2526 vos,
2331 2460 2472 2530 quod
2506 2460 2592 2515 ille
2617 2474 2721 2513 non
2750 2458 2903 2513 dixit.
2933 2456 3134 2512 Eadem
3165 2457 3359 2529 quippe
3386 2457 3551 2512 verba

1972 2566 2232 2620 propono,
2274 2551 2466 2621 quibus
2502 2549 2832 2620 respondere
2883 2563 2992 2604 non
3038 2549 3227 2618 potuit.
3280 2547 3412 2602 Ecce
3453 2557 3554 2603 stat

1975 2640 2198 2711 perﬁdus
2224 2641 2567 2711 baptizaturus
2584 2657 2602 2704 ;
2625 2650 2677 2693 at
2702 2640 2790 2694 ille
2819 2641 2906 2709 qui
2935 2639 3270 2711 baptizandus
3295 2649 3386 2703 est,
3435 2656 3552 2708 per-

1975 2732 2152 2800 [idiom
2181 2734 2291 2801 ejus
2311 2733 2509 2802 ignorat
2540 2747 2558 2784 :
2581 2730 2702 2800 quid
2722 2746 2833 2783 eum
2863 2739 3186 2798 accepturum
3206 2745 3311 2782 esse
3337 2727 3556 2782 arbitra-
3595 2731 3602 2735 “

1976 2821 2122 2888 mini,
2148 2830 2319 2873 utrum
2340 2820 2512 2888 ﬁdem,
2540 2837 2606 2873 an
2635 2829 2830 2872 reatum
2872 2821 2890 2888 (
2919 2818 3116 2887 Supra,
3149 2819 3235 2872 lib.
3275 2819 3328 2884 I,
3351 2833 3466 2886 cap.
3491 2818 3551 2880 ‘2,

1977 2929 2029 2965 n.
2050 2909 2147 2982 2)?
2176 2909 2458 2966 Sufﬁciunt
2488 2910 2590 2964 huc
2627 2924 2792 2980 usque
2819 2909 3088 2978 preposita
3113 2909 3131 2939 ¹
3155 2923 3170 2961 :
3216 2907 3553 2976 respondete,

1976 3010 2067 3055 aut
2094 3001 2314 3071 quaerite
2342 3000 2623 3070 diligenter
2641 2999 2766 3068 quid
2792 2998 2880 3053 ille
2904 2997 3256 3066 responderit.
3276 2997 3557 3052 Invenietis

1969 3095 2135 3158 etiam
2161 3092 2401 3147 convicta
2430 3091 2665 3145 convicia
2683 3090 2726 3142 '.
2754 3089 2944 3159 Culpat
2968 3089 3108 3144 enim
3128 3089 3396 3159 me,quasi
3425 3088 3558 3144 deri-

1977 3184 2131 3246 dens,
2162 3183 2296 3252 quod
2322 3182 2612 3236 verisimilia
2659 3197 2961 3251 proponam,
2993 3181 3081 3249 qui
3107 3198 3206 3234 non
3233 3181 3427 3235 uideam
3471 3197 3556 3234 ve-

1979 3277 2196 3329 ritatem.
2225 3274 2485 3342 Repetitis
2511 3273 2670 3328 etiam
2700 3273 2879 3328 verbis
2901 3273 3033 3326 meis
3063 3282 3116 3327 ct
3139 3272 3408 3327 dimidiata
3428 3289 3556 3327 scn-

1982 3367 2163 3430 tentia,
2197 3364 2356 3430 Dicis,
2377 3364 2564 3434 inquit,
2602 3361 2733 3416 Ecce
2775 3371 2872 3415 stat
2916 3362 3139 3432 per/idus
3186 3362 3555 3430 baptizaturus,

1980 3465 2032 3510 at
2080 3455 2166 3508 ille
2215 3455 2300 3524 qui
2347 3453 2679 3523 baptizandus
2720 3463 2792 3507 est
2850 3452 3117 3522 perﬁdiam
3168 3453 3279 3522 ejus
3333 3452 3557 3524 ignorat.

1983 3549 2182 3604 Deinde
2231 3548 2520 3617 subjungit,
2561 3546 2686 3611 Quis
2732 3555 2804 3599 est
2841 3547 2951 3608 iste,
2985 3553 3084 3619 aut
3111 3546 3244 3598 unde
3278 3543 3552 3614 prosiluit?

1980 3640 2146 3710 Quasi
2178 3654 2314 3694 unus
2335 3641 2405 3693 sit
2434 3647 2525 3692 aut
2544 3637 2671 3702 duo,
2701 3645 2756 3692 et
2784 3653 2890 3691 non
2924 3637 3117 3691 talibus
3137 3638 3420 3706 utrobique
3442 3639 3557 3705 plc-

1985 3751 2048 3787 ua
2075 3738 2183 3788 sint
2219 3731 2416 3784 omnia.
2449 3729 2586 3794 Quid
2631 3745 2698 3782 ex
2749 3744 2835 3783 me
2861 3729 3051 3796 quarrit
3075 3730 3318 3797 quisnam
3347 3729 3416 3782 sit
3440 3729 3559 3792 iste,

1985 3835 2074 3878 aut
2099 3822 2238 3876 unde
2261 3821 2497 3888 prosiliat
2522 3835 2535 3880 ;
2565 3833 2627 3870 ac
2662 3833 2767 3870 non
2793 3819 2966 3884 patius
2991 3819 3371 3887 circumspicit,
3399 3827 3454 3872 et
3478 3821 3558 3871 vi-

1978 3914 2074 3998 get
2103 3925 2250 3965 raras
2277 3922 2396 3963 esse
2425 3907 2714 3968 Ecclesias,
2749 3907 2832 3960 vel
2867 3906 2919 3960 in
2953 3907 3190 3972 urbibus,
3237 3908 3316 3960 vel
3349 3908 3400 3960 in
3423 3911 3564 3961 ruri-

1987 3995 2105 4069 bus,
2131 4018 2249 4072 qum
2279 4015 2385 4054 non
2427 3997 2652 4052 habeant
2691 3997 2741 4050 in
2791 3996 3100 4050 criminibus
3145 3995 3403 4064 delectos,
3441 4007 3496 4052 et
3533 4017 3561 4053 a

1986 4096 2236 4152 clericatu
2272 4093 2505 4162 dejectos
2533 4087 2818 4145 homines?
2855 4087 2987 4142 Cum
3018 4087 3259 4152 laterent,
3294 4087 3566 4158 bonosque

1987 4204 2046 4244 se
2071 4187 2236 4242 videri
2281 4185 2480 4240 vellent
2525 4197 2645 4236 cum
2683 4181 2813 4234 mali
2857 4187 3058 4243 essent,
3088 4188 3142 4233 et
3188 4189 3364 4234 castos
3391 4182 3562 4249 putari

1987 4295 2110 4335 cum
2138 4286 2316 4333 essent
2335 4275 2580 4336 adulteri,
2605 4287 2795 4340 nempe
2820 4270 2925 4325 ﬁcti
2957 4279 3137 4336 erant;
3163 4287 3353 4341 nempe
3393 4271 3564 4342 Spiri-

1991 4381 2072 4426 tus
2094 4378 2306 4424 sanctus
2326 4379 2445 4444 cos,
2478 4364 2613 4417 sicut
2634 4364 2886 4430 scriptum
2915 4372 3016 4427 est,
3042 4360 3293 4431 fugiebat.
3329 4361 3406 4416 Ex
3434 4363 3568 4416 isto-

1990 4477 2106 4517 rum
2139 4474 2266 4529 crgo
2289 4457 2463 4512 adhuc
2490 4453 2806 4508 latitantium
2844 4452 2996 4506 turba
3025 4452 3265 4520 prosiluit
3286 4452 3374 4506 ille
3404 4454 3566 4522 perii-
3636 4470 3637 4473 η

1988 4554 2090 4608 dus
2129 4565 2286 4620 quem
2335 4543 2583 4616 proposui
2617 4561 2630 4596 :
2659 4542 2783 4612 quid
2808 4558 2871 4596 ex
2900 4557 2984 4596 me
3009 4543 3197 4611 quazrit
3235 4542 3374 4597 unde
3400 4547 3569 4613 prosi-

1993 4645 2168 4708 luerit,
2198 4640 2447 4698 clandens
2467 4637 2650 4691 oculos
2677 4635 2932 4689 adversus
2958 4641 3153 4686 tantam
3178 4635 3403 4697 turbam,
3431 4637 3572 4689 unde

1992 4741 2036 4794 si
2057 4738 2152 4793 soli
2179 4733 2578 4790 considerentur
2603 4729 2688 4798 qui
2705 4727 2946 4783 convinci
2974 4726 3235 4797 dejicique
3261 4738 3568 4796 potuerunt,

1993 4832 2198 4884 sonitus
2224 4840 2407 4881 eorum
2430 4820 2622 4876 sufﬁcit
2646 4818 2803 4873 caecis
2826 4817 2850 4870 ἲ

2063 4915 2290 4975 CAPUT
2321 4910 2532 4970 XXXII.
2563 4941 2632 4951 -—
2659 4909 2748 4964 37.
2777 4905 2935 4973 Quid,
2964 4903 3106 4976 quod
3143 4904 3301 4958 etiam
3334 4904 3447 4974 ipse
3477 4921 3571 4972 po-

1995 5013 2100 5067 suit
2129 5011 2180 5064 in
2213 5005 2444 5076 Epistola
2483 5017 2599 5068 sua,
2643 4996 3048 5066 Quodvultdeum
3074 4995 3136 5048 de
3161 4994 3353 5048 duobus
3378 4994 3574 5046 adulte-

1995 5107 2084 5159 riis
2112 5102 2250 5174 apud
2276 5115 2362 5152 vos
2388 5096 2664 5150 conuictum
2691 5103 2736 5145 et
2763 5091 3030 5160 abjectum,
3060 5105 3091 5141 a
3116 5088 3299 5142 nostris
3324 5102 3429 5140 esse
3456 5103 3568 5139 sns-

1997 5206 2197 5268 ceptum
2227 5192 2333 5264 (a)?
2359 5187 2496 5258 Quid
2548 5200 2674 5255 ergo
2720 5182 2858 5254 (sine
2884 5180 3038 5250 hujus
3069 5179 3374 5249 praejudicio
3416 5177 3568 5231 dixe-

1998 5289 2120 5351 rim,
2171 5283 2259 5352 qui
2305 5293 2518 5335 causam
2566 5289 2714 5329 suam
2769 5272 2959 5326 bonam
3005 5270 3086 5324 vel
3160 5268 3435 5338 probavit,
3486 5268 3569 5320 vel

2002 5373 2315 5449 persuasit),
2359 5369 2492 5424 tales
2536 5366 2672 5436 apud
2725 5378 2822 5418 vos
2869 5359 3104 5415 nondum
3151 5359 3394 5423 detecti,
3449 5372 3570 5412 cum

2063 5494 2080 5525 ι
2105 5490 2178 5539 sic
2199 5495 2303 5536 Mss.
2328 5490 2384 5534 At
2408 5475 2726 5548 edi_ti,_adltuc
2749 5471 3140 5548 propositald‘,

2063 5555 2084 5585 ’
2106 5531 2306 5600 ῖιῖειῖὲξξ
2329 5531 2580 5594 invenietis
2601 5537 2705 5599 ejus
2727 5531 2935 5600 contacta
2959 5531 3185 5600 convicia.

2065 5593 2576 5675 (a'j'tjewrecipiendis
2607 5593 2960 5675 bonatistarunlt
3003 5593 3436 5675 cler‘icis‘3ervaw
3478 5603 3582 5675 tsuo

2003 5649 2764 5747 cuiaﬁertiotioi-E'egitt‘artbag.
2797 5655 3049 5708 concilium
3085 5652 3167 5701 die
3204 5649 3264 5700 13
3284 5651 3576 5714 septembris

2003 5733 2114 5788 anni
2138 5733 2242 5783 401.
