4066 6200
469 284 574 342 367

471 394 759 466 baptizant,
808 390 933 463 quid
962 389 1029 443 ab
1071 390 1146 443 eis
1197 389 1472 458 accipitur,
1526 388 1680 451 ﬁdes,
1736 403 1800 441 an
1834 384 2050 441 reatus?

474 486 586 540 Non
616 486 794 553 utique
811 483 968 543 ﬁdes;
997 480 1117 550 quia
1141 494 1243 533 non
1268 479 1461 534 habent
1478 480 1855 533 conscientiam
1873 486 2054 531 sancte

474 576 671 640 dantis,
696 589 815 641 qua:
844 572 1019 627 abluat
1036 571 1363 640 accipientis.
1380 569 1485 625 Sed
1509 584 1605 625 nec
1622 580 1822 633 reatus,
1843 578 2056 637 propter

483 669 607 724 illud
637 667 872 721 additum
902 664 1122 720 verbum
1160 682 1171 717 :
1207 663 1343 717 Nam
1368 664 1453 734 qui
1483 663 1633 731 [idem
1657 663 1865 715 scicnsa
1896 659 2053 731 per/i-

475 760 539 811 do
566 757 852 828 sumpserit,
882 772 982 809 non
1012 756 1163 824 [idem
1194 756 1425 825 percipit,
1473 755 1559 808 sed
1585 764 1799 808 reatum.
1828 752 1908 807 Ab
1938 751 2054 805 istis

472 860 649 903 autem
696 864 815 902 cum
861 847 1255 916 baptizarentur
1296 847 1558 913 homines,
1604 845 1788 916 quales
1832 842 2056 898 fuissent

472 941 652 1011 utique
682 942 1003 996 nescierunt.
1036 940 1261 993 Proinde
1283 954 1385 993 non
1415 938 1481 992 ab
1513 938 1592 993 eis
1635 935 1946 1007 accipiendo
1995 934 2054 987 ﬁ-

472 1031 617 1099 dem,
648 1032 769 1102 quia
794 1048 899 1086 non
946 1031 1211 1086 habebant
1241 1030 1621 1086 conscientiam
1644 1038 1824 1084 sancte
1847 1028 2052 1091 dantis;

472 1137 575 1177 non
603 1122 915 1191 accipiendo
942 1122 1101 1176 etiam
1130 1112 1356 1188 reatum,
1388 1121 1509 1191 quia
1542 1136 1645 1173 non
1670 1122 1919 1182 scientes,
1961 1118 2052 1173 sed

472 1213 773 1267 nescientes
796 1227 981 1266 eorum
1012 1212 1254 1275 crimina,
1290 1210 1539 1279 baptizati
1570 1217 1712 1275 sunt,
1731 1208 1845 1262 sine
1873 1207 1975 1261 fide
2004 1216 2057 1262 et

472 1302 588 1355 sine
613 1310 761 1355 reatu
788 1309 1177 1355 remanserunt.
1208 1299 1321 1353 Non
1351 1308 1619 1369 suntergo
1649 1299 1700 1351 in
1726 1312 1951 1352 numero
1979 1306 2057 1350 ta-

473 1390 598 1443 lium
643 1388 1041 1460 ﬁagitiosorum.
1074 1388 1179 1444 Sed
1224 1404 1322 1443 nec
1365 1391 1414 1441 in
1439 1405 1661 1443 numero
1688 1397 1906 1456 possunt
1937 1402 2056 1443 esse

472 1478 739 1544 ﬁdelium;
772 1480 892 1549 quia
926 1479 1065 1533 sicut
1089 1494 1189 1533 nec
1219 1488 1448 1543 reatum,
1481 1480 1550 1531 ita
1574 1492 1672 1532 nec
1699 1477 1855 1532 ﬁdem
1881 1477 1947 1530 ab
1977 1477 2055 1531 eis

471 1554 1044 1638 accipereipotuerunt.
1077 1570 1145 1621 At
1167 1584 1258 1622 eos
1304 1567 1355 1621 in
1393 1582 1614 1622 numero
1638 1567 1870 1621 ﬁdelium
1899 1582 1927 1619 a
1956 1582 2053 1619 vo—

470 1661 549 1715 bis
568 1661 833 1715 eernimus
847 1660 1109 1731 deputari,
1136 1674 1234 1713 nec
1246 1674 1467 1714 censere
1482 1673 1801 1729 quemquam
1820 1667 2053 1711 vestrum

470 1762 528 1805 ut
574 1751 938 1821 baptizentur,
988 1750 1082 1805 sed
1143 1759 1313 1805 ratum
1349 1749 1588 1804 ‘habere
1639 1748 1777 1818 quod
1809 1747 2053 1817 baptizati

470 1851 614 1897 sunt.
638 1846 971 1911 Acceperunt
992 1842 1168 1911 itaque
1199 1840 1391 1907 ﬁdem;
1435 1855 1533 1895 nec
1562 1849 1733 1894 tamen
1765 1838 1833 1891 ab
1859 1840 1934 1891 eis
1968 1852 2053 1891 ac-

473 1941 751 2001 ceperunt,
782 1932 871 2001 qui
899 1946 1003 1984 non
1031 1930 1293 1985 habebant
1316 1930 1694 1984 conscientiam
1724 1936 1905 1982 sancte
1926 1927 2055 1982 dan.

472 2022 557 2085 tis,
584 2038 701 2091 quae
730 2022 970 2076 ablueret
994 2020 1321 2090 accipientis.
1352 2019 1504 2075 Unde
1545 2034 1673 2088 ergo
1699 2017 2054 2088 acceperunt?

471 2110 605 2165 lIinc
645 2120 847 2180 salago,
884 2110 985 2165 hoc
1010 2121 1259 2181 urgenter
1289 2110 1577 2180 interrogo,
1621 2110 1720 2163 hoc
1749 2117 1804 2163 ut
1828 2124 2053 2178 respon-

469 2200 659 2255 deatur
683 2202 1153 2258 vehementissime
1183 2203 1380 2272 ﬂagito.

539 2312 764 2369 CAPUT
791 2313 1030 2375 XXXIII.
1058 2344 1131 2354 —
1156 2315 1244 2377 58.
1275 2314 1521 2384 Inspicite
1550 2330 1691 2369 nunc
1713 2314 2047 2380 Petilianum,

468 2419 536 2460 ne
565 2403 665 2459 hoc
695 2404 1044 2474 respondeat,
1083 2406 1165 2460 vel
1208 2422 1273 2459 ne
1316 2405 1417 2460 hoc
1456 2406 1778 2474 respondere
1807 2421 1910 2460 non
1951 2421 2051 2475 po-

470 2494 634 2550 tuisse
654 2494 1019 2564 deprehensus
1046 2505 1316 2565 appareat,
1343 2511 1435 2565 per
1461 2504 1671 2550 nostras
1698 2496 2051 2551 contumelias

467 2584 696 2640 inaniter
736 2586 969 2654 evagari,
1001 2585 1392 2647 criminantem,
1436 2594 1491 2639 et
1531 2585 1659 2639 nihil
1698 2586 2047 2654 probantem;

466 2688 519 2733 et
544 2677 636 2733 ubi
676 2677 814 2732 forte
840 2686 1063 2732 conatur
1087 2692 1183 2744 pro
1206 2691 1363 2731 causa
1395 2677 1544 2746 quasi
1576 2678 1883 2745 pugnaciter
1910 2676 2046 2730 resi-

463 2778 627 2833 stere,
654 2769 849 2838 ubique
876 2768 1129 2823 facillime
1154 2770 1394 2837 superari
1426 2787 1437 2821 :
1465 2768 1529 2821 ad
1558 2769 1658 2823 hoc
1689 2779 1861 2822 tamen
1886 2784 2048 2823 unum

465 2859 683 2913 omnino
713 2857 840 2911 nihil
870 2857 1194 2926 respondere
1221 2857 1362 2926 quod
1388 2858 1695 2926 qumrimus,
1722 2858 1781 2912 Si
1801 2859 2049 2911 conscienv

464 2948 533 3001 tia
557 2958 726 3003 sancte
751 2949 917 3002 dantis
938 2948 1232 3012 attenditur,
1256 2964 1368 3017 qua:
1390 2948 1559 3001 abluat
1584 2949 1891 3019 accipientis,
1912 2948 2047 3001 unde

462 3039 743 3092 abluendus
784 3040 849 3092 sit
887 3039 971 3110 qui
1020 3038 1292 3106 accipiebat
1332 3037 1684 3104 Baptismum,
1716 3055 1827 3090 cum
1878 3039 2045 3093 dantis

463 3128 658 3199 polluta
700 3128 1002 3181 conscientia
1041 3137 1141 3192 est,
1173 3137 1217 3180 et
1256 3129 1350 3180 hoc
1394 3128 1481 3181 ille
1521 3130 1607 3199 qui
1642 3138 1713 3181 est
1751 3140 2045 3200 accepturus

461 3222 679 3290 ignorat.
716 3219 808 3273 His
837 3219 977 3273 enim
1010 3218 1185 3272 verbis
1210 3234 1272 3272 cx
1300 3219 1531 3286 Epistola
1564 3235 1677 3274 mea
1714 3236 2041 3276 commemo-

464 3312 613 3377 ratis,
658 3311 933 3381 proposuit
977 3326 1062 3365 me
1112 3311 1563 3379 interrogantem,
1610 3321 1663 3366 et
1708 3328 1766 3367 se
1813 3316 2044 3371 oStcndit

464 3402 595 3456 nihil
616 3401 1044 3472 respondentem.
1064 3400 1193 3454 Cum
1213 3401 1351 3453 enim
1376 3401 1595 3456 dixisset
1615 3418 1675 3456 ea
1693 3420 1809 3470 qua:
1830 3404 1937 3471 jam
1960 3420 2043 3459 re—

462 3492 623 3549 colui,
652 3499 704 3543 et
730 3492 780 3543 in
804 3490 997 3559 quibus
1020 3506 1139 3543 eum
1164 3490 1370 3544 ostendi
1397 3492 1461 3543 ad
1490 3492 1536 3544 id
1560 3493 1699 3561 quod
1723 3494 2040 3563 interrogavi

460 3596 566 3633 non
608 3580 947 3647 respondisse
972 3596 986 3643 ;
1016 3594 1243 3648 cumque
1272 3581 1475 3650 magnis
1502 3582 1761 3652 angustiis
1796 3594 2037 3643 coarcta-

462 3678 567 3731 tus,
593 3680 806 3724 coactus
835 3678 976 3724 esset
996 3669 1171 3724 dicere
1196 3670 1581 3726 discutiendum
1611 3687 1729 3727 esse
1758 3672 2037 3743 baptistam

459 3774 490 3813 a
533 3759 869 3829 baptizando,
912 3758 1285 3827 baptizandum
1328 3775 1356 3812 a
1401 3760 1665 3828 baptista;
1711 3778 1937 3834 cumque
1985 3766 2038 3821 id

459 3849 705 3920 exemplo
732 3849 971 3913 Joannis,
1004 3849 1045 3903 si
1090 3849 1221 3903 forte
1262 3850 1521 3907 inveniret
1560 3854 2040 3925 negligentissimos

458 3941 540 3995 vel
572 3940 994 4010 imperitissimos
1014 3939 1303 4005 auditores,
1327 3950 1568 3998 astruere
1590 3946 1895 4001 tentavisset
1915 3964 1928 4012 ;
1950 3946 2037 4001 ad-

462 4032 627 4087 hibuit
650 4033 751 4088 alia
781 4031 1081 4087 testimonia
1108 4030 1173 4085 de
1195 4030 1482 4101 Scripturis
1506 4032 1571 4086 ad
1604 4050 1716 4088 rem
1745 4050 1851 4090 non
1879 4038 2038 4105 perti-

459 4121 659 4186 nentia,
688 4122 824 4190 quod
866 4122 1107 4189 Philippo
1146 4121 1431 4177 Eunuchus
1464 4121 1679 4185 dixerit,
1718 4124 1846 4180 Ecce
1882 4143 2031 4196 aqua,

457 4214 565 4281 quis
598 4212 821 4281 prohibet
848 4228 925 4263 me
951 4211 1195 4279 baptizari
1227 4212 1359 4279 (Act.
1388 4228 1501 4278 νιν,
1534 4213 1663 4282 36)?
1687 4216 1803 4283 quia
1830 4218 2033 4285 sciebat,

459 4303 649 4369 inquit,
675 4300 895 4369 perditos
924 4301 1175 4368 prohiberi
1197 4316 1215 4353 :
1236 4310 1290 4354 et
1314 4301 1452 4369 quod
1482 4303 1598 4356 ideo
1620 4303 1891 4373 Philippus
1911 4322 2030 4361 eum

457 4391 710 4460 baptizari
756 4406 858 4444 non
901 4391 1085 4455 vetuit,
1115 4392 1236 4460 quia
1266 4407 1386 4446 eum
1419 4394 1677 4462 legentem
1721 4397 2035 4464 probaverat

456 4479 725 4550 quomodo
746 4478 987 4532 crederet
1012 4479 1278 4534 Christum
1306 4499 1319 4535 :
1341 4483 1490 4551 quasi
1516 4483 1843 4553 prohibuerit
1862 4484 2034 4541 Simo-

458 4588 578 4626 nem
606 4570 833 4640 Magum.
863 4569 931 4623 Et
959 4570 1098 4639 quod
1128 4569 1404 4641 Prophetas
1437 4571 1567 4626 falso
1596 4572 1913 4639 baptismate
1940 4576 2033 4632 de-

455 4662 559 4729 cipi
602 4660 894 4713 timuerunt
920 4678 934 4712 :
961 4672 1015 4713 et
1042 4659 1160 4714 ideo
1186 4660 1377 4714 dixerit
1408 4660 1587 4727 Isaias,
1619 4662 1762 4731 Aqua
1791 4665 2029 4732 mendax,

456 4768 557 4805 non
601 4749 784 4804 habens
822 4750 971 4817 [idem
998 4750 1016 4820 (
1041 4749 1229 4806 Jerem.
1262 4767 1353 4814 xv,
1391 4751 1456 4805 18
1488 4752 1526 4821 ),
1568 4754 1710 4807 velut
1747 4756 2031 4812 ostendens

454 4842 593 4912 apud
623 4841 852 4912 perﬁdos
877 4842 1119 4897 homines
1157 4857 1346 4912 aquam
1387 4858 1505 4897 esse
1533 4844 1838 4900 mendacem
1868 4867 1881 4902 :
1908 4864 2030 4903 cum

454 4934 555 4989 hoc
574 4949 675 4987 non
700 4932 881 4997 Isaias,
900 4933 992 4987 sed
1009 4932 1266 4987 Jeremias
1282 4934 1351 4987 de
1373 4934 1672 4988 hominibus
1691 4938 2029 4993 mendacibus

452 5026 667 5087 dixerit,
708 5023 930 5092 ﬁgurate
968 5038 1156 5091 aquam
1198 5024 1453 5093 populum
1486 5026 1776 5095 appellans,
1808 5027 1945 5098 quod
1977 5030 2028 5083 in

448 5115 773 5187 Apocalypsi
800 5111 1232 5168 manifestissime
1251 5114 1681 5188 demonstratur(
1704 5118 1859 5189 Apoc.
1897 5136 2023 5183 xvn,

451 5206 563 5274 15).
594 5206 661 5259 Ει
687 5206 827 5274 quod
856 5202 1015 5256 David
1046 5203 1258 5266 dixerit,
1290 5205 1467 5259 Oleum
1500 5210 1771 5276 peccatoris
1800 5226 1899 5263 non
1928 5228 2025 5263 un-

448 5307 534 5368 gat
562 5304 711 5366 caput
740 5310 905 5348 meum
930 5308 949 5348 :
978 5309 1096 5347 cum
1143 5296 1232 5350 ille
1272 5295 1372 5351 hoc
1406 5297 1598 5353 dixerit
1621 5299 1686 5354 de
1724 5300 2029 5358 adulatione

449 5384 795 5443 assentatoris
821 5384 993 5439 fallaci
1022 5384 1176 5440 laude
1200 5387 1533 5456 decipientis,
1558 5389 1695 5445 unde
1724 5391 1917 5446 laudati
1940 5409 2025 5448 ca—

450 5488 542 5545 put
570 5479 625 5532 'nt
653 5476 955 5546 superbiam
982 5485 1211 5531 crescat.
1233 5477 1400 5543 Quem
1433 5480 1755 5536 intellectum
1782 5482 2023 5551 aperiunt

557 5647 675 5695 mut
694 5648 800 5696 Am.
822 5654 897 5699 Ir.
923 5657 974 5698 et
1008 5654 1153 5711 Lov.,
1181 5652 1266 5701 sed
1298 5660 1481 5703 reatum
1519 5665 1535 5702 :
1559 5651 1812 5704 mnifesto
1836 5668 2019 5707 errore.

1310 277 1583 333 CONTRA
1624 273 1961 331 LITTERAS
2000 269 2360 338 PETILIANI,
2403 273 2459 329 S.
2493 272 2860 331 AUGUSTINI

3645 280 3754 338 383

2164 385 2319 439 verba
2355 386 2403 439 in
2431 386 2616 442 eodem
2647 390 2848 457 psalmo
2880 391 3149 459 prmmissa
3182 395 3445 463 superius.
3476 396 3565 452 Sic
3600 403 3749 455 enim

2162 474 2267 527 ait:
2293 474 2594 529 Emendabit
2618 495 2695 530 me
2710 479 2883 547 justus
2904 482 2953 532 in
2982 482 3344 545 misericordia.
3370 497 3415 553 et
3443 501 3617 557 arguet
3639 507 3749 554 me;

2162 566 2326 618 oleum
2372 577 2538 619 autem
2587 571 2861 637 peccatoris
2912 588 3012 624 non
3062 573 3339 645 impinguet
3386 589 3539 647 caput
3587 598 3752 637 meum

2161 656 2182 729 (
2209 655 2349 710 Psal.
2374 672 2494 720 ch,
2518 658 2552 713 5
2578 656 2616 729 ).
2645 659 2782 725 Quid
2814 660 2913 717 hac
2939 666 3198 718 sententia
3228 666 3424 722 clarius
3443 669 3465 721 ?
3487 670 3612 738 quid
3640 673 3752 725 evi-

2160 747 2408 803 dentius?
2433 750 2629 804 Mavult
2655 752 2797 805 enim
2825 768 2883 807 se
2906 767 3093 822 aspera
3120 756 3494 813 emendatione
3513 760 3641 829 justi
3665 778 3753 816 ar.

2161 840 2252 908 gui
2279 840 2699 895 misericorditer
2723 852 2778 895 ut
2804 852 3039 909 sanetur,
3065 860 3222 913 quam
3252 845 3461 901 lenibus
3482 848 3753 905 blanditiis

2159 929 2451 985 adulatoris
2478 931 2600 1000 ungi
2632 940 2689 985 ut
2716 931 2929 987 inﬁetur
2958 935 2995 986 ⁸.

2231 1020 2457 1077 CAPUT
2498 1022 2735 1077 XXXIV.
2762 1054 2828 1062 —
2858 1023 2947 1077 '59.
2967 1025 3361 1082 Commemorat
3385 1028 3675 1086 Petilianus
3693 1043 3746 1085 et

2159 1113 2455 1181 apostolum
2482 1112 2738 1168 Joannem
2770 1115 3061 1179 monuisse,
3105 1132 3173 1171 ne
3210 1119 3353 1172 omni
3383 1120 3586 1188 Spiritui
3617 1137 3742 1177 creo

2161 1201 2336 1266 datur,
2362 1202 2454 1256 sed
2490 1203 2777 1272 probentur
2802 1205 3043 1274 spiritus,
3066 1206 3110 1260 si
3137 1222 3203 1261 ex
3231 1207 3337 1262 Deo
3366 1220 3486 1263 sunt
3517 1211 3557 1282 (Ι
3582 1211 3743 1266 Joan.

2160 1306 2231 1355 tv,
2259 1291 2310 1363 I)
2338 1310 2352 1345 :
2374 1293 2524 1362 quasi
2548 1292 2614 1347 ad
2636 1292 2737 1348 hoc
2757 1293 3071 1350 adhibeatur
3095 1296 3193 1351 ista
3215 1297 3508 1369 diligentia,
3527 1310 3585 1355 ut
3605 1319 3746 1359 nunc

2160 1392 2283 1438 ante
2312 1394 2518 1452 tempus
2544 1383 2867 1440 frumentum
2890 1401 2920 1438 a
2945 1385 3095 1454 palea
3120 1399 3414 1457 separetur,
3436 1406 3500 1445 ac
3524 1408 3626 1448 non
3648 1409 3746 1464 po-

2163 1473 2266 1526 tius
2288 1489 2353 1528 ne
2380 1472 2701 1529 frumentum
2728 1490 2757 1527 a
2784 1475 2932 1544 palea
2958 1476 3252 1547 decipiatur
3277 1497 3289 1532 :
3315 1491 3407 1535 aut
3433 1498 3556 1541 vero
3580 1486 3744 1541 etiam

2159 1565 2375 1634 spiritus
2407 1565 2632 1619 mendax
2664 1566 2708 1620 si
2752 1566 2949 1635 aliquid
2988 1568 3097 1622 veri
3136 1568 3350 1636 dixerit,
3395 1572 3513 1628 ideo
3542 1590 3743 1645 negan-

2159 1654 2283 1710 dum
2325 1666 2427 1720 est,
2465 1657 2584 1725 quia
2632 1657 2734 1712 hoc
2770 1657 3117 1714 detestandus
3156 1661 3374 1730 spiritus
3408 1663 3559 1718 dixit.
3587 1667 3742 1733 Quod

2159 1744 2398 1813 quisquis
2427 1747 2729 1810 arbitratur,
2757 1756 2862 1802 tam
2893 1748 3116 1805 demens
3143 1760 3245 1818 est,
3272 1761 3328 1806 ut
3353 1751 3488 1808 forte
3516 1768 3739 1811 conten—

2159 1832 2247 1887 dat
2269 1834 2481 1888 Petrum
2514 1850 2618 1890 non
2641 1836 2892 1893 debuisse
2917 1839 3114 1906 dicere,
3143 1840 3219 1895 Tu
3244 1858 3296 1896 es
3326 1842 3553 1900 Christus
3575 1845 3743 1903 Filius

2161 1922 2257 1977 Dei
2284 1926 2381 1979 vivi
2407 1925 2425 1998 (
2451 1926 2636 1980 Matth.
2662 1944 2772 1995 xvi,
2799 1930 2867 1984 16
2891 1930 2908 1999 )
2944 1948 2955 1981 :
2986 1931 3106 1999 quia
3138 1933 3245 1987 tale
3270 1934 3467 2003 aliquid
3491 1936 3599 2005 jam
3630 1937 3741 1993 dre-

2159 2032 2345 2071 moncs
2369 2017 2611 2074 dixerant
2637 2018 2746 2089 (Id.
2771 2036 2884 2087 vut,
2908 2020 2999 2086 29,
3025 2020 3191 2076 Marc.
3217 2039 3255 2089 l,
3286 2024 3375 2088 24,
3400 2036 3447 2078 et
3469 2026 3597 2081 Luc.
3623 2044 3739 2096 vm,

2156 2107 2227 2163 28
2251 2108 2292 2177 ).
2331 2108 2459 2162 Cum
2504 2125 2629 2179 ergo
2660 2110 2961 2180 Baptismus
2990 2112 3208 2179 Christi,
3242 2114 3355 2169 sive
3385 2131 3476 2184 per
3502 2117 3737 2187 iniquum

2157 2200 2269 2256 sive
2320 2218 2411 2270 per
2450 2202 2651 2270 justum
2700 2203 3050 2269 ministratus,
3102 2205 3232 2260 nihil
3280 2207 3425 2261 aliud
3468 2209 3538 2262 sit
3579 2225 3741 2279 quam

2156 2291 2458 2360 Baptismus
2487 2293 2719 2353 Christi;
2756 2294 2829 2361 .ab
2870 2295 3084 2351 homine
3124 2308 3282 2353 cauto
3320 2309 3375 2353 et
3416 2300 3558 2356 bono
3596 2303 3742 2358 fideli

2156 2380 2407 2451 iniquitas
2450 2382 2683 2439 hominis
2726 2392 2810 2439 est
2848 2384 3079 2452 vitanda,
3124 2401 3229 2441 non
3260 2387 3354 2441 Dei
3397 2388 3743 2448 Sacramenta

2155 2473 2471 2528 damnanda.

2223 2562 2311 2617 40.
2339 2563 2394 2617 In
2426 2564 2507 2617 his
2532 2574 2677 2619 certe
2704 2564 2951 2619 omnibus
2979 2581 3085 2620 non
3116 2567 3402 2636 respondet
3422 2568 3739 2637 Petilianus,

2153 2652 2197 2706 si
2241 2656 2565 2709 conscientia
2612 2664 2795 2710 sancte
2836 2655 3013 2711 dantis
3052 2658 3363 2725 attenditur,
3395 2676 3513 2728 qua:
3558 2662 3742 2717 abluat

2152 2744 2479 2813 accipientis,
2500 2744 2636 2798 unde
2658 2745 2725 2799 sit
2743 2745 3041 2800 abluendus
3060 2747 3149 2816 qui
3172 2747 3363 2817 accipit
3382 2749 3742 2817 Baptismum,

2151 2850 2271 2889 cum
2297 2837 2472 2890 dantis
2499 2838 2693 2905 polluta
2720 2838 3044 2891 conscieatia
3073 2845 3175 2902 est,
3203 2848 3258 2893 et
3287 2838 3385 2893 hoc
3414 2839 3500 2893 ille
3530 2842 3617 2908 qui
3649 2851 3743 2895 est

2150 2937 2463 2994 accepturus
2509 2928 2746 2996 ignorat?
2783 2927 2997 2999 Collega
3039 2928 3154 2996 ejus
3194 2943 3223 2981 a
3264 2929 3741 2987 Thubursicubure

2153 3018 2368 3086 quidam
2394 3018 2690 3088 Cyprianus
2716 3034 2837 3073 cum
2866 3018 3168 3088 turpissima
3199 3020 3391 3074 femina
3419 3021 3470 3075 in
3492 3022 3741 3090 lupanari

2149 3108 2531 3178 deprehensus,
2566 3119 2621 3164 et
2656 3110 2926 3164 Pritniano
2958 3110 3290 3182 Carthaginis
3326 3112 3536 3167 oblatus
3571 3123 3745 3184 atque

2146 3200 2426 3254 damnatus
2453 3212 2553 3255 est.
2577 3202 2678 3257 Iste
2704 3202 2916 3271 quando
2946 3205 2965 3234 '
2986 3204 3304 3273 baptizabat,
3320 3214 3604 3275 antequam
3632 3205 3739 3261 de-

2146 3300 2315 3345 tectus
2337 3300 2385 3345 et
2409 3291 2645 3361 abjectus
2674 3301 2836 3357 esset,
2866 3308 2969 3348 non
2994 3294 3173 3362 utique
3199 3294 3425 3350 habebat
3453 3296 3742 3350 conscien-

2146 3385 2270 3438 tiam
2318 3393 2499 3439 sancte
2538 3384 2737 3450 dantis,
2772 3400 2891 3454 qua:
2931 3385 3174 3442 ablueret
3215 3386 3548 3456 accipientis.
3577 3387 3739 3443 Unde

2145 3475 2304 3545 igitur
2332 3475 2496 3528 abluti
2526 3484 2671 3541 sunt,
2698 3476 2787 3544 qui
2818 3475 2975 3530 hodie
3004 3474 3098 3529 illo
3131 3476 3381 3530 damnato
3412 3492 3519 3532 non
3547 3478 3743 3549 utique

2143 3583 2329 3623 rursus
2354 3567 2677 3622 abluuntur?
2696 3567 2811 3621 Non
2837 3577 2949 3621 erat
2975 3581 3197 3621 necesse
3224 3575 3285 3621 ut
3317 3568 3590 3624 hominem
3625 3586 3739 3624 no-

2141 3659 2422 3725 minarem,
2448 3658 2546 3713 nisi
2573 3674 2640 3714 ne
2668 3658 2952 3714 Petilianus
2982 3658 3172 3712 iterum
3204 3659 3407 3714 diceret
3427 3660 3469 3727 ³,
3499 3660 3628 3728 Quis
3654 3676 3745 3719 est

2140 3750 2252 3815 iste,
2292 3760 2378 3803 aut
2421 3750 2554 3804 unde
2599 3750 2867 3820 prosiluit?
2890 3749 2998 3803 Cur
3040 3750 3201 3804 istum
3244 3750 3533 3819 haptistam
3558 3756 3742 3809 vestri

2141 3858 2246 3897 non
2268 3842 2655 3904 discusserunt,
2681 3841 2815 3895 sicut
2837 3840 3067 3896 Joannes
3085 3840 3344 3897 Petiliano
3365 3842 3438 3896 ita
3458 3844 3743 3902 sentiente

2140 3934 2413 3989 discussus
2439 3936 2557 3987 est?
2590 3934 2676 3987 An
2710 3940 2766 3987 et
2794 3931 3159 3987 discusserunt
3195 3942 3451 4002 quantum
3480 3934 3743 3993 homines

2140 4024 2413 4079 hominem
2458 4031 2765 4097 potuerunt,
2811 4022 2902 4078 sed
2951 4031 3127 4085 astuta
3173 4022 3386 4079 ﬁctione
3428 4024 3740 4082 latitantem

2139 4113 2228 4168 diu
2258 4128 2362 4166 non
2395 4111 2746 4166 invenerunt?

2209 4206 2435 4261 CAPUT
2475 4204 2691 4259 XXXV.
2732 4234 2804 4244 --
2841 4204 3079 4275 Hujusne
3113 4219 3248 4274 aqua
3286 4220 3391 4260 non
3425 4214 3540 4260 erat
3568 4222 3732 4261 mem

2136 4298 2258 4361 dax,
2290 4308 2383 4351 aut
2411 4297 2587 4352 oleum
2630 4296 2965 4350 fomicatoris
2995 4312 3101 4351 non
3143 4305 3225 4369 est
3259 4297 3436 4353 oleum
3468 4308 3732 4367 peccato-

2140 4389 2251 4442 ris?
2292 4390 2371 4441 An
2414 4385 2554 4455 quod
2593 4384 2869 4439 Catholica
2904 4385 3054 4450 dicit,
3094 4395 3147 4440 et
3176 4402 3359 4442 verum
3398 4396 3499 4454 est,
3535 4396 3591 4443 et
3634 4388 3736 4444 illa

2136 4492 2271 4547 aqua
2298 4486 2351 4531 et
2381 4476 2506 4530 illud
2536 4475 2711 4531 oleum
2750 4490 2856 4531 non
2887 4476 3004 4545 ejus
3030 4486 3144 4532 erat
3170 4492 3201 4532 a
3236 4493 3344 4547 quo
3382 4478 3723 4535 ministrabat-

2137 4579 2240 4633 tur,
2273 4568 2367 4624 sed
2392 4568 2547 4638 cujus
2569 4568 2637 4622 ibi
2666 4583 2863 4623 nomen
2894 4568 3278 4624 invocabatur?
3301 4569 3408 4625 Cur
3432 4571 3509 4625 illi
3534 4571 3622 4639 qui
3650 4573 3733 4624 ab

2137 4664 2238 4718 isto
2286 4662 2410 4717 ﬁcto
2458 4670 2513 4717 et
2556 4662 2765 4717 occulto
2805 4661 3225 4731 baptizabantur,
3265 4678 3370 4718 non
3417 4661 3731 4733 probabant

2136 4753 2398 4823 Spiritum,
2419 4753 2540 4823 quia
2560 4768 2627 4809 ex
2651 4752 2759 4821 Deo
2778 4766 2884 4807 non
2905 4752 3056 4807 erat?
3076 4752 3302 4822 Spiritus
3331 4754 3473 4809 enim
3499 4762 3729 4809 sanctus

2133 4845 2429 4914 disciplina!
2475 4846 2659 4900 fictum
2706 4843 2939 4914 fugiebat
2968 4844 2985 4913 (
3013 4842 3143 4912 Sap.
3169 4859 3206 4908 t,
3237 4845 3271 4899 5
3295 4845 3348 4914 )‘l
3375 4846 3456 4901 An
3485 4853 3543 4900 et
3566 4844 3727 4899 illum

2136 4936 2385 5007 fugiebat,
2427 4947 2482 4993 et
2523 4952 2617 4991 sua
2645 4936 2985 4992 Sacramenta
3015 4936 3259 5005 quamvis
3290 4952 3383 5005 per
3408 4951 3528 4992 eum
3553 4938 3727 4991 mini-

2134 5036 2297 5083 strata
2335 5043 2441 5081 non
2481 5026 2802 5083 deserebat?
2839 5026 3116 5081 Postremo
3157 5026 3405 5096 quoniam
3451 5026 3565 5081 illos
3610 5040 3729 5081 non

2133 5118 2337 5187 negatis
2360 5118 2591 5182 ablutos,
2614 5133 2748 5187 quos
2772 5117 2862 5172 illo
2880 5116 3130 5172 damnato
3156 5132 3260 5171 non
3281 5117 3479 5173 curatis
3498 5116 3726 5189 abluen-

2132 5206 2268 5272 dos;
2301 5207 2476 5262 videte
2517 5209 2561 5264 si
2606 5217 2683 5262 tot
2725 5206 2933 5262 nebulis
2972 5206 3332 5275 multipliciter
3369 5206 3574 5272 nausa,
3609 5206 3731 5261 ullo

2197 5472 2217 5504 ⁸
2239 5478 2365 5531 Mss,
2388 5470 2668 5534 neinﬂetur.

2194 5535 2393 5603 ξξίξξιὶν
2439 5531 2726 5603 quicquam.
2774 5531 2943 5603 Melius
2986 5539 3111 5603 "se.
3135 5531 3348 5603 W0.-

2199 5595 2220 5627 ³
2242 5592 2385 5650 aditi,
2402 5592 2496 5644 nisi
2521 5592 2776 5644 I’etits'anus
2798 5592 2972 5643 iterum
2996 5592 3209 5654 diceret;
3231 5593 3440 5651 omisso,
3465 5603 3524 5639 ne
3582 5592 3720 5651 mod

2134 5669 2196 5705 ex
2222 5657 2485 5719 manuscrip
2495 5658 2557 5705 tis
2575 5657 2867 5704 restituitur.
