4066 6200
253 293 360 350 369

254 410 377 463 loco
396 403 684 460 Petilianus
712 397 999 469 respondet
1020 394 1158 452 unde
1183 396 1267 451 isti
1295 396 1457 451 abluti
1488 396 1615 461 sint,
1641 396 1689 450 si
1714 411 1843 451 con-

256 497 483 553 scientia
508 502 687 548 sancte
711 491 885 546 dantis
912 489 1222 554 attenditur,
1241 502 1360 559 quae
1384 487 1562 544 abluat
1580 488 1853 559 accipien-

259 591 359 649 tis,
387 602 547 655 quam
576 584 746 638 latens
773 580 1076 636 immundus
1098 578 1292 634 habere
1316 594 1418 634 non
1450 579 1638 648 potuit.

332 680 421 733 ιι.
462 673 605 731 Nihil
632 688 760 741 ergo
785 673 851 727 ad
883 671 983 726 hoc
1009 670 1358 741 respondens,
1387 669 1530 740 quod
1556 671 1623 724 ab
1651 684 1717 726 eo
1747 679 1853 724 tam

260 771 527 823 instanter
556 764 873 834 inquiritur;
901 760 1155 830 deinceps
1181 761 1339 815 etiam
1370 759 1470 814 sibi
1498 760 1747 830 loquendi
1780 760 1858 814 Ia-

263 859 545 914 titudinem
592 866 930 924 cetnparans,
962 850 1087 906 Cum
1118 851 1244 913 lucc,
1276 850 1463 919 inquit,
1499 859 1546 904 et
1586 848 1858 920 Propheta

262 964 309 1005 et
344 948 619 1020 Apostolus
655 953 799 999 caute
837 943 1114 1008 timuerint,
1150 958 1251 1011 qua
1287 925 1451 1010 fronte
1479 952 1532 995 tu
1556 940 1684 996 ilicis
1722 941 1857 1011 quod

262 1050 386 1101 bene
403 1027 722 1097 credentibus
739 1045 972 1092 sanctum
994 1045 1066 1090 est
1084 1032 1347 1105 Baptisma
1367 1033 1678 1103 peccatoris?
1694 1033 1857 1102 Quasi

254 1141 365 1203 'ego
387 1133 469 1188 vel
492 1131 771 1202 quisquam
792 1128 1108 1193 catholicus,
1133 1125 1424 1195 peccatoris
1446 1124 1516 1179 Ba
1525 1126 1715 1194 ptisma
1736 1139 1858 1181 esse

272 1225 430 1286 dicat,
457 1221 600 1293 quod
635 1226 911 1289 peccatore
942 1217 1275 1270 ministrante
1304 1213 1528 1270 traditur
1553 1215 1633 1269 vel
1658 1214 1858 1285 accipi-

269 1327 376 1380 tur,
407 1324 462 1369 et
489 1328 595 1366 non
625 1309 767 1365 illius
799 1309 850 1363 in
882 1308 1034 1377 cujus
1053 1306 1279 1362 credens
1309 1307 1523 1362 nomine
1543 1307 1855 1376 baptizatur.

269 1404 396 1460 Inde
435 1403 546 1474 jam
590 1399 826 1457 excurrit
866 1399 918 1453 in
958 1397 1148 1454 Judam
1191 1396 1531 1463 traditorem,
1564 1407 1620 1453 et
1647 1396 1778 1452 dicit
1803 1398 1857 1453 in

261 1509 392 1551 eum
417 1490 677 1564 quidquid
704 1498 896 1560 potest,
913 1486 1169 1542 adhibens
1197 1486 1495 1542 testimonia
1526 1486 1854 1556 prophetica,

263 1602 387 1656 qua:
411 1583 480 1639 de
511 1583 604 1637 illo
632 1590 778 1636 tanto
813 1588 939 1634 ante
975 1579 1248 1648 prtemissa
1279 1586 1403 1634 sunt
1430 1596 1443 1631 :
1476 1586 1722 1647 tanquam
1751 1577 1858 1632 Ec-

267 1675 493 1730 clesiam
520 1672 715 1729 Christi
744 1680 857 1726 toto
881 1669 1013 1724 orbe
1038 1667 1304 1731 dill'usam,
1327 1668 1477 1737 cujus
1497 1682 1655 1722 causa
1680 1669 1734 1722 in
1760 1666 1860 1723 hac

263 1764 567 1836 qumstione
586 1770 849 1825 versatur,
873 1759 1024 1816 Iuda:
1055 1758 1326 1814 traditoris
1355 1758 1624 1827 impietate
1646 1755 1860 1827 perfun-

262 1856 392 1911 dat:
412 1871 519 1910 non
548 1851 896 1909 considerans
924 1849 1066 1921 quod
1098 1849 1181 1904 vel
1205 1848 1332 1904 hinc
1353 1848 1536 1905 debuit
1559 1848 1857 1915 admoneri,

266 1956 378 2001 tam
403 1960 510 2000 non
533 1957 653 1999 esse
678 1941 1023 1997 dubitandum
1046 1940 1186 1994 illam
1210 1954 1329 1994 esse
1353 1938 1640 1994 Ecclesium
1664 1939 1861 1995 Christi

264 2034 388 2108 quae
438 2034 495 2090 in
545 2033 793 2088 omnibus
837 2031 1087 2101 gentibus
1134 2029 1405 2096 dilatatur,
1453 2030 1701 2098 quoniam
1759 2028 1862 2084 hoc

266 2135 418 2183 tanto
448 2135 575 2181 ante
600 2123 861 2179 veraciter
890 2119 1257 2193 prophetatum
1289 2126 1390 2183 est,
1431 2134 1589 2189 quam
1632 2134 1737 2171 non
1777 2125 1862 2173 est

266 2215 623 2270 dubitandum
674 2212 742 2267 ab
791 2228 897 2266 uno
940 2226 1007 2265 ex
1053 2206 1327 2278 discipulis
1377 2207 1510 2262 tradi
1558 2207 1860 2276 Oportuisso

264 2308 582 2373 Christum,
638 2305 886 2375 quoniam
937 2311 991 2357 et
1046 2300 1147 2355 hoc
1198 2300 1443 2355 similiter
1488 2300 1860 2368 prophetatum

265 2406 371 2453 εει.

334 2486 569 2544 CAPUT
620 2484 860 2541 XXXVI.
886 2513 959 2525 -—
989 2482 1076 2537 42.
1110 2480 1217 2537 Med
1248 2482 1405 2551 plane
1431 2487 1548 2550 post
1574 2479 1689 2533 bzec
1712 2477 1863 2534 Peti—

268 2582 442 2635 lianvts
493 2579 582 2633 ubi
627 2577 694 2632 ad
740 2587 980 2630 nosmtm
1028 2572 1155 2627 illud
1205 2573 1348 2626 venit
1388 2571 1676 2639 objectum,
1719 2568 1861 2638 quod

268 2671 777 2726 Ilaximianistarum
818 2667 1146 2736 Baptismum
1187 2679 1321 2735 quos
1347 2662 1724 2717 damnaverant
1743 2676 1864 2717 sus-

274 2768 536 2832 ceperunt
589 2758 809 2829 (Supra,
837 2757 925 2812 lib.
953 2755 1008 2818 2,
1037 2772 1152 2824 cap.
1181 2753 1269 2820 lt),
1292 2770 1383 2808 nn.
1408 2753 1495 2820 ll,
1520 2752 1610 2825 I2)
1638 2769 1651 2803 :
1675 2767 1862 2823 quam-

273 2855 358 2906 vis
389 2853 441 2906 in
472 2851 632 2920 hujus
655 2849 966 2919 quaestionis
990 2846 1350 2918 propositione
1372 2845 1484 2900 suis
1505 2844 1681 2898 verbis
1702 2859 1859 2913 quam

267 2943 405 2997 meis
429 2942 503 2995 uti
527 2939 809 2994 maluerit:
832 2952 1006 3007 neque
1029 2936 1171 2991 enim
1200 2949 1297 2989 nos
1326 2933 1571 3002 dicimus,
1601 2932 1861 3004 prodesse

272 3033 430 3088 nobis
457 3033 658 3087 debere
686 3030 1011 3100 Baptismum
1042 3034 1398 3097 peccatorum,
1432 3040 1591 3095 quem
1629 3040 1736 3080 non
1775 3038 1865 3080 so-

270 3127 381 3181 lum
410 3131 773 3194 peccatorum,
796 3118 889 3175 sed
912 3119 1179 3173 nullorum
1202 3115 1417 3171 omnino
1439 3114 1710 3169 hominum
1727 3113 1861 3169 dici-

273 3235 414 3282 mus,
455 3218 577 3287 quia
607 3230 728 3269 eum
759 3210 955 3268 Christi
982 3225 1104 3265 esse
1130 3208 1499 3287 cognoscimus
1526 3223 1539 3261 :
1567 3205 1638 3260 ita
1667 3195 1864 3274 quippe

272 3286 551 3379 proposuit
582 3325 597 3361 τ
627 3305 691 3359 At
715 3303 847 3358 enim
874 3301 1195 3372 pertinaciter
1220 3286 1493 3362 asseveras,
1527 3296 1715 3366 inquit,
1745 3295 1864 3366 quia

272 3402 415 3454 debet
438 3399 575 3453 vobis
606 3397 839 3467 prodesse
869 3393 1186 3463 Baptismunt
1226 3398 1561 3461 peccatorum,
1597 3396 1864 3459 propterea

275 3493 397 3558 quia
426 3500 473 3544 et
502 3506 615 3554 nos,
645 3496 697 3541 ut
727 3485 920 3550 dixisti,
951 3498 1153 3537 reorum
1190 3497 1315 3552 quos
1342 3480 1481 3549 justo
1514 3478 1863 3532 damnavimus

278 3580 597 3652 Baptisnwm
621 3590 991 3631 canservamus.
1016 3571 1114 3628 Ubi
1140 3570 1205 3624 ad
1237 3570 1371 3623 hanc
1395 3568 1744 3637 qumstionem
1772 3581 1865 3622 ve-

279 3674 374 3733 nit.
401 3681 458 3726 ut
480 3669 613 3734 disi,
640 3666 816 3723 omnis
843 3680 964 3720 eum
990 3663 1149 3718 etiam
1175 3659 1418 3714 simulata
1447 3672 1617 3728 pugna
1648 3654 1861 3711 defecit.

279 3760 396 3829 Quo
420 3761 548 3825 iret,
570 3773 671 3826 qua
703 3756 892 3820 exiret,
915 3767 1020 3823 quo
1040 3750 1184 3807 aditu
1208 3754 1540 3818 perscrutato
1564 3752 1654 3797 aut
1680 3742 1864 3797 molito

281 3852 363 3907 vel
393 3849 640 3907 clanculo
666 3845 936 3908 evaderet,
963 3842 1048 3897 vel
1080 3841 1127 3895 vi
1155 3845 1478 3907 erumperet,
1509 3850 1611 3888 non
1642 3833 1863 3887 invenit.

281 3941 419 3997 Licet
450 3942 568 4005 hoc,
610 3937 799 4007 inquit,
835 3931 1054 3988 secundo
1086 3928 1213 3984 libro
1249 3928 1602 3988 demonstrem,
1624 3932 1865 3992 quantum

282 4036 411 4089 inter
433 4042 635 4089 nostros
663 4028 858 4083 intersit
885 4036 932 4080 et
958 4032 1142 4078 uestros
1174 4036 1299 4091 quos
1338 4018 1502 4072 dicitis
1539 4017 1825 4070 innocentes
1845 4028 1866 4068 :

268 4102 449 4182 tamen
481 4122 685 4179 interim
718 4137 805 4175 vos
838 4120 981 4191 prius
1002 4134 1035 4170 a
1062 4115 1370 4186 collegarum
1393 4120 1667 4166 vestrorum
1697 4107 1869 4162 crimi-

284 4216 429 4272 nibus
463 4230 579 4286 qua:
619 4213 778 4266 nostis
815 4209 1006 4278 eripite,
1036 4215 1083 4261 et
1109 4205 1183 4260 sic
1211 4204 1273 4257 de
1299 4203 1361 4257 iis
1397 4217 1520 4273 quos
1557 4198 1821 4269 abjicimus
1847 4198 1865 4228 ¹

283 4308 528 4378 exquirite
541 4305 807 4359 rationem.
828 4301 917 4354 Sic
934 4295 1252 4366 respondeat
1266 4288 1484 4363 quisqua
1493 4307 1542 4345 m
1568 4289 1865 4355 hominum,

283 4398 362 4452 sic
404 4392 757 4465 reSpondeat,
802 4390 903 4444 nisi
942 4387 1031 4458 qui
1069 4384 1280 4440 veritati
1323 4381 1655 4445 adversatur,
1683 4388 1868 4433 contra

282 4502 441 4558 quam
465 4500 573 4541 non
602 4480 806 4537 invenit
828 4476 955 4549 quid
977 4474 1360 4545 reSpondeatur
1380 4472 1435 4525 '?
1457 4472 1511 4527 Si
1538 4485 1670 4541 ergo
1691 4479 1743 4524 et
1771 4484 1869 4524 nos

284 4576 470 4633 eadem
504 4573 669 4635 verba
711 4570 974 4634 dicamus,
1018 4566 1232 4621 Interim
1273 4578 1369 4617 vos
1406 4561 1555 4633 prius
1580 4575 1611 4614 a
1636 4561 1869 4630 collega-

283 4681 402 4721 rum
433 4674 729 4721 vestrorum
758 4657 1072 4715 criminibus
1099 4670 1218 4726 quae
1254 4653 1422 4708 nostis
1463 4650 1684 4719 eripite,
1711 4659 1762 4703 et
1792 4649 1870 4703 sic

282 4757 441 4812 nobis
470 4756 538 4810 de
576 4754 660 4807 his
695 4766 829 4823 quos
856 4748 1054 4819 putatis
1080 4744 1222 4816 apud
1251 4758 1349 4798 nos
1376 4741 1546 4797 malos
1576 4739 1738 4793 ullum
1766 4738 1873 4792 cri-

282 4866 408 4906 men
430 4847 644 4918 objicite
665 4863 678 4899 :
701 4844 911 4914 utrique
929 4838 1173 4907 vicimus,
1191 4852 1258 4892 an
1286 4835 1496 4905 utrique
1513 4832 1633 4887 victi
1653 4844 1835 4886 sumus
1847 4829 1875 4885 ἓ

344 5009 364 5041 ⁸
388 5004 532 5065 Idm,
837 5010 978 5065 apro
1013 4992 1470 5065 φιμοῑωξίριιεεξ.
1491 4985 1871 5065 assistam

278 5069 372 5119 sibi
398 5060 885 5129 legendum,

948 5046 1001 5134 in
1285 5057 1496 5134 Eii-1°53:
1804 5104 1844 5134 ’δ

344 5108 372 5163 ῖ
388 5108 1113 5196 ἱιῗὴῐῶεἶίίῖἱῖέ
1119 5108 1872 5196 Μεμείιέἑδηὲἓίτθίτὲτέᾅηιηὲ

738 5180 840 5254 συί.
857 5176 1052 5254 υὲνθατέ
1072 5176 1586 5254 ,ςιέἕτεῖξέυὲἷιΞἮῙΞ
1600 5178 1873 5254 Ἠξίωπέ

276 5231 996 5312 ὶιιῗὲιῖξι“ἷιὶι”ὶᾶἲὲἓρῖιῆδῆαωο
1023 5240 1170 5312 illi“,
1190 5231 1875 5312 g‘lef’fﬁ’ffq’fim

276 5294 643 5372 ",mm'mmﬁ'gg
663 5294 1087 5372 imaque
1119 5294 1410 5372 αὶιίρεῖξξαέί
1427 5294 1873 5372 Εείιξῖὲἓαζι

274 5351 640 5436 ἦῖτῖᾶἠῖἓῖ
994 5351 999 5352 ί
1011 5351 1294 5436 istth
1310 5356 1334 5407 Ρ
1348 5351 1871 5436 Εξὲειιέἓίέυὲὲθὲἑῒ

275 5410 993 5497 δωῖζέςξῖτξξιῖεῇέίξζῖ.
1014 5410 1477 5481 ήόέει,ειθω.ειοίι.,
1498 5429 1610 5479 pss-
1629 5413 1739 5471 555,
1760 5410 1870 5470 556.

270 5516 627 5578 ωιιξαίιιιίδ
661 5509 998 5578 adservati".
1036 5505 1231 5578 ῐιιιηδίξ
1256 5498 1871 5578 Ρῑὶῐξςέἒιῖὲπξθέἓὲ,ξτέ,¹ἐέἣ’

271 5557 946 5638 mammeata?
962 5557 1186 5638 dum
1208 5557 1869 5638 ιιοῑηέηςηηι-ῑςξρςτιίὶςξξές

266 5614 372 5688 ἦιᾶ
391 5614 503 5698 iiii
517 5614 1221 5698 Veil-"tit'aaiéfsiztrj'zma
1244 5636 1388 5688 quant
1410 5635 1504 5673 non
1542 5614 1720 5672 irtae'nit
1753 5614 1871 5680 quid

266 5695 630 5761 respondeatur
654 5695 679 5746 ξ)
865 5699 924 5742 It.

1571 279 1772 334 LIBER
1808 278 2127 336 TERTIUS.

3421 289 3529 348 370

1965 392 2075 447 lmo
2097 406 2225 446 vero
2251 389 2344 448 ille
2365 393 2489 448 vicit
2508 407 2604 462 pro
2626 394 2863 451 Ecclesia
2889 411 2984 452 sua
3005 408 3056 452 et
3086 399 3138 453 in
3160 399 3396 456 Ecclesia
3422 417 3540 472 sua,

1959 483 2049 554 qui
2079 496 2177 537 nos
2205 481 2384 537 docuit
2413 484 2464 537 in
2493 482 2766 553 Scriptura
2795 502 2912 548 sua,
2940 497 2997 541 ut
3025 502 3185 543 nemo
3206 490 3463 560 glorietur
3487 494 3541 548 in

1961 575 2195 640 homine,
2219 584 2272 629 et
2293 585 2347 628 ut
2366 577 2453 644 qui
2474 577 2749 645 gloriatur,
2771 578 2825 632 in
2844 578 3065 632 Domino
3083 581 3339 650 glorietur
3356 582 3397 653 (I
3417 581 3540 640 Cor.

1962 681 2038 730 tu,
2066 666 2157 731 2i,
2187 676 2297 727 ett.
2321 668 2435 737 5i).
2480 668 2623 724 Ecce
2660 670 2807 724 enim
2853 686 2971 737 nos,
3020 673 3110 742 qui
3155 688 3275 729 eum
3307 677 3557 731 veritatis

1960 759 2173 829 eloquio
2201 758 2449 823 dicimus,
2477 773 2581 814 non
2602 760 2882 829 justiﬁcari
2903 763 3207 818 credentem
3233 764 3302 818 ab
3328 766 3543 822 homine

1960 864 1991 904 a
2032 864 2138 920 quo
2178 849 2493 918 baptizatur,
2530 851 2629 907 sed
2660 852 2729 907 ab
2761 852 2854 907 illo
2887 853 2955 908 de
2991 866 3096 923 quo
3137 854 3392 924 scriptum
3436 868 3538 918 est.

1961 938 2196 993 Credenti
2218 940 2269 993 in
2288 956 2399 994 eum
2420 941 2506 1011 qui
2515 942 2767 1012 justiﬁcat
2789 943 3019 1013 impium,
3038 944 3307 1014 deputatur
3324 947 3452 1014 ﬁdes
3472 948 3539 1001 ad

1950 1030 2205 1101 justitiam
2231 1028 2404 1104 (Rom.
2433 1048 2503 1097 tv,
2527 1033 2587 1105 5)
2609 1049 2625 1097 ;
2648 1033 2898 1102 quoniam
2926 1049 3029 1087 non
3059 1034 3350 1104 gloriantur
3375 1037 3427 1090 in
3450 1039 3543 1092 ho-

1961 1123 2121 1186 mine,
2170 1123 2494 1193 nitituurque
2537 1122 2774 1180 donante
2818 1123 2955 1194 ipso,
2992 1139 3112 1180 cum
3148 1127 3457 1197 gloriamur,
3490 1128 3543 1183 in

1964 1212 2191 1266 Domino
2235 1212 2670 1284 gloriari;quam
2717 1215 2891 1269 securi
2939 1229 3147 1281 sumus,
3185 1217 3439 1288 quidquid
3477 1218 3547 1273 de

1960 1301 2277 1374 quibusdam
2325 1310 2521 1359 nostrae
2562 1305 2955 1361 communionis
3000 1304 3303 1363 hominibus
3348 1309 3547 1366 erroris

1962 1402 2053 1446 aut
2082 1392 2322 1449 criminis
2358 1393 2591 1464 probare
2629 1394 2896 1464 potuerit?
2925 1396 3080 1466 Apud
3117 1410 3213 1451 uos
3248 1397 3389 1452 enim
3428 1399 3548 1468 qni-

1961 1498 2191 1555 cumque
2230 1484 2355 1539 mali
2394 1484 2481 1540 vel
2518 1486 2728 1555 penitus
2756 1485 2943 1552 latent,
2970 1487 3057 1542 vel
3088 1487 3402 1558 quibusdam
3432 1490 3545 1544 noti

1962 1582 2179 1644 propter
2212 1574 2382 1631 bonos
2408 1575 2604 1646 quibus
2645 1576 2813 1647 ignoti
2844 1585 2988 1642 sunt,
3011 1586 3067 1632 et
3088 1578 3228 1648 apud
3261 1588 3397 1649 quos
3416 1595 3546 1635 con-

1962 1667 2100 1725 vinci
2126 1682 2233 1723 non
2264 1676 2507 1737 possunt,
2534 1678 2751 1739 propter
2778 1669 2996 1725 unitatis
3025 1681 3078 1725 et
3106 1671 3252 1740 pacis
3278 1671 3545 1727 vinculum

1964 1759 2279 1825 tolerantur,
2303 1775 2370 1815 ne
2393 1774 2515 1816 cum
2543 1761 2761 1817 zizaniis
2790 1762 3092 1817 eradicatur
3111 1771 3167 1818 et
3192 1763 3453 1830 triticum;
3473 1762 3551 1819 ita.

1961 1865 2074 1907 suae
2098 1852 2314 1908 malitiae
2338 1853 2602 1908 sarcinam
2636 1861 2867 1923 portant,
2894 1863 2953 1909 ut
2977 1867 3099 1909 eam
3136 1868 3256 1909 cum
3282 1854 3362 1910 eis
3386 1868 3547 1910 nemo

1962 1943 2340 2010 communicet,
2374 1942 2476 1998 nisi
2504 1942 2699 2013 quibus
2723 1958 2910 1999 eorum
2941 1944 3191 2014 iniquitas
3216 1945 3410 2014 placet.
3436 1944 3545 2001 Ne-

1963 2048 2066 2103 que
2085 2034 2228 2089 enim
2257 2035 2564 2099 metuimus,
2589 2050 2656 2089 ne
2686 2049 2820 2105 quos
2845 2034 3111 2104 baptizata
3136 2035 3411 2104 jnstlllcari
3438 2050 3547 2090 non

1964 2123 2202 2193 possint;
2230 2139 2352 2181 cum
2379 2125 2452 2179 illi
2478 2125 2531 2180 in
2561 2140 2683 2180 eum
2702 2124 2924 2180 credant
2941 2125 3031 2196 qui
3055 2125 3317 2196 justilicat
3332 2126 3544 2196 impios,

1964 2222 2020 2268 ut
2043 2213 2328 2283 deputetur
2353 2214 2487 2270 lldes
2512 2230 2697 2271 eorum
2725 2215 2790 2270 ad
2818 2215 3076 2283 justitiam
3104 2215 3292 2286 (Ibid,
3320 2214 3399 2277 ὅ).

2031 2301 2256 2360 CAPUT
2304 2303 2570 2359 XXXVII.
2594 2335 2666 2345 —
2699 2305 2786 2360 l5.
2830 2304 3063 2361 Proinde
3103 2306 3243 2374 apud
3282 2320 3402 2370 nos,
3447 2321 3548 2363 nec

1964 2396 2053 2451 ille
2078 2412 2236 2466 quem
2263 2397 2397 2452 dixit
2442 2412 2473 2452 a
2513 2397 2665 2453 nobis
2704 2399 2722 2430 ⁸
2764 2407 2982 2467 propter
3018 2396 3410 2453 Sodomitarum
3437 2399 3548 2454 cri-

1964 2502 2084 2543 men
2110 2488 2396 2558 abjectum,
2418 2488 2548 2544 etin
2577 2488 2754 2543 locum
2782 2488 2900 2558 ejus
2923 2488 3148 2543 alterum
3177 2489 3546 2556 constitutum,

1962 2586 2016 2632 et
2040 2590 2224 2632 rursus
2251 2576 2350 2647 ipsi
2378 2587 2560 2632 nostro
2582 2578 2809 2647 collegio
2832 2577 3121 2644 redditum,
3152 2578 3395 2632 nesciens
3419 2578 3548 2648 quid

1962 2666 2240 2735 loquatur;
2286 2680 2385 2721 nec
2418 2666 2507 2721 ille
2537 2681 2694 2736 quem
2721 2666 2860 2735 apud
2887 2682 2980 2722 vos
3007 2666 3353 2737 ptenitentem
3379 2665 3548 2723 fuisse

1962 2766 2366 2825 commemorat,
2394 2770 2728 2828 quocumque
2758 2756 3111 2825 modoeorum
3126 2770 3302 2813 causa:
3328 2756 3548 2813 defendi

1962 2851 2076 2905 sive
2104 2850 2313 2920 possint
2330 2849 2450 2905 sive
2478 2863 2583 2904 non
2612 2848 2837 2919 possint,
2860 2847 3059 2918 aliquid
3080 2847 3427 2919 praejudicant
3444 2847 3547 2903 Ee-

1963 2940 2140 2996 clesia:
2169 2940 2286 3004 Dei.
2335 2954 2454 3011 quae
2501 2952 2597 3009 per
2636 2953 2825 2995 omnes
2869 2947 3054 3010 gentes
3093 2938 3443 3006 diffunditur,
3491 2947 3553 2994 et

1963 3030 2154 3086 crescit
2181 3031 2234 3086 in
2262 3029 2461 3086 mundo
2491 3045 2658 3101 usque
2683 3029 2750 3085 ω
2781 3044 3008 3085 messem
3041 3047 3055 3083 :
3087 3029 3139 3083 in
3182 3042 3286 3100 qua
3328 3030 3376 3085 si
3420 3043 3550 3085 vero

1957 3123 2086 3178 mali
2119 3132 2242 3178 sunt
2264 3135 2401 3193 quos
2421 3122 2703 3186 accusatis,
2735 3135 2841 3177 non
2862 3120 2973 3192 jam
3016 3121 3069 3176 iu
3110 3120 3222 3187 illa,
3252 3120 3348 3176 sed
3375 3121 3428 3175 in
3456 3135 3551 3190 pa-

1967 3202 2061 3271 leis
2089 3218 2204 3285 ejus
2231 3223 2390 3280 sunt;
2433 3216 2477 3268 si
2518 3222 2693 3268 autem
2735 3212 2860 3267 hbui
2904 3222 3048 3281 sunt,
3088 3228 3208 3268 cum
3234 3227 3331 3269 eos
3355 3213 3549 3283 iniquis

1964 3305 2723 3373 criminationibusinfamatis,
2747 3305 2847 3376 ipsi
2863 3305 3007 3360 velut
3024 3319 3210 3361 aurum
3235 3304 3545 3376 probantur,

1968 3398 2117 3454 vobis
2142 3399 2193 3452 in
2226 3397 2391 3466 palea-
2420 3394 2820 3451 similitudinem
2843 3394 3151 3451 ardentibus
3191 3415 3208 3451 :
3251 3395 3440 3452 alienis
3465 3405 3549 3451 ta-

1966 3504 2086 3544 men
2117 3489 2351 3558 peccatis
2372 3503 2477 3541 non
2506 3487 2800 3542 maculatur
2825 3487 3084 3552 Ecclesia,
3111 3502 3230 3558 quae
3254 3489 3551 3543 secundum

1967 3579 2303 3634 ﬁdelissimus
2353 3577 2660 3647 prophetias
2696 3587 2807 3631 toto
2845 3586 3104 3632 terrarum
3135 3577 3267 3632 orbe
3309 3577 3544 3642 dilatata,

1969 3670 2125 3724 {litem
2156 3668 2334 3722 saeculi
2363 3676 2610 3735 tanquam
2639 3668 2785 3721 littus
2812 3676 3105 3735 exspectat,
3145 3681 3252 3735 quo
3296 3666 3548 3735 perducta

1967 3766 2146 3811 careat
2173 3755 2406 3826 piscibus
2430 3754 2601 3820 malis,
2629 3769 2751 3809 cum
2776 3754 2967 3822 quibus
2992 3754 3129 3808 intra
3152 3753 3338 3809 eadem
3370 3754 3547 3809 domi-

1969 3849 2086 3904 nica
2113 3847 2264 3913 retia,
2297 3843 2547 3914 quamdiu
2575 3842 2817 3914 separari
2843 3842 2913 3897 ab
2946 3844 3025 3897 eis
3064 3842 3406 3912 impatienter
3441 3856 3550 3898 non

1968 3936 2172 4001 debuit,
2203 3946 2407 3991 naturae
2437 3932 2842 3989 incommoditas
2866 3931 2992 3987 ferri
3022 3931 3192 4003 potuit
3217 3931 3548 3987 innocenter.

1968 4026 2079 4083 Nec
2105 4035 2383 4097 prepterea
2414 4034 2590 4079 tamen
2633 4022 2991 4079 ecclesiastica
3017 4022 3296 4092 disciplina
3325 4020 3551 4092 negligi-

1970 4129 2058 4175 tur
2084 4134 2114 4172 a
2141 4116 2507 4173 constantibus
2532 4126 2587 4171 et
2613 4114 2955 4185 diligentibus
2978 4121 3033 4169 et
3056 4111 3406 4183 prudentibus
3435 4112 3548 4168 dis-

1972 4209 2343 4282 pensatoribus
2367 4206 2582 4271 Christi,
2615 4205 2701 4259 ubi
2732 4204 2955 4260 crimina
3012 4203 3083 4258 ita
3121 4202 3549 4269 manifestantur,

1971 4313 2030 4359 ut
2055 4303 2197 4358 nulla
2230 4300 2432 4370 possint
2455 4297 2711 4370 probabili
2740 4298 2945 4352 ratione
2962 4294 3197 4352 defendi.
3225 4288 3449 4351 ExStant
3471 4295 3555 4350 in-

1973 4394 2319 4453 numerabilia
2347 4392 2661 4448 documenta
2686 4390 2738 4444 in
2765 4391 2845 4444 eis
2870 4390 2955 4459 qui
2988 4389 3067 4444 vel
3098 4387 3334 4459 episcopi
3362 4388 3453 4443 vel
3469 4387 3551 4442 alo

1975 4486 2138 4542 terius
2166 4480 2528 4553 hujuscemodi
2550 4480 2746 4551 gradus
2765 4479 2945 4534 clerici
2976 4477 3283 4543 l‘nerunt,.ct
3308 4491 3449 4532 nunc
3468 4476 3555 4533 de-
3604 4470 3607 4471 ⁷

1975 4576 2178 4648 gradati
2218 4574 2305 4630 vel
2351 4571 2553 4643 pudore
2599 4575 2651 4625 in
2694 4570 2832 4625 alias
2871 4577 3040 4623 terras
3081 4567 3346 4632 abierunt,
3376 4565 3461 4622 vel
3486 4567 3553 4622 ad

1975 4681 2077 4723 vos
2099 4666 2244 4735 ipsos
2270 4672 2362 4719 aut
2385 4662 2452 4717 ad
2472 4662 2602 4716 alias
2628 4660 2862 4716 haereses
2889 4657 3232 4724 transierunt,
3254 4657 3341 4712 vel
3365 4656 3419 4711 in
3444 4656 3558 4713 suis

1974 4758 2276 4829 regionibus
2323 4755 2434 4811 noti
2479 4762 2606 4809 sunt
2645 4770 2658 4807 :
2703 4762 2931 4822 quorum
2979 4756 3125 4802 tanta
3155 4756 3238 4802 est
3273 4745 3559 4804 multitudo

1974 4849 2212 4919 dispersa
2243 4862 2336 4917 per
2380 4852 2569 4909 terras,
2626 4852 2685 4897 ut
2722 4841 2768 4895 si
2815 4854 2934 4896 eam
2974 4838 3264 4894 Petilianus
3292 4834 3557 4892 refrenata

1975 4940 2244 5011 paululum
2296 4932 2642 4992 maledicendi
2689 4931 2991 4987 temeritate
3027 4928 3306 4999 cogitaret,
3352 4939 3561 4995 nequa-

1975 5044 2136 5102 quam
2161 5028 2377 5085 caderet
2418 5026 2470 5080 in
2508 5033 2613 5081 tam
2656 5030 2843 5092 aperte
2888 5020 3075 5074 falsam
3103 5028 3403 5085 vanamque
3431 5026 3558 5068 seu-

1978 5124 2219 5185 tentiam,
2248 5132 2352 5189 qua
2380 5116 2661 5172 dicendum
2685 5113 2840 5168 nobis
2864 5118 3077 5182 putaret
3105 5126 3120 5164 :
3149 5106 3315 5163 Nemo
3340 5113 3557 5161 uestrum

1977 5222 2048 5268 est
2068 5214 2320 5272 innocens,
2344 5208 2429 5261 ubi
2455 5223 2568 5261 reus
2591 5221 2735 5259 nemo
2753 5203 3043 5256 damnatur.

1999 5302 2007 5308 ’
2048 5301 2272 5359 CAPUT
2298 5295 2585 5355 XXXVIII.
2612 5325 2683 5336 —
2711 5294 2803 5351 Hi
2828 5292 2899 5350 Ut
2919 5291 3063 5348 enim
3088 5289 3221 5345 alios
3239 5285 3481 5341 omittam
3502 5279 3558 5336 in

1977 5393 2202 5450 diversis
2230 5390 2388 5446 terris
2416 5387 2746 5450 habitantes;
2772 5384 2865 5439 vix
2890 5380 3032 5437 enim
3060 5377 3252 5434 alicubi
3281 5374 3431 5430 deest
3457 5371 3560 5427 hoc

2043 5549 2060 5579 ³
2087 5544 2227 5602 aditi,
2250 5555 2281 5593 a
2312 5539 2439 5591 vobis
2466 5551 2484 5589 :
2511 5546 2563 5602 et
2586 5535 2727 5599 paulo
2743 5541 2893 5602 post,
2916 5545 3005 5584 nec
3041 5528 3125 5582 ille
3146 5539 3287 5602 quem
3307 5529 3440 5602 opim

1980 5586 2298 5671 ρωηᾘὶὲιῖι.
2315 5586 2533 5664 Utroque
2549 5586 2659 5650 loco
2679 5586 2941 5647 Gallicanos
2966 5586 3169 5644 veteres
3184 5586 3377 5639 codices
3395 5599 3453 5636 Se
3465 5586 3560 5649 lui-

1984 5680 2107 5719 mur.
