  <div class='ocr_page' id='page_1' title='image "/cluster/home/n/w/nwhite01/storage/ocr_20150623/43/hvd.32044096580659/191.png"; bbox 0 0 4066 6200; ppageno 0'>
   <div class='ocr_carea' id='block_1_1' title="bbox 548 330 2990 407">
    <p class='ocr_par' dir='ltr' id='par_1_1' title="bbox 548 330 2990 407">
     <span class='ocr_line' id='line_1_1' title="bbox 548 330 2990 407; baseline 0.002 -27"><span class='ocrx_word' id='word_1_1' title='bbox 548 352 638 407; x_wconf 60' lang='grc' dir='ltr'><strong>δτι</strong></span> <span class='ocrx_word' id='word_1_2' title='bbox 1426 332 1698 388; x_wconf 71' lang='lat' dir='ltr'><strong>CONTRA</strong></span> <span class='ocrx_word' id='word_1_3' title='bbox 1741 330 2075 387; x_wconf 77' lang='lat' dir='ltr'><strong>LITTERAS</strong></span> <span class='ocrx_word' id='word_1_4' title='bbox 2116 330 2486 398; x_wconf 75' lang='lat' dir='ltr'><strong>PETILIANl,</strong></span> <span class='ocrx_word' id='word_1_5' title='bbox 2530 332 2585 387; x_wconf 92' lang='lat' dir='ltr'><strong>S.</strong></span> <span class='ocrx_word' id='word_1_6' title='bbox 2626 334 2990 389; x_wconf 64' lang='lat' dir='ltr'><strong>AUGUSTth</strong></span> 
     </span>
    </p>
   </div>
   <div class='ocr_carea' id='block_1_2' title="bbox 550 447 2127 525">
    <p class='ocr_par' dir='ltr' id='par_1_2' title="bbox 550 447 2127 525">
     <span class='ocr_line' id='line_1_2' title="bbox 550 447 2127 525; baseline -0.006 -17"><span class='ocrx_word' id='word_1_7' title='bbox 550 469 717 525; x_wconf 61' lang='lat' dir='ltr'><strong>genus</strong></span> <span class='ocrx_word' id='word_1_8' title='bbox 744 453 1033 513; x_wconf 79' lang='lat' dir='ltr'><strong>hominum</strong></span> <span class='ocrx_word' id='word_1_9' title='bbox 1066 465 1170 518; x_wconf 88' lang='lat' dir='ltr'><strong>quo</strong></span> <span class='ocrx_word' id='word_1_10' title='bbox 1198 457 1451 517; x_wconf 86' lang='lat' dir='ltr'><strong>appareat</strong></span> <span class='ocrx_word' id='word_1_11' title='bbox 1480 449 1689 517; x_wconf 86' lang='lat' dir='ltr'><strong>iniquos</strong></span> <span class='ocrx_word' id='word_1_12' title='bbox 1717 447 2029 516; x_wconf 32' lang='lat' dir='ltr'><strong>praepositos</strong></span> <span class='ocrx_word' id='word_1_13' title='bbox 2064 459 2127 499; x_wconf 93' lang='lat' dir='ltr'><strong>ac</strong></span> 
     </span>
    </p>
   </div>
   <div class='ocr_carea' id='block_1_3' title="bbox 550 537 2127 605">
    <p class='ocr_par' dir='ltr' id='par_1_3' title="bbox 550 537 2127 605">
     <span class='ocr_line' id='line_1_3' title="bbox 550 537 2127 605; baseline -0.006 -6"><span class='ocrx_word' id='word_1_14' title='bbox 550 546 841 605; x_wconf 83' lang='lat' dir='ltr'><strong>ministros,</strong></span> <span class='ocrx_word' id='word_1_15' title='bbox 875 551 928 595; x_wconf 91' lang='lat' dir='ltr'><strong>et</strong></span> <span class='ocrx_word' id='word_1_16' title='bbox 966 542 1016 594; x_wconf 93' lang='lat' dir='ltr'><strong>in</strong></span> <span class='ocrx_word' id='word_1_17' title='bbox 1056 539 1314 594; x_wconf 86' lang='lat' dir='ltr'><strong>catholica</strong></span> <span class='ocrx_word' id='word_1_18' title='bbox 1361 539 1596 594; x_wconf 82' lang='lat' dir='ltr'><strong>Ecclesia</strong></span> <span class='ocrx_word' id='word_1_19' title='bbox 1636 540 1807 593; x_wconf 84' lang='lat' dir='ltr'><strong>solere</strong></span> <span class='ocrx_word' id='word_1_20' title='bbox 1845 537 2082 591; x_wconf 89' lang='lat' dir='ltr'><strong>damnari</strong></span> <span class='ocrx_word' id='word_1_21' title='bbox 2115 555 2127 589; x_wconf 91' lang='lat'>:</span> 
     </span>
    </p>
   </div>
   <div class='ocr_carea' id='block_1_4' title="bbox 552 628 2132 700">
    <p class='ocr_par' dir='ltr' id='par_1_4' title="bbox 552 628 2132 700">
     <span class='ocr_line' id='line_1_4' title="bbox 552 628 2132 700; baseline -0.006 -9"><span class='ocrx_word' id='word_1_22' title='bbox 552 637 905 691; x_wconf 78' lang='lat' dir='ltr'><strong>Milevitanum</strong></span> <span class='ocrx_word' id='word_1_23' title='bbox 937 634 1224 687; x_wconf 85' lang='lat' dir='ltr'><strong>Honorium</strong></span> <span class='ocrx_word' id='word_1_24' title='bbox 1252 632 1318 686; x_wconf 91' lang='lat' dir='ltr'><strong>de</strong></span> <span class='ocrx_word' id='word_1_25' title='bbox 1345 632 1584 699; x_wconf 83' lang='lat' dir='ltr'><strong>proximo</strong></span> <span class='ocrx_word' id='word_1_26' title='bbox 1614 631 1780 700; x_wconf 88' lang='lat' dir='ltr'><strong>potuit</strong></span> <span class='ocrx_word' id='word_1_27' title='bbox 1812 629 2024 684; x_wconf 89' lang='lat' dir='ltr'><strong>intueri.</strong></span> <span class='ocrx_word' id='word_1_28' title='bbox 2056 628 2132 682; x_wconf 88' lang='lat' dir='ltr'><strong>De</strong></span> 
     </span>
    </p>
   </div>
   <div class='ocr_carea' id='block_1_5' title="bbox 552 718 2130 794">
    <p class='ocr_par' dir='ltr' id='par_1_5' title="bbox 552 718 2130 794">
     <span class='ocr_line' id='line_1_5' title="bbox 552 718 2130 794; baseline -0.008 -15"><span class='ocrx_word' id='word_1_29' title='bbox 552 724 875 794; x_wconf 86' lang='lat' dir='ltr'><strong>Splendonio</strong></span> <span class='ocrx_word' id='word_1_30' title='bbox 915 738 1062 787; x_wconf 88' lang='lat' dir='ltr'><strong>vero,</strong></span> <span class='ocrx_word' id='word_1_31' title='bbox 1093 737 1250 791; x_wconf 86' lang='lat' dir='ltr'><strong>quem</strong></span> <span class='ocrx_word' id='word_1_32' title='bbox 1281 722 1561 775; x_wconf 90' lang='lat' dir='ltr'><strong>diaconum</strong></span> <span class='ocrx_word' id='word_1_33' title='bbox 1595 722 1645 774; x_wconf 93' lang='lat' dir='ltr'><strong>in</strong></span> <span class='ocrx_word' id='word_1_34' title='bbox 1680 718 1951 773; x_wconf 80' lang='lat' dir='ltr'><strong>Catholica</strong></span> <span class='ocrx_word' id='word_1_35' title='bbox 1979 718 2130 791; x_wconf 79' lang='lat' dir='ltr'><strong>dam-</strong></span> 
     </span>
    </p>
   </div>
   <div class='ocr_carea' id='block_1_6' title="bbox 555 808 2133 882">
    <p class='ocr_par' dir='ltr' id='par_1_6' title="bbox 555 808 2133 882">
     <span class='ocr_line' id='line_1_6' title="bbox 555 808 2133 882; baseline -0.005 -13"><span class='ocrx_word' id='word_1_36' title='bbox 555 825 755 878; x_wconf 91' lang='lat' dir='ltr'><strong>natum,</strong></span> <span class='ocrx_word' id='word_1_37' title='bbox 784 823 838 868; x_wconf 90' lang='lat' dir='ltr'><strong>et</strong></span> <span class='ocrx_word' id='word_1_38' title='bbox 861 829 889 867; x_wconf 94' lang='lat' dir='ltr'><strong>a</strong></span> <span class='ocrx_word' id='word_1_39' title='bbox 918 828 976 867; x_wconf 90' lang='lat' dir='ltr'><strong>se</strong></span> <span class='ocrx_word' id='word_1_40' title='bbox 1005 814 1384 881; x_wconf 88' lang='lat' dir='ltr'><strong>rebaptizatum</strong></span> <span class='ocrx_word' id='word_1_41' title='bbox 1414 811 1780 882; x_wconf 84' lang='lat' dir='ltr'><strong>presbyterum</strong></span> <span class='ocrx_word' id='word_1_42' title='bbox 1810 810 1950 870; x_wconf 80' lang='lat' dir='ltr'><strong>fecit,</strong></span> <span class='ocrx_word' id='word_1_43' title='bbox 1983 808 2133 876; x_wconf 83' lang='lat' dir='ltr'><strong>cujus</strong></span> 
     </span>
    </p>
   </div>
   <div class='ocr_carea' id='block_1_7' title="bbox 550 901 2132 960">
    <p class='ocr_par' dir='ltr' id='par_1_7' title="bbox 550 901 2132 960">
     <span class='ocr_line' id='line_1_7' title="bbox 550 901 2132 960; baseline -0.005 0"><span class='ocrx_word' id='word_1_44' title='bbox 550 910 602 960; x_wconf 92' lang='lat' dir='ltr'><strong>in</strong></span> <span class='ocrx_word' id='word_1_45' title='bbox 647 906 815 960; x_wconf 86' lang='lat' dir='ltr'><strong>Gallia</strong></span> <span class='ocrx_word' id='word_1_46' title='bbox 859 904 1253 958; x_wconf 75' lang='lat' dir='ltr'><strong>damnationem</strong></span> <span class='ocrx_word' id='word_1_47' title='bbox 1300 902 1364 957; x_wconf 90' lang='lat' dir='ltr'><strong>ad</strong></span> <span class='ocrx_word' id='word_1_48' title='bbox 1416 917 1513 956; x_wconf 88' lang='lat' dir='ltr'><strong>nos</strong></span> <span class='ocrx_word' id='word_1_49' title='bbox 1554 917 1583 955; x_wconf 87' lang='lat' dir='ltr'><strong>a</strong></span> <span class='ocrx_word' id='word_1_50' title='bbox 1624 901 1873 955; x_wconf 82' lang='lat' dir='ltr'><strong>fratribus</strong></span> <span class='ocrx_word' id='word_1_51' title='bbox 1919 902 2132 954; x_wconf 88' lang='lat' dir='ltr'><strong>missam</strong></span> 
     </span>
    </p>
   </div>
   <div class='ocr_carea' id='block_1_8' title="bbox 550 994 2132 1066">
    <p class='ocr_par' dir='ltr' id='par_1_8' title="bbox 550 994 2132 1066">
     <span class='ocr_line' id='line_1_8' title="bbox 550 994 2132 1066; baseline -0.004 -15"><span class='ocrx_word' id='word_1_52' title='bbox 550 999 751 1066; x_wconf 78' lang='lat' dir='ltr'><strong>Collega</strong></span> <span class='ocrx_word' id='word_1_53' title='bbox 784 1006 966 1050; x_wconf 90' lang='lat' dir='ltr'><strong>uoster</strong></span> <span class='ocrx_word' id='word_1_54' title='bbox 991 996 1311 1050; x_wconf 87' lang='lat' dir='ltr'><strong>Fortunatus</strong></span> <span class='ocrx_word' id='word_1_55' title='bbox 1352 995 1543 1050; x_wconf 85' lang='lat' dir='ltr'><strong>ibidem</strong></span> <span class='ocrx_word' id='word_1_56' title='bbox 1570 994 1707 1063; x_wconf 92' lang='lat' dir='ltr'><strong>apud</strong></span> <span class='ocrx_word' id='word_1_57' title='bbox 1736 994 2132 1047; x_wconf 83' lang='lat' dir='ltr'><strong>ConSIanlinam</strong></span> 
     </span>
    </p>
   </div>
   <div class='ocr_carea' id='block_1_9' title="bbox 557 1084 2134 1157">
    <p class='ocr_par' dir='ltr' id='par_1_9' title="bbox 557 1084 2134 1157">
     <span class='ocr_line' id='line_1_9' title="bbox 557 1084 2134 1157; baseline -0.001 -18"><span class='ocrx_word' id='word_1_58' title='bbox 557 1088 765 1154; x_wconf 79' lang='lat' dir='ltr'><strong>publice</strong></span> <span class='ocrx_word' id='word_1_59' title='bbox 806 1087 1081 1155; x_wconf 80' lang='lat' dir='ltr'><strong>legendam</strong></span> <span class='ocrx_word' id='word_1_60' title='bbox 1132 1087 1426 1157; x_wconf 83' lang='lat' dir='ltr'><strong>proposuit,</strong></span> <span class='ocrx_word' id='word_1_61' title='bbox 1472 1095 1525 1139; x_wconf 90' lang='lat' dir='ltr'><strong>et</strong></span> <span class='ocrx_word' id='word_1_62' title='bbox 1559 1102 1716 1155; x_wconf 85' lang='lat' dir='ltr'><strong>quem</strong></span> <span class='ocrx_word' id='word_1_63' title='bbox 1768 1096 1947 1153; x_wconf 85' lang='lat' dir='ltr'><strong>postea</strong></span> <span class='ocrx_word' id='word_1_64' title='bbox 1996 1084 2134 1137; x_wconf 89' lang='lat' dir='ltr'><strong>idem</strong></span> 
     </span>
    </p>
   </div>
   <div class='ocr_carea' id='block_1_10' title="bbox 556 1174 2133 1245">
    <p class='ocr_par' dir='ltr' id='par_1_10' title="bbox 556 1174 2133 1245">
     <span class='ocr_line' id='line_1_10' title="bbox 556 1174 2133 1245; baseline 0 -15"><span class='ocrx_word' id='word_1_65' title='bbox 556 1178 844 1231; x_wconf 84' lang='lat' dir='ltr'><strong>Petilianus</strong></span> <span class='ocrx_word' id='word_1_66' title='bbox 875 1176 1165 1231; x_wconf 82' lang='lat' dir='ltr'><strong>horrendas</strong></span> <span class='ocrx_word' id='word_1_67' title='bbox 1210 1176 1327 1245; x_wconf 86' lang='lat' dir='ltr'><strong>ejus</strong></span> <span class='ocrx_word' id='word_1_68' title='bbox 1366 1175 1584 1231; x_wconf 90' lang='lat' dir='ltr'><strong>insidias</strong></span> <span class='ocrx_word' id='word_1_69' title='bbox 1622 1184 1871 1244; x_wconf 89' lang='lat' dir='ltr'><strong>expertus</strong></span> <span class='ocrx_word' id='word_1_70' title='bbox 1896 1174 2088 1243; x_wconf 89' lang='lat' dir='ltr'><strong>abjecit</strong></span> <span class='ocrx_word' id='word_1_71' title='bbox 2120 1192 2133 1229; x_wconf 92' lang='lat'>:</span> 
     </span>
    </p>
   </div>
   <div class='ocr_carea' id='block_1_11' title="bbox 551 1267 2134 1338">
    <p class='ocr_par' dir='ltr' id='par_1_11' title="bbox 551 1267 2134 1338">
     <span class='ocr_line' id='line_1_11' title="bbox 551 1267 2134 1338; baseline -0.004 -15"><span class='ocrx_word' id='word_1_72' title='bbox 551 1270 620 1323; x_wconf 91' lang='lat' dir='ltr'><strong>de</strong></span> <span class='ocrx_word' id='word_1_73' title='bbox 649 1269 750 1324; x_wconf 85' lang='lat' dir='ltr'><strong>hoc</strong></span> <span class='ocrx_word' id='word_1_74' title='bbox 774 1284 900 1338; x_wconf 75' lang='lat' dir='ltr'><strong>ergo</strong></span> <span class='ocrx_word' id='word_1_75' title='bbox 922 1267 1247 1337; x_wconf 87' lang='lat' dir='ltr'><strong>Splendonio</strong></span> <span class='ocrx_word' id='word_1_76' title='bbox 1289 1268 1502 1337; x_wconf 87' lang='lat' dir='ltr'><strong>quando</strong></span> <span class='ocrx_word' id='word_1_77' title='bbox 1543 1283 1646 1320; x_wconf 91' lang='lat' dir='ltr'><strong>non</strong></span> <span class='ocrx_word' id='word_1_78' title='bbox 1697 1267 1868 1335; x_wconf 91' lang='lat' dir='ltr'><strong>potuit</strong></span> <span class='ocrx_word' id='word_1_79' title='bbox 1895 1279 2134 1319; x_wconf 89' lang='lat' dir='ltr'><strong>commo-</strong></span> 
     </span>
    </p>
   </div>
   <div class='ocr_carea' id='block_1_12' title="bbox 556 1355 2135 1427">
    <p class='ocr_par' dir='ltr' id='par_1_12' title="bbox 556 1355 2135 1427">
     <span class='ocr_line' id='line_1_12' title="bbox 556 1355 2135 1427; baseline -0.003 -16"><span class='ocrx_word' id='word_1_80' title='bbox 556 1359 670 1413; x_wconf 74' lang='lat' dir='ltr'><strong>neri</strong></span> <span class='ocrx_word' id='word_1_81' title='bbox 693 1357 1142 1427; x_wconf 89' lang='lat' dir='ltr'><strong>quemadmodum</strong></span> <span class='ocrx_word' id='word_1_82' title='bbox 1166 1358 1286 1411; x_wconf 90' lang='lat' dir='ltr'><strong>mali</strong></span> <span class='ocrx_word' id='word_1_83' title='bbox 1316 1358 1440 1411; x_wconf 90' lang='lat' dir='ltr'><strong>etin</strong></span> <span class='ocrx_word' id='word_1_84' title='bbox 1466 1357 1733 1411; x_wconf 85' lang='lat' dir='ltr'><strong>Catholica</strong></span> <span class='ocrx_word' id='word_1_85' title='bbox 1757 1355 2135 1425; x_wconf 82' lang='lat' dir='ltr'><strong>degradentnr?</strong></span> 
     </span>
    </p>
   </div>
   <div class='ocr_carea' id='block_1_13' title="bbox 556 1449 2134 1518">
    <p class='ocr_par' dir='ltr' id='par_1_13' title="bbox 556 1449 2134 1518">
     <span class='ocr_line' id='line_1_13' title="bbox 556 1449 2134 1518; baseline -0.002 -15"><span class='ocrx_word' id='word_1_86' title='bbox 556 1452 714 1504; x_wconf 78' lang='lat' dir='ltr'><strong>Miror</strong></span> <span class='ocrx_word' id='word_1_87' title='bbox 740 1451 790 1503; x_wconf 87' lang='lat' dir='ltr'><strong>in</strong></span> <span class='ocrx_word' id='word_1_88' title='bbox 820 1465 924 1518; x_wconf 92' lang='lat' dir='ltr'><strong>quo</strong></span> <span class='ocrx_word' id='word_1_89' title='bbox 953 1450 1271 1504; x_wconf 83' lang='lat' dir='ltr'><strong>temeritatis</strong></span> <span class='ocrx_word' id='word_1_90' title='bbox 1297 1449 1587 1518; x_wconf 66' lang='lat' dir='ltr'><strong>prmcipitio</strong></span> <span class='ocrx_word' id='word_1_91' title='bbox 1614 1464 1708 1503; x_wconf 89' lang='lat' dir='ltr'><strong>cor</strong></span> <span class='ocrx_word' id='word_1_92' title='bbox 1739 1449 1987 1514; x_wconf 86' lang='lat' dir='ltr'><strong>habebat,</strong></span> <span class='ocrx_word' id='word_1_93' title='bbox 2014 1463 2134 1502; x_wconf 88' lang='lat' dir='ltr'><strong>emn</strong></span> 
     </span>
    </p>
   </div>
   <div class='ocr_carea' id='block_1_14' title="bbox 556 1540 2139 1607">
    <p class='ocr_par' dir='ltr' id='par_1_14' title="bbox 556 1540 2139 1607">
     <span class='ocr_line' id='line_1_14' title="bbox 556 1540 2139 1607; baseline -0.001 -13"><span class='ocrx_word' id='word_1_94' title='bbox 556 1545 653 1596; x_wconf 83' lang='lat' dir='ltr'><strong>ista</strong></span> <span class='ocrx_word' id='word_1_95' title='bbox 683 1542 927 1607; x_wconf 89' lang='lat' dir='ltr'><strong>dictaret,</strong></span> <span class='ocrx_word' id='word_1_96' title='bbox 962 1542 1048 1595; x_wconf 90' lang='lat' dir='ltr'><strong>ubi</strong></span> <span class='ocrx_word' id='word_1_97' title='bbox 1079 1556 1240 1595; x_wconf 91' lang='lat' dir='ltr'><strong>ausus</strong></span> <span class='ocrx_word' id='word_1_98' title='bbox 1266 1550 1347 1595; x_wconf 90' lang='lat' dir='ltr'><strong>est</strong></span> <span class='ocrx_word' id='word_1_99' title='bbox 1372 1542 1550 1595; x_wconf 90' lang='lat' dir='ltr'><strong>dicere</strong></span> <span class='ocrx_word' id='word_1_100' title='bbox 1577 1559 1589 1595; x_wconf 90' lang='lat'><strong>:</strong></span> <span class='ocrx_word' id='word_1_101' title='bbox 1626 1540 1788 1595; x_wconf 83' lang='lat' dir='ltr'><strong>Nemo</strong></span> <span class='ocrx_word' id='word_1_102' title='bbox 1817 1550 2028 1594; x_wconf 79' lang='lat' dir='ltr'><strong>vestrum</strong></span> <span class='ocrx_word' id='word_1_103' title='bbox 2066 1548 2139 1593; x_wconf 78' lang='lat' dir='ltr'><strong>est</strong></span> 
     </span>
    </p>
   </div>
   <div class='ocr_carea' id='block_1_15' title="bbox 554 1630 2138 1698">
    <p class='ocr_par' dir='ltr' id='par_1_15' title="bbox 554 1630 2138 1698">
     <span class='ocr_line' id='line_1_15' title="bbox 554 1630 2138 1698; baseline -0.003 -13"><span class='ocrx_word' id='word_1_104' title='bbox 554 1636 810 1698; x_wconf 73' lang='lat' dir='ltr'><strong>innocens,</strong></span> <span class='ocrx_word' id='word_1_105' title='bbox 859 1631 942 1683; x_wconf 86' lang='lat' dir='ltr'><strong>ubi</strong></span> <span class='ocrx_word' id='word_1_106' title='bbox 976 1648 1089 1684; x_wconf 72' lang='lat' dir='ltr'><strong>reus</strong></span> <span class='ocrx_word' id='word_1_107' title='bbox 1133 1646 1276 1684; x_wconf 86' lang='lat' dir='ltr'><strong>nemo</strong></span> <span class='ocrx_word' id='word_1_108' title='bbox 1306 1631 1595 1685; x_wconf 79' lang='lat' dir='ltr'><strong>damnatur.</strong></span> <span class='ocrx_word' id='word_1_109' title='bbox 1628 1630 1981 1697; x_wconf 84' lang='lat' dir='ltr'><strong>Quamobrem</strong></span> <span class='ocrx_word' id='word_1_110' title='bbox 2014 1644 2138 1697; x_wconf 94' lang='lat' dir='ltr'><strong>per-</strong></span> 
     </span>
    </p>
   </div>
   <div class='ocr_carea' id='block_1_16' title="bbox 558 1720 2136 1791">
    <p class='ocr_par' dir='ltr' id='par_1_16' title="bbox 558 1720 2136 1791">
     <span class='ocr_line' id='line_1_16' title="bbox 558 1720 2136 1791; baseline -0.001 -18"><span class='ocrx_word' id='word_1_111' title='bbox 558 1723 705 1776; x_wconf 80' lang='lat' dir='ltr'><strong>mixti</strong></span> <span class='ocrx_word' id='word_1_112' title='bbox 749 1723 1116 1791; x_wconf 85' lang='lat' dir='ltr'><strong>corporaliter,</strong></span> <span class='ocrx_word' id='word_1_113' title='bbox 1151 1722 1380 1791; x_wconf 85' lang='lat' dir='ltr'><strong>separati</strong></span> <span class='ocrx_word' id='word_1_114' title='bbox 1422 1722 1767 1790; x_wconf 81' lang='lat' dir='ltr'><strong>Spiritnaliler</strong></span> <span class='ocrx_word' id='word_1_115' title='bbox 1794 1721 1846 1774; x_wconf 93' lang='lat' dir='ltr'><strong>in</strong></span> <span class='ocrx_word' id='word_1_116' title='bbox 1877 1720 2136 1775; x_wconf 90' lang='lat' dir='ltr'><strong>catholica</strong></span> 
     </span>
    </p>
   </div>
   <div class='ocr_carea' id='block_1_17' title="bbox 561 1814 2139 1884">
    <p class='ocr_par' dir='ltr' id='par_1_17' title="bbox 561 1814 2139 1884">
     <span class='ocr_line' id='line_1_17' title="bbox 561 1814 2139 1884; baseline 0.001 -18"><span class='ocrx_word' id='word_1_117' title='bbox 561 1815 792 1869; x_wconf 45' lang='lat' dir='ltr'><strong>I‘Icciesia</strong></span> <span class='ocrx_word' id='word_1_118' title='bbox 818 1815 962 1880; x_wconf 90' lang='lat' dir='ltr'><strong>mali,</strong></span> <span class='ocrx_word' id='word_1_119' title='bbox 992 1823 1046 1868; x_wconf 92' lang='lat' dir='ltr'><strong>et</strong></span> <span class='ocrx_word' id='word_1_120' title='bbox 1065 1814 1276 1883; x_wconf 87' lang='lat' dir='ltr'><strong>quando</strong></span> <span class='ocrx_word' id='word_1_121' title='bbox 1308 1815 1533 1868; x_wconf 90' lang='lat' dir='ltr'><strong>humana</strong></span> <span class='ocrx_word' id='word_1_122' title='bbox 1563 1815 1866 1869; x_wconf 90' lang='lat' dir='ltr'><strong>conditione</strong></span> <span class='ocrx_word' id='word_1_123' title='bbox 1892 1816 2139 1884; x_wconf 82' lang='lat' dir='ltr'><strong>ignoran-</strong></span> 
     </span>
    </p>
   </div>
   <div class='ocr_carea' id='block_1_18' title="bbox 561 1903 2137 1971">
    <p class='ocr_par' dir='ltr' id='par_1_18' title="bbox 561 1903 2137 1971">
     <span class='ocr_line' id='line_1_18' title="bbox 561 1903 2137 1971; baseline 0.002 -17"><span class='ocrx_word' id='word_1_124' title='bbox 561 1915 661 1967; x_wconf 85' lang='lat' dir='ltr'><strong>tur,</strong></span> <span class='ocrx_word' id='word_1_125' title='bbox 686 1913 739 1957; x_wconf 90' lang='lat' dir='ltr'><strong>et</strong></span> <span class='ocrx_word' id='word_1_126' title='bbox 778 1903 991 1971; x_wconf 82' lang='lat' dir='ltr'><strong>quando</strong></span> <span class='ocrx_word' id='word_1_127' title='bbox 1028 1904 1319 1971; x_wconf 68' lang='lat' dir='ltr'><strong>disciplinae</strong></span> <span class='ocrx_word' id='word_1_128' title='bbox 1348 1904 1774 1958; x_wconf 86' lang='lat' dir='ltr'><strong>consideratione</strong></span> <span class='ocrx_word' id='word_1_129' title='bbox 1799 1904 2137 1969; x_wconf 88' lang='lat' dir='ltr'><strong>damnantur,</strong></span> 
     </span>
    </p>
   </div>
   <div class='ocr_carea' id='block_1_19' title="bbox 559 1993 2139 2062">
    <p class='ocr_par' dir='ltr' id='par_1_19' title="bbox 559 1993 2139 2062">
     <span class='ocr_line' id='line_1_19' title="bbox 559 1993 2139 2062; baseline 0.001 -18"><span class='ocrx_word' id='word_1_130' title='bbox 559 2008 683 2047; x_wconf 87' lang='lat' dir='ltr'><strong>suas</strong></span> <span class='ocrx_word' id='word_1_131' title='bbox 711 1993 946 2047; x_wconf 86' lang='lat' dir='ltr'><strong>sarcinas</strong></span> <span class='ocrx_word' id='word_1_132' title='bbox 973 2003 1202 2062; x_wconf 91' lang='lat' dir='ltr'><strong>portant.</strong></span> <span class='ocrx_word' id='word_1_133' title='bbox 1238 1994 1314 2047; x_wconf 83' lang='lat' dir='ltr'><strong>Ac</strong></span> <span class='ocrx_word' id='word_1_134' title='bbox 1351 2008 1446 2061; x_wconf 89' lang='lat' dir='ltr'><strong>per</strong></span> <span class='ocrx_word' id='word_1_135' title='bbox 1469 1993 1568 2046; x_wconf 92' lang='lat' dir='ltr'><strong>hoc</strong></span> <span class='ocrx_word' id='word_1_136' title='bbox 1611 1993 1683 2045; x_wconf 90' lang='lat' dir='ltr'><strong>illi</strong></span> <span class='ocrx_word' id='word_1_137' title='bbox 1713 1993 1885 2047; x_wconf 89' lang='lat' dir='ltr'><strong>securi</strong></span> <span class='ocrx_word' id='word_1_138' title='bbox 1926 2003 2066 2059; x_wconf 88' lang='lat' dir='ltr'><strong>sunt,</strong></span> <span class='ocrx_word' id='word_1_139' title='bbox 2095 1993 2139 2047; x_wconf 92' lang='lat' dir='ltr'><strong>si</strong></span> 
     </span>
    </p>
   </div>
   <div class='ocr_carea' id='block_1_20' title="bbox 560 2083 2141 2152">
    <p class='ocr_par' dir='ltr' id='par_1_20' title="bbox 560 2083 2141 2152">
     <span class='ocr_line' id='line_1_20' title="bbox 560 2083 2141 2152; baseline -0.001 -15"><span class='ocrx_word' id='word_1_140' title='bbox 560 2097 743 2137; x_wconf 89' lang='lat' dir='ltr'><strong>eorum</strong></span> <span class='ocrx_word' id='word_1_141' title='bbox 786 2085 1015 2152; x_wconf 87' lang='lat' dir='ltr'><strong>peccatis</strong></span> <span class='ocrx_word' id='word_1_142' title='bbox 1053 2084 1347 2137; x_wconf 81' lang='lat' dir='ltr'><strong>imitatione</strong></span> <span class='ocrx_word' id='word_1_143' title='bbox 1383 2091 1433 2137; x_wconf 90' lang='lat' dir='ltr'><strong>et</strong></span> <span class='ocrx_word' id='word_1_144' title='bbox 1471 2083 1823 2138; x_wconf 92' lang='lat' dir='ltr'><strong>consensione</strong></span> <span class='ocrx_word' id='word_1_145' title='bbox 1850 2098 1956 2135; x_wconf 91' lang='lat' dir='ltr'><strong>non</strong></span> <span class='ocrx_word' id='word_1_146' title='bbox 1995 2097 2141 2136; x_wconf 86' lang='lat' dir='ltr'><strong>eom-</strong></span> 
     </span>
    </p>
   </div>
   <div class='ocr_carea' id='block_1_21' title="bbox 563 2172 2140 2244">
    <p class='ocr_par' dir='ltr' id='par_1_21' title="bbox 563 2172 2140 2244">
     <span class='ocr_line' id='line_1_21' title="bbox 563 2172 2140 2244; baseline -0.001 -17"><span class='ocrx_word' id='word_1_147' title='bbox 563 2175 854 2240; x_wconf 91' lang='lat' dir='ltr'><strong>municant,</strong></span> <span class='ocrx_word' id='word_1_148' title='bbox 893 2174 1212 2244; x_wconf 89' lang='lat' dir='ltr'><strong>quicumque</strong></span> <span class='ocrx_word' id='word_1_149' title='bbox 1251 2189 1345 2243; x_wconf 89' lang='lat' dir='ltr'><strong>per</strong></span> <span class='ocrx_word' id='word_1_150' title='bbox 1380 2188 1475 2227; x_wconf 90' lang='lat' dir='ltr'><strong>eos</strong></span> <span class='ocrx_word' id='word_1_151' title='bbox 1498 2172 1692 2227; x_wconf 89' lang='lat' dir='ltr'><strong>Christi</strong></span> <span class='ocrx_word' id='word_1_152' title='bbox 1738 2172 2007 2241; x_wconf 88' lang='lat' dir='ltr'><strong>Baptismo</strong></span> <span class='ocrx_word' id='word_1_153' title='bbox 2046 2173 2140 2226; x_wconf 89' lang='lat' dir='ltr'><strong>ba-</strong></span> 
     </span>
    </p>
   </div>
   <div class='ocr_carea' id='block_1_22' title="bbox 563 2262 2140 2334">
    <p class='ocr_par' dir='ltr' id='par_1_22' title="bbox 563 2262 2140 2334">
     <span class='ocr_line' id='line_1_22' title="bbox 563 2262 2140 2334; baseline -0.002 -17"><span class='ocrx_word' id='word_1_154' title='bbox 563 2265 824 2332; x_wconf 86' lang='lat' dir='ltr'><strong>ptizantur</strong></span> <span class='ocrx_word' id='word_1_155' title='bbox 857 2284 871 2319; x_wconf 88' lang='lat'><strong>:</strong></span> <span class='ocrx_word' id='word_1_156' title='bbox 902 2264 1023 2334; x_wconf 83' lang='lat' dir='ltr'><strong>quia</strong></span> <span class='ocrx_word' id='word_1_157' title='bbox 1062 2264 1181 2318; x_wconf 87' lang='lat' dir='ltr'><strong>etsi</strong></span> <span class='ocrx_word' id='word_1_158' title='bbox 1213 2278 1309 2332; x_wconf 88' lang='lat' dir='ltr'><strong>per</strong></span> <span class='ocrx_word' id='word_1_159' title='bbox 1334 2262 1565 2332; x_wconf 92' lang='lat' dir='ltr'><strong>optimos</strong></span> <span class='ocrx_word' id='word_1_160' title='bbox 1591 2262 2002 2331; x_wconf 82' lang='lat' dir='ltr'><strong>baptizarentur,</strong></span> <span class='ocrx_word' id='word_1_161' title='bbox 2035 2276 2140 2315; x_wconf 92' lang='lat' dir='ltr'><strong>non</strong></span> 
     </span>
    </p>
   </div>
   <div class='ocr_carea' id='block_1_23' title="bbox 564 2352 2142 2426">
    <p class='ocr_par' dir='ltr' id='par_1_23' title="bbox 564 2352 2142 2426">
     <span class='ocr_line' id='line_1_23' title="bbox 564 2352 2142 2426; baseline 0.001 -18"><span class='ocrx_word' id='word_1_162' title='bbox 564 2356 663 2411; x_wconf 87' lang='lat' dir='ltr'><strong>nisi</strong></span> <span class='ocrx_word' id='word_1_163' title='bbox 688 2356 755 2411; x_wconf 91' lang='lat' dir='ltr'><strong>ab</strong></span> <span class='ocrx_word' id='word_1_164' title='bbox 786 2356 874 2413; x_wconf 93' lang='lat' dir='ltr'><strong>illo</strong></span> <span class='ocrx_word' id='word_1_165' title='bbox 903 2356 991 2426; x_wconf 90' lang='lat' dir='ltr'><strong>qui</strong></span> <span class='ocrx_word' id='word_1_166' title='bbox 1018 2355 1272 2426; x_wconf 79' lang='lat' dir='ltr'><strong>justiticat</strong></span> <span class='ocrx_word' id='word_1_167' title='bbox 1307 2356 1525 2425; x_wconf 93' lang='lat' dir='ltr'><strong>impium</strong></span> <span class='ocrx_word' id='word_1_168' title='bbox 1546 2355 1977 2423; x_wconf 83' lang='lat' dir='ltr'><strong>justiticarentur.</strong></span> <span class='ocrx_word' id='word_1_169' title='bbox 2009 2352 2142 2409; x_wconf 87' lang='lat' dir='ltr'><strong>Cre-</strong></span> 
     </span>
    </p>
   </div>
   <div class='ocr_carea' id='block_1_24' title="bbox 564 2445 2143 2517">
    <p class='ocr_par' dir='ltr' id='par_1_24' title="bbox 564 2445 2143 2517">
     <span class='ocr_line' id='line_1_24' title="bbox 564 2445 2143 2517; baseline 0 -18"><span class='ocrx_word' id='word_1_170' title='bbox 564 2448 809 2505; x_wconf 84' lang='lat' dir='ltr'><strong>dentibus</strong></span> <span class='ocrx_word' id='word_1_171' title='bbox 836 2448 1031 2517; x_wconf 90' lang='lat' dir='ltr'><strong>quippe</strong></span> <span class='ocrx_word' id='word_1_172' title='bbox 1052 2448 1104 2501; x_wconf 92' lang='lat' dir='ltr'><strong>in</strong></span> <span class='ocrx_word' id='word_1_173' title='bbox 1143 2448 1374 2517; x_wconf 89' lang='lat' dir='ltr'><strong>eumqui</strong></span> <span class='ocrx_word' id='word_1_174' title='bbox 1398 2446 1652 2517; x_wconf 88' lang='lat' dir='ltr'><strong>justillcat</strong></span> <span class='ocrx_word' id='word_1_175' title='bbox 1692 2446 1933 2515; x_wconf 91' lang='lat' dir='ltr'><strong>impium,</strong></span> <span class='ocrx_word' id='word_1_176' title='bbox 1974 2445 2143 2516; x_wconf 90' lang='lat' dir='ltr'><strong>depu-</strong></span> 
     </span>
    </p>
   </div>
   <div class='ocr_carea' id='block_1_25' title="bbox 567 2537 1247 2605">
    <p class='ocr_par' dir='ltr' id='par_1_25' title="bbox 567 2537 1247 2605">
     <span class='ocr_line' id='line_1_25' title="bbox 567 2537 1247 2605; baseline 0 -14"><span class='ocrx_word' id='word_1_177' title='bbox 567 2545 705 2591; x_wconf 84' lang='lat' dir='ltr'><strong>tatur</strong></span> <span class='ocrx_word' id='word_1_178' title='bbox 728 2537 859 2594; x_wconf 81' lang='lat' dir='ltr'><strong>ﬁdes</strong></span> <span class='ocrx_word' id='word_1_179' title='bbox 876 2537 940 2591; x_wconf 92' lang='lat' dir='ltr'><strong>ad</strong></span> <span class='ocrx_word' id='word_1_180' title='bbox 966 2537 1247 2605; x_wconf 79' lang='lat' dir='ltr'><strong>justitiam.</strong></span> 
     </span>
    </p>
   </div>
   <div class='ocr_carea' id='block_1_26' title="bbox 635 2627 2147 2696">
    <p class='ocr_par' dir='ltr' id='par_1_26' title="bbox 635 2627 2147 2696">
     <span class='ocr_line' id='line_1_26' title="bbox 635 2627 2147 2696; baseline -0.002 -14"><span class='ocrx_word' id='word_1_181' title='bbox 635 2627 861 2685; x_wconf 79' lang='lat' dir='ltr'><strong>CAPUT</strong></span> <span class='ocrx_word' id='word_1_182' title='bbox 890 2627 1132 2682; x_wconf 82' lang='lat' dir='ltr'><strong>XXXIX.</strong></span> <span class='ocrx_word' id='word_1_183' title='bbox 1164 2656 1234 2668; x_wconf 88' lang='lat'><strong>—</strong></span> <span class='ocrx_word' id='word_1_184' title='bbox 1263 2629 1351 2683; x_wconf 69' lang='lat'><strong>45.</strong></span> <span class='ocrx_word' id='word_1_185' title='bbox 1383 2627 1489 2682; x_wconf 81' lang='lat' dir='ltr'><strong>Vos</strong></span> <span class='ocrx_word' id='word_1_186' title='bbox 1514 2638 1711 2693; x_wconf 86' lang='lat' dir='ltr'><strong>autem,</strong></span> <span class='ocrx_word' id='word_1_187' title='bbox 1740 2643 1861 2682; x_wconf 91' lang='lat' dir='ltr'><strong>cum</strong></span> <span class='ocrx_word' id='word_1_188' title='bbox 1889 2627 2147 2696; x_wconf 85' lang='lat' dir='ltr'><strong>objiciun-</strong></span> 
     </span>
    </p>
   </div>
   <div class='ocr_carea' id='block_1_27' title="bbox 569 2719 2144 2784">
    <p class='ocr_par' dir='ltr' id='par_1_27' title="bbox 569 2719 2144 2784">
     <span class='ocr_line' id='line_1_27' title="bbox 569 2719 2144 2784; baseline 0 -11"><span class='ocrx_word' id='word_1_189' title='bbox 569 2729 654 2773; x_wconf 89' lang='lat' dir='ltr'><strong>tur</strong></span> <span class='ocrx_word' id='word_1_190' title='bbox 676 2719 826 2773; x_wconf 86' lang='lat' dir='ltr'><strong>vobis</strong></span> <span class='ocrx_word' id='word_1_191' title='bbox 866 2719 1284 2784; x_wconf 72' lang='lat' dir='ltr'><strong>Maximianistm,</strong></span> <span class='ocrx_word' id='word_1_192' title='bbox 1323 2728 1678 2775; x_wconf 89' lang='lat' dir='ltr'><strong>trecentorum</strong></span> <span class='ocrx_word' id='word_1_193' title='bbox 1724 2730 1776 2774; x_wconf 92' lang='lat' dir='ltr'><strong>et</strong></span> <span class='ocrx_word' id='word_1_194' title='bbox 1801 2720 1983 2775; x_wconf 89' lang='lat' dir='ltr'><strong>decem</strong></span> <span class='ocrx_word' id='word_1_195' title='bbox 2013 2735 2144 2774; x_wconf 91' lang='lat' dir='ltr'><strong>con-</strong></span> 
     </span>
    </p>
   </div>
   <div class='ocr_carea' id='block_1_28' title="bbox 568 2805 2146 2878">
    <p class='ocr_par' dir='ltr' id='par_1_28' title="bbox 568 2805 2146 2878">
     <span class='ocr_line' id='line_1_28' title="bbox 568 2805 2146 2878; baseline 0 -17"><span class='ocrx_word' id='word_1_196' title='bbox 568 2808 673 2861; x_wconf 92' lang='lat' dir='ltr'><strong>cilii</strong></span> <span class='ocrx_word' id='word_1_197' title='bbox 707 2805 784 2878; x_wconf 89' lang='lat' dir='ltr'><strong>(a)</strong></span> <span class='ocrx_word' id='word_1_198' title='bbox 813 2807 1076 2863; x_wconf 81' lang='lat' dir='ltr'><strong>sententia</strong></span> <span class='ocrx_word' id='word_1_199' title='bbox 1115 2808 1384 2871; x_wconf 85' lang='lat' dir='ltr'><strong>damnati;</strong></span> <span class='ocrx_word' id='word_1_200' title='bbox 1428 2809 1615 2862; x_wconf 90' lang='lat' dir='ltr'><strong>eodem</strong></span> <span class='ocrx_word' id='word_1_201' title='bbox 1654 2809 1879 2862; x_wconf 89' lang='lat' dir='ltr'><strong>concilio</strong></span> <span class='ocrx_word' id='word_1_202' title='bbox 1917 2816 1993 2862; x_wconf 92' lang='lat' dir='ltr'><strong>tot</strong></span> <span class='ocrx_word' id='word_1_203' title='bbox 2022 2823 2146 2877; x_wconf 89' lang='lat' dir='ltr'><strong>pro-</strong></span> 
     </span>
    </p>
   </div>
   <div class='ocr_carea' id='block_1_29' title="bbox 569 2897 2147 2966">
    <p class='ocr_par' dir='ltr' id='par_1_29' title="bbox 569 2897 2147 2966">
     <span class='ocr_line' id='line_1_29' title="bbox 569 2897 2147 2966; baseline -0.001 -15"><span class='ocrx_word' id='word_1_204' title='bbox 569 2897 896 2961; x_wconf 84' lang='lat' dir='ltr'><strong>consulibus,</strong></span> <span class='ocrx_word' id='word_1_205' title='bbox 929 2905 1007 2955; x_wconf 90' lang='lat' dir='ltr'><strong>tot</strong></span> <span class='ocrx_word' id='word_1_206' title='bbox 1043 2897 1219 2953; x_wconf 88' lang='lat' dir='ltr'><strong>Gestis</strong></span> <span class='ocrx_word' id='word_1_207' title='bbox 1262 2897 1669 2966; x_wconf 90' lang='lat' dir='ltr'><strong>municipalibus</strong></span> <span class='ocrx_word' id='word_1_208' title='bbox 1712 2898 1938 2966; x_wconf 75' lang='lat' dir='ltr'><strong>allegato</strong></span> <span class='ocrx_word' id='word_1_209' title='bbox 1976 2912 2147 2965; x_wconf 92' lang='lat' dir='ltr'><strong>oppu-</strong></span> 
     </span>
    </p>
   </div>
   <div class='ocr_carea' id='block_1_30' title="bbox 570 2986 2147 3057">
    <p class='ocr_par' dir='ltr' id='par_1_30' title="bbox 570 2986 2147 3057">
     <span class='ocr_line' id='line_1_30' title="bbox 570 2986 2147 3057; baseline 0 -17"><span class='ocrx_word' id='word_1_210' title='bbox 570 2988 715 3057; x_wconf 72' lang='lat' dir='ltr'><strong>gnati</strong></span> <span class='ocrx_word' id='word_1_211' title='bbox 735 2988 787 3051; x_wconf 67' lang='lat'><strong>1;</strong></span> <span class='ocrx_word' id='word_1_212' title='bbox 814 2987 882 3042; x_wconf 90' lang='lat' dir='ltr'><strong>de</strong></span> <span class='ocrx_word' id='word_1_213' title='bbox 910 2987 1145 3043; x_wconf 81' lang='lat' dir='ltr'><strong>basilicis</strong></span> <span class='ocrx_word' id='word_1_214' title='bbox 1170 3002 1302 3056; x_wconf 86' lang='lat' dir='ltr'><strong>quas</strong></span> <span class='ocrx_word' id='word_1_215' title='bbox 1332 2987 1601 3052; x_wconf 88' lang='lat' dir='ltr'><strong>tenebant,</strong></span> <span class='ocrx_word' id='word_1_216' title='bbox 1632 3002 1727 3055; x_wconf 89' lang='lat' dir='ltr'><strong>per</strong></span> <span class='ocrx_word' id='word_1_217' title='bbox 1748 2987 1893 3056; x_wconf 87' lang='lat' dir='ltr'><strong>jussa</strong></span> <span class='ocrx_word' id='word_1_218' title='bbox 1912 2986 2147 3056; x_wconf 81' lang='lat' dir='ltr'><strong>judicum</strong></span> 
     </span>
    </p>
   </div>
   <div class='ocr_carea' id='block_1_31' title="bbox 571 3078 2148 3147">
    <p class='ocr_par' dir='ltr' id='par_1_31' title="bbox 571 3078 2148 3147">
     <span class='ocr_line' id='line_1_31' title="bbox 571 3078 2148 3147; baseline 0.001 -16"><span class='ocrx_word' id='word_1_219' title='bbox 571 3089 625 3132; x_wconf 88' lang='lat' dir='ltr'><strong>et</strong></span> <span class='ocrx_word' id='word_1_220' title='bbox 652 3079 922 3137; x_wconf 86' lang='lat' dir='ltr'><strong>civitatum</strong></span> <span class='ocrx_word' id='word_1_221' title='bbox 953 3078 1146 3132; x_wconf 86' lang='lat' dir='ltr'><strong>auxilia</strong></span> <span class='ocrx_word' id='word_1_222' title='bbox 1175 3078 1468 3147; x_wconf 88' lang='lat' dir='ltr'><strong>proturbati</strong></span> <span class='ocrx_word' id='word_1_223' title='bbox 1490 3079 1545 3143; x_wconf 77' lang='lat'><strong>‘;</strong></span> <span class='ocrx_word' id='word_1_224' title='bbox 1589 3092 1770 3132; x_wconf 87' lang='lat' dir='ltr'><strong>rursus</strong></span> <span class='ocrx_word' id='word_1_225' title='bbox 1796 3093 1825 3132; x_wconf 92' lang='lat' dir='ltr'><strong>a</strong></span> <span class='ocrx_word' id='word_1_226' title='bbox 1852 3078 2003 3133; x_wconf 81' lang='lat' dir='ltr'><strong>vobis</strong></span> <span class='ocrx_word' id='word_1_227' title='bbox 2026 3093 2148 3133; x_wconf 91' lang='lat' dir='ltr'><strong>cum</strong></span> 
     </span>
    </p>
   </div>
   <div class='ocr_carea' id='block_1_32' title="bbox 572 3168 2147 3239">
    <p class='ocr_par' dir='ltr' id='par_1_32' title="bbox 572 3168 2147 3239">
     <span class='ocr_line' id='line_1_32' title="bbox 572 3168 2147 3239; baseline 0.002 -18"><span class='ocrx_word' id='word_1_228' title='bbox 572 3168 652 3221; x_wconf 88' lang='lat' dir='ltr'><strong>eis</strong></span> <span class='ocrx_word' id='word_1_229' title='bbox 684 3182 819 3236; x_wconf 89' lang='lat' dir='ltr'><strong>quos</strong></span> <span class='ocrx_word' id='word_1_230' title='bbox 847 3175 993 3221; x_wconf 90' lang='lat' dir='ltr'><strong>extra</strong></span> <span class='ocrx_word' id='word_1_231' title='bbox 1020 3168 1447 3221; x_wconf 81' lang='lat' dir='ltr'><strong>communionem</strong></span> <span class='ocrx_word' id='word_1_232' title='bbox 1477 3178 1706 3222; x_wconf 91' lang='lat' dir='ltr'><strong>vestram</strong></span> <span class='ocrx_word' id='word_1_233' title='bbox 1734 3169 2147 3239; x_wconf 84' lang='lat' dir='ltr'><strong>baptizaverant,</strong></span> 
     </span>
    </p>
   </div>
   <div class='ocr_carea' id='block_1_33' title="bbox 573 3258 2147 3329">
    <p class='ocr_par' dir='ltr' id='par_1_33' title="bbox 573 3258 2147 3329">
     <span class='ocr_line' id='line_1_33' title="bbox 573 3258 2147 3329; baseline 0.003 -18"><span class='ocrx_word' id='word_1_234' title='bbox 573 3259 691 3313; x_wconf 83' lang='lat' dir='ltr'><strong>sine</strong></span> <span class='ocrx_word' id='word_1_235' title='bbox 730 3258 835 3313; x_wconf 88' lang='lat' dir='ltr'><strong>ulla</strong></span> <span class='ocrx_word' id='word_1_236' title='bbox 865 3258 1120 3326; x_wconf 88' lang='lat' dir='ltr'><strong>Baptismi</strong></span> <span class='ocrx_word' id='word_1_237' title='bbox 1163 3259 1457 3326; x_wconf 66' lang='lat' dir='ltr'><strong>quaestione</strong></span> <span class='ocrx_word' id='word_1_238' title='bbox 1499 3260 1731 3329; x_wconf 85' lang='lat' dir='ltr'><strong>suscepti</strong></span> <span class='ocrx_word' id='word_1_239' title='bbox 1776 3270 1831 3315; x_wconf 91' lang='lat' dir='ltr'><strong>et</strong></span> <span class='ocrx_word' id='word_1_240' title='bbox 1872 3260 2147 3328; x_wconf 87' lang='lat' dir='ltr'><strong>honorati;</strong></span> 
     </span>
    </p>
   </div>
   <div class='ocr_carea' id='block_1_34' title="bbox 573 3349 2151 3424">
    <p class='ocr_par' dir='ltr' id='par_1_34' title="bbox 573 3349 2151 3424">
     <span class='ocr_line' id='line_1_34' title="bbox 573 3349 2151 3424; baseline 0.003 -22"><span class='ocrx_word' id='word_1_241' title='bbox 573 3349 698 3417; x_wconf 89' lang='lat' dir='ltr'><strong>quid</strong></span> <span class='ocrx_word' id='word_1_242' title='bbox 750 3350 1114 3418; x_wconf 86' lang='lat' dir='ltr'><strong>respondeatis</strong></span> <span class='ocrx_word' id='word_1_243' title='bbox 1158 3365 1264 3403; x_wconf 91' lang='lat' dir='ltr'><strong>non</strong></span> <span class='ocrx_word' id='word_1_244' title='bbox 1313 3350 1579 3405; x_wconf 86' lang='lat' dir='ltr'><strong>invenitis.</strong></span> <span class='ocrx_word' id='word_1_245' title='bbox 1629 3350 1904 3407; x_wconf 89' lang='lat' dir='ltr'><strong>Sententia</strong></span> <span class='ocrx_word' id='word_1_246' title='bbox 1956 3352 2151 3424; x_wconf 90' lang='lat' dir='ltr'><strong>quippe</strong></span> 
     </span>
    </p>
   </div>
   <div class='ocr_carea' id='block_1_35' title="bbox 574 3440 2149 3511">
    <p class='ocr_par' dir='ltr' id='par_1_35' title="bbox 574 3440 2149 3511">
     <span class='ocr_line' id='line_1_35' title="bbox 574 3440 2149 3511; baseline 0.005 -20"><span class='ocrx_word' id='word_1_247' title='bbox 574 3440 865 3504; x_wconf 84' lang='lat' dir='ltr'><strong>vincituini,</strong></span> <span class='ocrx_word' id='word_1_248' title='bbox 918 3456 1021 3494; x_wconf 92' lang='lat' dir='ltr'><strong>non</strong></span> <span class='ocrx_word' id='word_1_249' title='bbox 1063 3456 1211 3506; x_wconf 89' lang='lat' dir='ltr'><strong>vera,</strong></span> <span class='ocrx_word' id='word_1_250' title='bbox 1249 3440 1343 3496; x_wconf 88' lang='lat' dir='ltr'><strong>sed</strong></span> <span class='ocrx_word' id='word_1_251' title='bbox 1386 3450 1582 3505; x_wconf 88' lang='lat' dir='ltr'><strong>vestra,</strong></span> <span class='ocrx_word' id='word_1_252' title='bbox 1623 3457 1725 3511; x_wconf 87' lang='lat' dir='ltr'><strong>qua</strong></span> <span class='ocrx_word' id='word_1_253' title='bbox 1752 3444 2070 3497; x_wconf 80' lang='lat' dir='ltr'><strong>contenditis</strong></span> <span class='ocrx_word' id='word_1_254' title='bbox 2098 3445 2149 3499; x_wconf 91' lang='lat' dir='ltr'><strong>in</strong></span> 
     </span>
    </p>
   </div>
   <div class='ocr_carea' id='block_1_36' title="bbox 574 3531 2151 3597">
    <p class='ocr_par' dir='ltr' id='par_1_36' title="bbox 574 3531 2151 3597">
     <span class='ocr_line' id='line_1_36' title="bbox 574 3531 2151 3597; baseline 0.003 -12"><span class='ocrx_word' id='word_1_255' title='bbox 574 3531 760 3585; x_wconf 87' lang='lat' dir='ltr'><strong>eadem</strong></span> <span class='ocrx_word' id='word_1_256' title='bbox 791 3531 1165 3591; x_wconf 86' lang='lat' dir='ltr'><strong>communione</strong></span> <span class='ocrx_word' id='word_1_257' title='bbox 1207 3532 1693 3597; x_wconf 87' lang='lat' dir='ltr'><strong>Sacramentorum,</strong></span> <span class='ocrx_word' id='word_1_258' title='bbox 1743 3534 1879 3589; x_wconf 86' lang='lat' dir='ltr'><strong>alios</strong></span> <span class='ocrx_word' id='word_1_259' title='bbox 1926 3536 2151 3591; x_wconf 90' lang='lat' dir='ltr'><strong>aliorum</strong></span> 
     </span>
    </p>
   </div>
   <div class='ocr_carea' id='block_1_37' title="bbox 577 3620 2154 3693">
    <p class='ocr_par' dir='ltr' id='par_1_37' title="bbox 577 3620 2154 3693">
     <span class='ocr_line' id='line_1_37' title="bbox 577 3620 2154 3693; baseline 0.003 -21"><span class='ocrx_word' id='word_1_260' title='bbox 577 3620 749 3689; x_wconf 84' lang='lat' dir='ltr'><strong>perire</strong></span> <span class='ocrx_word' id='word_1_261' title='bbox 776 3620 1108 3683; x_wconf 87' lang='lat' dir='ltr'><strong>criminibus,</strong></span> <span class='ocrx_word' id='word_1_262' title='bbox 1138 3628 1193 3674; x_wconf 92' lang='lat' dir='ltr'><strong>et</strong></span> <span class='ocrx_word' id='word_1_263' title='bbox 1216 3620 1373 3674; x_wconf 88' lang='lat' dir='ltr'><strong>talem</strong></span> <span class='ocrx_word' id='word_1_264' title='bbox 1400 3636 1663 3690; x_wconf 87' lang='lat' dir='ltr'><strong>quemque</strong></span> <span class='ocrx_word' id='word_1_265' title='bbox 1691 3636 1829 3686; x_wconf 91' lang='lat' dir='ltr'><strong>esse,</strong></span> <span class='ocrx_word' id='word_1_266' title='bbox 1872 3625 2044 3693; x_wconf 89' lang='lat' dir='ltr'><strong>qualis</strong></span> <span class='ocrx_word' id='word_1_267' title='bbox 2071 3634 2154 3680; x_wconf 90' lang='lat' dir='ltr'><strong>est</strong></span> 
     </span>
    </p>
   </div>
   <div class='ocr_carea' id='block_1_38' title="bbox 575 3710 2153 3783">
    <p class='ocr_par' dir='ltr' id='par_1_38' title="bbox 575 3710 2153 3783">
     <span class='ocr_line' id='line_1_38' title="bbox 575 3710 2153 3783; baseline 0.003 -17"><span class='ocrx_word' id='word_1_268' title='bbox 575 3711 738 3767; x_wconf 89' lang='lat' dir='ltr'><strong>homo</strong></span> <span class='ocrx_word' id='word_1_269' title='bbox 766 3727 796 3766; x_wconf 91' lang='lat' dir='ltr'><strong>a</strong></span> <span class='ocrx_word' id='word_1_270' title='bbox 832 3728 937 3781; x_wconf 93' lang='lat' dir='ltr'><strong>quo</strong></span> <span class='ocrx_word' id='word_1_271' title='bbox 967 3710 1126 3765; x_wconf 75' lang='lat' dir='ltr'><strong>fuerit</strong></span> <span class='ocrx_word' id='word_1_272' title='bbox 1154 3711 1481 3779; x_wconf 82' lang='lat' dir='ltr'><strong>baptizatus;</strong></span> <span class='ocrx_word' id='word_1_273' title='bbox 1518 3714 1563 3769; x_wconf 91' lang='lat' dir='ltr'><strong>si</strong></span> <span class='ocrx_word' id='word_1_274' title='bbox 1591 3728 1810 3779; x_wconf 89' lang='lat' dir='ltr'><strong>nocens,</strong></span> <span class='ocrx_word' id='word_1_275' title='bbox 1840 3726 2153 3783; x_wconf 87' lang='lat' dir='ltr'><strong>nocentem;</strong></span> 
     </span>
    </p>
   </div>
   <div class='ocr_carea' id='block_1_39' title="bbox 574 3802 2154 3870">
    <p class='ocr_par' dir='ltr' id='par_1_39' title="bbox 574 3802 2154 3870">
     <span class='ocr_line' id='line_1_39' title="bbox 574 3802 2154 3870; baseline 0.003 -12"><span class='ocrx_word' id='word_1_276' title='bbox 574 3804 617 3858; x_wconf 82' lang='lat' dir='ltr'><strong>si</strong></span> <span class='ocrx_word' id='word_1_277' title='bbox 646 3804 921 3869; x_wconf 81' lang='lat' dir='ltr'><strong>innocens,</strong></span> <span class='ocrx_word' id='word_1_278' title='bbox 949 3804 1302 3861; x_wconf 88' lang='lat' dir='ltr'><strong>innocentem.</strong></span> <span class='ocrx_word' id='word_1_279' title='bbox 1344 3802 1474 3869; x_wconf 67' lang='lat' dir='ltr'><strong>Quae</strong></span> <span class='ocrx_word' id='word_1_280' title='bbox 1515 3806 1559 3859; x_wconf 90' lang='lat' dir='ltr'><strong>si</strong></span> <span class='ocrx_word' id='word_1_281' title='bbox 1585 3820 1707 3861; x_wconf 92' lang='lat' dir='ltr'><strong>vera</strong></span> <span class='ocrx_word' id='word_1_282' title='bbox 1738 3816 1880 3870; x_wconf 91' lang='lat' dir='ltr'><strong>sunt,</strong></span> <span class='ocrx_word' id='word_1_283' title='bbox 1921 3819 1979 3862; x_wconf 94' lang='lat' dir='ltr'><strong>ut</strong></span> <span class='ocrx_word' id='word_1_284' title='bbox 2021 3809 2154 3864; x_wconf 86' lang='lat' dir='ltr'><strong>alios</strong></span> 
     </span>
    </p>
   </div>
   <div class='ocr_carea' id='block_1_40' title="bbox 576 3894 2156 3969">
    <p class='ocr_par' dir='ltr' id='par_1_40' title="bbox 576 3894 2156 3969">
     <span class='ocr_line' id='line_1_40' title="bbox 576 3894 2156 3969; baseline 0.005 -22"><span class='ocrx_word' id='word_1_285' title='bbox 576 3894 990 3949; x_wconf 89' lang='lat' dir='ltr'><strong>innumerabiles</strong></span> <span class='ocrx_word' id='word_1_286' title='bbox 1016 3894 1279 3960; x_wconf 89' lang='lat' dir='ltr'><strong>omittam,</strong></span> <span class='ocrx_word' id='word_1_287' title='bbox 1304 3894 1807 3951; x_wconf 80' lang='lat' dir='ltr'><strong>Maximianistarum</strong></span> <span class='ocrx_word' id='word_1_288' title='bbox 1835 3909 1998 3965; x_wconf 90' lang='lat' dir='ltr'><strong>certe,</strong></span> <span class='ocrx_word' id='word_1_289' title='bbox 2022 3915 2156 3969; x_wconf 88' lang='lat' dir='ltr'><strong>quo-</strong></span> 
     </span>
    </p>
   </div>
   <div class='ocr_carea' id='block_1_41' title="bbox 577 3984 2154 4057">
    <p class='ocr_par' dir='ltr' id='par_1_41' title="bbox 577 3984 2154 4057">
     <span class='ocr_line' id='line_1_41' title="bbox 577 3984 2154 4057; baseline 0.006 -21"><span class='ocrx_word' id='word_1_290' title='bbox 577 4000 692 4037; x_wconf 88' lang='lat' dir='ltr'><strong>rum</strong></span> <span class='ocrx_word' id='word_1_291' title='bbox 722 3985 894 4039; x_wconf 84' lang='lat' dir='ltr'><strong>scelus</strong></span> <span class='ocrx_word' id='word_1_292' title='bbox 921 3998 1085 4053; x_wconf 85' lang='lat' dir='ltr'><strong>usque</strong></span> <span class='ocrx_word' id='word_1_293' title='bbox 1104 3984 1170 4038; x_wconf 92' lang='lat' dir='ltr'><strong>ad</strong></span> <span class='ocrx_word' id='word_1_294' title='bbox 1194 3984 1404 4038; x_wconf 88' lang='lat' dir='ltr'><strong>illorum</strong></span> <span class='ocrx_word' id='word_1_295' title='bbox 1426 3986 1825 4041; x_wconf 88' lang='lat' dir='ltr'><strong>similitudinem</strong></span> <span class='ocrx_word' id='word_1_296' title='bbox 1853 4004 1985 4057; x_wconf 86' lang='lat' dir='ltr'><strong>quos</strong></span> <span class='ocrx_word' id='word_1_297' title='bbox 2006 3991 2154 4047; x_wconf 87' lang='lat' dir='ltr'><strong>vivos</strong></span> 
     </span>
    </p>
   </div>
   <div class='ocr_carea' id='block_1_42' title="bbox 577 4074 2152 4150">
    <p class='ocr_par' dir='ltr' id='par_1_42' title="bbox 577 4074 2152 4150">
     <span class='ocr_line' id='line_1_42' title="bbox 577 4074 2152 4150; baseline 0.003 -22"><span class='ocrx_word' id='word_1_298' title='bbox 577 4082 714 4128; x_wconf 88' lang='lat' dir='ltr'><strong>terra</strong></span> <span class='ocrx_word' id='word_1_299' title='bbox 743 4075 969 4139; x_wconf 84' lang='lat' dir='ltr'><strong>sorbuit,</strong></span> <span class='ocrx_word' id='word_1_300' title='bbox 1004 4074 1056 4128; x_wconf 91' lang='lat' dir='ltr'><strong>in</strong></span> <span class='ocrx_word' id='word_1_301' title='bbox 1088 4083 1193 4129; x_wconf 86' lang='lat' dir='ltr'><strong>tam</strong></span> <span class='ocrx_word' id='word_1_302' title='bbox 1223 4089 1508 4129; x_wconf 89' lang='lat' dir='ltr'><strong>numeroso</strong></span> <span class='ocrx_word' id='word_1_303' title='bbox 1543 4077 1776 4131; x_wconf 90' lang='lat' dir='ltr'><strong>concilio</strong></span> <span class='ocrx_word' id='word_1_304' title='bbox 1798 4080 1959 4132; x_wconf 91' lang='lat' dir='ltr'><strong>vestri</strong></span> <span class='ocrx_word' id='word_1_305' title='bbox 1989 4095 2152 4150; x_wconf 78' lang='lat' dir='ltr'><strong>exag-</strong></span> 
     </span>
    </p>
   </div>
   <div class='ocr_carea' id='block_1_43' title="bbox 574 4164 2152 4233">
    <p class='ocr_par' dir='ltr' id='par_1_43' title="bbox 574 4164 2152 4233">
     <span class='ocr_line' id='line_1_43' title="bbox 574 4164 2152 4233; baseline 0.004 -16"><span class='ocrx_word' id='word_1_306' title='bbox 574 4173 841 4231; x_wconf 74' lang='lat' dir='ltr'><strong>gerarunt,</strong></span> <span class='ocrx_word' id='word_1_307' title='bbox 886 4178 979 4217; x_wconf 91' lang='lat' dir='ltr'><strong>vos</strong></span> <span class='ocrx_word' id='word_1_308' title='bbox 1021 4164 1244 4218; x_wconf 91' lang='lat' dir='ltr'><strong>crimina</strong></span> <span class='ocrx_word' id='word_1_309' title='bbox 1280 4164 1644 4233; x_wconf 89' lang='lat' dir='ltr'><strong>perdiderunt.</strong></span> <span class='ocrx_word' id='word_1_310' title='bbox 1688 4164 1743 4221; x_wconf 92' lang='lat' dir='ltr'><strong>Si</strong></span> <span class='ocrx_word' id='word_1_311' title='bbox 1769 4176 1944 4221; x_wconf 89' lang='lat' dir='ltr'><strong>autem</strong></span> <span class='ocrx_word' id='word_1_312' title='bbox 1984 4169 2152 4223; x_wconf 82' lang='lat' dir='ltr'><strong>Maxi-</strong></span> 
     </span>
    </p>
   </div>
   <div class='ocr_carea' id='block_1_44' title="bbox 578 4254 2153 4324">
    <p class='ocr_par' dir='ltr' id='par_1_44' title="bbox 578 4254 2153 4324">
     <span class='ocr_line' id='line_1_44' title="bbox 578 4254 2153 4324; baseline 0.005 -19"><span class='ocrx_word' id='word_1_313' title='bbox 578 4256 937 4314; x_wconf 85' lang='lat' dir='ltr'><strong>mianistarum</strong></span> <span class='ocrx_word' id='word_1_314' title='bbox 968 4254 1191 4309; x_wconf 83' lang='lat' dir='ltr'><strong>crimina</strong></span> <span class='ocrx_word' id='word_1_315' title='bbox 1218 4269 1315 4310; x_wconf 85' lang='lat' dir='ltr'><strong>vos</strong></span> <span class='ocrx_word' id='word_1_316' title='bbox 1344 4271 1447 4309; x_wconf 93' lang='lat' dir='ltr'><strong>non</strong></span> <span class='ocrx_word' id='word_1_317' title='bbox 1480 4255 1851 4324; x_wconf 90' lang='lat' dir='ltr'><strong>perdiderunt;</strong></span> <span class='ocrx_word' id='word_1_318' title='bbox 1882 4257 2011 4314; x_wconf 80' lang='lat' dir='ltr'><strong>falsa</strong></span> <span class='ocrx_word' id='word_1_319' title='bbox 2033 4270 2153 4313; x_wconf 92' lang='lat' dir='ltr'><strong>sunt</strong></span> 
     </span>
    </p>
   </div>
   <div class='ocr_carea' id='block_1_45' title="bbox 576 4344 2155 4418">
    <p class='ocr_par' dir='ltr' id='par_1_45' title="bbox 576 4344 2155 4418">
     <span class='ocr_line' id='line_1_45' title="bbox 576 4344 2155 4418; baseline 0.003 -22"><span class='ocrx_word' id='word_1_320' title='bbox 576 4359 693 4411; x_wconf 86' lang='lat' dir='ltr'><strong>quae</strong></span> <span class='ocrx_word' id='word_1_321' title='bbox 721 4345 790 4399; x_wconf 90' lang='lat' dir='ltr'><strong>ita</strong></span> <span class='ocrx_word' id='word_1_322' title='bbox 819 4344 1048 4406; x_wconf 83' lang='lat' dir='ltr'><strong>sentitis,</strong></span> <span class='ocrx_word' id='word_1_323' title='bbox 1078 4353 1131 4397; x_wconf 88' lang='lat' dir='ltr'><strong>et</strong></span> <span class='ocrx_word' id='word_1_324' title='bbox 1160 4345 1329 4399; x_wconf 91' lang='lat' dir='ltr'><strong>multo</strong></span> <span class='ocrx_word' id='word_1_325' title='bbox 1354 4346 1528 4399; x_wconf 92' lang='lat' dir='ltr'><strong>minus</strong></span> <span class='ocrx_word' id='word_1_326' title='bbox 1554 4348 1733 4401; x_wconf 89' lang='lat' dir='ltr'><strong>nescio</strong></span> <span class='ocrx_word' id='word_1_327' title='bbox 1758 4362 1875 4418; x_wconf 66' lang='lat' dir='ltr'><strong>quae</strong></span> <span class='ocrx_word' id='word_1_328' title='bbox 1902 4365 2004 4403; x_wconf 92' lang='lat' dir='ltr'><strong>non</strong></span> <span class='ocrx_word' id='word_1_329' title='bbox 2034 4365 2155 4418; x_wconf 88' lang='lat' dir='ltr'><strong>pro-</strong></span> 
     </span>
    </p>
   </div>
   <div class='ocr_carea' id='block_1_46' title="bbox 578 4431 2156 4508">
    <p class='ocr_par' dir='ltr' id='par_1_46' title="bbox 578 4431 2156 4508">
     <span class='ocr_line' id='line_1_46' title="bbox 578 4431 2156 4508; baseline 0.005 -23"><span class='ocrx_word' id='word_1_330' title='bbox 578 4431 697 4491; x_wconf 85' lang='lat' dir='ltr'><strong>bata</strong></span> <span class='ocrx_word' id='word_1_331' title='bbox 727 4433 948 4487; x_wconf 89' lang='lat' dir='ltr'><strong>crimina</strong></span> <span class='ocrx_word' id='word_1_332' title='bbox 988 4433 1232 4487; x_wconf 81' lang='lat' dir='ltr'><strong>Afrorum</strong></span> <span class='ocrx_word' id='word_1_333' title='bbox 1278 4436 1461 4490; x_wconf 92' lang='lat' dir='ltr'><strong>orbem</strong></span> <span class='ocrx_word' id='word_1_334' title='bbox 1507 4446 1766 4491; x_wconf 88' lang='lat' dir='ltr'><strong>terrantm</strong></span> <span class='ocrx_word' id='word_1_335' title='bbox 1812 4439 2033 4505; x_wconf 87' lang='lat' dir='ltr'><strong>perdere</strong></span> <span class='ocrx_word' id='word_1_336' title='bbox 2063 4455 2156 4508; x_wconf 83' lang='lat' dir='ltr'><strong>po-</strong></span> 
     </span>
    </p>
   </div>
   <div class='ocr_carea' id='block_1_47' title="bbox 577 4524 2156 4599">
    <p class='ocr_par' dir='ltr' id='par_1_47' title="bbox 577 4524 2156 4599">
     <span class='ocr_line' id='line_1_47' title="bbox 577 4524 2156 4599; baseline 0.005 -23"><span class='ocrx_word' id='word_1_337' title='bbox 577 4532 809 4585; x_wconf 85' lang='lat' dir='ltr'><strong>tuerunt.</strong></span> <span class='ocrx_word' id='word_1_338' title='bbox 825 4525 901 4579; x_wconf 85' lang='lat' dir='ltr'><strong>Ac</strong></span> <span class='ocrx_word' id='word_1_339' title='bbox 923 4539 1019 4593; x_wconf 87' lang='lat' dir='ltr'><strong>per</strong></span> <span class='ocrx_word' id='word_1_340' title='bbox 1041 4524 1162 4591; x_wconf 88' lang='lat' dir='ltr'><strong>hoc,</strong></span> <span class='ocrx_word' id='word_1_341' title='bbox 1187 4525 1324 4579; x_wconf 90' lang='lat' dir='ltr'><strong>sicut</strong></span> <span class='ocrx_word' id='word_1_342' title='bbox 1343 4528 1525 4581; x_wconf 91' lang='lat' dir='ltr'><strong>scribit</strong></span> <span class='ocrx_word' id='word_1_343' title='bbox 1548 4527 1851 4597; x_wconf 85' lang='lat' dir='ltr'><strong>Apostolus,</strong></span> <span class='ocrx_word' id='word_1_344' title='bbox 1877 4528 2156 4599; x_wconf 78' lang='lat' dir='ltr'><strong>Unusquis-</strong></span> 
     </span>
    </p>
   </div>
   <div class='ocr_carea' id='block_1_48' title="bbox 574 4614 2155 4685">
    <p class='ocr_par' dir='ltr' id='par_1_48' title="bbox 574 4614 2155 4685">
     <span class='ocr_line' id='line_1_48' title="bbox 574 4614 2155 4685; baseline 0.004 -19"><span class='ocrx_word' id='word_1_345' title='bbox 574 4629 671 4682; x_wconf 79' lang='lat' dir='ltr'><strong>que</strong></span> <span class='ocrx_word' id='word_1_346' title='bbox 709 4630 853 4667; x_wconf 72' lang='lat' dir='ltr'><strong>suam</strong></span> <span class='ocrx_word' id='word_1_347' title='bbox 897 4614 1148 4669; x_wconf 77' lang='lat' dir='ltr'><strong>sarcinam</strong></span> <span class='ocrx_word' id='word_1_348' title='bbox 1196 4624 1363 4685; x_wconf 83' lang='lat' dir='ltr'><strong>portat</strong></span> <span class='ocrx_word' id='word_1_349' title='bbox 1409 4615 1604 4685; x_wconf 81' lang='lat' dir='ltr'><strong>(Galat.</strong></span> <span class='ocrx_word' id='word_1_350' title='bbox 1633 4632 1706 4681; x_wconf 87' lang='lat' dir='ltr'><strong>vt,</strong></span> <span class='ocrx_word' id='word_1_351' title='bbox 1739 4616 1793 4685; x_wconf 82' lang='grc'><strong>5)</strong></span> <span class='ocrx_word' id='word_1_352' title='bbox 1826 4635 1838 4671; x_wconf 89' lang='lat'>:</span> <span class='ocrx_word' id='word_1_353' title='bbox 1866 4627 1921 4672; x_wconf 89' lang='lat' dir='ltr'><strong>et</strong></span> <span class='ocrx_word' id='word_1_354' title='bbox 1959 4619 2155 4673; x_wconf 90' lang='lat' dir='ltr'><strong>nullius</strong></span> 
     </span>
    </p>
   </div>
   <div class='ocr_carea' id='block_1_49' title="bbox 577 4705 2153 4778">
    <p class='ocr_par' dir='ltr' id='par_1_49' title="bbox 577 4705 2153 4778">
     <span class='ocr_line' id='line_1_49' title="bbox 577 4705 2153 4778; baseline 0.003 -20"><span class='ocrx_word' id='word_1_355' title='bbox 577 4714 660 4759; x_wconf 90' lang='lat' dir='ltr'><strong>est</strong></span> <span class='ocrx_word' id='word_1_356' title='bbox 685 4705 989 4774; x_wconf 87' lang='lat' dir='ltr'><strong>Baptismus</strong></span> <span class='ocrx_word' id='word_1_357' title='bbox 1030 4706 1251 4772; x_wconf 77' lang='lat' dir='ltr'><strong>Christi,</strong></span> <span class='ocrx_word' id='word_1_358' title='bbox 1292 4707 1391 4763; x_wconf 89' lang='lat' dir='ltr'><strong>nisi</strong></span> <span class='ocrx_word' id='word_1_359' title='bbox 1433 4707 1668 4763; x_wconf 89' lang='lat' dir='ltr'><strong>Christi:</strong></span> <span class='ocrx_word' id='word_1_360' title='bbox 1699 4717 1754 4763; x_wconf 92' lang='lat' dir='ltr'><strong>et</strong></span> <span class='ocrx_word' id='word_1_361' title='bbox 1797 4708 1989 4763; x_wconf 78' lang='lat' dir='ltr'><strong>frustra</strong></span> <span class='ocrx_word' id='word_1_362' title='bbox 2030 4725 2153 4778; x_wconf 92' lang='lat' dir='ltr'><strong>pro-</strong></span> 
     </span>
    </p>
   </div>
   <div class='ocr_carea' id='block_1_50' title="bbox 580 4797 2153 4869">
    <p class='ocr_par' dir='ltr' id='par_1_50' title="bbox 580 4797 2153 4869">
     <span class='ocr_line' id='line_1_50' title="bbox 580 4797 2153 4869; baseline 0.004 -20"><span class='ocrx_word' id='word_1_363' title='bbox 580 4797 739 4853; x_wconf 89' lang='lat' dir='ltr'><strong>mittit</strong></span> <span class='ocrx_word' id='word_1_364' title='bbox 764 4797 1053 4857; x_wconf 85' lang='lat' dir='ltr'><strong>Petilianus</strong></span> <span class='ocrx_word' id='word_1_365' title='bbox 1080 4816 1147 4853; x_wconf 92' lang='lat' dir='ltr'><strong>ex</strong></span> <span class='ocrx_word' id='word_1_366' title='bbox 1175 4799 1277 4855; x_wconf 87' lang='lat' dir='ltr'><strong>hoc</strong></span> <span class='ocrx_word' id='word_1_367' title='bbox 1303 4799 1443 4869; x_wconf 92' lang='lat' dir='ltr'><strong>quod</strong></span> <span class='ocrx_word' id='word_1_368' title='bbox 1465 4799 1531 4853; x_wconf 90' lang='lat' dir='ltr'><strong>de</strong></span> <span class='ocrx_word' id='word_1_369' title='bbox 1560 4800 1956 4856; x_wconf 85' lang='lat' dir='ltr'><strong>Maximianistis</strong></span> <span class='ocrx_word' id='word_1_370' title='bbox 1983 4803 2153 4856; x_wconf 87' lang='lat' dir='ltr'><strong>inten-</strong></span> 
     </span>
    </p>
   </div>
   <div class='ocr_carea' id='block_1_51' title="bbox 576 4890 2154 4958">
    <p class='ocr_par' dir='ltr' id='par_1_51' title="bbox 576 4890 2154 4958">
     <span class='ocr_line' id='line_1_51' title="bbox 576 4890 2154 4958; baseline 0.003 -15"><span class='ocrx_word' id='word_1_371' title='bbox 576 4890 772 4957; x_wconf 85' lang='lat' dir='ltr'><strong>dimus,</strong></span> <span class='ocrx_word' id='word_1_372' title='bbox 814 4891 865 4945; x_wconf 90' lang='lat' dir='ltr'><strong>in</strong></span> <span class='ocrx_word' id='word_1_373' title='bbox 909 4891 1145 4946; x_wconf 89' lang='lat' dir='ltr'><strong>secundo</strong></span> <span class='ocrx_word' id='word_1_374' title='bbox 1173 4891 1311 4946; x_wconf 88' lang='lat' dir='ltr'><strong>libro</strong></span> <span class='ocrx_word' id='word_1_375' title='bbox 1337 4907 1456 4946; x_wconf 86' lang='lat' dir='ltr'><strong>esse</strong></span> <span class='ocrx_word' id='word_1_376' title='bbox 1482 4891 1765 4958; x_wconf 91' lang='lat' dir='ltr'><strong>dicturum,</strong></span> <span class='ocrx_word' id='word_1_377' title='bbox 1816 4893 1973 4947; x_wconf 89' lang='lat' dir='ltr'><strong>nimis</strong></span> <span class='ocrx_word' id='word_1_378' title='bbox 2015 4893 2154 4948; x_wconf 87' lang='lat' dir='ltr'><strong>male</strong></span> 
     </span>
    </p>
   </div>
   <div class='ocr_carea' id='block_1_52' title="bbox 576 4979 2155 5051">
    <p class='ocr_par' dir='ltr' id='par_1_52' title="bbox 576 4979 2155 5051">
     <span class='ocr_line' id='line_1_52' title="bbox 576 4979 2155 5051; baseline 0 -16"><span class='ocrx_word' id='word_1_379' title='bbox 576 4980 810 5035; x_wconf 88' lang='lat' dir='ltr'><strong>sentiens</strong></span> <span class='ocrx_word' id='word_1_380' title='bbox 834 4980 901 5034; x_wconf 91' lang='lat' dir='ltr'><strong>de</strong></span> <span class='ocrx_word' id='word_1_381' title='bbox 931 4980 1178 5035; x_wconf 88' lang='lat' dir='ltr'><strong>cordibus</strong></span> <span class='ocrx_word' id='word_1_382' title='bbox 1220 4979 1499 5046; x_wconf 81' lang='lat' dir='ltr'><strong>humanis,</strong></span> <span class='ocrx_word' id='word_1_383' title='bbox 1529 4981 1679 5051; x_wconf 93' lang='lat' dir='ltr'><strong>quasi</strong></span> <span class='ocrx_word' id='word_1_384' title='bbox 1715 4996 1818 5034; x_wconf 95' lang='lat' dir='ltr'><strong>non</strong></span> <span class='ocrx_word' id='word_1_385' title='bbox 1864 4982 2155 5051; x_wconf 80' lang='lat' dir='ltr'><strong>intelligant</strong></span> 
     </span>
    </p>
   </div>
   <div class='ocr_carea' id='block_1_53' title="bbox 576 5070 1393 5141">
    <p class='ocr_par' dir='ltr' id='par_1_53' title="bbox 576 5070 1393 5141">
     <span class='ocr_line' id='line_1_53' title="bbox 576 5070 1393 5141; baseline 0 -16"><span class='ocrx_word' id='word_1_386' title='bbox 576 5087 698 5127; x_wconf 82' lang='lat' dir='ltr'><strong>cum</strong></span> <span class='ocrx_word' id='word_1_387' title='bbox 724 5086 829 5125; x_wconf 91' lang='lat' dir='ltr'><strong>non</strong></span> <span class='ocrx_word' id='word_1_388' title='bbox 859 5070 1057 5126; x_wconf 89' lang='lat' dir='ltr'><strong>habere</strong></span> <span class='ocrx_word' id='word_1_389' title='bbox 1086 5071 1212 5141; x_wconf 90' lang='lat' dir='ltr'><strong>quid</strong></span> <span class='ocrx_word' id='word_1_390' title='bbox 1235 5071 1393 5125; x_wconf 89' lang='lat' dir='ltr'><strong>dicat.</strong></span> 
     </span>
    </p>
   </div>
   <div class='ocr_carea' id='block_1_54' title="bbox 646 5160 2155 5232">
    <p class='ocr_par' dir='ltr' id='par_1_54' title="bbox 646 5160 2155 5232">
     <span class='ocr_line' id='line_1_54' title="bbox 646 5160 2155 5232; baseline 0.001 -16"><span class='ocrx_word' id='word_1_391' title='bbox 646 5160 871 5217; x_wconf 86' lang='lat' dir='ltr'><strong>CAPUT</strong></span> <span class='ocrx_word' id='word_1_392' title='bbox 893 5161 1004 5214; x_wconf 85' lang='lat' dir='ltr'><strong>XL.</strong></span> <span class='ocrx_word' id='word_1_393' title='bbox 1026 5192 1096 5200; x_wconf 91' lang='lat'><strong><em>—</em></strong></span> <span class='ocrx_word' id='word_1_394' title='bbox 1115 5162 1202 5217; x_wconf 71' lang='grc'><strong>46.</strong></span> <span class='ocrx_word' id='word_1_395' title='bbox 1233 5160 1365 5215; x_wconf 87' lang='lat' dir='ltr'><strong>Nam</strong></span> <span class='ocrx_word' id='word_1_396' title='bbox 1394 5162 1438 5216; x_wconf 90' lang='lat' dir='ltr'><strong>si</strong></span> <span class='ocrx_word' id='word_1_397' title='bbox 1476 5162 1795 5232; x_wconf 86' lang='lat' dir='ltr'><strong>Baptismus,</strong></span> <span class='ocrx_word' id='word_1_398' title='bbox 1823 5178 1978 5231; x_wconf 91' lang='lat' dir='ltr'><strong>quem</strong></span> <span class='ocrx_word' id='word_1_399' title='bbox 2010 5162 2155 5217; x_wconf 70' lang='lat' dir='ltr'><strong>Prte-</strong></span> 
     </span>
    </p>
   </div>
   <div class='ocr_carea' id='block_1_55' title="bbox 576 5251 2151 5309">
    <p class='ocr_par' dir='ltr' id='par_1_55' title="bbox 576 5251 2151 5309">
     <span class='ocr_line' id='line_1_55' title="bbox 576 5251 2151 5309; baseline 0.002 -3"><span class='ocrx_word' id='word_1_400' title='bbox 576 5260 807 5307; x_wconf 87' lang='lat' dir='ltr'><strong>textatus</strong></span> <span class='ocrx_word' id='word_1_401' title='bbox 835 5259 889 5305; x_wconf 88' lang='lat' dir='ltr'><strong>et</strong></span> <span class='ocrx_word' id='word_1_402' title='bbox 915 5251 1210 5306; x_wconf 79' lang='lat' dir='ltr'><strong>Felicianus</strong></span> <span class='ocrx_word' id='word_1_403' title='bbox 1240 5253 1289 5305; x_wconf 94' lang='lat' dir='ltr'><strong>iu</strong></span> <span class='ocrx_word' id='word_1_404' title='bbox 1333 5253 1633 5307; x_wconf 82' lang='lat' dir='ltr'><strong>Maximiani</strong></span> <span class='ocrx_word' id='word_1_405' title='bbox 1658 5254 2029 5309; x_wconf 90' lang='lat' dir='ltr'><strong>communione</strong></span> <span class='ocrx_word' id='word_1_406' title='bbox 2054 5256 2151 5309; x_wconf 84' lang='lat' dir='ltr'><strong>mi-</strong></span> 
     </span>
    </p>
   </div>
   <div class='ocr_carea' id='block_1_56' title="bbox 637 5461 2154 5529">
    <p class='ocr_par' dir='ltr' id='par_1_56' title="bbox 637 5461 2154 5529">
     <span class='ocr_line' id='line_1_56' title="bbox 637 5461 2154 5529; baseline 0.005 -19"><span class='ocrx_word' id='word_1_407' title='bbox 637 5466 653 5495; x_wconf 77' lang='grc' dir='ltr'>ι</span> <span class='ocrx_word' id='word_1_408' title='bbox 802 5461 947 5529; x_wconf 70' lang='lat' dir='ltr'><strong>Lugd.</strong></span> <span class='ocrx_word' id='word_1_409' title='bbox 984 5470 1247 5529; x_wconf 57' lang='lat' dir='ltr'><strong>Veu.__l.ov.</strong></span> <span class='ocrx_word' id='word_1_410' title='bbox 1287 5476 1356 5515; x_wconf 80' lang='lat' dir='ltr'><strong>sic</strong></span> <span class='ocrx_word' id='word_1_411' title='bbox 1390 5466 1563 5529; x_wconf 78' lang='lat' dir='ltr'><strong>legunt</strong></span> <span class='ocrx_word' id='word_1_412' title='bbox 1584 5467 1712 5529; x_wconf 88' lang='lat' dir='ltr'><strong>hunc</strong></span> <span class='ocrx_word' id='word_1_413' title='bbox 1735 5465 1901 5529; x_wconf 73' lang='lat' dir='ltr'><strong>iocum</strong></span> <span class='ocrx_word' id='word_1_414' title='bbox 1936 5482 1947 5515; x_wconf 91' lang='lat'>:</span> <span class='ocrx_word' id='word_1_415' title='bbox 1978 5468 2154 5518; x_wconf 85' lang='lat' dir='ltr'><strong>Eodem</strong></span> 
     </span>
    </p>
   </div>
   <div class='ocr_carea' id='block_1_57' title="bbox 574 5523 2152 5593">
    <p class='ocr_par' dir='ltr' id='par_1_57' title="bbox 574 5523 2152 5593">
     <span class='ocr_line' id='line_1_57' title="bbox 574 5523 2152 5593; baseline 0.003 -18"><span class='ocrx_word' id='word_1_416' title='bbox 574 5523 776 5575; x_wconf 73' lang='lat' dir='ltr'><strong>comitio</strong></span> <span class='ocrx_word' id='word_1_417' title='bbox 791 5528 853 5593; x_wconf 77' lang='lat' dir='ltr'><strong>tot</strong></span> <span class='ocrx_word' id='word_1_418' title='bbox 877 5523 1235 5593; x_wconf 67' lang='lat' dir='ltr'><strong>proconsulibus</strong></span> <span class='ocrx_word' id='word_1_419' title='bbox 1248 5534 1291 5577; x_wconf 87' lang='lat' dir='ltr'><strong>et</strong></span> <span class='ocrx_word' id='word_1_420' title='bbox 1311 5534 1373 5577; x_wconf 84' lang='lat' dir='ltr'><strong>tot</strong></span> <span class='ocrx_word' id='word_1_421' title='bbox 1396 5523 1543 5578; x_wconf 62' lang='lat' dir='ltr'><strong>cistis</strong></span> <span class='ocrx_word' id='word_1_422' title='bbox 1564 5527 1930 5590; x_wconf 81' lang='lat' dir='ltr'><strong>mum‘cipatibus</strong></span> <span class='ocrx_word' id='word_1_423' title='bbox 1952 5528 2152 5592; x_wconf 78' lang='lat' dir='ltr'><strong>atiegato</strong></span> 
     </span>
    </p>
   </div>
   <div class='ocr_carea' id='block_1_58' title="bbox 573 5591 1902 5718">
    <p class='ocr_par' dir='ltr' id='par_1_58' title="bbox 573 5591 1902 5718">
     <span class='ocr_line' id='line_1_58' title="bbox 573 5591 1853 5675; baseline -0.002 -38"><span class='ocrx_word' id='word_1_424' title='bbox 573 5591 848 5675; x_wconf 49' lang='lat' dir='ltr'><strong>oppugnati.</strong></span> <span class='ocrx_word' id='word_1_425' title='bbox 915 5591 969 5633; x_wconf 71' lang='lat' dir='ltr'><strong>at.</strong></span> <span class='ocrx_word' id='word_1_426' title='bbox 1248 5651 1256 5660; x_wconf 40' lang='lat'><em>&#39;</em></span> <span class='ocrx_word' id='word_1_427' title='bbox 1773 5645 1782 5655; x_wconf 41' lang='lat'><em>.</em></span> <span class='ocrx_word' id='word_1_428' title='bbox 1844 5647 1853 5655; x_wconf 28' lang='grc' dir='ltr'><strong><em>ι</em></strong></span> 
     </span>
     <span class='ocr_line' id='line_1_59' title="bbox 637 5646 1902 5718; baseline 0.003 -25"><span class='ocrx_word' id='word_1_429' title='bbox 637 5646 809 5718; x_wconf 44' lang='lat' dir='ltr'><strong>lfuini,</strong></span> <span class='ocrx_word' id='word_1_430' title='bbox 834 5649 1116 5718; x_wconf 69' lang='lat' dir='ltr'><strong>perturbati.</strong></span> <span class='ocrx_word' id='word_1_431' title='bbox 1138 5654 1434 5711; x_wconf 71' lang='lat' dir='ltr'><strong>Castigantur</strong></span> <span class='ocrx_word' id='word_1_432' title='bbox 1462 5664 1522 5713; x_wconf 76' lang='lat' dir='ltr'><strong>ex</strong></span> <span class='ocrx_word' id='word_1_433' title='bbox 1549 5654 1902 5718; x_wconf 78' lang='lat' dir='ltr'><strong>manusertptts.</strong></span> 
     </span>
    </p>
   </div>
   <div class='ocr_carea' id='block_1_59' title="bbox 635 5703 984 5767">
    <p class='ocr_par' dir='ltr' id='par_1_59' title="bbox 635 5703 984 5767">
     <span class='ocr_line' id='line_1_60' title="bbox 635 5703 984 5767; baseline 0.003 -13"><span class='ocrx_word' id='word_1_434' title='bbox 635 5703 710 5764; x_wconf 66' lang='grc' dir='ltr'><strong>(Ι)</strong></span> <span class='ocrx_word' id='word_1_435' title='bbox 733 5703 984 5767; x_wconf 69' lang='lat' dir='ltr'><strong>Bagaitani.</strong></span> 
     </span>
    </p>
   </div>
   <div class='ocr_carea' id='block_1_60' title="bbox 3718 342 3825 403">
    <p class='ocr_par' dir='ltr' id='par_1_60' title="bbox 3718 342 3825 403">
     <span class='ocr_line' id='line_1_61' title="bbox 3718 342 3825 403; baseline -0.019 -3"><span class='ocrx_word' id='word_1_436' title='bbox 3718 342 3825 403; x_wconf 57' lang='lat'><strong>373</strong></span> 
     </span>
    </p>
   </div>
   <div class='ocr_carea' id='block_1_61' title="bbox 2243 446 3825 527">
    <p class='ocr_par' dir='ltr' id='par_1_61' title="bbox 2243 446 3825 527">
     <span class='ocr_line' id='line_1_62' title="bbox 2243 446 3825 527; baseline 0.009 -29"><span class='ocrx_word' id='word_1_437' title='bbox 2243 446 2619 510; x_wconf 87' lang='lat' dir='ltr'><strong>nistraverunt,</strong></span> <span class='ocrx_word' id='word_1_438' title='bbox 2670 448 2879 516; x_wconf 66' lang='lat' dir='ltr'><strong>illorum</strong></span> <span class='ocrx_word' id='word_1_439' title='bbox 2922 449 3051 511; x_wconf 73' lang='lat' dir='ltr'><strong>fuit;</strong></span> <span class='ocrx_word' id='word_1_440' title='bbox 3088 467 3232 507; x_wconf 75' lang='lat' dir='ltr'><strong>cura</strong></span> <span class='ocrx_word' id='word_1_441' title='bbox 3262 453 3430 519; x_wconf 83' lang='lat' dir='ltr'><strong>vobis,</strong></span> <span class='ocrx_word' id='word_1_442' title='bbox 3477 456 3526 509; x_wconf 95' lang='lat' dir='ltr'><strong>iu</strong></span> <span class='ocrx_word' id='word_1_443' title='bbox 3568 457 3645 515; x_wconf 84' lang='lat' dir='ltr'><strong>eis</strong></span> <span class='ocrx_word' id='word_1_444' title='bbox 3687 476 3825 527; x_wconf 73' lang='lat' dir='ltr'><strong>quos</strong></span> 
     </span>
    </p>
   </div>
   <div class='ocr_carea' id='block_1_62' title="bbox 2239 536 3831 613">
    <p class='ocr_par' dir='ltr' id='par_1_62' title="bbox 2239 536 3831 613">
     <span class='ocr_line' id='line_1_63' title="bbox 2239 536 3831 613; baseline 0.007 -22"><span class='ocrx_word' id='word_1_445' title='bbox 2239 536 2656 605; x_wconf 84' lang='lat' dir='ltr'><strong>baptizaverunt,</strong></span> <span class='ocrx_word' id='word_1_446' title='bbox 2690 550 2938 609; x_wconf 88' lang='lat' dir='ltr'><strong>tauqttam</strong></span> <span class='ocrx_word' id='word_1_447' title='bbox 2966 541 3161 597; x_wconf 92' lang='lat' dir='ltr'><strong>Christi</strong></span> <span class='ocrx_word' id='word_1_448' title='bbox 3189 556 3467 613; x_wconf 77' lang='lat' dir='ltr'><strong>susceptus</strong></span> <span class='ocrx_word' id='word_1_449' title='bbox 3500 556 3581 601; x_wconf 74' lang='lat' dir='ltr'><strong>est</strong></span> <span class='ocrx_word' id='word_1_450' title='bbox 3605 555 3624 600; x_wconf 83' lang='lat' dir='ltr'><strong>t</strong></span> <span class='ocrx_word' id='word_1_451' title='bbox 3648 548 3701 603; x_wconf 83' lang='lat' dir='ltr'><strong>Si</strong></span> <span class='ocrx_word' id='word_1_452' title='bbox 3727 567 3831 602; x_wconf 84' lang='lat' dir='ltr'><strong>au-</strong></span> 
     </span>
    </p>
   </div>
   <div class='ocr_carea' id='block_1_63' title="bbox 2242 629 3821 708">
    <p class='ocr_par' dir='ltr' id='par_1_63' title="bbox 2242 629 3821 708">
     <span class='ocr_line' id='line_1_64' title="bbox 2242 629 3821 708; baseline 0.007 -27"><span class='ocrx_word' id='word_1_453' title='bbox 2242 638 2346 681; x_wconf 93' lang='lat' dir='ltr'><strong>tcm</strong></span> <span class='ocrx_word' id='word_1_454' title='bbox 2372 645 2493 683; x_wconf 86' lang='lat' dir='ltr'><strong>vere</strong></span> <span class='ocrx_word' id='word_1_455' title='bbox 2514 629 2709 684; x_wconf 89' lang='lat' dir='ltr'><strong>Christi</strong></span> <span class='ocrx_word' id='word_1_456' title='bbox 2736 641 2837 693; x_wconf 80' lang='lat' dir='ltr'><strong>est,</strong></span> <span class='ocrx_word' id='word_1_457' title='bbox 2869 633 3021 685; x_wconf 91' lang='lat' dir='ltr'><strong>sicnti</strong></span> <span class='ocrx_word' id='word_1_458' title='bbox 3047 643 3149 701; x_wconf 83' lang='lat' dir='ltr'><strong>est,</strong></span> <span class='ocrx_word' id='word_1_459' title='bbox 3182 650 3279 688; x_wconf 91' lang='lat' dir='ltr'><strong>nec</strong></span> <span class='ocrx_word' id='word_1_460' title='bbox 3304 637 3381 689; x_wconf 71' lang='lat' dir='ltr'><strong>eis</strong></span> <span class='ocrx_word' id='word_1_461' title='bbox 3411 637 3666 704; x_wconf 73' lang='lat' dir='ltr'><strong>prodesse</strong></span> <span class='ocrx_word' id='word_1_462' title='bbox 3695 655 3821 708; x_wconf 69' lang='lat' dir='ltr'><strong>pos-</strong></span> 
     </span>
    </p>
   </div>
   <div class='ocr_carea' id='block_1_64' title="bbox 2240 722 3823 800">
    <p class='ocr_par' dir='ltr' id='par_1_64' title="bbox 2240 722 3823 800">
     <span class='ocr_line' id='line_1_65' title="bbox 2240 722 3823 800; baseline 0.009 -29"><span class='ocrx_word' id='word_1_463' title='bbox 2240 730 2339 781; x_wconf 88' lang='lat' dir='ltr'><strong>set,</strong></span> <span class='ocrx_word' id='word_1_464' title='bbox 2372 722 2457 790; x_wconf 93' lang='lat' dir='ltr'><strong>qni</strong></span> <span class='ocrx_word' id='word_1_465' title='bbox 2488 736 2606 774; x_wconf 91' lang='lat' dir='ltr'><strong>eum</strong></span> <span class='ocrx_word' id='word_1_466' title='bbox 2632 738 2750 775; x_wconf 85' lang='lat' dir='ltr'><strong>cum</strong></span> <span class='ocrx_word' id='word_1_467' title='bbox 2784 725 2985 778; x_wconf 83' lang='lat' dir='ltr'><strong>scelere</strong></span> <span class='ocrx_word' id='word_1_468' title='bbox 3007 726 3307 780; x_wconf 79' lang='lat' dir='ltr'><strong>schismatis</strong></span> <span class='ocrx_word' id='word_1_469' title='bbox 3332 726 3673 793; x_wconf 84' lang='lat' dir='ltr'><strong>habuissent;</strong></span> <span class='ocrx_word' id='word_1_470' title='bbox 3696 734 3823 800; x_wconf 87' lang='lat' dir='ltr'><strong>quid</strong></span> 
     </span>
    </p>
   </div>
   <div class='ocr_carea' id='block_1_65' title="bbox 2240 812 3819 887">
    <p class='ocr_par' dir='ltr' id='par_1_65' title="bbox 2240 812 3819 887">
     <span class='ocr_line' id='line_1_66' title="bbox 2240 812 3819 887; baseline 0.009 -26"><span class='ocrx_word' id='word_1_471' title='bbox 2240 826 2333 863; x_wconf 78' lang='lat' dir='ltr'><strong>vos</strong></span> <span class='ocrx_word' id='word_1_472' title='bbox 2359 812 2595 880; x_wconf 88' lang='lat' dir='ltr'><strong>potuisse</strong></span> <span class='ocrx_word' id='word_1_473' title='bbox 2622 813 2795 867; x_wconf 89' lang='lat' dir='ltr'><strong>dicitis</strong></span> <span class='ocrx_word' id='word_1_474' title='bbox 2828 826 3081 883; x_wconf 70' lang='lat' dir='ltr'><strong>praestare</strong></span> <span class='ocrx_word' id='word_1_475' title='bbox 3123 817 3247 882; x_wconf 87' lang='lat' dir='ltr'><strong>illis,</strong></span> <span class='ocrx_word' id='word_1_476' title='bbox 3294 834 3426 887; x_wconf 82' lang='lat' dir='ltr'><strong>quos</strong></span> <span class='ocrx_word' id='word_1_477' title='bbox 3470 835 3591 873; x_wconf 91' lang='lat' dir='ltr'><strong>cum</strong></span> <span class='ocrx_word' id='word_1_478' title='bbox 3631 822 3819 875; x_wconf 83' lang='lat' dir='ltr'><strong>eodem</strong></span> 
     </span>
    </p>
   </div>
   <div class='ocr_carea' id='block_1_66' title="bbox 2240 900 3828 980">
    <p class='ocr_par' dir='ltr' id='par_1_66' title="bbox 2240 900 3828 980">
     <span class='ocr_line' id='line_1_67' title="bbox 2240 900 3828 980; baseline 0.007 -26"><span class='ocrx_word' id='word_1_479' title='bbox 2240 900 2509 968; x_wconf 86' lang='lat' dir='ltr'><strong>Baptismo</strong></span> <span class='ocrx_word' id='word_1_480' title='bbox 2539 903 2864 971; x_wconf 58' lang='lat' dir='ltr'><strong>suscepistis,</strong></span> <span class='ocrx_word' id='word_1_481' title='bbox 2898 904 2994 957; x_wconf 88' lang='lat' dir='ltr'><strong>nisi</strong></span> <span class='ocrx_word' id='word_1_482' title='bbox 3027 915 3083 958; x_wconf 93' lang='lat' dir='ltr'><strong>ut</strong></span> <span class='ocrx_word' id='word_1_483' title='bbox 3115 921 3207 972; x_wconf 87' lang='lat' dir='ltr'><strong>per</strong></span> <span class='ocrx_word' id='word_1_484' title='bbox 3244 907 3510 963; x_wconf 88' lang='lat' dir='ltr'><strong>vinculum</strong></span> <span class='ocrx_word' id='word_1_485' title='bbox 3558 912 3703 980; x_wconf 72' lang='lat' dir='ltr'><strong>pacis</strong></span> <span class='ocrx_word' id='word_1_486' title='bbox 3730 912 3828 965; x_wconf 88' lang='lat' dir='ltr'><strong>de-</strong></span> 
     </span>
    </p>
   </div>
   <div class='ocr_carea' id='block_1_67' title="bbox 2242 991 3822 1069">
    <p class='ocr_par' dir='ltr' id='par_1_67' title="bbox 2242 991 3822 1069">
     <span class='ocr_line' id='line_1_68' title="bbox 2242 991 3822 1069; baseline 0.008 -27"><span class='ocrx_word' id='word_1_487' title='bbox 2242 991 2347 1043; x_wconf 90' lang='lat' dir='ltr'><strong>leto</strong></span> <span class='ocrx_word' id='word_1_488' title='bbox 2393 992 2614 1044; x_wconf 88' lang='lat' dir='ltr'><strong>crimine</strong></span> <span class='ocrx_word' id='word_1_489' title='bbox 2658 993 2933 1048; x_wconf 64' lang='lat' dir='ltr'><strong>sceleratae</strong></span> <span class='ocrx_word' id='word_1_490' title='bbox 2975 994 3250 1049; x_wconf 68' lang='lat' dir='ltr'><strong>divisionis</strong></span> <span class='ocrx_word' id='word_1_491' title='bbox 3279 1037 3294 1062; x_wconf 91' lang='lat'><strong>,</strong></span> <span class='ocrx_word' id='word_1_492' title='bbox 3342 1014 3446 1051; x_wconf 91' lang='lat' dir='ltr'><strong>non</strong></span> <span class='ocrx_word' id='word_1_493' title='bbox 3501 1013 3822 1069; x_wconf 83' lang='lat' dir='ltr'><strong>cogerentur</strong></span> 
     </span>
    </p>
   </div>
   <div class='ocr_carea' id='block_1_68' title="bbox 2240 1081 3826 1157">
    <p class='ocr_par' dir='ltr' id='par_1_68' title="bbox 2240 1081 3826 1157">
     <span class='ocr_line' id='line_1_69' title="bbox 2240 1081 3826 1157; baseline 0.008 -23"><span class='ocrx_word' id='word_1_494' title='bbox 2240 1083 2403 1134; x_wconf 81' lang='lat' dir='ltr'><strong>sancti</strong></span> <span class='ocrx_word' id='word_1_495' title='bbox 2428 1081 2619 1136; x_wconf 76' lang='lat' dir='ltr'><strong>lavacri</strong></span> <span class='ocrx_word' id='word_1_496' title='bbox 2650 1082 3050 1137; x_wconf 89' lang='lat' dir='ltr'><strong>Sacramentum</strong></span> <span class='ocrx_word' id='word_1_497' title='bbox 3081 1086 3319 1153; x_wconf 84' lang='lat' dir='ltr'><strong>accipere</strong></span> <span class='ocrx_word' id='word_1_498' title='bbox 3348 1089 3493 1157; x_wconf 89' lang='lat' dir='ltr'><strong>quasi</strong></span> <span class='ocrx_word' id='word_1_499' title='bbox 3529 1105 3633 1143; x_wconf 93' lang='lat' dir='ltr'><strong>non</strong></span> <span class='ocrx_word' id='word_1_500' title='bbox 3667 1091 3826 1146; x_wconf 73' lang='lat' dir='ltr'><strong>habe~</strong></span> 
     </span>
    </p>
   </div>
   <div class='ocr_carea' id='block_1_69' title="bbox 2242 1172 3925 1250">
    <p class='ocr_par' dir='ltr' id='par_1_69' title="bbox 2242 1172 3925 1250">
     <span class='ocr_line' id='line_1_70' title="bbox 2242 1172 3925 1250; baseline 0.007 -26"><span class='ocrx_word' id='word_1_501' title='bbox 2242 1180 2380 1235; x_wconf 87' lang='lat' dir='ltr'><strong>rent,</strong></span> <span class='ocrx_word' id='word_1_502' title='bbox 2412 1172 2505 1227; x_wconf 92' lang='lat' dir='ltr'><strong>sed</strong></span> <span class='ocrx_word' id='word_1_503' title='bbox 2534 1174 2668 1226; x_wconf 91' lang='lat' dir='ltr'><strong>sicut</strong></span> <span class='ocrx_word' id='word_1_504' title='bbox 2696 1182 2811 1227; x_wconf 87' lang='lat' dir='ltr'><strong>erat</strong></span> <span class='ocrx_word' id='word_1_505' title='bbox 2852 1185 3011 1227; x_wconf 80' lang='lat' dir='ltr'><strong>antea</strong></span> <span class='ocrx_word' id='word_1_506' title='bbox 3053 1176 3430 1244; x_wconf 89' lang='lat' dir='ltr'><strong>perniciosum,</strong></span> <span class='ocrx_word' id='word_1_507' title='bbox 3481 1180 3546 1232; x_wconf 68' lang='lat' dir='ltr'><strong>ita</strong></span> <span class='ocrx_word' id='word_1_508' title='bbox 3585 1180 3691 1234; x_wconf 90' lang='lat' dir='ltr'><strong>illis</strong></span> <span class='ocrx_word' id='word_1_509' title='bbox 3712 1181 3822 1250; x_wconf 89' lang='lat' dir='ltr'><strong>jam</strong></span> <span class='ocrx_word' id='word_1_510' title='bbox 3916 1217 3925 1224; x_wconf 70' lang='grc' dir='ltr'><em>ι</em></span> 
     </span>
    </p>
   </div>
   <div class='ocr_carea' id='block_1_70' title="bbox 2241 1265 3822 1336">
    <p class='ocr_par' dir='ltr' id='par_1_70' title="bbox 2241 1265 3822 1336">
     <span class='ocr_line' id='line_1_71' title="bbox 2241 1265 3822 1336; baseline 0.006 -16"><span class='ocrx_word' id='word_1_511' title='bbox 2241 1265 2371 1320; x_wconf 90' lang='lat' dir='ltr'><strong>utile</strong></span> <span class='ocrx_word' id='word_1_512' title='bbox 2402 1281 2521 1319; x_wconf 88' lang='lat' dir='ltr'><strong>esse</strong></span> <span class='ocrx_word' id='word_1_513' title='bbox 2550 1266 2806 1333; x_wconf 90' lang='lat' dir='ltr'><strong>inciperet</strong></span> <span class='ocrx_word' id='word_1_514' title='bbox 2832 1268 2973 1336; x_wconf 91' lang='lat' dir='ltr'><strong>quod</strong></span> <span class='ocrx_word' id='word_1_515' title='bbox 3002 1267 3294 1323; x_wconf 83' lang='lat' dir='ltr'><strong>haberent?</strong></span> <span class='ocrx_word' id='word_1_516' title='bbox 3331 1271 3435 1323; x_wconf 80' lang='lat' dir='ltr'><strong>Aut</strong></span> <span class='ocrx_word' id='word_1_517' title='bbox 3465 1272 3507 1326; x_wconf 90' lang='lat' dir='ltr'><strong>si</strong></span> <span class='ocrx_word' id='word_1_518' title='bbox 3541 1272 3639 1326; x_wconf 90' lang='lat' dir='ltr'><strong>hoc</strong></span> <span class='ocrx_word' id='word_1_519' title='bbox 3668 1274 3747 1328; x_wconf 90' lang='lat' dir='ltr'><strong>eis</strong></span> <span class='ocrx_word' id='word_1_520' title='bbox 3771 1276 3822 1329; x_wconf 91' lang='lat' dir='ltr'><strong>in</strong></span> 
     </span>
    </p>
   </div>
   <div class='ocr_carea' id='block_1_71' title="bbox 2241 1356 3824 1430">
    <p class='ocr_par' dir='ltr' id='par_1_71' title="bbox 2241 1356 3824 1430">
     <span class='ocr_line' id='line_1_72' title="bbox 2241 1356 3824 1430; baseline 0.006 -25"><span class='ocrx_word' id='word_1_521' title='bbox 2241 1364 2417 1409; x_wconf 89' lang='lat' dir='ltr'><strong>vestra</strong></span> <span class='ocrx_word' id='word_1_522' title='bbox 2445 1356 2817 1411; x_wconf 88' lang='lat' dir='ltr'><strong>communione</strong></span> <span class='ocrx_word' id='word_1_523' title='bbox 2851 1358 3140 1424; x_wconf 68' lang='lat' dir='ltr'><strong>pra-stilum</strong></span> <span class='ocrx_word' id='word_1_524' title='bbox 3172 1374 3273 1412; x_wconf 89' lang='lat' dir='ltr'><strong>non</strong></span> <span class='ocrx_word' id='word_1_525' title='bbox 3298 1369 3398 1425; x_wconf 91' lang='lat' dir='ltr'><strong>est,</strong></span> <span class='ocrx_word' id='word_1_526' title='bbox 3426 1362 3545 1429; x_wconf 85' lang='lat' dir='ltr'><strong>quia</strong></span> <span class='ocrx_word' id='word_1_527' title='bbox 3569 1378 3667 1417; x_wconf 89' lang='lat' dir='ltr'><strong>nec</strong></span> <span class='ocrx_word' id='word_1_528' title='bbox 3688 1380 3824 1430; x_wconf 55' lang='lat' dir='ltr'><strong>pra!-</strong></span> 
     </span>
    </p>
   </div>
   <div class='ocr_carea' id='block_1_72' title="bbox 2241 1444 3822 1519">
    <p class='ocr_par' dir='ltr' id='par_1_72' title="bbox 2241 1444 3822 1519">
     <span class='ocr_line' id='line_1_73' title="bbox 2241 1444 3822 1519; baseline 0.006 -23"><span class='ocrx_word' id='word_1_529' title='bbox 2241 1444 2368 1497; x_wconf 90' lang='lat' dir='ltr'><strong>stari</strong></span> <span class='ocrx_word' id='word_1_530' title='bbox 2402 1444 2751 1498; x_wconf 91' lang='lat' dir='ltr'><strong>schismaticis</strong></span> <span class='ocrx_word' id='word_1_531' title='bbox 2772 1446 2909 1511; x_wconf 88' lang='lat' dir='ltr'><strong>apud</strong></span> <span class='ocrx_word' id='word_1_532' title='bbox 2941 1446 3305 1501; x_wconf 89' lang='lat' dir='ltr'><strong>schismaticos</strong></span> <span class='ocrx_word' id='word_1_533' title='bbox 3354 1460 3566 1519; x_wconf 80' lang='lat' dir='ltr'><strong>posset;</strong></span> <span class='ocrx_word' id='word_1_534' title='bbox 3608 1452 3707 1505; x_wconf 91' lang='lat' dir='ltr'><strong>hoc</strong></span> <span class='ocrx_word' id='word_1_535' title='bbox 3742 1464 3822 1506; x_wconf 83' lang='lat' dir='ltr'><strong>ta-</strong></span> 
     </span>
    </p>
   </div>
   <div class='ocr_carea' id='block_1_73' title="bbox 2243 1536 3819 1608">
    <p class='ocr_par' dir='ltr' id='par_1_73' title="bbox 2243 1536 3819 1608">
     <span class='ocr_line' id='line_1_74' title="bbox 2243 1536 3819 1608; baseline 0.006 -20"><span class='ocrx_word' id='word_1_536' title='bbox 2243 1552 2363 1588; x_wconf 89' lang='lat' dir='ltr'><strong>men</strong></span> <span class='ocrx_word' id='word_1_537' title='bbox 2392 1536 2541 1589; x_wconf 90' lang='lat' dir='ltr'><strong>vobis</strong></span> <span class='ocrx_word' id='word_1_538' title='bbox 2589 1536 2641 1589; x_wconf 92' lang='lat' dir='ltr'><strong>in</strong></span> <span class='ocrx_word' id='word_1_539' title='bbox 2682 1536 2938 1590; x_wconf 89' lang='lat' dir='ltr'><strong>catholica</strong></span> <span class='ocrx_word' id='word_1_540' title='bbox 2984 1538 3352 1593; x_wconf 88' lang='lat' dir='ltr'><strong>communione</strong></span> <span class='ocrx_word' id='word_1_541' title='bbox 3381 1550 3678 1608; x_wconf 65' lang='lat' dir='ltr'><strong>prmstatnr,</strong></span> <span class='ocrx_word' id='word_1_542' title='bbox 3716 1561 3819 1597; x_wconf 90' lang='lat' dir='ltr'><strong>non</strong></span> 
     </span>
    </p>
   </div>
   <div class='ocr_carea' id='block_1_74' title="bbox 2244 1627 3822 1703">
    <p class='ocr_par' dir='ltr' id='par_1_74' title="bbox 2244 1627 3822 1703">
     <span class='ocr_line' id='line_1_75' title="bbox 2244 1627 3822 1703; baseline 0.005 -23"><span class='ocrx_word' id='word_1_543' title='bbox 2244 1636 2300 1680; x_wconf 89' lang='lat' dir='ltr'><strong>ut</strong></span> <span class='ocrx_word' id='word_1_544' title='bbox 2325 1627 2651 1695; x_wconf 82' lang='lat' dir='ltr'><strong>Baptismum</strong></span> <span class='ocrx_word' id='word_1_545' title='bbox 2680 1629 2947 1697; x_wconf 88' lang='lat' dir='ltr'><strong>accipiatis</strong></span> <span class='ocrx_word' id='word_1_546' title='bbox 2970 1632 3115 1698; x_wconf 88' lang='lat' dir='ltr'><strong>quasi</strong></span> <span class='ocrx_word' id='word_1_547' title='bbox 3145 1629 3279 1683; x_wconf 76' lang='lat' dir='ltr'><strong>desit</strong></span> <span class='ocrx_word' id='word_1_548' title='bbox 3308 1631 3479 1695; x_wconf 90' lang='lat' dir='ltr'><strong>vobis,</strong></span> <span class='ocrx_word' id='word_1_549' title='bbox 3505 1634 3596 1687; x_wconf 87' lang='lat' dir='ltr'><strong>sed</strong></span> <span class='ocrx_word' id='word_1_550' title='bbox 3627 1644 3683 1687; x_wconf 91' lang='lat' dir='ltr'><strong>ut</strong></span> <span class='ocrx_word' id='word_1_551' title='bbox 3709 1634 3822 1703; x_wconf 86' lang='lat' dir='ltr'><strong>ipse</strong></span> 
     </span>
    </p>
   </div>
   <div class='ocr_carea' id='block_1_75' title="bbox 2242 1718 3822 1791">
    <p class='ocr_par' dir='ltr' id='par_1_75' title="bbox 2242 1718 3822 1791">
     <span class='ocr_line' id='line_1_76' title="bbox 2242 1718 3822 1791; baseline 0.005 -22"><span class='ocrx_word' id='word_1_552' title='bbox 2242 1733 2397 1787; x_wconf 89' lang='lat' dir='ltr'><strong>quem</strong></span> <span class='ocrx_word' id='word_1_553' title='bbox 2444 1718 2722 1787; x_wconf 82' lang='lat' dir='ltr'><strong>accepistis</strong></span> <span class='ocrx_word' id='word_1_554' title='bbox 2754 1721 2917 1787; x_wconf 85' lang='lat' dir='ltr'><strong>prosit</strong></span> <span class='ocrx_word' id='word_1_555' title='bbox 2958 1720 3126 1774; x_wconf 87' lang='lat' dir='ltr'><strong>vobis.</strong></span> <span class='ocrx_word' id='word_1_556' title='bbox 3176 1720 3361 1775; x_wconf 88' lang='lat' dir='ltr'><strong>Omnia</strong></span> <span class='ocrx_word' id='word_1_557' title='bbox 3404 1724 3599 1791; x_wconf 87' lang='lat' dir='ltr'><strong>quippe</strong></span> <span class='ocrx_word' id='word_1_558' title='bbox 3628 1723 3822 1779; x_wconf 75' lang='lat' dir='ltr'><strong>Sacra-</strong></span> 
     </span>
    </p>
   </div>
   <div class='ocr_carea' id='block_1_76' title="bbox 2244 1809 3820 1882">
    <p class='ocr_par' dir='ltr' id='par_1_76' title="bbox 2244 1809 3820 1882">
     <span class='ocr_line' id='line_1_77' title="bbox 2244 1809 3820 1882; baseline 0.004 -19"><span class='ocrx_word' id='word_1_559' title='bbox 2244 1818 2418 1863; x_wconf 86' lang='lat' dir='ltr'><strong>menta</strong></span> <span class='ocrx_word' id='word_1_560' title='bbox 2445 1809 2664 1871; x_wconf 79' lang='lat' dir='ltr'><strong>Christi,</strong></span> <span class='ocrx_word' id='word_1_561' title='bbox 2696 1826 2800 1863; x_wconf 87' lang='lat' dir='ltr'><strong>non</strong></span> <span class='ocrx_word' id='word_1_562' title='bbox 2833 1811 2899 1865; x_wconf 92' lang='lat' dir='ltr'><strong>ad</strong></span> <span class='ocrx_word' id='word_1_563' title='bbox 2936 1811 3179 1873; x_wconf 85' lang='lat' dir='ltr'><strong>salutem,</strong></span> <span class='ocrx_word' id='word_1_564' title='bbox 3224 1813 3317 1865; x_wconf 85' lang='lat' dir='ltr'><strong>sed</strong></span> <span class='ocrx_word' id='word_1_565' title='bbox 3348 1812 3410 1865; x_wconf 90' lang='lat' dir='ltr'><strong>ad</strong></span> <span class='ocrx_word' id='word_1_566' title='bbox 3442 1814 3690 1882; x_wconf 79' lang='lat' dir='ltr'><strong>judicium</strong></span> <span class='ocrx_word' id='word_1_567' title='bbox 3725 1815 3820 1869; x_wconf 88' lang='lat' dir='ltr'><strong>ha-</strong></span> 
     </span>
    </p>
   </div>
   <div class='ocr_carea' id='block_1_77' title="bbox 2242 1901 3820 1976">
    <p class='ocr_par' dir='ltr' id='par_1_77' title="bbox 2242 1901 3820 1976">
     <span class='ocr_line' id='line_1_78' title="bbox 2242 1901 3820 1976; baseline 0.006 -22"><span class='ocrx_word' id='word_1_568' title='bbox 2242 1901 2434 1954; x_wconf 89' lang='lat' dir='ltr'><strong>bentur</strong></span> <span class='ocrx_word' id='word_1_569' title='bbox 2463 1902 2577 1956; x_wconf 92' lang='lat' dir='ltr'><strong>sine</strong></span> <span class='ocrx_word' id='word_1_570' title='bbox 2618 1901 2876 1957; x_wconf 75' lang='lat' dir='ltr'><strong>charitate</strong></span> <span class='ocrx_word' id='word_1_571' title='bbox 2917 1903 3132 1956; x_wconf 83' lang='lat' dir='ltr'><strong>unitatis</strong></span> <span class='ocrx_word' id='word_1_572' title='bbox 3162 1903 3375 1957; x_wconf 89' lang='lat' dir='ltr'><strong>Christi.</strong></span> <span class='ocrx_word' id='word_1_573' title='bbox 3405 1904 3509 1959; x_wconf 87' lang='lat' dir='ltr'><strong>Sed</strong></span> <span class='ocrx_word' id='word_1_574' title='bbox 3535 1907 3678 1976; x_wconf 88' lang='lat' dir='ltr'><strong>quia,</strong></span> <span class='ocrx_word' id='word_1_575' title='bbox 3718 1924 3820 1963; x_wconf 92' lang='lat' dir='ltr'><strong>non</strong></span> 
     </span>
    </p>
   </div>
   <div class='ocr_carea' id='block_1_78' title="bbox 2244 1990 3820 2065">
    <p class='ocr_par' dir='ltr' id='par_1_78' title="bbox 2244 1990 3820 2065">
     <span class='ocr_line' id='line_1_79' title="bbox 2244 1990 3820 2065; baseline 0.001 -22"><span class='ocrx_word' id='word_1_576' title='bbox 2244 2006 2388 2054; x_wconf 87' lang='lat' dir='ltr'><strong>vera,</strong></span> <span class='ocrx_word' id='word_1_577' title='bbox 2420 1990 2511 2043; x_wconf 89' lang='lat' dir='ltr'><strong>sed</strong></span> <span class='ocrx_word' id='word_1_578' title='bbox 2540 2001 2713 2045; x_wconf 90' lang='lat' dir='ltr'><strong>vestra</strong></span> <span class='ocrx_word' id='word_1_579' title='bbox 2736 1993 2997 2045; x_wconf 86' lang='lat' dir='ltr'><strong>sententia</strong></span> <span class='ocrx_word' id='word_1_580' title='bbox 3019 2002 3117 2055; x_wconf 82' lang='lat' dir='ltr'><strong>cst,</strong></span> <span class='ocrx_word' id='word_1_581' title='bbox 3144 2010 3230 2061; x_wconf 75' lang='lat' dir='ltr'><strong>per</strong></span> <span class='ocrx_word' id='word_1_582' title='bbox 3251 1995 3412 2046; x_wconf 76' lang='lat' dir='ltr'><strong>nescio</strong></span> <span class='ocrx_word' id='word_1_583' title='bbox 3441 2012 3651 2065; x_wconf 85' lang='lat' dir='ltr'><strong>quorum</strong></span> <span class='ocrx_word' id='word_1_584' title='bbox 3675 1998 3689 2028; x_wconf 85' lang='grc'>¹</span> <span class='ocrx_word' id='word_1_585' title='bbox 3721 1996 3820 2050; x_wconf 81' lang='lat' dir='ltr'><strong>Ba.</strong></span> 
     </span>
    </p>
   </div>
   <div class='ocr_carea' id='block_1_79' title="bbox 2244 2082 3826 2157">
    <p class='ocr_par' dir='ltr' id='par_1_79' title="bbox 2244 2082 3826 2157">
     <span class='ocr_line' id='line_1_80' title="bbox 2244 2082 3826 2157; baseline 0.008 -25"><span class='ocrx_word' id='word_1_586' title='bbox 2244 2084 2479 2151; x_wconf 87' lang='lat' dir='ltr'><strong>ptismum</strong></span> <span class='ocrx_word' id='word_1_587' title='bbox 2505 2082 2804 2135; x_wconf 82' lang='lat' dir='ltr'><strong>traditarum</strong></span> <span class='ocrx_word' id='word_1_588' title='bbox 2834 2085 3040 2154; x_wconf 78' lang='lat' dir='ltr'><strong>periisse</strong></span> <span class='ocrx_word' id='word_1_589' title='bbox 3064 2084 3245 2139; x_wconf 78' lang='lat' dir='ltr'><strong>Christi</strong></span> <span class='ocrx_word' id='word_1_590' title='bbox 3275 2085 3588 2157; x_wconf 79' lang='lat' dir='ltr'><strong>Baptisntum</strong></span> <span class='ocrx_word' id='word_1_591' title='bbox 3618 2090 3680 2143; x_wconf 85' lang='lat' dir='ltr'><strong>de</strong></span> <span class='ocrx_word' id='word_1_592' title='bbox 3708 2092 3826 2145; x_wconf 85' lang='lat' dir='ltr'><strong>orbe</strong></span> 
     </span>
    </p>
   </div>
   <div class='ocr_carea' id='block_1_80' title="bbox 2244 2174 3827 2249">
    <p class='ocr_par' dir='ltr' id='par_1_80' title="bbox 2244 2174 3827 2249">
     <span class='ocr_line' id='line_1_81' title="bbox 2244 2174 3827 2249; baseline 0.008 -25"><span class='ocrx_word' id='word_1_593' title='bbox 2244 2182 2526 2235; x_wconf 89' lang='lat' dir='ltr'><strong>terrarum;</strong></span> <span class='ocrx_word' id='word_1_594' title='bbox 2557 2175 2750 2226; x_wconf 86' lang='lat' dir='ltr'><strong>merito</strong></span> <span class='ocrx_word' id='word_1_595' title='bbox 2781 2190 2883 2227; x_wconf 92' lang='lat' dir='ltr'><strong>non</strong></span> <span class='ocrx_word' id='word_1_596' title='bbox 2921 2174 3167 2229; x_wconf 84' lang='lat' dir='ltr'><strong>invenitis</strong></span> <span class='ocrx_word' id='word_1_597' title='bbox 3196 2178 3319 2246; x_wconf 91' lang='lat' dir='ltr'><strong>quid</strong></span> <span class='ocrx_word' id='word_1_598' title='bbox 3352 2180 3717 2249; x_wconf 87' lang='lat' dir='ltr'><strong>respondeatis</strong></span> <span class='ocrx_word' id='word_1_599' title='bbox 3758 2183 3827 2237; x_wconf 89' lang='lat' dir='ltr'><strong>de</strong></span> 
     </span>
    </p>
   </div>
   <div class='ocr_carea' id='block_1_81' title="bbox 2244 2261 3318 2332">
    <p class='ocr_par' dir='ltr' id='par_1_81' title="bbox 2244 2261 3318 2332">
     <span class='ocr_line' id='line_1_82' title="bbox 2244 2261 3318 2332; baseline 0.007 -18"><span class='ocrx_word' id='word_1_600' title='bbox 2244 2269 2459 2329; x_wconf 90' lang='lat' dir='ltr'><strong>recepto</strong></span> <span class='ocrx_word' id='word_1_601' title='bbox 2488 2261 2758 2332; x_wconf 87' lang='lat' dir='ltr'><strong>Baptismo</strong></span> <span class='ocrx_word' id='word_1_602' title='bbox 2793 2263 3318 2321; x_wconf 76' lang='lat' dir='ltr'><strong>Maximianistarnm.</strong></span> 
     </span>
    </p>
   </div>
   <div class='ocr_carea' id='block_1_82' title="bbox 2316 2351 3826 2428">
    <p class='ocr_par' dir='ltr' id='par_1_82' title="bbox 2316 2351 3826 2428">
     <span class='ocr_line' id='line_1_83' title="bbox 2316 2351 3826 2428; baseline 0.008 -23"><span class='ocrx_word' id='word_1_603' title='bbox 2316 2351 2404 2406; x_wconf 75' lang='grc'><strong>47.</strong></span> <span class='ocrx_word' id='word_1_604' title='bbox 2436 2351 2625 2408; x_wconf 80' lang='lat' dir='ltr'><strong>Videte</strong></span> <span class='ocrx_word' id='word_1_605' title='bbox 2674 2354 2850 2423; x_wconf 89' lang='lat' dir='ltr'><strong>itaque</strong></span> <span class='ocrx_word' id='word_1_606' title='bbox 2899 2364 2954 2409; x_wconf 95' lang='lat' dir='ltr'><strong>et</strong></span> <span class='ocrx_word' id='word_1_607' title='bbox 3018 2357 3415 2427; x_wconf 82' lang='lat' dir='ltr'><strong>vigilantissime</strong></span> <span class='ocrx_word' id='word_1_608' title='bbox 3459 2372 3826 2428; x_wconf 87' lang='lat' dir='ltr'><strong>mementote,</strong></span> 
     </span>
    </p>
   </div>
   <div class='ocr_carea' id='block_1_83' title="bbox 2247 2442 3828 2522">
    <p class='ocr_par' dir='ltr' id='par_1_83' title="bbox 2247 2442 3828 2522">
     <span class='ocr_line' id='line_1_84' title="bbox 2247 2442 3828 2522; baseline 0.009 -29"><span class='ocrx_word' id='word_1_609' title='bbox 2247 2442 2692 2509; x_wconf 90' lang='lat' dir='ltr'><strong>quemadmodum</strong></span> <span class='ocrx_word' id='word_1_610' title='bbox 2722 2444 3009 2499; x_wconf 89' lang='lat' dir='ltr'><strong>Petilianus</strong></span> <span class='ocrx_word' id='word_1_611' title='bbox 3036 2463 3131 2501; x_wconf 92' lang='lat' dir='ltr'><strong>nec</strong></span> <span class='ocrx_word' id='word_1_612' title='bbox 3152 2447 3217 2502; x_wconf 92' lang='lat' dir='ltr'><strong>ad</strong></span> <span class='ocrx_word' id='word_1_613' title='bbox 3239 2463 3301 2503; x_wconf 90' lang='lat' dir='ltr'><strong>ea</strong></span> <span class='ocrx_word' id='word_1_614' title='bbox 3333 2450 3446 2519; x_wconf 91' lang='lat' dir='ltr'><strong>ipsa</strong></span> <span class='ocrx_word' id='word_1_615' title='bbox 3470 2453 3828 2522; x_wconf 89' lang='lat' dir='ltr'><strong>responderit,</strong></span> 
     </span>
    </p>
   </div>
   <div class='ocr_carea' id='block_1_84' title="bbox 2247 2532 3828 2612">
    <p class='ocr_par' dir='ltr' id='par_1_84' title="bbox 2247 2532 3828 2612">
     <span class='ocr_line' id='line_1_85' title="bbox 2247 2532 3828 2612; baseline 0.009 -29"><span class='ocrx_word' id='word_1_616' title='bbox 2247 2546 2365 2604; x_wconf 77' lang='lat' dir='ltr'><strong>quae</strong></span> <span class='ocrx_word' id='word_1_617' title='bbox 2394 2532 2493 2586; x_wconf 90' lang='lat' dir='ltr'><strong>sibi</strong></span> <span class='ocrx_word' id='word_1_618' title='bbox 2539 2533 2609 2586; x_wconf 89' lang='lat' dir='ltr'><strong>ita</strong></span> <span class='ocrx_word' id='word_1_619' title='bbox 2652 2538 2916 2604; x_wconf 89' lang='lat' dir='ltr'><strong>pr0ponit.</strong></span> <span class='ocrx_word' id='word_1_620' title='bbox 2951 2538 3091 2591; x_wconf 92' lang='lat' dir='ltr'><strong>unde</strong></span> <span class='ocrx_word' id='word_1_621' title='bbox 3133 2539 3333 2609; x_wconf 91' lang='lat' dir='ltr'><strong>aliquid</strong></span> <span class='ocrx_word' id='word_1_622' title='bbox 3377 2542 3519 2612; x_wconf 89' lang='lat' dir='ltr'><strong>loqui</strong></span> <span class='ocrx_word' id='word_1_623' title='bbox 3563 2544 3828 2600; x_wconf 87' lang='lat' dir='ltr'><strong>videatur.</strong></span> 
     </span>
    </p>
   </div>
   <div class='ocr_carea' id='block_1_85' title="bbox 2251 2620 3835 2695">
    <p class='ocr_par' dir='ltr' id='par_1_85' title="bbox 2251 2620 3835 2695">
     <span class='ocr_line' id='line_1_86' title="bbox 2251 2620 3835 2695; baseline 0.011 -21"><span class='ocrx_word' id='word_1_624' title='bbox 2251 2620 2382 2675; x_wconf 88' lang='lat' dir='ltr'><strong>Illud</strong></span> <span class='ocrx_word' id='word_1_625' title='bbox 2424 2631 2601 2677; x_wconf 91' lang='lat' dir='ltr'><strong>autem</strong></span> <span class='ocrx_word' id='word_1_626' title='bbox 2646 2626 2770 2679; x_wconf 91' lang='lat' dir='ltr'><strong>olim</strong></span> <span class='ocrx_word' id='word_1_627' title='bbox 2819 2626 3020 2681; x_wconf 83' lang='lat' dir='ltr'><strong>dimisit</strong></span> <span class='ocrx_word' id='word_1_628' title='bbox 3062 2630 3297 2695; x_wconf 91' lang='lat' dir='ltr'><strong>omnino,</strong></span> <span class='ocrx_word' id='word_1_629' title='bbox 3332 2648 3428 2687; x_wconf 91' lang='lat' dir='ltr'><strong>nec</strong></span> <span class='ocrx_word' id='word_1_630' title='bbox 3473 2634 3625 2689; x_wconf 92' lang='lat' dir='ltr'><strong>nobis</strong></span> <span class='ocrx_word' id='word_1_631' title='bbox 3652 2636 3835 2692; x_wconf 85' lang='lat' dir='ltr'><strong>dicere</strong></span> 
     </span>
    </p>
   </div>
   <div class='ocr_carea' id='block_1_86' title="bbox 2250 2712 3834 2791">
    <p class='ocr_par' dir='ltr' id='par_1_86' title="bbox 2250 2712 3834 2791">
     <span class='ocr_line' id='line_1_87' title="bbox 2250 2712 3834 2791; baseline 0.011 -27"><span class='ocrx_word' id='word_1_632' title='bbox 2250 2712 2436 2779; x_wconf 83' lang='lat' dir='ltr'><strong>voluit,</strong></span> <span class='ocrx_word' id='word_1_633' title='bbox 2468 2714 2586 2783; x_wconf 91' lang='lat' dir='ltr'><strong>quia</strong></span> <span class='ocrx_word' id='word_1_634' title='bbox 2633 2716 2813 2785; x_wconf 90' lang='lat' dir='ltr'><strong>utique</strong></span> <span class='ocrx_word' id='word_1_635' title='bbox 2851 2733 2956 2772; x_wconf 89' lang='lat' dir='ltr'><strong>non</strong></span> <span class='ocrx_word' id='word_1_636' title='bbox 2988 2720 3177 2786; x_wconf 89' lang='lat' dir='ltr'><strong>potuit,</strong></span> <span class='ocrx_word' id='word_1_637' title='bbox 3219 2736 3316 2775; x_wconf 90' lang='lat' dir='ltr'><strong>nec</strong></span> <span class='ocrx_word' id='word_1_638' title='bbox 3352 2737 3515 2791; x_wconf 87' lang='lat' dir='ltr'><strong>usque</strong></span> <span class='ocrx_word' id='word_1_639' title='bbox 3556 2725 3620 2778; x_wconf 92' lang='lat' dir='ltr'><strong>ad</strong></span> <span class='ocrx_word' id='word_1_640' title='bbox 3668 2726 3834 2781; x_wconf 83' lang='lat' dir='ltr'><strong>linem</strong></span> 
     </span>
    </p>
   </div>
   <div class='ocr_carea' id='block_1_87' title="bbox 2251 2805 3838 2885">
    <p class='ocr_par' dir='ltr' id='par_1_87' title="bbox 2251 2805 3838 2885">
     <span class='ocr_line' id='line_1_88' title="bbox 2251 2805 3838 2885; baseline 0.01 -30"><span class='ocrx_word' id='word_1_641' title='bbox 2251 2805 2533 2859; x_wconf 77' lang='lat' dir='ltr'><strong>voluminis</strong></span> <span class='ocrx_word' id='word_1_642' title='bbox 2568 2807 2648 2859; x_wconf 92' lang='lat' dir='ltr'><strong>sui</strong></span> <span class='ocrx_word' id='word_1_643' title='bbox 2672 2807 2959 2876; x_wconf 89' lang='lat' dir='ltr'><strong>aliquando</strong></span> <span class='ocrx_word' id='word_1_644' title='bbox 2984 2809 3223 2865; x_wconf 91' lang='lat' dir='ltr'><strong>dicturus</strong></span> <span class='ocrx_word' id='word_1_645' title='bbox 3252 2820 3351 2876; x_wconf 90' lang='lat' dir='ltr'><strong>est,</strong></span> <span class='ocrx_word' id='word_1_646' title='bbox 3382 2814 3518 2883; x_wconf 91' lang='lat' dir='ltr'><strong>quod</strong></span> <span class='ocrx_word' id='word_1_647' title='bbox 3545 2830 3609 2868; x_wconf 91' lang='lat' dir='ltr'><strong>ex</strong></span> <span class='ocrx_word' id='word_1_648' title='bbox 3642 2817 3838 2885; x_wconf 89' lang='lat' dir='ltr'><strong>primis</strong></span> 
     </span>
    </p>
   </div>
   <div class='ocr_carea' id='block_1_88' title="bbox 2252 2895 3841 2968">
    <p class='ocr_par' dir='ltr' id='par_1_88' title="bbox 2252 2895 3841 2968">
     <span class='ocr_line' id='line_1_89' title="bbox 2252 2895 3841 2968; baseline 0.009 -21"><span class='ocrx_word' id='word_1_649' title='bbox 2252 2895 2487 2965; x_wconf 86' lang='lat' dir='ltr'><strong>partibus</strong></span> <span class='ocrx_word' id='word_1_650' title='bbox 2515 2895 2766 2964; x_wconf 67' lang='lat' dir='ltr'><strong>Epistolte</strong></span> <span class='ocrx_word' id='word_1_651' title='bbox 2789 2914 2939 2963; x_wconf 63' lang='lat' dir='ltr'><strong>mete,</strong></span> <span class='ocrx_word' id='word_1_652' title='bbox 2968 2902 3114 2968; x_wconf 85' lang='lat' dir='ltr'><strong>quasi</strong></span> <span class='ocrx_word' id='word_1_653' title='bbox 3138 2902 3477 2957; x_wconf 77' lang='lat' dir='ltr'><strong>refellendum</strong></span> <span class='ocrx_word' id='word_1_654' title='bbox 3502 2920 3841 2962; x_wconf 85' lang='lat' dir='ltr'><strong>commemo-</strong></span> 
     </span>
    </p>
   </div>
   <div class='ocr_carea' id='block_1_89' title="bbox 2252 2985 3841 3065">
    <p class='ocr_par' dir='ltr' id='par_1_89' title="bbox 2252 2985 3841 3065">
     <span class='ocr_line' id='line_1_90' title="bbox 2252 2985 3841 3065; baseline 0.008 -26"><span class='ocrx_word' id='word_1_655' title='bbox 2252 2985 2407 3039; x_wconf 86' lang='lat' dir='ltr'><strong>ravit.</strong></span> <span class='ocrx_word' id='word_1_656' title='bbox 2452 2985 2659 3041; x_wconf 81' lang='lat' dir='ltr'><strong>Additis</strong></span> <span class='ocrx_word' id='word_1_657' title='bbox 2699 2988 2893 3057; x_wconf 91' lang='lat' dir='ltr'><strong>quippe</strong></span> <span class='ocrx_word' id='word_1_658' title='bbox 2941 2991 3102 3043; x_wconf 89' lang='lat' dir='ltr'><strong>etiam</strong></span> <span class='ocrx_word' id='word_1_659' title='bbox 3139 2991 3343 3045; x_wconf 92' lang='lat' dir='ltr'><strong>duobus</strong></span> <span class='ocrx_word' id='word_1_660' title='bbox 3376 2994 3567 3058; x_wconf 79' lang='lat' dir='ltr'><strong>verbis,</strong></span> <span class='ocrx_word' id='word_1_661' title='bbox 3595 3012 3717 3065; x_wconf 78' lang='lat' dir='ltr'><strong>quae</strong></span> <span class='ocrx_word' id='word_1_662' title='bbox 3749 3012 3841 3061; x_wconf 79' lang='lat' dir='ltr'><strong>me</strong></span> 
     </span>
    </p>
   </div>
   <div class='ocr_carea' id='block_1_90' title="bbox 2253 3075 3839 3156">
    <p class='ocr_par' dir='ltr' id='par_1_90' title="bbox 2253 3075 3839 3156">
     <span class='ocr_line' id='line_1_91' title="bbox 2253 3075 3839 3156; baseline 0.009 -28"><span class='ocrx_word' id='word_1_663' title='bbox 2253 3075 2599 3141; x_wconf 84' lang='lat' dir='ltr'><strong>subtraxisse,</strong></span> <span class='ocrx_word' id='word_1_664' title='bbox 2632 3080 2780 3147; x_wconf 92' lang='lat' dir='ltr'><strong>quasi</strong></span> <span class='ocrx_word' id='word_1_665' title='bbox 2811 3078 3096 3135; x_wconf 84' lang='lat' dir='ltr'><strong>fortissima</strong></span> <span class='ocrx_word' id='word_1_666' title='bbox 3120 3097 3212 3139; x_wconf 88' lang='lat' dir='ltr'><strong>sua</strong></span> <span class='ocrx_word' id='word_1_667' title='bbox 3242 3086 3562 3140; x_wconf 90' lang='lat' dir='ltr'><strong>nmnimenta</strong></span> <span class='ocrx_word' id='word_1_668' title='bbox 3585 3087 3839 3156; x_wconf 75' lang='lat' dir='ltr'><strong>iactavit,</strong></span> 
     </span>
    </p>
   </div>
   <div class='ocr_carea' id='block_1_91' title="bbox 2255 3165 3842 3247">
    <p class='ocr_par' dir='ltr' id='par_1_91' title="bbox 2255 3165 3842 3247">
     <span class='ocr_line' id='line_1_92' title="bbox 2255 3165 3842 3247; baseline 0.011 -29"><span class='ocrx_word' id='word_1_669' title='bbox 2255 3165 2602 3221; x_wconf 88' lang='lat' dir='ltr'><strong>nihilominus</strong></span> <span class='ocrx_word' id='word_1_670' title='bbox 2651 3168 2963 3224; x_wconf 90' lang='lat' dir='ltr'><strong>immunitus</strong></span> <span class='ocrx_word' id='word_1_671' title='bbox 3010 3171 3216 3241; x_wconf 91' lang='lat' dir='ltr'><strong>jacens,</strong></span> <span class='ocrx_word' id='word_1_672' title='bbox 3259 3190 3362 3228; x_wconf 93' lang='lat' dir='ltr'><strong>non</strong></span> <span class='ocrx_word' id='word_1_673' title='bbox 3407 3176 3678 3232; x_wconf 88' lang='lat' dir='ltr'><strong>inveniens</strong></span> <span class='ocrx_word' id='word_1_674' title='bbox 3707 3181 3842 3247; x_wconf 89' lang='lat' dir='ltr'><strong>quid</strong></span> 
     </span>
    </p>
   </div>
   <div class='ocr_carea' id='block_1_92' title="bbox 2254 3256 3846 3329">
    <p class='ocr_par' dir='ltr' id='par_1_92' title="bbox 2254 3256 3846 3329">
     <span class='ocr_line' id='line_1_93' title="bbox 2254 3256 3846 3329; baseline 0.008 -20"><span class='ocrx_word' id='word_1_675' title='bbox 2254 3256 2591 3325; x_wconf 89' lang='lat' dir='ltr'><strong>respondeat,</strong></span> <span class='ocrx_word' id='word_1_676' title='bbox 2622 3274 2741 3312; x_wconf 91' lang='lat' dir='ltr'><strong>cum</strong></span> <span class='ocrx_word' id='word_1_677' title='bbox 2782 3264 3055 3329; x_wconf 77' lang='lat' dir='ltr'><strong>quzeritur,</strong></span> <span class='ocrx_word' id='word_1_678' title='bbox 3095 3263 3154 3317; x_wconf 87' lang='lat' dir='ltr'><strong>Si</strong></span> <span class='ocrx_word' id='word_1_679' title='bbox 3187 3266 3485 3320; x_wconf 77' lang='lat' dir='ltr'><strong>conscientia</strong></span> <span class='ocrx_word' id='word_1_680' title='bbox 3508 3278 3677 3320; x_wconf 71' lang='lat' dir='ltr'><strong>sancte</strong></span> <span class='ocrx_word' id='word_1_681' title='bbox 3706 3271 3846 3322; x_wconf 82' lang='lat' dir='ltr'><strong>dan-</strong></span> 
     </span>
    </p>
   </div>
   <div class='ocr_carea' id='block_1_93' title="bbox 2254 3346 3845 3429">
    <p class='ocr_par' dir='ltr' id='par_1_93' title="bbox 2254 3346 3845 3429">
     <span class='ocr_line' id='line_1_94' title="bbox 2254 3346 3845 3429; baseline 0.007 -30"><span class='ocrx_word' id='word_1_682' title='bbox 2254 3346 2318 3399; x_wconf 78' lang='lat' dir='ltr'><strong>tis</strong></span> <span class='ocrx_word' id='word_1_683' title='bbox 2367 3347 2639 3400; x_wconf 85' lang='lat' dir='ltr'><strong>attenditur</strong></span> <span class='ocrx_word' id='word_1_684' title='bbox 2668 3388 2684 3413; x_wconf 94' lang='lat'><strong>,</strong></span> <span class='ocrx_word' id='word_1_685' title='bbox 2727 3364 2838 3417; x_wconf 73' lang='lat' dir='ltr'><strong>quae</strong></span> <span class='ocrx_word' id='word_1_686' title='bbox 2882 3350 3055 3404; x_wconf 83' lang='lat' dir='ltr'><strong>abluat</strong></span> <span class='ocrx_word' id='word_1_687' title='bbox 3094 3354 3401 3422; x_wconf 82' lang='lat' dir='ltr'><strong>accipientis,</strong></span> <span class='ocrx_word' id='word_1_688' title='bbox 3445 3356 3576 3408; x_wconf 84' lang='lat' dir='ltr'><strong>unde</strong></span> <span class='ocrx_word' id='word_1_689' title='bbox 3612 3357 3675 3409; x_wconf 74' lang='lat' dir='ltr'><strong>sit</strong></span> <span class='ocrx_word' id='word_1_690' title='bbox 3727 3360 3845 3429; x_wconf 62' lang='lat' dir='ltr'><strong>ejus</strong></span> 
     </span>
    </p>
   </div>
   <div class='ocr_carea' id='block_1_94' title="bbox 2253 3438 3845 3512">
    <p class='ocr_par' dir='ltr' id='par_1_94' title="bbox 2253 3438 3845 3512">
     <span class='ocr_line' id='line_1_95' title="bbox 2253 3438 3845 3512; baseline 0.009 -21"><span class='ocrx_word' id='word_1_691' title='bbox 2253 3438 2503 3492; x_wconf 84' lang='lat' dir='ltr'><strong>abluenda</strong></span> <span class='ocrx_word' id='word_1_692' title='bbox 2543 3441 2866 3508; x_wconf 75' lang='lat' dir='ltr'><strong>conscientia,</strong></span> <span class='ocrx_word' id='word_1_693' title='bbox 2922 3443 3007 3509; x_wconf 82' lang='lat' dir='ltr'><strong>qui</strong></span> <span class='ocrx_word' id='word_1_694' title='bbox 3044 3443 3291 3512; x_wconf 84' lang='lat' dir='ltr'><strong>pollutam</strong></span> <span class='ocrx_word' id='word_1_695' title='bbox 3336 3448 3687 3501; x_wconf 79' lang='lat' dir='ltr'><strong>conscientiam</strong></span> <span class='ocrx_word' id='word_1_696' title='bbox 3738 3467 3845 3505; x_wconf 83' lang='lat' dir='ltr'><strong>non</strong></span> 
     </span>
    </p>
   </div>
   <div class='ocr_carea' id='block_1_95' title="bbox 2254 3528 3845 3606">
    <p class='ocr_par' dir='ltr' id='par_1_95' title="bbox 2254 3528 3845 3606">
     <span class='ocr_line' id='line_1_96' title="bbox 2254 3528 3845 3606; baseline 0.006 -24"><span class='ocrx_word' id='word_1_697' title='bbox 2254 3537 2425 3582; x_wconf 75' lang='lat' dir='ltr'><strong>sancte</strong></span> <span class='ocrx_word' id='word_1_698' title='bbox 2458 3528 2625 3582; x_wconf 80' lang='lat' dir='ltr'><strong>dantis</strong></span> <span class='ocrx_word' id='word_1_699' title='bbox 2653 3530 2887 3600; x_wconf 85' lang='lat' dir='ltr'><strong>ignorat;</strong></span> <span class='ocrx_word' id='word_1_700' title='bbox 2913 3540 2960 3583; x_wconf 87' lang='lat' dir='ltr'><strong>et</strong></span> <span class='ocrx_word' id='word_1_701' title='bbox 2982 3533 3027 3584; x_wconf 76' lang='lat' dir='ltr'><strong>si</strong></span> <span class='ocrx_word' id='word_1_702' title='bbox 3066 3533 3178 3601; x_wconf 77' lang='lat' dir='ltr'><strong>quis</strong></span> <span class='ocrx_word' id='word_1_703' title='bbox 3204 3534 3353 3599; x_wconf 80' lang='lat' dir='ltr'><strong>ﬁdem</strong></span> <span class='ocrx_word' id='word_1_704' title='bbox 3382 3536 3545 3589; x_wconf 79' lang='lat' dir='ltr'><strong>sciens</strong></span> <span class='ocrx_word' id='word_1_705' title='bbox 3582 3553 3613 3588; x_wconf 89' lang='lat' dir='ltr'><strong>a</strong></span> <span class='ocrx_word' id='word_1_706' title='bbox 3640 3540 3845 3606; x_wconf 79' lang='lat' dir='ltr'><strong>perﬁdo</strong></span> 
     </span>
    </p>
   </div>
   <div class='ocr_carea' id='block_1_96' title="bbox 2255 3619 3847 3695">
    <p class='ocr_par' dir='ltr' id='par_1_96' title="bbox 2255 3619 3847 3695">
     <span class='ocr_line' id='line_1_97' title="bbox 2255 3619 3847 3695; baseline 0.005 -24"><span class='ocrx_word' id='word_1_707' title='bbox 2255 3619 2544 3687; x_wconf 78' lang='lat' dir='ltr'><strong>sumpserit,</strong></span> <span class='ocrx_word' id='word_1_708' title='bbox 2582 3636 2681 3674; x_wconf 86' lang='lat' dir='ltr'><strong>non</strong></span> <span class='ocrx_word' id='word_1_709' title='bbox 2710 3620 2859 3689; x_wconf 75' lang='lat' dir='ltr'><strong>ﬁdem</strong></span> <span class='ocrx_word' id='word_1_710' title='bbox 2893 3621 3124 3690; x_wconf 85' lang='lat' dir='ltr'><strong>percipit,</strong></span> <span class='ocrx_word' id='word_1_711' title='bbox 3152 3622 3239 3675; x_wconf 72' lang='lat' dir='ltr'><strong>sed</strong></span> <span class='ocrx_word' id='word_1_712' title='bbox 3267 3633 3480 3688; x_wconf 84' lang='lat' dir='ltr'><strong>reatum,</strong></span> <span class='ocrx_word' id='word_1_713' title='bbox 3522 3627 3659 3679; x_wconf 81' lang='lat' dir='ltr'><strong>unde</strong></span> <span class='ocrx_word' id='word_1_714' title='bbox 3685 3628 3847 3695; x_wconf 73' lang='lat' dir='ltr'><strong>[idem</strong></span> 
     </span>
    </p>
   </div>
   <div class='ocr_carea' id='block_1_97' title="bbox 2256 3713 3847 3786">
    <p class='ocr_par' dir='ltr' id='par_1_97' title="bbox 2256 3713 3847 3786">
     <span class='ocr_line' id='line_1_98' title="bbox 2256 3713 3847 3786; baseline 0.008 -23"><span class='ocrx_word' id='word_1_715' title='bbox 2256 3721 2548 3781; x_wconf 75' lang='lat' dir='ltr'><strong>accepturus</strong></span> <span class='ocrx_word' id='word_1_716' title='bbox 2574 3713 2658 3776; x_wconf 76' lang='lat' dir='ltr'><strong>sit,</strong></span> <span class='ocrx_word' id='word_1_717' title='bbox 2709 3728 2807 3765; x_wconf 83' lang='lat' dir='ltr'><strong>non</strong></span> <span class='ocrx_word' id='word_1_718' title='bbox 2848 3720 3058 3776; x_wconf 82' lang='lat' dir='ltr'><strong>reatum,</strong></span> <span class='ocrx_word' id='word_1_719' title='bbox 3102 3716 3189 3782; x_wconf 85' lang='lat' dir='ltr'><strong>qui</strong></span> <span class='ocrx_word' id='word_1_720' title='bbox 3232 3715 3452 3767; x_wconf 79' lang='lat' dir='ltr'><strong>nesciens</strong></span> <span class='ocrx_word' id='word_1_721' title='bbox 3486 3715 3787 3786; x_wconf 79' lang='lat' dir='ltr'><strong>baptizatur</strong></span> <span class='ocrx_word' id='word_1_722' title='bbox 3814 3739 3847 3776; x_wconf 81' lang='grc' dir='ltr'><strong>ιι</strong></span> 
     </span>
    </p>
   </div>
   <div class='ocr_carea' id='block_1_98' title="bbox 2257 3802 3846 3877">
    <p class='ocr_par' dir='ltr' id='par_1_98' title="bbox 2257 3802 3846 3877">
     <span class='ocr_line' id='line_1_99' title="bbox 2257 3802 3846 3877; baseline 0.008 -23"><span class='ocrx_word' id='word_1_723' title='bbox 2257 3802 2451 3870; x_wconf 81' lang='lat' dir='ltr'><strong>perﬁdo</strong></span> <span class='ocrx_word' id='word_1_724' title='bbox 2472 3802 2569 3855; x_wconf 89' lang='lat' dir='ltr'><strong>:ad</strong></span> <span class='ocrx_word' id='word_1_725' title='bbox 2598 3802 2700 3858; x_wconf 90' lang='lat' dir='ltr'><strong>hoc</strong></span> <span class='ocrx_word' id='word_1_726' title='bbox 2721 3817 2841 3857; x_wconf 90' lang='lat' dir='ltr'><strong>eum</strong></span> <span class='ocrx_word' id='word_1_727' title='bbox 2863 3802 2969 3872; x_wconf 90' lang='lat' dir='ltr'><strong>jam</strong></span> <span class='ocrx_word' id='word_1_728' title='bbox 2991 3804 3079 3857; x_wconf 91' lang='lat' dir='ltr'><strong>diu</strong></span> <span class='ocrx_word' id='word_1_729' title='bbox 3104 3821 3167 3859; x_wconf 91' lang='lat' dir='ltr'><strong>ex</strong></span> <span class='ocrx_word' id='word_1_730' title='bbox 3191 3806 3562 3877; x_wconf 83' lang='lat' dir='ltr'><strong>quoloquitur,</strong></span> <span class='ocrx_word' id='word_1_731' title='bbox 3592 3810 3728 3865; x_wconf 90' lang='lat' dir='ltr'><strong>nihil</strong></span> <span class='ocrx_word' id='word_1_732' title='bbox 3754 3828 3846 3867; x_wconf 81' lang='lat' dir='ltr'><strong>re-</strong></span> 
     </span>
    </p>
   </div>
   <div class='ocr_carea' id='block_1_99' title="bbox 2256 3892 3028 3960">
    <p class='ocr_par' dir='ltr' id='par_1_99' title="bbox 2256 3892 3028 3960">
     <span class='ocr_line' id='line_1_100' title="bbox 2256 3892 3028 3960; baseline 0.005 -15"><span class='ocrx_word' id='word_1_733' title='bbox 2256 3892 2535 3960; x_wconf 90' lang='lat' dir='ltr'><strong>spondisse</strong></span> <span class='ocrx_word' id='word_1_734' title='bbox 2561 3892 2897 3948; x_wconf 82' lang='lat' dir='ltr'><strong>manifestum</strong></span> <span class='ocrx_word' id='word_1_735' title='bbox 2927 3903 3028 3949; x_wconf 91' lang='lat' dir='ltr'><strong>est.</strong></span> 
     </span>
    </p>
   </div>
   <div class='ocr_carea' id='block_1_100' title="bbox 2327 3981 3843 4061">
    <p class='ocr_par' dir='ltr' id='par_1_100' title="bbox 2327 3981 3843 4061">
     <span class='ocr_line' id='line_1_101' title="bbox 2327 3981 3843 4061; baseline 0.009 -27"><span class='ocrx_word' id='word_1_736' title='bbox 2327 3981 2415 4035; x_wconf 77' lang='grc'><strong>48.</strong></span> <span class='ocrx_word' id='word_1_737' title='bbox 2447 3981 2706 4051; x_wconf 91' lang='lat' dir='ltr'><strong>Deinceps</strong></span> <span class='ocrx_word' id='word_1_738' title='bbox 2749 3984 2979 4052; x_wconf 89' lang='lat' dir='ltr'><strong>perrexit</strong></span> <span class='ocrx_word' id='word_1_739' title='bbox 3019 4000 3114 4040; x_wconf 88' lang='lat' dir='ltr'><strong>ore</strong></span> <span class='ocrx_word' id='word_1_740' title='bbox 3156 3985 3415 4041; x_wconf 87' lang='lat' dir='ltr'><strong>maledico</strong></span> <span class='ocrx_word' id='word_1_741' title='bbox 3459 3987 3511 4041; x_wconf 89' lang='lat' dir='ltr'><strong>iu</strong></span> <span class='ocrx_word' id='word_1_742' title='bbox 3561 3989 3843 4061; x_wconf 87' lang='lat' dir='ltr'><strong>vitupera-</strong></span> 
     </span>
    </p>
   </div>
   <div class='ocr_carea' id='block_1_101' title="bbox 2258 4071 3847 4151">
    <p class='ocr_par' dir='ltr' id='par_1_101' title="bbox 2258 4071 3847 4151">
     <span class='ocr_line' id='line_1_102' title="bbox 2258 4071 3847 4151; baseline 0.01 -29"><span class='ocrx_word' id='word_1_743' title='bbox 2258 4071 2453 4124; x_wconf 91' lang='lat' dir='ltr'><strong>tionem</strong></span> <span class='ocrx_word' id='word_1_744' title='bbox 2512 4074 2955 4128; x_wconf 89' lang='lat' dir='ltr'><strong>monasteriorum</strong></span> <span class='ocrx_word' id='word_1_745' title='bbox 3009 4084 3063 4128; x_wconf 89' lang='lat' dir='ltr'><strong>et</strong></span> <span class='ocrx_word' id='word_1_746' title='bbox 3128 4077 3503 4132; x_wconf 85' lang='lat' dir='ltr'><strong>monachorum</strong></span> <span class='ocrx_word' id='word_1_747' title='bbox 3538 4121 3552 4145; x_wconf 96' lang='lat'><strong>,</strong></span> <span class='ocrx_word' id='word_1_748' title='bbox 3606 4096 3847 4151; x_wconf 85' lang='lat' dir='ltr'><strong>arguens</strong></span> 
     </span>
    </p>
   </div>
   <div class='ocr_carea' id='block_1_102' title="bbox 2257 4160 3844 4233">
    <p class='ocr_par' dir='ltr' id='par_1_102' title="bbox 2257 4160 3844 4233">
     <span class='ocr_line' id='line_1_103' title="bbox 2257 4160 3844 4233; baseline 0.009 -22"><span class='ocrx_word' id='word_1_749' title='bbox 2257 4160 2416 4213; x_wconf 92' lang='lat' dir='ltr'><strong>etiam</strong></span> <span class='ocrx_word' id='word_1_750' title='bbox 2446 4176 2550 4223; x_wconf 90' lang='lat' dir='ltr'><strong>me,</strong></span> <span class='ocrx_word' id='word_1_751' title='bbox 2578 4162 2717 4231; x_wconf 92' lang='lat' dir='ltr'><strong>quod</strong></span> <span class='ocrx_word' id='word_1_752' title='bbox 2738 4161 2845 4216; x_wconf 82' lang='lat' dir='ltr'><strong>hoc</strong></span> <span class='ocrx_word' id='word_1_753' title='bbox 2864 4179 3030 4233; x_wconf 78' lang='lat' dir='ltr'><strong>genus</strong></span> <span class='ocrx_word' id='word_1_754' title='bbox 3053 4165 3173 4219; x_wconf 68' lang='lat' dir='ltr'><strong>vitae</strong></span> <span class='ocrx_word' id='word_1_755' title='bbox 3198 4179 3227 4219; x_wconf 91' lang='lat' dir='ltr'><strong>a</strong></span> <span class='ocrx_word' id='word_1_756' title='bbox 3254 4182 3339 4221; x_wconf 89' lang='lat' dir='ltr'><strong>me</strong></span> <span class='ocrx_word' id='word_1_757' title='bbox 3363 4166 3517 4222; x_wconf 79' lang='lat' dir='ltr'><strong>fuerit</strong></span> <span class='ocrx_word' id='word_1_758' title='bbox 3540 4169 3844 4226; x_wconf 85' lang='lat' dir='ltr'><strong>institutum</strong></span> 
     </span>
    </p>
   </div>
   <div class='ocr_carea' id='block_1_103' title="bbox 2259 4248 3847 4325">
    <p class='ocr_par' dir='ltr' id='par_1_103' title="bbox 2259 4248 3847 4325">
     <span class='ocr_line' id='line_1_104' title="bbox 2259 4248 3847 4325; baseline 0.01 -24"><span class='ocrx_word' id='word_1_759' title='bbox 2259 4248 2352 4320; x_wconf 91' lang='lat' dir='ltr'><strong>(a).</strong></span> <span class='ocrx_word' id='word_1_760' title='bbox 2382 4250 2532 4318; x_wconf 85' lang='lat' dir='ltr'><strong>Quod</strong></span> <span class='ocrx_word' id='word_1_761' title='bbox 2581 4267 2750 4321; x_wconf 77' lang='lat' dir='ltr'><strong>genus</strong></span> <span class='ocrx_word' id='word_1_762' title='bbox 2793 4254 2916 4306; x_wconf 58' lang='lat' dir='ltr'><strong>vitae</strong></span> <span class='ocrx_word' id='word_1_763' title='bbox 2956 4255 3174 4309; x_wconf 92' lang='lat' dir='ltr'><strong>omnino</strong></span> <span class='ocrx_word' id='word_1_764' title='bbox 3203 4256 3359 4325; x_wconf 91' lang='lat' dir='ltr'><strong>quale</strong></span> <span class='ocrx_word' id='word_1_765' title='bbox 3397 4258 3484 4322; x_wconf 86' lang='lat' dir='ltr'><strong>sit,</strong></span> <span class='ocrx_word' id='word_1_766' title='bbox 3518 4261 3721 4324; x_wconf 90' lang='lat' dir='ltr'><strong>nescit;</strong></span> <span class='ocrx_word' id='word_1_767' title='bbox 3758 4264 3847 4317; x_wconf 87' lang='lat' dir='ltr'><strong>vel</strong></span> 
     </span>
    </p>
   </div>
   <div class='ocr_carea' id='block_1_104' title="bbox 2258 4340 3849 4417">
    <p class='ocr_par' dir='ltr' id='par_1_104' title="bbox 2258 4340 3849 4417">
     <span class='ocr_line' id='line_1_105' title="bbox 2258 4340 3849 4417; baseline 0.009 -25"><span class='ocrx_word' id='word_1_768' title='bbox 2258 4340 2432 4410; x_wconf 91' lang='lat' dir='ltr'><strong>potius</strong></span> <span class='ocrx_word' id='word_1_769' title='bbox 2462 4350 2574 4394; x_wconf 91' lang='lat' dir='ltr'><strong>toto</strong></span> <span class='ocrx_word' id='word_1_770' title='bbox 2614 4342 2743 4394; x_wconf 87' lang='lat' dir='ltr'><strong>orbe</strong></span> <span class='ocrx_word' id='word_1_771' title='bbox 2786 4342 3121 4396; x_wconf 91' lang='lat' dir='ltr'><strong>notissimum</strong></span> <span class='ocrx_word' id='word_1_772' title='bbox 3166 4346 3375 4399; x_wconf 89' lang='lat' dir='ltr'><strong>nescire</strong></span> <span class='ocrx_word' id='word_1_773' title='bbox 3414 4361 3472 4401; x_wconf 87' lang='lat' dir='ltr'><strong>se</strong></span> <span class='ocrx_word' id='word_1_774' title='bbox 3518 4346 3680 4417; x_wconf 80' lang='lat' dir='ltr'><strong>ﬁngit.</strong></span> <span class='ocrx_word' id='word_1_775' title='bbox 3717 4350 3849 4406; x_wconf 87' lang='lat' dir='ltr'><strong>Inde</strong></span> 
     </span>
    </p>
   </div>
   <div class='ocr_carea' id='block_1_105' title="bbox 2257 4432 3850 4507">
    <p class='ocr_par' dir='ltr' id='par_1_105' title="bbox 2257 4432 3850 4507">
     <span class='ocr_line' id='line_1_106' title="bbox 2257 4432 3850 4507; baseline 0.007 -21"><span class='ocrx_word' id='word_1_776' title='bbox 2257 4448 2505 4487; x_wconf 89' lang='lat' dir='ltr'><strong>asserens</strong></span> <span class='ocrx_word' id='word_1_777' title='bbox 2530 4447 2613 4485; x_wconf 92' lang='lat' dir='ltr'><strong>me</strong></span> <span class='ocrx_word' id='word_1_778' title='bbox 2651 4432 2870 4497; x_wconf 80' lang='lat' dir='ltr'><strong>dixisse,</strong></span> <span class='ocrx_word' id='word_1_779' title='bbox 2919 4432 3188 4490; x_wconf 85' lang='lat' dir='ltr'><strong>Christum</strong></span> <span class='ocrx_word' id='word_1_780' title='bbox 3216 4452 3335 4497; x_wconf 88' lang='lat' dir='ltr'><strong>esse</strong></span> <span class='ocrx_word' id='word_1_781' title='bbox 3374 4439 3676 4507; x_wconf 86' lang='lat' dir='ltr'><strong>baptistam,</strong></span> <span class='ocrx_word' id='word_1_782' title='bbox 3717 4445 3850 4497; x_wconf 87' lang='lat' dir='ltr'><strong>sub—</strong></span> 
     </span>
    </p>
   </div>
   <div class='ocr_carea' id='block_1_106' title="bbox 2253 4521 3847 4600">
    <p class='ocr_par' dir='ltr' id='par_1_106' title="bbox 2253 4521 3847 4600">
     <span class='ocr_line' id='line_1_107' title="bbox 2253 4521 3847 4600; baseline 0.008 -25"><span class='ocrx_word' id='word_1_783' title='bbox 2253 4521 2385 4591; x_wconf 90' lang='lat' dir='ltr'><strong>jecit</strong></span> <span class='ocrx_word' id='word_1_784' title='bbox 2427 4523 2585 4576; x_wconf 89' lang='lat' dir='ltr'><strong>etiam</strong></span> <span class='ocrx_word' id='word_1_785' title='bbox 2634 4521 2878 4591; x_wconf 73' lang='lat' dir='ltr'><strong>qumdam</strong></span> <span class='ocrx_word' id='word_1_786' title='bbox 2907 4524 3065 4577; x_wconf 91' lang='lat' dir='ltr'><strong>verba</strong></span> <span class='ocrx_word' id='word_1_787' title='bbox 3114 4541 3178 4580; x_wconf 90' lang='lat' dir='ltr'><strong>ex</strong></span> <span class='ocrx_word' id='word_1_788' title='bbox 3212 4527 3445 4597; x_wconf 87' lang='lat' dir='ltr'><strong>Epistola</strong></span> <span class='ocrx_word' id='word_1_789' title='bbox 3498 4545 3637 4597; x_wconf 89' lang='lat' dir='ltr'><strong>mea,</strong></span> <span class='ocrx_word' id='word_1_790' title='bbox 3687 4535 3847 4600; x_wconf 80' lang='lat' dir='ltr'><strong>quasi</strong></span> 
     </span>
    </p>
   </div>
   <div class='ocr_carea' id='block_1_107' title="bbox 2259 4613 3848 4693">
    <p class='ocr_par' dir='ltr' id='par_1_107' title="bbox 2259 4613 3848 4693">
     <span class='ocr_line' id='line_1_108' title="bbox 2259 4613 3848 4693; baseline 0.01 -29"><span class='ocrx_word' id='word_1_791' title='bbox 2259 4613 2360 4667; x_wconf 91' lang='lat' dir='ltr'><strong>hoc</strong></span> <span class='ocrx_word' id='word_1_792' title='bbox 2380 4628 2444 4667; x_wconf 88' lang='lat' dir='ltr'><strong>ex</strong></span> <span class='ocrx_word' id='word_1_793' title='bbox 2472 4627 2587 4667; x_wconf 92' lang='lat' dir='ltr'><strong>mea</strong></span> <span class='ocrx_word' id='word_1_794' title='bbox 2610 4615 2869 4668; x_wconf 85' lang='lat' dir='ltr'><strong>sententia</strong></span> <span class='ocrx_word' id='word_1_795' title='bbox 2896 4615 3141 4684; x_wconf 90' lang='lat' dir='ltr'><strong>dixerim,</strong></span> <span class='ocrx_word' id='word_1_796' title='bbox 3164 4619 3303 4688; x_wconf 92' lang='lat' dir='ltr'><strong>quod</strong></span> <span class='ocrx_word' id='word_1_797' title='bbox 3324 4636 3386 4673; x_wconf 88' lang='lat' dir='ltr'><strong>ex</strong></span> <span class='ocrx_word' id='word_1_798' title='bbox 3406 4632 3575 4675; x_wconf 88' lang='lat' dir='ltr'><strong>vestra</strong></span> <span class='ocrx_word' id='word_1_799' title='bbox 3599 4633 3651 4677; x_wconf 94' lang='lat' dir='ltr'><strong>et</strong></span> <span class='ocrx_word' id='word_1_800' title='bbox 3674 4624 3848 4693; x_wconf 91' lang='lat' dir='ltr'><strong>ipsius</strong></span> 
     </span>
    </p>
   </div>
   <div class='ocr_carea' id='block_1_108' title="bbox 2257 4704 3849 4782">
    <p class='ocr_par' dir='ltr' id='par_1_108' title="bbox 2257 4704 3849 4782">
     <span class='ocr_line' id='line_1_109' title="bbox 2257 4704 3849 4782; baseline 0.008 -25"><span class='ocrx_word' id='word_1_801' title='bbox 2257 4704 2390 4770; x_wconf 81' lang='lat' dir='ltr'><strong>dixi,</strong></span> <span class='ocrx_word' id='word_1_802' title='bbox 2423 4715 2477 4759; x_wconf 91' lang='lat' dir='ltr'><strong>et</strong></span> <span class='ocrx_word' id='word_1_803' title='bbox 2501 4705 2866 4775; x_wconf 86' lang='lat' dir='ltr'><strong>copiosissima</strong></span> <span class='ocrx_word' id='word_1_804' title='bbox 2896 4709 3171 4763; x_wconf 89' lang='lat' dir='ltr'><strong>atrocitate</strong></span> <span class='ocrx_word' id='word_1_805' title='bbox 3202 4711 3441 4767; x_wconf 87' lang='lat' dir='ltr'><strong>invectus</strong></span> <span class='ocrx_word' id='word_1_806' title='bbox 3469 4723 3568 4779; x_wconf 87' lang='lat' dir='ltr'><strong>est,</strong></span> <span class='ocrx_word' id='word_1_807' title='bbox 3600 4717 3755 4782; x_wconf 82' lang='lat' dir='ltr'><strong>quasi</strong></span> <span class='ocrx_word' id='word_1_808' title='bbox 3794 4718 3849 4770; x_wconf 92' lang='lat' dir='ltr'><strong>in</strong></span> 
     </span>
    </p>
   </div>
   <div class='ocr_carea' id='block_1_109' title="bbox 2258 4794 3849 4868">
    <p class='ocr_par' dir='ltr' id='par_1_109' title="bbox 2258 4794 3849 4868">
     <span class='ocr_line' id='line_1_110' title="bbox 2258 4794 3849 4868; baseline 0.008 -22"><span class='ocrx_word' id='word_1_809' title='bbox 2258 4808 2345 4848; x_wconf 91' lang='lat' dir='ltr'><strong>me</strong></span> <span class='ocrx_word' id='word_1_810' title='bbox 2373 4795 2461 4865; x_wconf 93' lang='lat' dir='ltr'><strong>qui</strong></span> <span class='ocrx_word' id='word_1_811' title='bbox 2483 4794 2583 4849; x_wconf 89' lang='lat' dir='ltr'><strong>hoe</strong></span> <span class='ocrx_word' id='word_1_812' title='bbox 2611 4795 2871 4860; x_wconf 80' lang='lat' dir='ltr'><strong>dixerim;</strong></span> <span class='ocrx_word' id='word_1_813' title='bbox 2896 4811 3015 4850; x_wconf 92' lang='lat' dir='ltr'><strong>cum</strong></span> <span class='ocrx_word' id='word_1_814' title='bbox 3040 4797 3126 4850; x_wconf 86' lang='lat' dir='ltr'><strong>illa</strong></span> <span class='ocrx_word' id='word_1_815' title='bbox 3162 4814 3319 4868; x_wconf 88' lang='lat' dir='ltr'><strong>quam</strong></span> <span class='ocrx_word' id='word_1_816' title='bbox 3346 4802 3710 4868; x_wconf 88' lang='lat' dir='ltr'><strong>reprehendit,</strong></span> <span class='ocrx_word' id='word_1_817' title='bbox 3740 4821 3849 4858; x_wconf 81' lang='lat' dir='ltr'><strong>non</strong></span> 
     </span>
    </p>
   </div>
   <div class='ocr_carea' id='block_1_110' title="bbox 2259 4885 3848 4959">
    <p class='ocr_par' dir='ltr' id='par_1_110' title="bbox 2259 4885 3848 4959">
     <span class='ocr_line' id='line_1_111' title="bbox 2259 4885 3848 4959; baseline 0.005 -19"><span class='ocrx_word' id='word_1_818' title='bbox 2259 4886 2329 4940; x_wconf 88' lang='lat' dir='ltr'><strong>sit</strong></span> <span class='ocrx_word' id='word_1_819' title='bbox 2370 4902 2509 4950; x_wconf 88' lang='lat' dir='ltr'><strong>mea,</strong></span> <span class='ocrx_word' id='word_1_820' title='bbox 2543 4885 2634 4940; x_wconf 90' lang='lat' dir='ltr'><strong>sed</strong></span> <span class='ocrx_word' id='word_1_821' title='bbox 2666 4886 2829 4954; x_wconf 90' lang='lat' dir='ltr'><strong>ipsius</strong></span> <span class='ocrx_word' id='word_1_822' title='bbox 2858 4896 2911 4940; x_wconf 87' lang='lat' dir='ltr'><strong>et</strong></span> <span class='ocrx_word' id='word_1_823' title='bbox 2949 4896 3121 4947; x_wconf 86' lang='lat' dir='ltr'><strong>vestra</strong></span> <span class='ocrx_word' id='word_1_824' title='bbox 3170 4893 3459 4953; x_wconf 86' lang='lat' dir='ltr'><strong>sententia;</strong></span> <span class='ocrx_word' id='word_1_825' title='bbox 3500 4891 3639 4959; x_wconf 88' lang='lat' dir='ltr'><strong>quod</strong></span> <span class='ocrx_word' id='word_1_826' title='bbox 3684 4895 3848 4959; x_wconf 84' lang='lat' dir='ltr'><strong>paulo</strong></span> 
     </span>
    </p>
   </div>
   <div class='ocr_carea' id='block_1_111' title="bbox 2260 4976 3849 5052">
    <p class='ocr_par' dir='ltr' id='par_1_111' title="bbox 2260 4976 3849 5052">
     <span class='ocr_line' id='line_1_112' title="bbox 2260 4976 3849 5052; baseline 0.005 -23"><span class='ocrx_word' id='word_1_827' title='bbox 2260 4989 2380 5046; x_wconf 88' lang='lat' dir='ltr'><strong>post</strong></span> <span class='ocrx_word' id='word_1_828' title='bbox 2435 4976 2684 5042; x_wconf 89' lang='lat' dir='ltr'><strong>dilucide,</strong></span> <span class='ocrx_word' id='word_1_829' title='bbox 2734 4986 2989 5046; x_wconf 87' lang='lat' dir='ltr'><strong>quantum</strong></span> <span class='ocrx_word' id='word_1_830' title='bbox 3041 4978 3295 5044; x_wconf 89' lang='lat' dir='ltr'><strong>valuero,</strong></span> <span class='ocrx_word' id='word_1_831' title='bbox 3340 4979 3849 5052; x_wconf 82' lang='lat' dir='ltr'><strong>demonstrabo(b).</strong></span> 
     </span>
    </p>
   </div>
   <div class='ocr_carea' id='block_1_112' title="bbox 2263 5068 3854 5142">
    <p class='ocr_par' dir='ltr' id='par_1_112' title="bbox 2263 5068 3854 5142">
     <span class='ocr_line' id='line_1_113' title="bbox 2263 5068 3854 5142; baseline 0.006 -20"><span class='ocrx_word' id='word_1_832' title='bbox 2263 5068 2460 5122; x_wconf 85' lang='lat' dir='ltr'><strong>Deinde</strong></span> <span class='ocrx_word' id='word_1_833' title='bbox 2488 5078 2709 5123; x_wconf 92' lang='lat' dir='ltr'><strong>conatus</strong></span> <span class='ocrx_word' id='word_1_834' title='bbox 2741 5078 2823 5123; x_wconf 90' lang='lat' dir='ltr'><strong>est</strong></span> <span class='ocrx_word' id='word_1_835' title='bbox 2867 5084 2965 5125; x_wconf 84' lang='lat' dir='ltr'><strong>nos</strong></span> <span class='ocrx_word' id='word_1_836' title='bbox 3004 5069 3199 5125; x_wconf 90' lang='lat' dir='ltr'><strong>docere</strong></span> <span class='ocrx_word' id='word_1_837' title='bbox 3239 5072 3421 5126; x_wconf 90' lang='lat' dir='ltr'><strong>multis</strong></span> <span class='ocrx_word' id='word_1_838' title='bbox 3459 5084 3513 5127; x_wconf 89' lang='lat' dir='ltr'><strong>et</strong></span> <span class='ocrx_word' id='word_1_839' title='bbox 3560 5074 3854 5142; x_wconf 78' lang='lat' dir='ltr'><strong>superﬂuis</strong></span> 
     </span>
    </p>
   </div>
   <div class='ocr_carea' id='block_1_113' title="bbox 2259 5157 3855 5232">
    <p class='ocr_par' dir='ltr' id='par_1_113' title="bbox 2259 5157 3855 5232">
     <span class='ocr_line' id='line_1_114' title="bbox 2259 5157 3855 5232; baseline 0.006 -22"><span class='ocrx_word' id='word_1_840' title='bbox 2259 5158 2458 5221; x_wconf 88' lang='lat' dir='ltr'><strong>verbis,</strong></span> <span class='ocrx_word' id='word_1_841' title='bbox 2487 5158 2627 5227; x_wconf 91' lang='lat' dir='ltr'><strong>quod</strong></span> <span class='ocrx_word' id='word_1_842' title='bbox 2660 5174 2765 5211; x_wconf 90' lang='lat' dir='ltr'><strong>non</strong></span> <span class='ocrx_word' id='word_1_843' title='bbox 2798 5157 3040 5212; x_wconf 76' lang='lat' dir='ltr'><strong>Christus</strong></span> <span class='ocrx_word' id='word_1_844' title='bbox 3080 5160 3330 5228; x_wconf 79' lang='lat' dir='ltr'><strong>baptizet,</strong></span> <span class='ocrx_word' id='word_1_845' title='bbox 3362 5162 3453 5215; x_wconf 84' lang='lat' dir='ltr'><strong>sed</strong></span> <span class='ocrx_word' id='word_1_846' title='bbox 3499 5163 3550 5215; x_wconf 91' lang='lat' dir='ltr'><strong>in</strong></span> <span class='ocrx_word' id='word_1_847' title='bbox 3580 5164 3699 5232; x_wconf 88' lang='lat' dir='ltr'><strong>ejus</strong></span> <span class='ocrx_word' id='word_1_848' title='bbox 3748 5181 3855 5219; x_wconf 86' lang='lat' dir='ltr'><strong>no-</strong></span> 
     </span>
    </p>
   </div>
   <div class='ocr_carea' id='block_1_114' title="bbox 2261 5247 3853 5320">
    <p class='ocr_par' dir='ltr' id='par_1_114' title="bbox 2261 5247 3853 5320">
     <span class='ocr_line' id='line_1_115' title="bbox 2261 5247 3853 5320; baseline 0.006 -21"><span class='ocrx_word' id='word_1_849' title='bbox 2261 5248 2404 5300; x_wconf 89' lang='lat' dir='ltr'><strong>mine</strong></span> <span class='ocrx_word' id='word_1_850' title='bbox 2429 5247 2744 5317; x_wconf 86' lang='lat' dir='ltr'><strong>baptizetur,</strong></span> <span class='ocrx_word' id='word_1_851' title='bbox 2778 5248 2933 5302; x_wconf 90' lang='lat' dir='ltr'><strong>simul</strong></span> <span class='ocrx_word' id='word_1_852' title='bbox 2981 5257 3036 5302; x_wconf 91' lang='lat' dir='ltr'><strong>et</strong></span> <span class='ocrx_word' id='word_1_853' title='bbox 3084 5248 3257 5303; x_wconf 89' lang='lat' dir='ltr'><strong>Patris</strong></span> <span class='ocrx_word' id='word_1_854' title='bbox 3283 5260 3338 5304; x_wconf 90' lang='lat' dir='ltr'><strong>et</strong></span> <span class='ocrx_word' id='word_1_855' title='bbox 3376 5249 3495 5303; x_wconf 79' lang='lat' dir='ltr'><strong>Filii</strong></span> <span class='ocrx_word' id='word_1_856' title='bbox 3526 5262 3580 5317; x_wconf 85' lang='lat' dir='ltr'><strong>et</strong></span> <span class='ocrx_word' id='word_1_857' title='bbox 3615 5251 3853 5320; x_wconf 85' lang='lat' dir='ltr'><strong>Spiritus</strong></span> 
     </span>
    </p>
   </div>
   <div class='ocr_carea' id='block_1_115' title="bbox 2259 5341 3850 5409">
    <p class='ocr_par' dir='ltr' id='par_1_115' title="bbox 2259 5341 3850 5409">
     <span class='ocr_line' id='line_1_116' title="bbox 2259 5341 3850 5409; baseline 0.004 -14"><span class='ocrx_word' id='word_1_858' title='bbox 2259 5342 2446 5405; x_wconf 89' lang='lat' dir='ltr'><strong>sancti,</strong></span> <span class='ocrx_word' id='word_1_859' title='bbox 2478 5341 2545 5395; x_wconf 90' lang='lat' dir='ltr'><strong>de</strong></span> <span class='ocrx_word' id='word_1_860' title='bbox 2568 5356 2669 5409; x_wconf 88' lang='lat' dir='ltr'><strong>qua</strong></span> <span class='ocrx_word' id='word_1_861' title='bbox 2702 5342 2812 5409; x_wconf 91' lang='lat' dir='ltr'><strong>ipsa</strong></span> <span class='ocrx_word' id='word_1_862' title='bbox 2838 5341 3097 5395; x_wconf 89' lang='lat' dir='ltr'><strong>Trinitate</strong></span> <span class='ocrx_word' id='word_1_863' title='bbox 3126 5341 3259 5395; x_wconf 91' lang='lat' dir='ltr'><strong>dixit</strong></span> <span class='ocrx_word' id='word_1_864' title='bbox 3284 5343 3368 5395; x_wconf 89' lang='lat' dir='ltr'><strong>vel</strong></span> <span class='ocrx_word' id='word_1_865' title='bbox 3396 5344 3534 5409; x_wconf 86' lang='lat' dir='ltr'><strong>quod</strong></span> <span class='ocrx_word' id='word_1_866' title='bbox 3567 5346 3736 5398; x_wconf 89' lang='lat' dir='ltr'><strong>voluit</strong></span> <span class='ocrx_word' id='word_1_867' title='bbox 3759 5348 3850 5401; x_wconf 84' lang='lat' dir='ltr'><strong>vel</strong></span> 
     </span>
    </p>
   </div>
   <div class='ocr_carea' id='block_1_116' title="bbox 2259 5417 3855 5502">
    <p class='ocr_par' dir='ltr' id='par_1_116' title="bbox 2259 5417 3855 5502">
     <span class='ocr_line' id='line_1_117' title="bbox 2259 5417 3855 5502; baseline 0.004 -19"><span class='ocrx_word' id='word_1_868' title='bbox 2259 5432 2397 5501; x_wconf 91' lang='lat' dir='ltr'><strong>quod</strong></span> <span class='ocrx_word' id='word_1_869' title='bbox 2432 5431 2621 5502; x_wconf 89' lang='lat' dir='ltr'><strong>potuit,</strong></span> <span class='ocrx_word' id='word_1_870' title='bbox 2652 5429 2905 5486; x_wconf 79' lang='lat' dir='ltr'><strong>Christum</strong></span> <span class='ocrx_word' id='word_1_871' title='bbox 2929 5448 3035 5485; x_wconf 72' lang='lat' dir='ltr'><strong>esse</strong></span> <span class='ocrx_word' id='word_1_872' title='bbox 3067 5432 3285 5484; x_wconf 87' lang='lat' dir='ltr'><strong>medium</strong></span> <span class='ocrx_word' id='word_1_873' title='bbox 3316 5429 3361 5485; x_wconf 91' lang='lat' dir='ltr'><strong><em>T</em></strong></span> <span class='ocrx_word' id='word_1_874' title='bbox 3366 5434 3613 5487; x_wconf 78' lang='lat' dir='ltr'><strong>rinitatis.’</strong></span> <span class='ocrx_word' id='word_1_875' title='bbox 3626 5417 3762 5495; x_wconf 79' lang='lat' dir='ltr'><strong>inde</strong></span> <span class='ocrx_word' id='word_1_876' title='bbox 3782 5435 3855 5490; x_wconf 77' lang='lat' dir='ltr'><strong>de</strong></span> 
     </span>
    </p>
   </div>
   <div class='ocr_carea' id='block_1_117' title="bbox 2324 5588 3331 5651">
    <p class='ocr_par' dir='ltr' id='par_1_117' title="bbox 2324 5588 3331 5651">
     <span class='ocr_line' id='line_1_118' title="bbox 2324 5588 3331 5651; baseline -0.002 -14"><span class='ocrx_word' id='word_1_877' title='bbox 2324 5591 2338 5620; x_wconf 90' lang='grc'>¹</span> <span class='ocrx_word' id='word_1_878' title='bbox 2366 5590 2437 5638; x_wconf 87' lang='lat' dir='ltr'><strong>sie</strong></span> <span class='ocrx_word' id='word_1_879' title='bbox 2460 5598 2564 5639; x_wconf 82' lang='lat' dir='ltr'><strong>MSS.</strong></span> <span class='ocrx_word' id='word_1_880' title='bbox 2586 5596 2639 5638; x_wconf 82' lang='grc' dir='ltr'><strong>Αῑ</strong></span> <span class='ocrx_word' id='word_1_881' title='bbox 2664 5589 2799 5647; x_wconf 85' lang='lat' dir='ltr'><strong>editi,</strong></span> <span class='ocrx_word' id='word_1_882' title='bbox 2823 5588 2982 5639; x_wconf 81' lang='lat' dir='ltr'><strong>nescio</strong></span> <span class='ocrx_word' id='word_1_883' title='bbox 3004 5601 3089 5651; x_wconf 85' lang='lat' dir='ltr'><strong>per</strong></span> <span class='ocrx_word' id='word_1_884' title='bbox 3111 5602 3331 5651; x_wconf 80' lang='lat' dir='ltr'><strong>quorum.</strong></span> 
     </span>
    </p>
   </div>
   <div class='ocr_carea' id='block_1_118' title="bbox 2323 5650 3625 5773">
    <p class='ocr_par' dir='ltr' id='par_1_118' title="bbox 2323 5650 3625 5773">
     <span class='ocr_line' id='line_1_119' title="bbox 2323 5650 3625 5773; baseline 0.002 -76"><span class='ocrx_word' id='word_1_885' title='bbox 2323 5650 2395 5773; x_wconf 49' lang='grc' dir='ltr'><strong>ἓαζ</strong></span> <span class='ocrx_word' id='word_1_886' title='bbox 2420 5651 2534 5697; x_wconf 75' lang='lat' dir='ltr'><strong>Vide</strong></span> <span class='ocrx_word' id='word_1_887' title='bbox 2554 5651 2811 5719; x_wconf 81' lang='lat' dir='ltr'><strong>Possidium</strong></span> <span class='ocrx_word' id='word_1_888' title='bbox 2837 5652 2881 5698; x_wconf 92' lang='lat' dir='ltr'><strong>in</strong></span> <span class='ocrx_word' id='word_1_889' title='bbox 2908 5650 3011 5699; x_wconf 73' lang='lat' dir='ltr'><strong>Vita</strong></span> <span class='ocrx_word' id='word_1_890' title='bbox 3028 5650 3288 5712; x_wconf 58' lang='lat' dir='ltr'><strong>augustiui,</strong></span> <span class='ocrx_word' id='word_1_891' title='bbox 3319 5666 3451 5713; x_wconf 65' lang='lat' dir='ltr'><strong>capp.</strong></span> <span class='ocrx_word' id='word_1_892' title='bbox 3478 5656 3526 5710; x_wconf 67' lang='grc' dir='ltr'><strong>ὁ,</strong></span> <span class='ocrx_word' id='word_1_893' title='bbox 3552 5651 3625 5705; x_wconf 77' lang='lat' dir='ltr'><strong>li.</strong></span> 
     </span>
     <span class='ocr_line' id='line_1_120' title="bbox 2346 5710 3101 5773; baseline -0.005 -12"><span class='ocrx_word' id='word_1_894' title='bbox 2346 5710 2373 5757; x_wconf 71' lang='grc' dir='ltr'><em>ὑ</em></span> <span class='ocrx_word' id='word_1_895' title='bbox 2422 5712 2533 5761; x_wconf 76' lang='lat' dir='ltr'><strong>Vide</strong></span> <span class='ocrx_word' id='word_1_896' title='bbox 2558 5714 2699 5773; x_wconf 76' lang='lat' dir='ltr'><strong>intra,</strong></span> <span class='ocrx_word' id='word_1_897' title='bbox 2724 5725 2827 5773; x_wconf 85' lang='lat' dir='ltr'><strong>cap.</strong></span> <span class='ocrx_word' id='word_1_898' title='bbox 2851 5712 2927 5769; x_wconf 75' lang='grc'><strong>45,</strong></span> <span class='ocrx_word' id='word_1_899' title='bbox 2953 5726 3003 5759; x_wconf 90' lang='lat' dir='ltr'><strong>u.</strong></span> <span class='ocrx_word' id='word_1_900' title='bbox 3023 5712 3101 5765; x_wconf 64' lang='grc' dir='ltr'><strong>δι.</strong></span> 
     </span>
    </p>
   </div>
   <div class='ocr_carea' id='block_1_119' title="bbox 2346 5710 3101 5777">
    <p class='ocr_par' dir='ltr' id='par_1_119' title="bbox 2346 5710 3101 5777">
     <span class='ocr_line' id='line_1_121' title="bbox 2346 5710 3101 5777; baseline -0.005 -16"><span class='ocrx_word' id='word_1_901' title='bbox 2346 5710 2395 5773; x_wconf 79' lang='lat' dir='ltr'><strong>b)</strong></span> <span class='ocrx_word' id='word_1_902' title='bbox 2422 5712 2533 5761; x_wconf 76' lang='lat' dir='ltr'><strong>Vide</strong></span> <span class='ocrx_word' id='word_1_903' title='bbox 2558 5712 2699 5775; x_wconf 76' lang='lat' dir='ltr'><strong>infra,</strong></span> <span class='ocrx_word' id='word_1_904' title='bbox 2724 5725 2827 5775; x_wconf 83' lang='lat' dir='ltr'><strong>cap.</strong></span> <span class='ocrx_word' id='word_1_905' title='bbox 2851 5712 2927 5769; x_wconf 75' lang='grc'><strong>45,</strong></span> <span class='ocrx_word' id='word_1_906' title='bbox 2953 5726 3003 5777; x_wconf 74' lang='lat' dir='ltr'><strong>u.</strong></span> <span class='ocrx_word' id='word_1_907' title='bbox 3023 5712 3101 5765; x_wconf 63' lang='grc' dir='ltr'><strong>δι.</strong></span> 
     </span>
    </p>
   </div>
  </div>
