4066 6200
299 331 411 384 5⁸75

305 444 526 496 nomine
556 441 790 497 Simonis
819 452 871 498 et
900 443 1118 511 Barjesu
1146 444 1161 475 ί
1191 459 1466 515 magorum
1500 447 1722 518 ingessit
1748 449 1900 504 nobis

303 548 440 602 quas
470 547 592 586 cum
622 532 768 586 libuit
802 534 1172 589 contumelias.
1207 534 1334 591 Inde
1377 536 1555 606 Optati
1599 537 1906 610 'I‘hamuga-

303 625 490 678 densis
520 639 734 678 causam
777 624 1101 694 pedetentim
1129 626 1483 696 suspendens,
1515 643 1582 682 ne
1613 627 1755 684 illius
1781 646 1903 699 per.

305 699 624 768 funderetur
652 713 872 781 invidia,
902 730 1008 768 non
1039 730 1120 782 se,
1163 731 1262 770 nec
1285 731 1410 772 suos
1449 717 1516 772 de
1546 717 1636 772 illo
1661 718 1903 786 judicare

303 805 582 872 potuisse;
609 813 662 858 et
688 804 740 857 in
771 819 835 858 eo
861 805 978 874 ipso
1007 819 1106 860 nos
1134 805 1468 874 insimulans,
1491 807 1633 877 quod
1659 808 1792 862 meis
1813 808 1903 864 ille

304 895 735 964 Suggestionibns
763 909 980 964 pressus
999 897 1091 951 sit.

375 983 606 1042 CAPUT
635 983 770 1040 XLI.
799 1015 871 1025 ——
893 984 981 1040 49.
1015 986 1293 1042 Postremo
1313 988 1574 1042 conclusit
1599 987 1890 1058 Epistolam

303 1095 430 1133 suos
459 1077 750 1133 exhortans
776 1087 830 1132 et
867 1094 1092 1134 monens
1120 1094 1187 1134 ne
1212 1078 1546 1149 decipiantur
1583 1095 1611 1133 a
1639 1079 1812 1146 nobis,
1843 1089 1898 1135 et

303 1178 520 1222 nostros
546 1167 733 1222 dolens
756 1168 898 1238 quod
923 1183 1016 1222 eos
1038 1169 1247 1238 pejores
1267 1185 1422 1239 quam
1465 1171 1670 1225 fuerant
1706 1171 1894 1226 feceri-

301 1273 441 1311 mus.
472 1259 568 1312 llis
595 1259 754 1328 igitur
773 1258 1054 1328 diligenter
1071 1260 1590 1330 consideratisatque
1615 1262 1891 1328 discussis,

299 1348 440 1416 quod
471 1363 542 1403 ex
569 1363 632 1404 ea
661 1349 776 1420 ipsa
807 1349 1042 1419 Epistoia
1062 1366 1219 1420 quam
1251 1352 1483 1421 scripsit,
1514 1354 1642 1408 satis
1664 1354 1895 1411 dilucide

298 1448 548 1506 apparet,
569 1439 860 1494 Petdianus
877 1455 980 1494 non
1008 1441 1283 1510 respondit
1305 1442 1522 1496 omnino
1541 1442 1607 1496 ad
1629 1443 1730 1496 hoc
1751 1443 1892 1513 quod

300 1529 350 1580 in
376 1529 616 1598 Epistola
641 1544 761 1585 mea
799 1530 1044 1599 primitus
1072 1533 1244 1601 posui,
1274 1533 1318 1586 si
1345 1533 1791 1601 quemadmodum
1813 1533 1895 1588 di-

296 1618 388 1684 cit,
413 1620 720 1673 conscientia
747 1617 934 1685 duritia,
961 1622 1040 1676 vel
1072 1622 1268 1691 potius,
1293 1631 1348 1675 ut
1373 1622 1560 1676 addam
1602 1623 1740 1692 quod
1775 1639 1889 1678 ma-

293 1724 455 1777 gnum
489 1709 885 1765 ﬁrmamentum
917 1720 1083 1778 putat,
1120 1711 1164 1766 si
1201 1712 1502 1767 conscientia
1524 1722 1697 1767 sancte
1721 1714 1890 1767 dantis

293 1800 592 1865 attenditur,
631 1816 743 1870 qute
769 1801 940 1856 abluat
969 1802 1278 1872 accipientis,
1321 1802 1463 1857 unde
1499 1803 1794 1858 ablueudus
1819 1803 1890 1858 sit

290 1891 381 1958 qui
411 1890 608 1961 accipit
635 1891 984 1960 Baptismum,
1018 1907 1138 1946 cum
1159 1892 1203 1945 si
1234 1891 1409 1945 dantis
1430 1892 1757 1946 conscientia
1781 1892 1888 1961 pol-

292 1981 399 2035 luta
426 1989 531 2047 est,
560 1989 874 2050 accepturus
901 1982 1126 2051 ignorat.
1158 1981 1310 2037 Unde
1338 1997 1442 2037 non
1481 1983 1778 2036 mirandum
1803 1993 1884 2038 est

289 2071 564 2124 hominem
617 2086 715 2140 pro
761 2071 991 2126 falsitate
1045 2072 1378 2126 resistentem
1407 2111 1424 2137 ,
1469 2086 1712 2141 pressum
1751 2088 1884 2127 con~

288 2163 639 2217 travenientis
668 2162 902 2217 veritatis
929 2163 1208 2232 angustiis,
1253 2163 1441 2216 insana
1487 2163 1661 2232 potius
1711 2165 1879 2218 anhe-

287 2257 428 2309 lasse
457 2254 722 2320 convicia,
753 2269 912 2324 quam
957 2265 1077 2310 cum
1109 2254 1198 2309 illa
1224 2270 1342 2325 qua:
1372 2255 1511 2309 vinci
1555 2271 1673 2310 non.
1705 2265 1882 2325 potest

283 2343 564 2398 ambulare
595 2343 846 2398 voluisse.

351 2432 444 2487 50.
477 2432 628 2486 Nunc
648 2433 780 2502 jam,
810 2432 1054 2498 obsecro,
1088 2433 1268 2504 paucis
1297 2433 1530 2486 animum
1559 2432 1819 2488 intendite
1850 2473 1866 2498 ,

281 2533 336 2577 ut
367 2522 519 2576 vobis
547 2522 672 2592 quid
704 2523 959 2584 timuerit,
994 2532 1049 2575 ut
1078 2523 1144 2576 ad
1190 2525 1290 2576 hoc
1328 2537 1434 2576 non
1481 2523 1870 2592 responderet,

279 2611 560 2666 evidenter
581 2612 880 2679 ostendam,
912 2623 967 2667 et
1009 2613 1149 2682 quod
1179 2605 1470 2668 obscurare
1499 2625 1722 2668 conatus
1747 2624 1828 2668 est
1855 2655 1872 2680 ,

282 2704 332 2756 in
359 2703 536 2757 lucem
557 2703 844 2772 proferam.
869 2703 1083 2757 Poterat
1111 2704 1291 2771 utique
1315 2703 1467 2757 nobis
1488 2704 1866 2771 qumrentibus,

282 2793 421 2847 unde
451 2793 749 2847 abluendus
773 2795 842 2847 sit
864 2793 956 2862 qui
977 2793 1166 2862 accipit
1193 2793 1520 2862 Baptismum
1548 2792 1872 2854 cumdantis
1917 2799 1924 2804 '

278 2883 478 2951 polluta
510 2882 836 2936 conscientia
863 2891 966 2948 est,
994 2890 1050 2935 et
1078 2881 1179 2935 hoc
1217 2883 1303 2935 ille
1329 2883 1532 2951 quiest-
1555 2890 1870 2950 accepturus

281 2975 527 3042 ignorat,
582 2972 836 3028 facillime
883 2973 1207 3043 respondere
1234 3015 1249 3040 ,
1293 2975 1338 3026 A
1369 2974 1594 3027 Domino
1625 2974 1771 3037 Deo;
1813 2984 1868 3028 et

281 3067 500 3122 omnino
535 3065 887 3123 ﬁdentissime
914 3065 1097 3120 dicere
1119 3105 1134 3132 ,
1167 3065 1392 3120 Prorsus
1421 3066 1560 3121 Deus
1587 3065 1753 3120 abluit
1779 3081 1868 3121 ac-

280 3158 526 3227 cipientis
545 3159 1188 3229 conseientiam,.quando
1214 3160 1534 3214 maculosam
1559 3176 1662 3214 non
1685 3171 1868 3217 sancte

277 3247 455 3301 dantis
489 3248 714 3317 ignorat.
746 3246 850 3302 Sed
891 3248 1052 3302 homo
1081 3249 1168 3317 qui
1200 3248 1310 3317 jam
1349 3257 1508 3303 sectae
1549 3259 1740 3304 vestrae
1780 3251 1865 3304 in-

279 3341 513 3396 tentione
538 3349 754 3396 coactus
794 3339 967 3395 fuerat
1013 3340 1410 3395 mundatiouem
1459 3341 1766 3410 accipientis
1810 3343 1864 3396 in

275 3431 601 3485 conscientia
630 3430 806 3485 dantis
835 3444 1068 3498 ponere;
1100 3429 1295 3500 quippe
1331 3431 1419 3500 qui
1459 3429 1686 3492 dixerat;
1725 3430 1863 3485 Con-

273 3521 481 3576 scientia
527 3538 745 3591 namque
785 3522 954 3575 dantis
973 3562 987 3586 ,
1030 3522 1114 3576 vel
1153 3533 1324 3575 sancte
1347 3523 1515 3576 dantis
1541 3523 1816 3577 attenditur
1842 3565 1859 3591 ,

274 3629 386 3682 qua
409 3613 585 3665 abluat
617 3613 944 3682 accipientis;
974 3613 1149 3666 timuit
1175 3627 1242 3666 ne
1269 3613 1461 3667 melius
1491 3613 1652 3667 homo
1688 3613 1864 3682 bapti-

275 3705 380 3760 zari
407 3704 680 3758 videretur
693 3702 760 3756 ah
784 3703 992 3758 occulto
1019 3703 1425 3769 homine-malo,
1447 3718 1605 3772 quam
1632 3717 1661 3756 a
1688 3703 1870 3756 mani-.

273 3794 408 3849 festo
447 3794 666 3849 homine
706 3795 846 3848 bono
891 3812 904 3848 :
949 3801 1089 3848 tunc
1119 3793 1260 3848 enim
1315 3807 1422 3846 non
1465 3807 1496 3845 a
1535 3793 1859 3847 conscientia

272 3895 452 3941 sancte
494 3884 671 3940 dantis
715 3883 949 3938 hominis
977 3926 991 3948 ,
1035 3883 1130 3938 sed
1155 3882 1224 3937 ab
1249 3883 1363 3952 ipsa
1406 3881 1860 3936 excellentissima

275 3978 361 4032 Dei
385 3977 672 4033 sanctitate
706 3985 851 4032 esset
875 3973 1191 4030 abluendus.
1216 3973 1328 4026 Hoc
1345 3986 1474 4042 ergo
1502 3981 1763 4036 metuens,
1793 3986 1863 4027 ne

271 4076 412 4122 tanta
443 4083 570 4124 eum
599 4076 912 4137 sequeretur
950 4064 1274 4128 absurditas,
1307 4064 1391 4117 vel
1435 4063 1610 4132 potius
1635 4062 1858 4117 demen-

273 4161 360 4226 tia,
391 4167 453 4213 ut
476 4173 581 4228 qua
626 4157 831 4228 lugeret
874 4156 1123 4218 nesciret,
1171 4153 1340 4208 noluit
1387 4153 1566 4209 dicere
1614 4152 1753 4208 unde
1790 4153 1861 4208 sit

269 4249 578 4318 accipientis
606 4246 868 4302 abluenda
897 4246 1244 4309 conscientia,
1272 4243 1484 4314 quando
1525 4243 1851 4298 maculosam

268 4340 650 4395 conscientiam
699 4354 802 4392 non
852 4346 1036 4392 sancte
1064 4336 1237 4390 dantis
1268 4337 1508 4405 ignorat;
1539 4343 1593 4390 et
1623 4334 1853 4404 litigioso

267 4431 486 4499 strepitu
511 4439 702 4485 cuncta
733 4428 1047 4499 perturbans
1075 4425 1345 4480 occultare
1387 4425 1576 4478 maluit
1617 4425 1742 4494 quid
1787 4425 1855 4480 ab

271 4534 337 4575 eo
361 4527 714 4589 qumreretur,
736 4531 893 4586 quam
926 4517 1028 4569 hoc
1048 4512 1371 4583 respondere
1396 4515 1679 4582 quaerenti,
1711 4512 1853 4568 unde

263 4610 441 4661 statim
469 4607 823 4661 sudocaretur
845 4624 859 4660 :
882 4618 1153 4674 nunquam
1177 4612 1352 4657 tamen
1374 4610 1565 4672 putans
1589 4603 1656 4656 ab
1682 4602 1854 4656 homi-

260 4697 420 4752 nibus
461 4698 602 4754 bene
645 4696 878 4752 cordatis
918 4695 1020 4764 legi
1049 4708 1206 4764 posse
1233 4693 1440 4759 litteras
1483 4701 1716 4756 nostras,
1760 4702 1852 4748 aut

262 4790 329 4844 ab
347 4790 428 4844 eis
453 4789 566 4858 legi.
584 4803 712 4844 suas
734 4787 826 4859 qui
847 4788 1097 4858 legissent
1124 4793 1178 4840 et
1203 4798 1370 4850 meas,
1403 4783 1596 4853 quibus
1621 4797 1850 4851 respon-

257 4883 386 4938 dere
410 4897 469 4934 se
502 4881 671 4934 finxit.

326 4971 556 5026 CAPUT
593 4969 750 5025 XLII.
779 5001 851 5010 —
878 4970 968 5024 51.
1010 4968 1144 5024 Nam
1174 4966 1276 5022 hoc
1304 4967 1445 5037 quod
1491 4965 1648 5020 modo
1675 4965 1801 5020 dixi
1825 5007 1841 5030 ,

256 5063 308 5116 in
339 5063 428 5117 illa
456 5065 569 5132 ipsa
601 5063 839 5132 Epistola
862 5077 999 5126 mea,
1018 5071 1203 5116 contra
1222 5075 1379 5130 quam
1407 5058 1690 5114 scribendo
1715 5061 1847 5114 nihil

247 5153 407 5220 dixit,
439 5153 845 5209 evidentissime
869 5153 1103 5224 positum
1132 5162 1216 5207 est
1248 5169 1261 5205 :
1289 5159 1344 5206 et
1385 5149 1510 5220 quid
1551 5149 1621 5204 ibi
1651 5151 1840 5222 egerit,

246 5260 457 5314 quaeso,
488 5261 774 5315 parumper
795 5245 1092 5308 advertite;
1125 5253 1179 5298 et
1218 5243 1462 5312 quamvis
1489 5241 1563 5295 illi
1585 5241 1842 5308 laveatiss,

243 5351 455 5406 nosque
480 5335 723 5403 oderitis,
751 5337 793 5391 si
817 5335 1043 5406 potestis
1062 5349 1217 5405 aequo
1238 5334 1416 5387 animo
1441 5332 1681 5387 tolerate.
1707 5333 1841 5400 Quia

240 5429 392 5481 enim
435 5428 486 5482 in
531 5429 697 5498 priori
744 5428 994 5498 Epistola-
1035 5441 1166 5492 suat,
1207 5425 1360 5496 cujus
1386 5425 1574 5494 primis
1601 5425 1840 5495 partibus

310 5565 327 5595 |
357 5571 455 5612 Non
479 5563 805 5614 demutamus
828 5563 906 5612 hic
929 5562 1192 5611 restituere
1212 5572 1426 5622 nomen,
1470 5559 1710 5622 Hariesu;
1750 5570 1836 5622 pro

234 5624 409 5688 quoin
431 5625 645 5695 antiquis
665 5625 911 5693 codicibus
933 5623 1188 5695 manifesto
1211 5620 1518 5695 librariorum
1541 5619 1692 5695 ilapsu
1707 5619 1838 5693 scri-

235 5679 379 5744 iitum
401 5679 706 5748 reperimus,
738 5685 897 5736 Varia:
921 5696 1040 5736 suat:
1087 5691 1135 5732 In
1160 5683 1373 5743 excusis,
1407 5679 1564 5732 t'arice
1580 5679 1802 5744 {omisso
1816 5719 1833 5745 ,

239 5758 366 5796 sure.

1670 333 1871 390 LIBER
1910 335 2225 394 TERTIUS.

3489 372 3592 427 37b

2017 467 2134 520 qua:
2176 454 2305 509 sola:
2349 457 2398 511 in
2451 474 2639 516 manus
2690 476 2895 523 nostras
2924 478 3046 526 tunc
3081 489 3335 533 venerant
3365 523 3378 545 ,
3422 487 3594 550 primo

2015 545 2413 612 responderant,
2440 551 2506 603 ita
2537 569 2686 623 spem
2715 556 3009 626 baptizandi
3043 565 3271 623 hominis
3295 570 3348 624 in
3377 545 3595 633 homine

2014 634 2315 705 baptizante
2342 656 2607 710 posuerat,
2633 657 2688 700 ut
2708 649 2926 719 diceret,
2949 653 3121 713 Omnis
3142 676 3220 714 res
3246 663 3378 716 enim
3399 668 3592 736 origine

2011 737 2059 780 et
2085 729 2253 825 radice
2276 735 2518 801 consistit,
2551 747 2598 791 et
2625 741 2667 793 si
2695 753 2845 812 caput
2885 763 2985 800 non
3025 745 3169 804 habet
3203 753 3430 825 aliquid,
3461 729 3590 815 nihil

2009 827 2082 872 est
2109 819 2330 919 (.Supra,
2348 825 2434 878 lib.
2468 828 2520 919 i,
2550 845 2664 899 cap.
2693 833 2748 896 4,
2775 851 2826 887 n.
2858 836 2923 904 5,
2951 855 3081 910 sqq.;
3106 850 3151 894 et
3179 842 3266 897 lib.
3286 819 3340 910 Ξ
3373 819 3489 919 cap.
3513 853 3547 907 5
3568 895 3587 915 .

2129 909 2219 1005 ρο,
2243 913 2339 1005 ll)
2365 916 2528 1005 :quia
2553 933 2681 989 ergo
2715 921 2818 978 hoc
2858 926 3150 986 Petilianus
3181 909 3445 1005 dixerat;
3479 909 3586 998 non

2007 997 2147 1098 aliud
2170 1001 2358 1098 volens
2393 1004 2610 1078 intelligi
2658 1012 2915 1082 originem
2955 1025 3009 1071 et
3054 1020 3287 1078 radicem
3336 1035 3391 1081 et
3416 997 3587 1098 'caput

2005 1087 2302 1158 baptizandi
2343 1093 2593 1164 hominis,
2645 1101 2746 1156 nisi
2792 1103 3057 1162 hominem
3088 1125 3118 1163 a
3146 1126 3251 1180 quo
3289 1087 3583 1184 baptizare-

2006 1191 2109 1250 tur,
2138 1186 2340 1254 subjeci
2390 1203 2489 1258 ego
2526 1199 2581 1245 et
2616 1192 2765 1247 dixi:
2793 1196 3080 1263 Quaerimus
3117 1203 3284 1272 itaque
3317 1221 3425 1271 nos,
3470 1225 3583 1264 cum

2000 1273 2088 1368 ille
2113 1275 2392 1344 baptizator
2420 1281 2646 1349 perﬁdus
2672 1284 2811 1351 latet,
2840 1287 2886 1342 si
2914 1298 3030 1343 tunc
3055 1292 3144 1346 ille
3168 1309 3311 1357 quem
3338 1295 3581 1368 baptizat,

2000 1365 2152 1432 [idem
2168 1369 2396 1438 percipit,
2429 1387 2528 1424 non
2557 1383 2769 1442 reatum,
2791 1378 2836 1430 si
2858 1389 2978 1433 tunc
3002 1383 3048 1435 ei
3075 1399 3175 1436 non
3204 1396 3275 1439 est
3300 1365 3581 1456 baptizatur

1999 1456 2108 1548 ejus
2133 1460 2273 1529 origo
2293 1468 2340 1514 et
2362 1462 2514 1515 radix
2539 1473 2586 1517 et
2614 1476 2785 1536 caput,
2813 1471 2924 1539 quis
2942 1481 3017 1526 est
3035 1489 3066 1525 a
3082 1491 3179 1541 quo
3201 1477 3380 1548 accipit
3402 1481 3580 1546 ﬁdem?

2003 1543 2102 1639 Ubi
2127 1558 2199 1602 est
2224 1551 2365 1620 origo
2399 1553 2461 1606 de
2483 1571 2581 1622 qua
2608 1558 2803 1612 oritur?
2832 1560 2915 1615 ubi
2941 1564 3091 1618 radix
3118 1567 3250 1620 unde
3276 1543 3520 1639 germinat
3551 1574 3578 1627 .’

1997 1635 2080 1733 ubi
2105 1648 2255 1708 caput
2280 1641 2412 1695 unde
2438 1644 2756 1714 incipit?-An
2800 1650 2931 1719 forte
2957 1669 3068 1708 cum
3098 1635 3432 1727 baptizdntem
3458 1681 3576 1733 per-

1996 1725 2153 1824 fidum
2178 1729 2266 1783 ille
2291 1733 2376 1802 qui
2402 1732 2686 1802 baptizatur
2710 1739 2909 1808 ignorat
2937 1783 2950 1808 ,
2996 1752 3115 1798 tunc
3141 1725 3368 1804 Christus
3393 1725 3480 1806 dat
3509 1757 3578 1824 [i-

1995 1815 2127 1881 dem,
2161 1827 2276 1873 tunc
2312 1821 2539 1878 Christus
2587 1836 2662 1881 est
2695 1831 2833 1899 origo
2875 1841 2923 1885 et
2964 1836 3114 1890 radix
3144 1849 3189 1891 et
3229 1845 3423 1910 caput?
3466 1815 3578 1903 Hoc

1991 1923 2127 1980 ergo
2143 1919 2198 1966 et
2221 1928 2359 1968 nunc
2386 1914 2508 1970 dico
2533 1925 2588 1972 et
2613 1921 2873 1989 exclamo,
2901 1924 3039 1979 sicut
3071 1928 3231 1984 etiam
3264 1932 3372 1988 illic
3396 1937 3576 1992 excla-
3668 1964 3680 1972 -

1991 2001 2133 2056 mavi
2167 2019 2181 2054 :
2216 2002 2260 2057 0
2285 2003 2506 2059 humana
2534 2011 2787 2065 temeritas
2824 2023 2870 2067 et
2902 2017 3290 2086 superbialcur
3328 2041 3426 2078 non
3452 2027 3579 2081 sinis

1990 2094 2157 2161 potius
2183 2104 2236 2148 ut
2261 2112 2458 2167 semper
2481 2097 2710 2156 Christus
2734 2104 2816 2157 det
2846 2105 3018 2173 ﬁdem,
3046 2111 3374 2168 christianum
3402 2118 3574 2172 dando

1988 2183 2256 2252 facturus?
2293 2203 2385 2241 cur
2426 2206 2526 2244 non
2573 2192 2698 2247 sinis
2735 2203 2788 2248 ut
2825 2212 3020 2268 semper
3055 2201 3120 2254 sit
3158 2202 3386 2260 Christus
3431 2210 3574 2280 origo

1987 2275 2269 2344 christiani,
2297 2279 2348 2333 in
2373 2279 2574 2335 Christo
2597 2284 2816 2338 radicem
2863 2289 3167 2346 christianus
3192 2294 3392 2365 inﬁgat,
3421 2275 3570 2353 Chri-

1986 2377 2094 2422 stus
2139 2371 2401 2424 christiani
2444 2373 2509 2426 sit
2550 2377 2743 2444 caput?
2791 2377 2969 2448 Neque
3003 2383 3135 2436 enim
3165 2386 3315 2439 etiam
3339 2405 3452 2442 cum
3480 2408 3569 2460 per

1983 2470 2210 2514 sanctum
2240 2471 2287 2514 et
2313 2463 2512 2530 ﬁdelem
2532 2466 2928 2536 dispensatorem
2957 2475 3124 2543 gratia
3157 2478 3440 2546 spiritualis
3460 2498 3569 2536 cre-

1983 2549 2212 2605 dentibus
2237 2552 2547 2622 impertitur,
2577 2557 2893 2627 dispensator
2927 2562 3039 2631 ipse
3068 2563 3339 2634 justi/irai,
3375 2585 3436 2622 ac
3464 2587 3568 2626 non

1981 2641 2068 2694 ille
2100 2659 2231 2695 unus
2259 2646 2322 2698 de
2356 2662 2454 2714 quo
2486 2648 2674 2702 dictum
2699 2660 2786 2716 est,
2818 2653 2956 2723 quod
2986 2673 3006 2707 ί
3031 2657 3280 2726 justiﬁcat
3305 2662 3515 2730 impium
3537 2684 3557 2715 ι

1983 2731 2157 2803 (Rom.
2183 2751 2253 2797 tv,
2286 2736 2365 2806 5).
2406 2738 2506 2791 Aut
2535 2756 2650 2794 vero
2679 2745 2938 2810 apostolus
2977 2746 3174 2804 Paulus
3200 2761 3307 2805 erat
3335 2765 3487 2824 caput
3513 2766 3563 2811 et

1979 2825 2120 2894 origo
2146 2842 2316 2880 eorum
2352 2844 2476 2897 quos
2515 2830 2853 2902 plantaverat,
2886 2847 2976 2890 aut
3002 2839 3184 2909 Apollo
3214 2844 3363 2898 radix
3388 2862 3562 2901 eorum

1977 2929 2101 2982 quos
2130 2918 2395 2985 rigaverat,
2423 2935 2484 2972 ac
2508 2936 2608 2973 non
2635 2921 2722 2975 ille
2741 2925 2826 2992 qui
2843 2927 2916 2980 eis
2933 2927 3292 2986 incrementum
3315 2936 3562 2994 dederat:

1977 3018 2093 3093 cum
2139 3004 2272 3058 idem
2315 3007 2491 3075 dicat,
2534 3027 2553 3060 ι
2589 3009 2699 3080 Ego
2726 3013 2968 3083 plantavi,
3019 3019 3201 3089 Apollo
3228 3022 3441 3093 rigavit;
3471 3027 3581 3082 sed.

1978 3092 2116 3149 Deus
2171 3097 2525 3153 incrementum
2574 3101 2709 3156 dedit
2755 3119 2773 3157 :
2817 3106 2987 3176 itaque
3030 3125 3186 3180 neque
3221 3092 3308 3183 qui
3363 3116 3561 3186 plantat

1975 3195 2046 3238 est
2071 3187 2264 3255 aliquid
2283 3229 2295 3252 ,
2340 3205 2497 3260 neque
2527 3193 2613 3261 qui
2648 3195 2811 3264 rigat;
2840 3199 2929 3251 sed
2955 3200 3042 3269 qui
3083 3201 3441 3259 incrementum
3471 3208 3562 3261 dat

1976 3275 2110 3330 Deus
2146 3295 2166 3327 ι
2201 3277 2254 3345 (l
2284 3277 2401 3333 Cor.
2430 3296 2508 3344 tu,
2541 3281 2594 3349 6,
2625 3283 2726 3353 7)?
2753 3285 2863 3340 Nec
2888 3288 3038 3342 radio:
3066 3307 3239 3345 eorum
3269 3295 3507 3366 eratipse
3539 3339 3554 3362 ,

1971 3368 2060 3420 sed
2086 3367 2172 3421 ille
2201 3370 2365 3436 potius
2390 3372 2477 3441 qui
2510 3373 2611 3438 ait,
2646 3392 2665 3426 ι
2705 3374 2816 3446 Ego
2846 3393 2957 3431 sum
3000 3379 3134 3445 vitis,
3178 3397 3264 3436 vos
3301 3386 3417 3438 estis
3438 3403 3554 3439 sor-

1971 3466 2137 3512 menta
2167 3478 2184 3510 »
2216 3459 2392 3528 (Joan.
2432 3477 2519 3529 xv,
2565 3463 2646 3534 5).
2690 3464 2853 3536 Caput
2896 3469 3044 3523 etiam
3084 3487 3258 3526 eorum
3305 3475 3556 3544 quomodo

1970 3566 2074 3610 esse
2103 3561 2316 3620 poterat,
2344 3571 2458 3608 cum
2485 3555 2638 3620 dicat,
2669 3574 2759 3612 nos
2779 3562 2959 3616 multos
2981 3578 3137 3616 unum
3161 3582 3266 3619 esse
3290 3583 3473 3636 corpus
3502 3569 3554 3623 in

1971 3644 2189 3712 Christo,
2217 3647 2478 3717 ipsumque
2500 3648 2753 3705 Christum
2781 3666 2933 3725 caput
2949 3674 3054 3710 esse
3069 3661 3289 3715 universi
3307 3667 3553 3732 corporis,

1969 3735 2195 3804 pluribus
2234 3736 2356 3791 locis
2398 3741 2711 3807 apertissime
2737 3747 2972 3812 prwdicet
2990 3748 3016 3800 Ρ
3049 3749 3366 3820 Quapropter
3389 3756 3490 3808 sive
3518 3745 3550 3808 ἱι

1968 3824 2110 3892 ﬁdeli
2133 3826 2234 3878 sive
2253 3842 2284 3878 a
2305 3827 2500 3895 perﬁdo
2525 3830 2868 3898 dispensatore
2903 3848 3268 3892 sacramentum
3303 3839 3551 3912 Baptismi.

1966 3914 2171 3983 quisque
2189 3915 2450 3986 percipiat,
2479 3933 2592 3988 spes
2613 3919 2658 3972 ei
2677 3921 2840 3974 omnis
2863 3921 2916 3975 in
2942 3922 3139 3979 Christo
3164 3927 3245 3992 sit,
3275 3945 3336 3982 ne
3355 3931 3419 3983 sit
3437 3948 3549 3985 nta-

1967 4003 2178 4056 ledictus
2205 4005 2290 4072 qui
2314 4022 2451 4075 spent
2480 4023 2626 4062 suam
2651 4010 2867 4079 ponitin
2895 4012 3092 4068 homine
3115 4014 3336 4088 (Supra,
3371 4019 3458 4075 lib.
3492 4023 3545 4090 l,

1966 4109 2080 4162 cap.
2113 4095 2166 4158 5,
2191 4111 2279 4149 nn.
2309 4095 2361 4157 6,
2393 4096 2472 4166 7).

2035 4183 2261 4240 CAPUT
2301 4185 2481 4241 XLIII.
2509 4219 2580 4229 —
2606 4189 2694 4244 52.
2725 4190 2850 4247 Htec
2875 4207 2974 4264 ego
3001 4192 3052 4247 in
3077 4193 3309 4266 Epistola
3342 4200 3558 4271 priore,

1964 4287 2087 4329 cum
2127 4275 2387 4332 Petiliano
2425 4281 2829 4350 reSpouderem,
2860 4293 2989 4354 puto
3013 4287 3133 4355 quia
3156 4297 3207 4343 et
3233 4288 3463 4346 dilucide
3492 4304 3548 4348 et

1964 4367 2224 4421 veraciter
2249 4369 2422 4437 posui.
2462 4369 2586 4425 llrec
2611 4372 2769 4426 etiam
2791 4390 2932 4431 nunc
2952 4381 3542 4448 eommemoravi,,illud

1963 4455 2236 4513 insinuans
2273 4466 2432 4528 atque
2457 4463 2858 4530 commendans,
2892 4475 2951 4519 ut
2973 4469 3189 4522 omnino
3217 4483 3539 4539 spesnostra

1961 4563 2065 4601 non
2095 4549 2164 4605 sit
2191 4549 2243 4603 in
2271 4549 2516 4618 homine,
2553 4553 2824 4625 Deumque
2851 4556 3116 4614 Christum
3146 4561 3540 4630 mundatorem,

1958 4638 2360 4709 justilicatorem
2392 4642 2665 4700 hominum
2692 4661 2812 4701 esse
2841 4648 3119 4706 credamus
3143 4692 3157 4716 ,
3204 4653 3540 4711 credentium

1959 4729 2011 4782 iu
2036 4745 2156 4784 eum
2179 4730 2532 4801 quijustilicat
2554 4733 2793 4803 impium,
2818 4745 2873 4790 ut
2891 4737 3174 4807 deputetur
3200 4740 3330 4796 fides
3355 4760 3541 4801 eorum

1958 4821 2022 4873 ad
2048 4821 2330 4890 justitiam,
2371 4822 2482 4878 sive
2521 4824 2610 4881 ille
2639 4824 2798 4880 homo
2822 4828 2892 4882 sit
2920 4839 3131 4884 sanctus
3157 4832 3243 4900 qui
3275 4834 3542 4891 ministrat

1958 4910 2304 4979 Baptismum,
2323 4913 2436 4968 sive
2456 4915 2648 4985 impius
2674 4926 2726 4970 et
2757 4918 2908 4973 fictus
2932 4936 3088 4988 quem
3119 4923 3277 4992 fugiat
3305 4925 3542 4995 Spiritus

1956 5011 2188 5056 sanctus.
2219 5001 2352 5056 Tum
2383 5003 2575 5058 deinde
2601 5007 2828 5073 subdidi,
2870 5009 2914 5062 si
2958 5010 3112 5064 aliter
3145 5022 3306 5078 esset,
3341 5026 3541 5084 quanta

1955 5101 2372 5161 consequeretur
2390 5094 2710 5161 absurditas,
2737 5105 2791 5151 et
2818 5097 2927 5152 dixi
2958 5101 3096 5169 quod
3122 5111 3174 5156 et
3203 5119 3346 5158 nunc
3371 5106 3492 5162 dico
3524 5124 3537 5160 :

1954 5183 2191 5253 Alioquin
2219 5185 2264 5238 si
2289 5187 2404 5239 talis
2431 5187 2637 5257 quisque
2665 5189 2716 5242 in
2744 5191 2910 5260 gratia
2938 5195 3192 5263 spirituali
3216 5199 3494 5252 renascitur
3515 5241 3530 5264 ,

1951 5277 2215 5346 qualis-est
2246 5277 2334 5331 ille
2372 5296 2402 5330 a
2443 5295 2540 5348 quo
2584 5279 2887 5350 baptizatur,
2919 5293 2964 5337 et
2991 5301 3104 5338 cum
3136 5289 3433 5358 manifestus
3463 5302 3535 5344 est

1949 5366 2036 5435 qui
2063 5366 2281 5436 baptizat
2309 5369 2456 5421 homo
2483 5369 2660 5436 bonus,
2691 5371 2800 5440 ipse
2836 5373 2923 5427 dat
2958 5375 3108 5442 [idem
3129 5418 3144 5442 ,
3182 5377 3290 5446 ipse
3316 5380 3457 5448 origo
3487 5392 3534 5434 ct

1949 5459 2100 5513 radix
2123 5470 2368 5530 caputque
2392 5463 2639 5515 nascentis
2659 5473 2768 5527 est;
2807 5480 2922 5518 cum
2962 5477 3131 5520 autem
3165 5469 3285 5522 latet
3311 5471 3533 5539 per/idus

1948 5549 2230 5620 baptizator
2248 5591 2263 5616 ,
2292 5559 2409 5604 tunc
2427 5553 2634 5622 quisque
2659 5571 2689 5606 a
2715 5553 2912 5610 Christo
2956 5559 3166 5626 percipit
3207 5560 3381 5626 ﬁdem,
3417 5573 3534 5617 tunc

1946 5658 1978 5693 a
2007 5641 2206 5695 Christo
2230 5641 2365 5696 ducit
2393 5645 2653 5714 originem,
2681 5655 2796 5698 tunc
2825 5647 2876 5700 in
2897 5647 3095 5702 Christo
3116 5649 3392 5715 radicatur,
3416 5661 3532 5709 tunc

1947 5731 2146 5790 Christo
2186 5736 2352 5805 capite
2388 5737 2674 5807 gloriatur:
2701 5740 2974 5807 aptandum
3001 5751 3072 5797 est
3102 5742 3162 5798 ab
3188 5745 3418 5801 erunibus
3443 5750 3532 5818 qui
