4066 6200
499 322 603 375 375

500 440 839 503 (utpuarmtur,
869 436 919 479 ut
945 424 1279 492 baptizatores
1309 418 1526 490 perﬁdos
1554 416 1764 469 habeant
1785 424 1829 467 et
1848 413 2075 481 ignorent

499 545 602 580 eos.
634 520 915 586 Quamlibet
944 518 1074 569 enim
1100 517 1253 568 bonos
1288 510 1587 572 habuerint,
1619 507 1848 562 Christus
1875 514 1946 557 est
1976 504 2077 554 nti-

497 611 599 681 que-
633 607 1091 676 incomparabiliter
1136 603 1344 667 melior,
1395 600 1479 669 qui
1538 609 1653 651 tunc
1696 598 1787 650 erit
1841 594 2080 661 buptizuti

498 712 667 771 caput,
688 702 733 754 si
760 698 983 769 perﬁdus
1010 696 1159 748 latent
1187 694 1486 762 baptizator.
1521 689 1667 757 Quod
1693 690 1735 741 si
1770 686 2079 740 dementissi-

498 812 635 849 mam
655 802 723 846 est
744 793 943 845 credere
960 789 977 857 (
993 804 1183 856 semper
1198 786 1329 839 enim
1341 782 1569 838 Christus
1580 781 1826 851 justi/iret
1843 781 1908 832 im
1917 779 2074 847 pium,

498 891 731 957 faciendo
752 904 812 941 ea:
836 886 990 953 impio
1014 883 1343 937 christianum
1365 920 1378 941 ,
1412 894 1607 947 semper
1634 894 1665 928 a
1688 875 1885 929 Christo
1917 873 2078 942 μανι-ἕο

499 980 635 1047 pitur
654 979 780 1045 fides
802 1020 815 1039 ,
840 992 1033 1045 semper
1068 972 1298 1029 Christus
1325 982 1396 1026 est
1428 970 1567 1039 origo
1604 976 2001 1037 regeneratorum
2030 972 2080 1017 et

498 1079 650 1138 caput
682 1070 966 1136 Ecclesiae),
996 1068 1115 1137 quid
1146 1065 1325 1119 habent
1372 1062 1608 1131 ponderis
1645 1062 1734 1113 illa
1764 1060 1910 1113 verba
1929 1099 1942 1116 ,
1967 1072 2081 1126 qua:

498 1163 615 1216 vani
646 1163 851 1215 lectores
872 1177 969 1215 non
996 1152 1256 1213 attendunt
1278 1158 1397 1226 quid
1422 1157 1558 1209 intus
1580 1152 1815 1215 habeant,
1846 1151 1932 1206 sed
1962 1161 2077 1203 tan-

499 1266 603 1307 tum
628 1252 1043 1324 quemadmodum
1073 1260 1247 1305 sonent
1279 1248 1475 1317 (Supra
1496 1287 1511 1311 ,
1545 1246 1631 1299 lib.
1670 1247 1718 1308 l,
1743 1260 1856 1311 cap.
1887 1242 1920 1296 6
1939 1284 1952 1306 ,
1987 1258 2074 1294 nn.

500 1346 553 1410 6,
585 1346 639 1414 7)
664 1348 686 1397 ’ί
706 1345 827 1399 [huc
847 1354 967 1398 time
984 1342 1111 1406 dixi,
1145 1342 1259 1397 haec
1290 1341 1339 1393 in
1370 1340 1451 1392 illa
1484 1352 1600 1391 nica
1619 1334 1852 1405 Epistula
1882 1332 2077 1400 scripta

498 1445 643 1490 sunt.
1150 1466 1153 1470 ⁴

567 1525 792 1581 CAPUT
825 1524 1004 1579 XLIV.
1031 1551 1103 1562 —
1130 1522 1218 1576 53.
1254 1518 1451 1574 Deinde
1481 1515 1635 1585 paulo
1662 1523 1799 1584 post,
1828 1512 2076 1581 quoniam

498 1618 586 1671 ille
612 1616 837 1679 dixerat,
866 1618 991 1681 Qua:
1014 1630 1128 1668 cum
1158 1613 1231 1665 ita
1258 1612 1379 1671 sint,
1409 1612 1590 1679 fratres
1611 1648 1625 1671 ,
1652 1622 1766 1676 qua:
1791 1614 1946 1674 potest
1973 1619 2078 1655 esse

499 1709 814 1778 perversitas,
843 1716 895 1757 ut
926 1706 1011 1773 qui
1039 1705 1143 1757 suis
1171 1700 1458 1755 criminibus
1484 1714 1597 1751 reus
1620 1706 1712 1761 est,
1740 1696 1895 1748 alium
1925 1693 2078 1763 faciat

499 1801 823 1861 innocentem,
845 1798 1037 1850 dicente
1063 1795 1275 1848 Domino
1296 1791 1328 1845 J
1335 1808 1418 1845 esu
1446 1789 1667 1853 Christo,
1695 1806 1716 1838 ι
1745 1786 1905 1840 Arbor
1925 1786 2074 1847 bona,

499 1892 651 1942 bonos
690 1892 882 1958 fructus
923 1886 1084 1956 facit;
1122 1884 1272 1936 arbor
1306 1880 1462 1943 uiola,
1510 1879 1669 1932 malos
1695 1877 1889 1945 fructus
1910 1876 2029 1944 facit
2058 1890 2077 1927 :

498 1977 740 2046 numquid
760 1976 1004 2045 colligunt
1031 1974 1093 2027 de
1119 1974 1279 2042 spinis
1300 1987 1449 2024 uvas»
1474 1968 1685 2039 (Matth.
1712 1982 1803 2030 vn,
1834 1967 1918 2029 17,
1947 1963 2031 2033 16)
2053 1965 2077 2015 ?

496 2080 543 2122 et
572 2070 771 2134 iterum,
823 2087 844 2120 ‹
872 2066 1045 2120 Omnis
1064 2066 1210 2118 homo
1239 2066 1395 2117 bonus
1415 2062 1476 2123 de
1500 2061 1626 2114 bona
1653 2060 1883 2112 thesauro
1912 2057 2077 2110 cordis

497 2157 577 2210 sui
620 2162 810 2226 profert
846 2158 1008 2217 bona,
1053 2165 1097 2207 et
1143 2154 1303 2206 ontuis
1341 2152 1488 2204 homo
1540 2149 1701 2202 malus
1740 2148 1802 2201 de
1843 2148 2076 2199 thesauro

497 2246 661 2299 cordis
693 2247 771 2301 sui
807 2246 995 2315 profert
1027 2244 1162 2297 mala
1195 2262 1211 2294 ι
1244 2242 1350 2314 (Ιά.
1393 2258 1486 2304 xu,
1527 2241 1653 2310 55)?
1679 2240 1867 2309 quibus
1898 2238 2075 2291 verbis

498 2335 781 2390 Petilianus
810 2336 936 2388 satis
974 2334 1309 2402 apertissime
1339 2330 1588 2392 ostendit,
1624 2340 1871 2397 tanquam
1914 2326 2074 2379 arbo-

496 2440 607 2478 rem
636 2424 1000 2492 accipiendum
1032 2440 1153 2477 eum
1178 2422 1445 2475 imminent
1478 2421 1563 2490 qui
1592 2419 1841 2487 baptizat.
1879 2426 1932 2471 et
1956 2426 2074 2472 tan-

495 2529 651 2583 quam
680 2513 905 2568 fructum
934 2530 1056 2568 eum
1086 2513 1175 2581 qui
1207 2514 1500 2581 baptizatur
1534 2529 1546 2563 :
1587 2510 1653 2563 ad
1696 2509 1807 2561 hate
1841 2522 1941 2578 ego
1986 2522 2074 2561 re-

494 2604 833 2674 sponderant,
883 2604 942 2659 Si
981 2605 1131 2657 arbor
1173 2604 1301 2656 bona
1347 2605 1502 2657 bonus
1545 2602 1821 2671 baptizator
1865 2610 1974 2661 est,
2019 2607 2075 2652 stt

495 2701 688 2765 fructus
707 2697 817 2765 ejus
839 2697 996 2750 bonus
1019 2697 1083 2749 sit
1112 2696 1198 2748 ille
1221 2712 1367 2763 quem
1394 2693 1751 2763 baptizauerit;
1778 2691 2074 2761 quisquisab

497 2785 694 2838 homine
736 2784 868 2838 malo
916 2786 1065 2837 etiam
1102 2801 1203 2839 non
1255 2784 1519 2853 utunifesto
1557 2782 1704 2851 fuerit
1750 2782 2026 2850 baptizatus
2054 2821 2069 2845 ,

493 2874 650 2929 bonus
677 2892 781 2928 esse
808 2891 907 2927 non
937 2874 1115 2943 poterit
1146 2890 1164 2925 :
1194 2874 1255 2929 de
1281 2874 1413 2925 mala
1435 2873 1618 2940 quippe
1655 2872 1833 2923 arbore
1872 2880 2074 2923 exortus

495 2972 585 3016 est.
619 2964 766 3015 Aliud
795 2973 866 3016 est
897 2964 1026 3015 enim
1054 2962 1203 3015 arbor
1233 2962 1384 3027 bona,
1409 2962 1550 3013 aliud
1574 2961 1723 3013 arbor
1747 2962 1964 3026 occulta,
1986 2960 2074 3012 sed

496 3062 660 3104 tamen
688 3054 842 3105 mala.
876 3052 1009 3119 Quid
1041 3051 1180 3105 aliud
1214 3051 1296 3104 his
1325 3050 1500 3104 verbis
1532 3050 1748 3118 intelligi
1781 3049 1941 3110 volui,
1972 3049 2071 3102 nisi

494 3141 631 3211 quod
662 3141 817 3211 paulo
846 3142 1089 3210 superius
1121 3156 1396 3210 posueram
1423 3181 1439 3206 ,
1466 3140 1709 3194 arborem
1750 3150 1804 3193 et
1845 3139 2070 3193 fructum

494 3234 629 3300 ejus,
686 3249 788 3286 non
842 3248 961 3286 eum
997 3232 1085 3302 qui
1128 3232 1357 3301 baptizat
1386 3240 1439 3285 et
1467 3246 1587 3286 eum
1620 3230 1709 3299 qui
1742 3229 2069 3299 baptizatur;

494 3324 586 3377 sed
636 3323 903 3379 hominem
956 3324 1200 3378 arborem
1225 3365 1241 3390 ,
1298 3324 1522 3377 fructum
1554 3337 1680 3376 vero
1706 3321 1820 3389 ejus
1848 3334 1981 3392 Opus
2009 3335 2074 3375 ac

494 3414 654 3466 vitam
683 3414 799 3481 ejus
824 3414 988 3483 accipi
1017 3413 1231 3477 debere,
1260 3428 1414 3481 quam
1442 3427 1654 3479 semper
1684 3411 1845 3465 habet
1880 3412 2070 3465 bonam

496 3504 665 3559 bonus
685 3544 699 3567 ,
731 3513 786 3558 et
820 3505 1009 3557 malam
1042 3504 1209 3557 malus
1242 3522 1253 3557 :
1281 3519 1346 3555 ne
1377 3504 1459 3556 illa
1484 3512 1733 3569 sequatur
1752 3501 2070 3565 absurditas,

497 3604 551 3649 ut
597 3594 764 3648 malus
805 3596 873 3650 sit
911 3594 1070 3649 homo
1107 3595 1267 3649 etiam
1309 3595 1375 3648 ab
1415 3593 1625 3647 occulto
1669 3593 1806 3647 malo
1858 3592 2073 3647 homine

498 3684 827 3754 baptizatus,
888 3694 1135 3754 tanquam
1198 3682 1399 3738 fructus
1454 3683 1659 3737 arboris
1699 3683 1939 3752 quamvis
1984 3697 2074 3736 oc-

495 3775 670 3840 cultae,
700 3775 791 3830 sed
822 3785 995 3831 tamen
1018 3775 1403 3831 mala:?contra
1434 3774 1574 3843 quod
1598 3773 1684 3828 ille
1703 3774 1831 3827 nihil
1857 3774 2073 3827 omnino

497 3867 787 3935 respondit.

566 3958 791 4014 C.\PUT
827 3958 987 4014 XLV.
1027 3990 1097 4000 ——
1122 3959 1211 4014 54.
1245 3958 1350 4013 Sed
1368 3974 1433 4012 ne
1451 3958 1672 4019 diceret.
1694 3959 1805 4011 sive
1827 3958 1930 4021 ille,
1960 3959 2072 4012 sive

495 4049 684 4119 aliquis
714 4060 969 4117 vestrum,
1000 4064 1119 4103 cum
1148 4049 1371 4118 quisque
1395 4048 1634 4101 occultus
1673 4049 1840 4100 malus
1873 4062 1955 4101 est
1982 4048 2069 4116 qui

499 4140 749 4208 baptizat,
784 4147 907 4192 tunc
933 4154 1035 4193 non
1061 4153 1180 4193 esse
1212 4137 1437 4192 fructum
1465 4136 1579 4208 ejus
1610 4137 1755 4190 illum
1785 4151 1942 4205 quem
1974 4137 2070 4189 ba-

500 4230 657 4296 ptizat
681 4271 695 4292 ,
741 4230 834 4284 sed
880 4228 1106 4284 fructum
1136 4229 1364 4293 Christi;
1410 4229 1660 4283 continuo
1685 4227 1885 4297 subjeci
1915 4243 2073 4297 quam

499 4336 724 4374 vesanus
750 4335 900 4375 error
927 4319 1087 4373 etiam
1127 4318 1281 4373 istam
1321 4318 1636 4373 sententiam
1677 4326 2031 4386 consequatur
2054 4359 2069 4383 ,

497 4418 552 4463 ct
599 4408 819 4480 repetivi
860 4408 1005 4475 illud,
1040 4409 1164 4464 licet
1192 4410 1310 4463 aliis
1343 4409 1520 4463 verbis
1543 4451 1556 4473 ,
1588 4407 1725 4478 quod
1757 4408 1912 4477 paulo
1950 4418 2073 4462 ante

497 4502 736 4557 dixeram
770 4520 782 4555 :
813 4502 873 4556 Si
897 4502 1239 4580 cumpcculta
1277 4510 1348 4555 est
1388 4502 1536 4555 arbor
1568 4503 1734 4565 mala,
1780 4502 2075 4571 quicumque

497 4594 559 4646 ab
580 4593 671 4647 illa
697 4593 846 4663 fuerit
873 4593 1171 4663 baptizatus,
1200 4610 1300 4647 non
1326 4594 1387 4646 de
1410 4592 1522 4655 illa,
1553 4592 1642 4645 sed
1666 4592 1728 4645 de
1754 4591 1951 4646 Christo
1977 4610 2071 4645 nu-

496 4684 681 4747 scitur,‘
701 4684 921 4738 sanctius
931 4684 1299 4754 justi/icantur,
1331 4684 1416 4752 qui
1439 4683 1757 4749 baptizantur
1783 4685 1845 4735 ab
1867 4683 2073 4736 occultis

500 4774 665 4838 malis,
690 4791 840 4844 quam
868 4776 954 4842 qui
981 4775 1297 4844 baptisantur
1317 4792 1347 4826 a
1374 4773 1653 4843 manifestis
1682 4774 1821 4831 bonis
1852 4774 2070 4843 (Supra,

497 4866 585 4919 lib.
620 4866 673 4933 1,
704 4882 855 4935 capp.
881 4866 934 4931 7,
965 4864 1018 4929 8,
1048 4882 1133 4917 un.
1176 4864 1230 4929 8,
1272 4864 1349 4933 9).
1380 4862 1667 4918 Petilianus
1697 4879 1824 4934 ergo
1854 4863 1937 4918 his
1968 4872 2072 4916 tam

498 4957 901 5014 vehementibus
944 4966 1241 5011 coarctatus
1287 4956 1565 5024 angustiis,
1609 4955 1771 5009 tacuit
1798 4955 2072 5021 superiora

495 5067 560 5104 ex
586 5050 777 5121 quibus
807 5050 902 5104 ista
933 5035 1275 5117 pendebant,
1294 5057 1348 5102 et
1377 5047 1490 5102 haec
1516 5047 1741 5103 absurda
1777 5063 1893 5116 qua:
1934 5047 2073 5102 illius

495 5149 893 5210 consequuntur
918 5154 1174 5201 errorem,
1206 5140 1273 5193 ita
1302 5138 1736 5193 commemoravit
1764 5138 1815 5192 in
1846 5154 2069 5208 respui-

496 5232 646 5285 sione
674 5243 790 5298 sua,
832 5228 982 5297 quasi
1020 5228 1131 5282 lucc
1163 5243 1261 5298 ego
1290 5244 1352 5282 ex
1384 5244 1498 5283 mea
1526 5228 1788 5282 sententia
1817 5228 2070 5310 digeritur;

496 5338 615 5388 qua:
646 5320 762 5374 ideo
792 5319 928 5373 dicta
959 5330 1113 5383 sunt,
1144 5330 1201 5372 ut
1224 5320 1520 5374 attenderet
1548 5328 1798 5390 quantum
1836 5320 1957 5373 mali
1984 5335 2067 5371 so-

496 5422 746 5481 queretur
770 5412 886 5480 ejus
912 5412 1225 5465 sententiam
1244 5453 1258 5474 ,
1291 5423 1343 5465 et
1371 5428 1486 5465 eam
1533 5421 1737 5464 mutare
1773 5420 2069 5480 cogeretur.

502 5506 645 5559 Hane
659 5502 1041 5572 ergortaudem
1060 5502 1393 5556 audientibus
1422 5503 1498 5556 vel
1534 5501 1830 5571 legentibus
1853 5504 2070 5562 iaciens,

499 5606 552 5649 et
577 5596 792 5648 omnino
809 5594 1099 5662 desperans
1128 5594 1225 5661 legi
1258 5610 1411 5661 posse
1434 5610 1548 5663 qua:
1568 5594 1894 5662 scripsimus,
1916 5596 2075 5662 coepit

501 5682 553 5739 in
579 5695 663 5734 me
683 5685 910 5750 graviter
936 5694 989 5740 ct
1015 5684 1312 5755 petulanter
1339 5684 1532 5749 invehi,
1558 5693 1802 5761 tanquam
1828 5702 1924 5757 ego
1954 5703 2072 5742 sen-
2124 5748 2137 5753 ,

1383 303 1654 357 CONTRA
1696 297 2030 355 LlTTER.\S
2070 293 2425 361 PETILMNL
2454 296 2510 351 S.
2554 294 2919 350 AUGUSTINI

3663 297 3772 352 376

2188 409 2375 461 sissent
2405 409 2689 477 optandum
2732 425 2850 463 esse
2890 408 3135 462 omnibus
3178 403 3265 477 qui
3312 407 3679 477 baptizantur,
3713 422 3769 464 ut

2187 499 2539 567 baptizatores
2570 499 2796 560 pet-lida»
2828 499 3058 553 habeant
3087 509 3139 551 et
3172 501 3413 568 ignorent
3450 513 3542 552 eos
3566 540 3581 561 ,
3629 515 3765 570 quo-

2186 591 2324 642 niam
2357 592 2646 659 qnantlihet
2674 593 2840 643 bonos
2871 590 3167 647 habuerint,
3188 588 3429 642 Christus
3455 599 3534 643 est
3563 591 3768 644 incom-

2187 680 2491 747 parabiliter
2521 682 2726 748 melior,
2774 682 2863 750 qui
2914 690 3036 733 tunc
3087 682 3190 734 erit
3232 680 3481 751 baptizati
3511 690 3690 749 caput,
3723 684 3770 737 si

2186 771 2420 838 perfidus
2448 771 2607 825 lateat
2639 757 2950 838 baptizatur.
2996 771 3121 824 Item
3155 780 3401 838 tanquam
3432 786 3529 840 ego
3560 773 3768 826 Sensis-

2185 877 2295 916 sem
2322 905 2336 929 ,
2382 865 2615 918 sanctius
2658 865 2932 932 jnstilicari
2977 881 3068 917 eos
3106 866 3193 933 qui
3222 865 3555 933 baptizaotur
3579 868 3646 920 ab
3674 884 3769 921 oc-

2184 955 2339 1007 cultis
2367 956 2538 1019 malis,
2567 971 2723 1023 quun
2753 957 2838 1023 qui
2870 956 3236 1025 baptizantura
3256 954 3547 1009 manifestis
3570 956 3724 1011 bonis
3754 976 3767 1010 :

2184 1060 2303 1096 cmn
2348 1045 2459 1098 inec
2486 1045 2740 1097 mirabilis
2785 1047 2985 1098 insania
3018 1045 3135 1098 ideo
3164 1060 3192 1097 a
3225 1062 3308 1097 tne
3351 1060 3768 1102 commemorata

2184 1133 2269 1195 sit,
2310 1133 2429 1203 quia
2463 1135 2578 1187 illos
2605 1136 2905 1190 necessario
2943 1135 3182 1203 sequitur
3225 1136 3310 1204 qui
3350 1151 3468 1189 cum
3510 1137 3767 1192 Petiliam)

2185 1224 2439 1285 sentiunt,
2469 1225 2547 1278 sic
2586 1239 2703 1279 esse
2744 1225 3011 1279 hominem
3048 1228 3365 1294 baptizatum
3412 1227 3476 1279 ad
3523 1228 3766 1296 baptiza-
3848 1216 3849 1219 η

2184 1321 2354 1368 torem
2394 1330 2577 1379 suum,
2614 1316 3060 1384 quemadmodum
3088 1327 3168 1372 est
3193 1316 3389 1371 fructus
3414 1319 3476 1371 ad
3509 1321 3759 1379 arborem

2183 1402 2249 1457 de
2296 1419 2397 1473 qua
2444 1407 2697 1473 nascitur,
2745 1408 2912 1462 bonus
2951 1407 3017 1461 de
3062 1408 3219 1469 bona,
3260 1410 3429 1463 malus
3470 1410 3537 1464 de
3584 1411 3765 1465 mala:

2182 1495 2374 1565 quibus
2402 1511 2521 1550 cum
2569 1497 2857 1552 dixerimus
2900 1506 2956 1552 ut
3006 1499 3398 1567 respondeant,
3444 1499 3596 1568 cujus
3623 1502 3774 1555 arbi—

2185 1594 2390 1640 trentnr
2415 1585 2640 1640 fructum
2662 1603 2782 1641 esse
2805 1589 3069 1641 hominem
3097 1588 3437 1657 baptizatum,
3455 1591 3669 1658 quando
3697 1593 3769 1645 ab

2182 1681 2392 1729 occulto
2422 1677 2563 1731 malo
2604 1677 2898 1746 baptizatur
2924 1719 2939 1743 ,
2977 1678 3227 1747 quoniam
3275 1694 3378 1732 non
3407 1679 3604 1733 audent
3640 1696 3767 1735 eum

2184 1766 2530 1836 rebaptizare.
2560 1780 2819 1838 coguntur
2843 1769 3186 1837 respondere,
3220 1777 3341 1823 lllllC
3370 1786 3491 1823 cuni
3518 1787 3621 1823 non
3644 1787 3768 1828 esse

2183 1858 2407 1911 fructum
2437 1860 2627 1913 occulti
2659 1860 2797 1912 illius
2828 1859 2970 1924 mali,
3002 1859 3096 1912 sed
3128 1875 3246 1913 esse
3272 1858 3496 1913 fructum
3522 1859 3721 1913 Christi
3747 1880 3763 1916 :

2182 1962 2243 1999 ac
2272 1963 2362 2014 per
2388 1947 2488 2002 hoc
2513 1949 2747 2017 sequitur
2772 1963 2866 2002 eos
2893 1947 3031 2017 quod
3065 1950 3252 2003 nolunt
3274 1991 3286 2013 ,
3316 1958 3369 2001 et
3394 1950 3534 2018 quod
3566 1952 3766 2007 sentire

2182 2036 2443 2091 dementis
2469 2048 2582 2102 est;
2612 2039 2732 2107 quia
2770 2040 2813 2092 si
2845 2038 3005 2092 homo
3030 2048 3151 2091 tunc
3188 2049 3268 2093 est
3298 2038 3498 2094 fructus
3528 2039 3762 2095 hominis

2182 2128 2526 2197 baptizatoris
2555 2130 2656 2192 sui,
2686 2130 2895 2200 quando
2920 2146 2946 2181 a
2973 2128 3252 2183 manifesto
3274 2130 3413 2183 bono
3440 2130 3758 2199 baptizatur,

2181 2235 2300 2271 cum
2329 2236 2455 2273 vero
2512 2222 2805 2289 baptizatur
2844 2221 2911 2274 ab
2940 2222 3148 2274 occulto
3193 2221 3409 2276 homine
3445 2223 3601 2285 malo,
3634 2233 3763 2279 tunc

2181 2327 2285 2363 non
2328 2308 2491 2379 ipsius
2522 2310 2752 2375 fructus,
2796 2312 2887 2365 sed
2933 2310 3127 2365 Christi
3158 2321 3278 2375 est,
3301 2312 3535 2366 sanctius
3558 2312 3761 2382 justifi-

2180 2410 2365 2454 cantur
2391 2402 2480 2470 qui
2520 2401 2853 2469 baptizantnr
2876 2402 2944 2455 ab
2971 2401 3193 2456 occultis
3232 2402 3383 2456 malis
3404 2444 3418 2468 ,
3467 2417 3624 2472 quam
3669 2405 3767 2475 qui

2179 2493 2513 2561 baptizantur
2536 2508 2565 2545 a
2598 2494 2892 2548 manifestis
2919 2494 3091 2548 bonis.

2250 2581 2478 2637 CAPUT
2511 2580 2694 2635 XLVI.
2717 2612 2787 2621 —
2811 2583 2899 2637 55.
2923 2581 3072 2649 Quod
3099 2596 3221 2636 cum
3254 2582 3380 2635 mihi
3404 2582 3641 2637 tribuens
3669 2583 3767 2638 Pe-

2183 2672 2397 2727 tilisnus
2420 2681 2666 2740 tanquam
2694 2670 2795 2725 hoc
2825 2686 2925 2740 ego
2958 2672 3216 2727 senserim
3241 2712 3256 2737 ,
3290 2673 3418 2726 satis
3447 2672 3499 2726 in
3530 2688 3614 2728 me
3634 2689 3765 2743 gra-

2182 2766 2318 2818 viter
2359 2779 2421 2818 ac
2450 2764 2789 2818 vehementer
2832 2763 3136 2829 invehitur,
3176 2764 3288 2833 ipse
3328 2764 3504 2834 utique
3535 2763 3768 2820 demon-

2177 2834 2355 2917 Strat:
2390 2870 2454 2909 ea
2498 2857 2609 2922 ipsa
2656 2854 2965 2923 gravissima
3000 2855 3298 2909 invectioue
3321 2870 3413 2909 sua
3438 2895 3453 2919 ,
3499 2864 3765 2925 quantum

2178 2945 2329 2996 nefas
2369 2945 2439 2996 sit
2481 2944 2579 2997 ista
2626 2944 2865 2997 sentire:
2897 2959 2960 2998 ac
2991 2960 3084 3012 per
3110 2946 3211 2999 hoc
3252 2944 3505 3015 quidquid
3542 2957 3769 3015 propter

2178 3033 2316 3087 hanc
2359 3034 2671 3088 Sententiam
2703 3034 2757 3088 in
2806 3050 2891 3089 me
2925 3034 3124 3091 dixisse
3164 3036 3333 3091 videri
3376 3024 3573 3100 voluit,
3619 3038 3674 3091 in
3704 3056 3766 3094 se

2177 3126 2347 3193 ipsum
2374 3126 2573 3180 dixisse
2593 3127 2857 3181 invenitur
2876 3168 2889 3193 ,
2921 3128 3008 3196 qui
3038 3128 3156 3182 talia
3182 3129 3381 3183 sentire
3408 3129 3764 3184 convincitur.

2180 3217 2251 3270 lbi
2281 3217 2421 3271 enim
2449 3216 2711 3280 ostendit,
2760 3229 2952 3287 quanta
2996 3217 3043 3271 vi
3090 3220 3323 3273 veritatis
3358 3229 3637 3289 superatus
3668 3222 3763 3287 sit,

2179 3308 2265 3361 ubi
2294 3310 2452 3361 alium
2480 3308 2675 3361 exitum
2706 3324 2808 3361 non
2837 3308 3057 3375 invenit,
3090 3310 3190 3363 nisi
3221 3320 3275 3364 ut
3303 3328 3387 3364 me
3410 3312 3640 3366 sensisse
3665 3315 3771 3366 liu-

2177 3410 2361 3468 geret.
2409 3401 2548 3470 quod
2595 3402 2706 3469 ipse
2748 3403 2921 3455 sentit.
2967 3402 3419 3469 Quemadmodum
3444 3407 3487 3457 si
3527 3405 3598 3457 illi
3624 3420 3768 3474 quos

2176 3493 2462 3561 Apostolus
2488 3492 2656 3561 arguit
2678 3532 2692 3555 ,
2721 3492 2837 3559 quia
2858 3492 3104 3545 dieebant
3138 3508 3241 3547 non
3265 3509 3381 3548 esse
3412 3496 3768 3551 resurrectio.

2178 3598 2298 3636 nem
2328 3594 2676 3648 mortuorum,
2695 3582 2933 3636 eumdem
2951 3580 3245 3651 apostolum
3261 3600 3514 3639 accusare
3537 3587 3767 3652 vellent,

2177 3673 2427 3741 quoniam
2467 3672 2598 3727 dixit
2623 3714 2635 3734 ,
2670 3671 2845 3741 Neque
2871 3671 3093 3727 Christus
3117 3674 3417 3739 resurrexit,
3453 3684 3508 3728 et
3542 3676 3768 3732 inanem

2178 3780 2297 3823 esse
2325 3766 2749 3833 prxdieationetn
2768 3765 3162 3834 Apostolorum,
3188 3768 3396 3821 inanem
3421 3768 3581 3823 etiam
3600 3770 3768 3826 fidem

2177 3858 2527 3926 credentium,
2556 3861 2819 3929 falsosque
2851 3861 3069 3915 inveniri
3097 3871 3256 3916 testes
3282 3862 3538 3918 adversus
3568 3864 3766 3929 Deum,

2175 3951 2266 4019 qui
2310 3951 2568 4005 dixissent
2611 3953 2751 4020 quod
2797 3953 3130 4008 suscitaverit
3156 3953 3443 4008 Christum.
3485 3955 3599 4011 Hoc
3625 3958 3769 4017 mibi

2178 4042 2469 4098 Petilianus
2508 4042 2683 4098 facere
2712 4045 2918 4109 voluit,
2961 4044 3252 4115 desperans
3300 4047 3397 4117 legi
3443 4062 3596 4117 posse
3636 4064 3770 4118 quas

2177 4133 2404 4202 scripsi,
2446 4135 2636 4203 quibus
2678 4136 2999 4205 respondere
3028 4153 3131 4191 non
3161 4139 3367 4206 potuit,
3407 4146 3462 4193 et
3503 4140 3677 4207 putari
3704 4156 3771 4197 se

2177 4226 2517 4294 respondisse
2545 4242 2866 4294 magnopere
2890 4229 3214 4297 concupivit.
3268 4228 3373 4283 Sed
3407 4230 3769 4299 quemadmo-

2178 4316 2302 4371 dum
2349 4317 2393 4370 si
2440 4317 2714 4385 quisquam
2762 4317 2889 4371 illnd
2929 4317 3146 4374 fecisset
3191 4321 3484 4390 Apostolo,
3534 4322 3769 4379 recitato

2180 4408 2426 4461 universo
2456 4407 2570 4476 ipso
2598 4407 2714 4460 loco
2733 4422 2799 4461 ex
2829 4407 2945 4476 ejus
2972 4409 3227 4477 Epistula,
3255 4410 3577 4481 redditisque
3600 4427 3772 4482 supe—

2178 4498 2408 4553 rioribus
2441 4498 2617 4553 verbis
2656 4512 2719 4552 ex
2764 4499 2955 4568 quibus
2982 4499 3081 4554 ista
3110 4501 3342 4569 pendere
3366 4502 3604 4572 quisquis
3636 4503 3773 4575 legit

2179 4589 2454 4659 intelligit,
2493 4591 2665 4643 cumis
2696 4589 2783 4643 illa
2807 4590 3133 4644 calumniosa
3160 4591 3500 4660 reprehensio
3526 4594 3579 4647 in
3608 4592 3772 4651 fron-

2181 4688 2285 4735 tem
2313 4679 2812 4749 reprehendentium
2839 4678 3151 4734 relideretur
3179 4697 3192 4734 :
3225 4682 3302 4735 sic
3321 4681 3536 4736 redditis
3562 4697 3629 4736 ex
3649 4683 3777 4752 Epic

2178 4773 2314 4830 stola
2343 4789 2457 4828 mea
2484 4773 2875 4845 superioribus,
2912 4773 3037 4827 dum
3073 4789 3158 4829 me
3199 4775 3484 4831 Petilianus
3523 4787 3772 4841 accusat,

2181 4866 2232 4919 in
2264 4866 2377 4935 ejus
2395 4866 2599 4928 faciem,
2621 4866 2761 4919 unde
2792 4866 2878 4919 illa
2901 4880 3174 4921 removere
3199 4877 3419 4921 conatus
3439 4876 3541 4934 est,
3562 4868 3779 4939 majore

2180 4956 2376 5025 impetu
2401 4962 2795 5024 retorquentur.

2255 5049 2343 5103 56.
2376 5048 2661 5117 Apostolus
2706 5047 2849 5101 enim
2894 5046 3216 5117 redarguens
3244 5062 3337 5102 eos
3363 5048 3452 5117 qui
3501 5050 3779 5118 negabant

2183 5141 2620 5196 resurrectionem
2651 5148 2981 5193 mortuorum
3001 5178 3018 5206 ,
3060 5139 3157 5192 ista
3197 5138 3523 5194 absurditate
3550 5140 3782 5210 corrigit

2182 5247 2300 5304 quae
2327 5232 2516 5285 invitos
2540 5230 2779 5299 sequitur
2806 5229 2927 5283 talia
2955 5229 3247 5284 sentientes
3265 5269 3280 5294 ,
3314 5238 3371 5283 ut
3400 5228 3527 5283 dum
3568 5229 3783 5285 exhor-

2182 5331 2301 5376 rent
2338 5320 2479 5391 quod
2523 5319 2672 5375 nefas
2700 5329 2782 5374 est
2816 5319 3014 5383 dicere,
3042 5320 3310 5388 corrigam
3335 5319 3479 5388 quod
3506 5320 3619 5372 ausi
3642 5332 3782 5374 sunt

2181 5413 2418 5470 credere.
2466 5411 2693 5469 Proinde
2723 5411 2792 5465 ita
2820 5411 2948 5465 dicit
2981 5428 2993 5464 :
3026 5410 3085 5465 Si
3116 5411 3412 5465 resurrectio
3454 5420 3784 5463 mortuorum

2182 5520 2279 5557 non
2302 5514 2405 5565 est,
2453 5520 2609 5571 neque
2650 5501 2879 5555 Christus
2916 5502 3226 5555 resurrexit:
3256 5503 3300 5554 si
3328 5512 3496 5554 autem
3533 5499 3783 5555 Christus

2183 5613 2283 5649 non
2328 5596 2594 5647 resurrexit
2616 5636 2629 5655 ,
2671 5595 2836 5647 inanis
2865 5604 2936 5647 est
2964 5595 3255 5662 praedicatio
3284 5605 3492 5655 nstra,
3534 5608 3666 5646 vana
3700 5604 3782 5646 est

2183 5698 2230 5747 et
2267 5686 2391 5756 ﬁdes
2432 5694 2628 5752 vestra;
2671 5684 2948 5737 iurenimur
2995 5693 3161 5737 autem
3208 5695 3251 5736 et
3288 5688 3407 5753 falsi
3456 5693 3601 5739 testes
3642 5678 3782 5745 Dei,
