  <div class='ocr_page' id='page_1' title='image "/cluster/home/n/w/nwhite01/storage/ocr_20150623/43/hvd.32044096580659/194.png"; bbox 0 0 4024 6196; ppageno 0'>
   <div class='ocr_carea' id='block_1_1' title="bbox 302 310 402 364">
    <p class='ocr_par' dir='ltr' id='par_1_1' title="bbox 302 310 402 364">
     <span class='ocr_line' id='line_1_1' title="bbox 302 310 402 364; baseline 0.02 -2"><span class='ocrx_word' id='word_1_1' title='bbox 302 310 402 364; x_wconf 68' lang='lat'><strong>377</strong></span> 
     </span>
    </p>
   </div>
   <div class='ocr_carea' id='block_1_2' title="bbox 303 413 1882 492">
    <p class='ocr_par' dir='ltr' id='par_1_2' title="bbox 303 413 1882 492">
     <span class='ocr_line' id='line_1_2' title="bbox 303 413 1882 492; baseline 0.001 -27"><span class='ocrx_word' id='word_1_2' title='bbox 303 420 532 482; x_wconf 80' lang='lat' dir='ltr'><strong>quoniam</strong></span> <span class='ocrx_word' id='word_1_3' title='bbox 563 414 899 468; x_wconf 85' lang='lat' dir='ltr'><strong>testimonium</strong></span> <span class='ocrx_word' id='word_1_4' title='bbox 928 415 1144 468; x_wconf 73' lang='lat' dir='ltr'><strong>diximus</strong></span> <span class='ocrx_word' id='word_1_5' title='bbox 1163 414 1401 492; x_wconf 76' lang='lat' dir='ltr'><strong>adversus</strong></span> <span class='ocrx_word' id='word_1_6' title='bbox 1431 413 1610 477; x_wconf 86' lang='lat' dir='ltr'><strong>Deum,</strong></span> <span class='ocrx_word' id='word_1_7' title='bbox 1633 415 1750 483; x_wconf 90' lang='lat' dir='ltr'><strong>quia</strong></span> <span class='ocrx_word' id='word_1_8' title='bbox 1769 431 1882 466; x_wconf 85' lang='lat' dir='ltr'><strong>sus-</strong></span> 
     </span>
    </p>
   </div>
   <div class='ocr_carea' id='block_1_3' title="bbox 305 504 1883 576">
    <p class='ocr_par' dir='ltr' id='par_1_3' title="bbox 305 504 1883 576">
     <span class='ocr_line' id='line_1_3' title="bbox 305 504 1883 576; baseline -0.001 -16"><span class='ocrx_word' id='word_1_9' title='bbox 305 508 470 560; x_wconf 72' lang='lat' dir='ltr'><strong>citavit</strong></span> <span class='ocrx_word' id='word_1_10' title='bbox 497 504 750 559; x_wconf 79' lang='lat' dir='ltr'><strong>Christum</strong></span> <span class='ocrx_word' id='word_1_11' title='bbox 771 545 787 572; x_wconf 91' lang='lat'><strong>,</strong></span> <span class='ocrx_word' id='word_1_12' title='bbox 831 522 976 575; x_wconf 83' lang='lat' dir='ltr'><strong>quem</strong></span> <span class='ocrx_word' id='word_1_13' title='bbox 1003 522 1102 559; x_wconf 88' lang='lat' dir='ltr'><strong>non</strong></span> <span class='ocrx_word' id='word_1_14' title='bbox 1147 506 1402 559; x_wconf 74' lang='lat' dir='ltr'><strong>suscitavit</strong></span> <span class='ocrx_word' id='word_1_15' title='bbox 1433 504 1474 576; x_wconf 95' lang='lat' dir='ltr'>(I</span> <span class='ocrx_word' id='word_1_16' title='bbox 1496 505 1613 560; x_wconf 89' lang='lat' dir='ltr'><strong>Cor.</strong></span> <span class='ocrx_word' id='word_1_17' title='bbox 1651 521 1721 559; x_wconf 79' lang='lat' dir='ltr'><strong>xv</strong></span> <span class='ocrx_word' id='word_1_18' title='bbox 1744 545 1758 566; x_wconf 92' lang='lat'><strong>,</strong></span> <span class='ocrx_word' id='word_1_19' title='bbox 1793 506 1883 558; x_wconf 77' lang='grc'><strong>15·</strong></span> 
     </span>
    </p>
   </div>
   <div class='ocr_carea' id='block_1_4' title="bbox 317 593 1880 661">
    <p class='ocr_par' dir='ltr' id='par_1_4' title="bbox 317 593 1880 661">
     <span class='ocr_line' id='line_1_4' title="bbox 317 593 1880 661; baseline -0.003 -12"><span class='ocrx_word' id='word_1_20' title='bbox 317 598 390 661; x_wconf 74' lang='grc'><strong>15)</strong></span> <span class='ocrx_word' id='word_1_21' title='bbox 424 613 438 649; x_wconf 89' lang='lat'>:</span> <span class='ocrx_word' id='word_1_22' title='bbox 471 605 528 648; x_wconf 92' lang='lat' dir='ltr'><strong>ut</strong></span> <span class='ocrx_word' id='word_1_23' title='bbox 553 594 674 648; x_wconf 91' lang='lat' dir='ltr'><strong>dum</strong></span> <span class='ocrx_word' id='word_1_24' title='bbox 697 594 1072 648; x_wconf 89' lang='lat' dir='ltr'><strong>timentdicere</strong></span> <span class='ocrx_word' id='word_1_25' title='bbox 1090 593 1356 648; x_wconf 76' lang='lat' dir='ltr'><strong>Christum</strong></span> <span class='ocrx_word' id='word_1_26' title='bbox 1380 609 1482 648; x_wconf 92' lang='lat' dir='ltr'><strong>non</strong></span> <span class='ocrx_word' id='word_1_27' title='bbox 1507 595 1880 657; x_wconf 78' lang='lat' dir='ltr'><strong>resurrexisse,</strong></span> 
     </span>
    </p>
   </div>
   <div class='ocr_carea' id='block_1_5' title="bbox 305 683 1885 754">
    <p class='ocr_par' dir='ltr' id='par_1_5' title="bbox 305 683 1885 754">
     <span class='ocr_line' id='line_1_5' title="bbox 305 683 1885 754; baseline -0.002 -14"><span class='ocrx_word' id='word_1_28' title='bbox 305 697 355 742; x_wconf 84' lang='lat' dir='ltr'><strong>et</strong></span> <span class='ocrx_word' id='word_1_29' title='bbox 379 695 569 741; x_wconf 65' lang='lat' dir='ltr'><strong>cat-tera</strong></span> <span class='ocrx_word' id='word_1_30' title='bbox 597 685 732 738; x_wconf 80' lang='lat' dir='ltr'><strong>mala</strong></span> <span class='ocrx_word' id='word_1_31' title='bbox 763 699 825 739; x_wconf 91' lang='lat' dir='ltr'><strong>ac</strong></span> <span class='ocrx_word' id='word_1_32' title='bbox 851 683 1049 738; x_wconf 88' lang='lat' dir='ltr'><strong>nefaria</strong></span> <span class='ocrx_word' id='word_1_33' title='bbox 1091 701 1208 752; x_wconf 70' lang='lat' dir='ltr'><strong>quae</strong></span> <span class='ocrx_word' id='word_1_34' title='bbox 1246 694 1538 754; x_wconf 89' lang='lat' dir='ltr'><strong>sequuntur</strong></span> <span class='ocrx_word' id='word_1_35' title='bbox 1562 725 1577 748; x_wconf 96' lang='lat'><strong>,</strong></span> <span class='ocrx_word' id='word_1_36' title='bbox 1619 687 1885 753; x_wconf 84' lang='lat' dir='ltr'><strong>Corriganl.</strong></span> 
     </span>
    </p>
   </div>
   <div class='ocr_carea' id='block_1_6' title="bbox 305 773 1884 844">
    <p class='ocr_par' dir='ltr' id='par_1_6' title="bbox 305 773 1884 844">
     <span class='ocr_line' id='line_1_6' title="bbox 305 773 1884 844; baseline -0.001 -18"><span class='ocrx_word' id='word_1_37' title='bbox 305 773 439 844; x_wconf 61' lang='lat' dir='ltr'><strong>quod</strong></span> <span class='ocrx_word' id='word_1_38' title='bbox 475 773 634 828; x_wconf 92' lang='lat' dir='ltr'><strong>stulte</strong></span> <span class='ocrx_word' id='word_1_39' title='bbox 674 773 1064 843; x_wconf 84' lang='lat' dir='ltr'><strong>iulideliterqne</strong></span> <span class='ocrx_word' id='word_1_40' title='bbox 1092 773 1386 839; x_wconf 79' lang='lat' dir='ltr'><strong>dixerunt,</strong></span> <span class='ocrx_word' id='word_1_41' title='bbox 1419 788 1521 826; x_wconf 93' lang='lat' dir='ltr'><strong>non</strong></span> <span class='ocrx_word' id='word_1_42' title='bbox 1560 787 1678 827; x_wconf 90' lang='lat' dir='ltr'><strong>esse</strong></span> <span class='ocrx_word' id='word_1_43' title='bbox 1709 788 1884 826; x_wconf 82' lang='lat' dir='ltr'><strong>resur-</strong></span> 
     </span>
    </p>
   </div>
   <div class='ocr_carea' id='block_1_7' title="bbox 309 863 1884 943">
    <p class='ocr_par' dir='ltr' id='par_1_7' title="bbox 309 863 1884 943">
     <span class='ocr_line' id='line_1_7' title="bbox 309 863 1884 943; baseline -0.002 -22"><span class='ocrx_word' id='word_1_44' title='bbox 309 867 590 922; x_wconf 74' lang='lat' dir='ltr'><strong>rectionem</strong></span> <span class='ocrx_word' id='word_1_45' title='bbox 619 876 968 919; x_wconf 84' lang='lat' dir='ltr'><strong>morlnorum.</strong></span> <span class='ocrx_word' id='word_1_46' title='bbox 1018 863 1072 919; x_wconf 93' lang='lat' dir='ltr'><strong>Si</strong></span> <span class='ocrx_word' id='word_1_47' title='bbox 1103 879 1232 934; x_wconf 89' lang='lat' dir='ltr'><strong>ergo</strong></span> <span class='ocrx_word' id='word_1_48' title='bbox 1271 865 1423 943; x_wconf 75' lang='lat' dir='ltr'><strong>tollas</strong></span> <span class='ocrx_word' id='word_1_49' title='bbox 1450 863 1590 934; x_wconf 87' lang='lat' dir='ltr'><strong>quod</strong></span> <span class='ocrx_word' id='word_1_50' title='bbox 1632 864 1681 916; x_wconf 91' lang='lat' dir='ltr'><strong>in</strong></span> <span class='ocrx_word' id='word_1_51' title='bbox 1713 864 1884 932; x_wconf 84' lang='lat' dir='ltr'><strong>capite</strong></span> 
     </span>
    </p>
   </div>
   <div class='ocr_carea' id='block_1_8' title="bbox 304 953 1886 1023">
    <p class='ocr_par' dir='ltr' id='par_1_8' title="bbox 304 953 1886 1023">
     <span class='ocr_line' id='line_1_8' title="bbox 304 953 1886 1023; baseline -0.003 -12"><span class='ocrx_word' id='word_1_52' title='bbox 304 955 717 1011; x_wconf 79' lang='lat' dir='ltr'><strong>ratiocinationis</strong></span> <span class='ocrx_word' id='word_1_53' title='bbox 757 954 914 1023; x_wconf 86' lang='lat' dir='ltr'><strong>hujus</strong></span> <span class='ocrx_word' id='word_1_54' title='bbox 948 963 1029 1008; x_wconf 84' lang='lat' dir='ltr'><strong>est</strong></span> <span class='ocrx_word' id='word_1_55' title='bbox 1057 957 1281 1022; x_wconf 77' lang='lat' dir='ltr'><strong>positum</strong></span> <span class='ocrx_word' id='word_1_56' title='bbox 1303 997 1317 1019; x_wconf 97' lang='lat'><strong>,</strong></span> <span class='ocrx_word' id='word_1_57' title='bbox 1347 953 1410 1008; x_wconf 89' lang='lat' dir='ltr'><strong>Si</strong></span> <span class='ocrx_word' id='word_1_58' title='bbox 1430 955 1725 1008; x_wconf 75' lang='lat' dir='ltr'><strong>resurrectio</strong></span> <span class='ocrx_word' id='word_1_59' title='bbox 1752 971 1886 1006; x_wconf 88' lang='lat' dir='ltr'><strong>mor-</strong></span> 
     </span>
    </p>
   </div>
   <div class='ocr_carea' id='block_1_9' title="bbox 304 1043 1884 1112">
    <p class='ocr_par' dir='ltr' id='par_1_9' title="bbox 304 1043 1884 1112">
     <span class='ocr_line' id='line_1_9' title="bbox 304 1043 1884 1112; baseline -0.003 -11"><span class='ocrx_word' id='word_1_60' title='bbox 304 1058 502 1101; x_wconf 86' lang='lat' dir='ltr'><strong>tuorum</strong></span> <span class='ocrx_word' id='word_1_61' title='bbox 527 1053 750 1109; x_wconf 84' lang='lat' dir='ltr'><strong>nonest;</strong></span> <span class='ocrx_word' id='word_1_62' title='bbox 790 1045 927 1099; x_wconf 90' lang='lat' dir='ltr'><strong>male</strong></span> <span class='ocrx_word' id='word_1_63' title='bbox 953 1053 1140 1098; x_wconf 75' lang='lat' dir='ltr'><strong>czctera</strong></span> <span class='ocrx_word' id='word_1_64' title='bbox 1168 1043 1306 1097; x_wconf 88' lang='lat' dir='ltr'><strong>dicta</strong></span> <span class='ocrx_word' id='word_1_65' title='bbox 1336 1052 1497 1110; x_wconf 90' lang='lat' dir='ltr'><strong>sunt,</strong></span> <span class='ocrx_word' id='word_1_66' title='bbox 1547 1052 1601 1097; x_wconf 91' lang='lat' dir='ltr'><strong>et</strong></span> <span class='ocrx_word' id='word_1_67' title='bbox 1630 1043 1884 1112; x_wconf 84' lang='lat' dir='ltr'><strong>Apostolo</strong></span> 
     </span>
    </p>
   </div>
   <div class='ocr_carea' id='block_1_10' title="bbox 302 1131 1881 1201">
    <p class='ocr_par' dir='ltr' id='par_1_10' title="bbox 302 1131 1881 1201">
     <span class='ocr_line' id='line_1_10' title="bbox 302 1131 1881 1201; baseline -0.003 -12"><span class='ocrx_word' id='word_1_68' title='bbox 302 1133 580 1189; x_wconf 85' lang='lat' dir='ltr'><strong>tribuenda</strong></span> <span class='ocrx_word' id='word_1_69' title='bbox 606 1142 750 1189; x_wconf 90' lang='lat' dir='ltr'><strong>sunt.</strong></span> <span class='ocrx_word' id='word_1_70' title='bbox 784 1133 839 1187; x_wconf 77' lang='lat' dir='ltr'><strong>Si</strong></span> <span class='ocrx_word' id='word_1_71' title='bbox 868 1141 1046 1186; x_wconf 89' lang='lat' dir='ltr'><strong>autem</strong></span> <span class='ocrx_word' id='word_1_72' title='bbox 1079 1131 1271 1188; x_wconf 82' lang='lat' dir='ltr'><strong>reddas</strong></span> <span class='ocrx_word' id='word_1_73' title='bbox 1298 1131 1435 1186; x_wconf 90' lang='lat' dir='ltr'><strong>unde</strong></span> <span class='ocrx_word' id='word_1_74' title='bbox 1463 1131 1715 1201; x_wconf 82' lang='lat' dir='ltr'><strong>pendent,</strong></span> <span class='ocrx_word' id='word_1_75' title='bbox 1746 1142 1798 1187; x_wconf 92' lang='lat' dir='ltr'><strong>et</strong></span> <span class='ocrx_word' id='word_1_76' title='bbox 1829 1133 1881 1185; x_wconf 84' lang='lat' dir='ltr'><strong>in</strong></span> 
     </span>
    </p>
   </div>
   <div class='ocr_carea' id='block_1_11' title="bbox 306 1222 1883 1288">
    <p class='ocr_par' dir='ltr' id='par_1_11' title="bbox 306 1222 1883 1288">
     <span class='ocr_line' id='line_1_11' title="bbox 306 1222 1883 1288; baseline -0.004 -6"><span class='ocrx_word' id='word_1_77' title='bbox 306 1225 521 1282; x_wconf 81' lang='lat' dir='ltr'><strong>exordio</strong></span> <span class='ocrx_word' id='word_1_78' title='bbox 565 1224 860 1279; x_wconf 79' lang='lat' dir='ltr'><strong>constituas</strong></span> <span class='ocrx_word' id='word_1_79' title='bbox 884 1265 898 1288; x_wconf 89' lang='lat'><strong>,</strong></span> <span class='ocrx_word' id='word_1_80' title='bbox 943 1222 1260 1277; x_wconf 83' lang='lat' dir='ltr'><strong>Resurrectio</strong></span> <span class='ocrx_word' id='word_1_81' title='bbox 1297 1232 1606 1276; x_wconf 90' lang='lat' dir='ltr'><strong>mortuorum</strong></span> <span class='ocrx_word' id='word_1_82' title='bbox 1642 1240 1740 1276; x_wconf 86' lang='lat' dir='ltr'><strong>non</strong></span> <span class='ocrx_word' id='word_1_83' title='bbox 1770 1233 1883 1286; x_wconf 86' lang='lat' dir='ltr'><strong>est;</strong></span> 
     </span>
    </p>
   </div>
   <div class='ocr_carea' id='block_1_12' title="bbox 304 1312 1882 1382">
    <p class='ocr_par' dir='ltr' id='par_1_12' title="bbox 304 1312 1882 1382">
     <span class='ocr_line' id='line_1_12' title="bbox 304 1312 1882 1382; baseline -0.003 -12"><span class='ocrx_word' id='word_1_84' title='bbox 304 1326 446 1370; x_wconf 79' lang='lat' dir='ltr'><strong>recte</strong></span> <span class='ocrx_word' id='word_1_85' title='bbox 486 1323 910 1382; x_wconf 80' lang='lat' dir='ltr'><strong>consequentur,</strong></span> <span class='ocrx_word' id='word_1_86' title='bbox 966 1312 1142 1382; x_wconf 85' lang='lat' dir='ltr'><strong>Neque</strong></span> <span class='ocrx_word' id='word_1_87' title='bbox 1190 1313 1416 1366; x_wconf 73' lang='lat' dir='ltr'><strong>Christus</strong></span> <span class='ocrx_word' id='word_1_88' title='bbox 1459 1312 1766 1376; x_wconf 78' lang='lat' dir='ltr'><strong>resurrexit,</strong></span> <span class='ocrx_word' id='word_1_89' title='bbox 1808 1321 1882 1377; x_wconf 90' lang='lat' dir='ltr'><strong>et,</strong></span> 
     </span>
    </p>
   </div>
   <div class='ocr_carea' id='block_1_13' title="bbox 300 1403 1880 1474">
    <p class='ocr_par' dir='ltr' id='par_1_13' title="bbox 300 1403 1880 1474">
     <span class='ocr_line' id='line_1_13' title="bbox 300 1403 1880 1474; baseline -0.003 -16"><span class='ocrx_word' id='word_1_90' title='bbox 300 1406 467 1460; x_wconf 86' lang='lat' dir='ltr'><strong>inanis</strong></span> <span class='ocrx_word' id='word_1_91' title='bbox 494 1415 565 1458; x_wconf 85' lang='lat' dir='ltr'><strong>est</strong></span> <span class='ocrx_word' id='word_1_92' title='bbox 608 1404 898 1474; x_wconf 76' lang='lat' dir='ltr'><strong>prcedicatio</strong></span> <span class='ocrx_word' id='word_1_93' title='bbox 928 1412 1099 1457; x_wconf 90' lang='lat' dir='ltr'><strong>nostra</strong></span> <span class='ocrx_word' id='word_1_94' title='bbox 1118 1445 1133 1469; x_wconf 98' lang='lat'><strong>,</strong></span> <span class='ocrx_word' id='word_1_95' title='bbox 1177 1403 1343 1456; x_wconf 84' lang='lat' dir='ltr'><strong>inanis</strong></span> <span class='ocrx_word' id='word_1_96' title='bbox 1367 1413 1438 1457; x_wconf 88' lang='lat' dir='ltr'><strong>est</strong></span> <span class='ocrx_word' id='word_1_97' title='bbox 1478 1413 1524 1457; x_wconf 89' lang='lat' dir='ltr'><strong>et</strong></span> <span class='ocrx_word' id='word_1_98' title='bbox 1547 1403 1673 1471; x_wconf 79' lang='lat' dir='ltr'><strong>ﬁdes</strong></span> <span class='ocrx_word' id='word_1_99' title='bbox 1698 1412 1880 1466; x_wconf 83' lang='lat' dir='ltr'><strong>vestra,</strong></span> 
     </span>
    </p>
   </div>
   <div class='ocr_carea' id='block_1_14' title="bbox 301 1492 1882 1562">
    <p class='ocr_par' dir='ltr' id='par_1_14' title="bbox 301 1492 1882 1562">
     <span class='ocr_line' id='line_1_14' title="bbox 301 1492 1882 1562; baseline -0.003 -14"><span class='ocrx_word' id='word_1_100' title='bbox 301 1506 352 1548; x_wconf 85' lang='lat' dir='ltr'><strong>et</strong></span> <span class='ocrx_word' id='word_1_101' title='bbox 377 1503 570 1548; x_wconf 68' lang='lat' dir='ltr'><strong>uetera</strong></span> <span class='ocrx_word' id='word_1_102' title='bbox 599 1509 717 1562; x_wconf 73' lang='lat' dir='ltr'><strong>qua:</strong></span> <span class='ocrx_word' id='word_1_103' title='bbox 740 1507 985 1546; x_wconf 79' lang='lat' dir='ltr'><strong>connexa</strong></span> <span class='ocrx_word' id='word_1_104' title='bbox 1013 1501 1134 1546; x_wconf 90' lang='lat' dir='ltr'><strong>sunt</strong></span> <span class='ocrx_word' id='word_1_105' title='bbox 1166 1510 1178 1545; x_wconf 93' lang='lat'>:</span> <span class='ocrx_word' id='word_1_106' title='bbox 1207 1501 1260 1546; x_wconf 90' lang='lat' dir='ltr'><strong>et</strong></span> <span class='ocrx_word' id='word_1_107' title='bbox 1290 1492 1403 1545; x_wconf 78' lang='lat' dir='ltr'><strong>[nec</strong></span> <span class='ocrx_word' id='word_1_108' title='bbox 1433 1492 1610 1547; x_wconf 86' lang='lat' dir='ltr'><strong>omnia</strong></span> <span class='ocrx_word' id='word_1_109' title='bbox 1650 1493 1716 1546; x_wconf 86' lang='lat' dir='ltr'><strong>ab</strong></span> <span class='ocrx_word' id='word_1_110' title='bbox 1738 1493 1882 1559; x_wconf 82' lang='lat' dir='ltr'><strong>Apo-</strong></span> 
     </span>
    </p>
   </div>
   <div class='ocr_carea' id='block_1_15' title="bbox 298 1581 1885 1653">
    <p class='ocr_par' dir='ltr' id='par_1_15' title="bbox 298 1581 1885 1653">
     <span class='ocr_line' id='line_1_15' title="bbox 298 1581 1885 1653; baseline -0.001 -14"><span class='ocrx_word' id='word_1_111' title='bbox 298 1586 438 1639; x_wconf 77' lang='lat' dir='ltr'><strong>stolo</strong></span> <span class='ocrx_word' id='word_1_112' title='bbox 463 1584 598 1638; x_wconf 88' lang='lat' dir='ltr'><strong>bene</strong></span> <span class='ocrx_word' id='word_1_113' title='bbox 621 1594 673 1638; x_wconf 91' lang='lat' dir='ltr'><strong>et</strong></span> <span class='ocrx_word' id='word_1_114' title='bbox 702 1583 990 1653; x_wconf 85' lang='lat' dir='ltr'><strong>prudenter</strong></span> <span class='ocrx_word' id='word_1_115' title='bbox 1018 1583 1156 1638; x_wconf 89' lang='lat' dir='ltr'><strong>dicta</strong></span> <span class='ocrx_word' id='word_1_116' title='bbox 1185 1593 1326 1646; x_wconf 90' lang='lat' dir='ltr'><strong>sunt,</strong></span> <span class='ocrx_word' id='word_1_117' title='bbox 1355 1583 1603 1653; x_wconf 88' lang='lat' dir='ltr'><strong>quoniam</strong></span> <span class='ocrx_word' id='word_1_118' title='bbox 1631 1581 1885 1653; x_wconf 88' lang='lat' dir='ltr'><strong>quidquid</strong></span> 
     </span>
    </p>
   </div>
   <div class='ocr_carea' id='block_1_16' title="bbox 299 1672 1884 1743">
    <p class='ocr_par' dir='ltr' id='par_1_16' title="bbox 299 1672 1884 1743">
     <span class='ocr_line' id='line_1_16' title="bbox 299 1672 1884 1743; baseline -0.001 -16"><span class='ocrx_word' id='word_1_119' title='bbox 299 1675 424 1727; x_wconf 88' lang='lat' dir='ltr'><strong>mali</strong></span> <span class='ocrx_word' id='word_1_120' title='bbox 453 1673 650 1727; x_wconf 88' lang='lat' dir='ltr'><strong>habent</strong></span> <span class='ocrx_word' id='word_1_121' title='bbox 675 1715 689 1736; x_wconf 94' lang='lat'><strong>,</strong></span> <span class='ocrx_word' id='word_1_122' title='bbox 742 1672 848 1728; x_wconf 89' lang='lat' dir='ltr'><strong>illis</strong></span> <span class='ocrx_word' id='word_1_123' title='bbox 888 1673 1252 1742; x_wconf 74' lang='lat' dir='ltr'><strong>imputandum</strong></span> <span class='ocrx_word' id='word_1_124' title='bbox 1283 1684 1365 1728; x_wconf 89' lang='lat' dir='ltr'><strong>est</strong></span> <span class='ocrx_word' id='word_1_125' title='bbox 1393 1673 1482 1743; x_wconf 90' lang='lat' dir='ltr'><strong>qui</strong></span> <span class='ocrx_word' id='word_1_126' title='bbox 1511 1674 1769 1743; x_wconf 79' lang='lat' dir='ltr'><strong>negabant</strong></span> <span class='ocrx_word' id='word_1_127' title='bbox 1798 1689 1884 1726; x_wconf 89' lang='lat' dir='ltr'><strong>re-</strong></span> 
     </span>
    </p>
   </div>
   <div class='ocr_carea' id='block_1_17' title="bbox 299 1762 1881 1832">
    <p class='ocr_par' dir='ltr' id='par_1_17' title="bbox 299 1762 1881 1832">
     <span class='ocr_line' id='line_1_17' title="bbox 299 1762 1881 1832; baseline -0.002 -16"><span class='ocrx_word' id='word_1_128' title='bbox 299 1763 685 1816; x_wconf 78' lang='lat' dir='ltr'><strong>surreCtionem</strong></span> <span class='ocrx_word' id='word_1_129' title='bbox 713 1771 1066 1815; x_wconf 89' lang='lat' dir='ltr'><strong>mortuorum.</strong></span> <span class='ocrx_word' id='word_1_130' title='bbox 1097 1763 1183 1816; x_wconf 90' lang='lat' dir='ltr'><strong>Sic</strong></span> <span class='ocrx_word' id='word_1_131' title='bbox 1210 1762 1367 1816; x_wconf 89' lang='lat' dir='ltr'><strong>etiam</strong></span> <span class='ocrx_word' id='word_1_132' title='bbox 1399 1763 1449 1815; x_wconf 91' lang='lat' dir='ltr'><strong>in</strong></span> <span class='ocrx_word' id='word_1_133' title='bbox 1482 1763 1712 1832; x_wconf 84' lang='lat' dir='ltr'><strong>Epistola</strong></span> <span class='ocrx_word' id='word_1_134' title='bbox 1743 1777 1881 1828; x_wconf 86' lang='lat' dir='ltr'><strong>mea,</strong></span> 
     </span>
    </p>
   </div>
   <div class='ocr_carea' id='block_1_18' title="bbox 301 1850 1884 1922">
    <p class='ocr_par' dir='ltr' id='par_1_18' title="bbox 301 1850 1884 1922">
     <span class='ocr_line' id='line_1_18' title="bbox 301 1850 1884 1922; baseline -0.003 -16"><span class='ocrx_word' id='word_1_135' title='bbox 301 1853 426 1907; x_wconf 82' lang='lat' dir='ltr'><strong>tolle</strong></span> <span class='ocrx_word' id='word_1_136' title='bbox 455 1850 597 1922; x_wconf 89' lang='lat' dir='ltr'><strong>quod</strong></span> <span class='ocrx_word' id='word_1_137' title='bbox 629 1851 856 1920; x_wconf 84' lang='lat' dir='ltr'><strong>positum</strong></span> <span class='ocrx_word' id='word_1_138' title='bbox 880 1860 961 1904; x_wconf 87' lang='lat' dir='ltr'><strong>est</strong></span> <span class='ocrx_word' id='word_1_139' title='bbox 979 1893 992 1913; x_wconf 90' lang='lat'><strong>,</strong></span> <span class='ocrx_word' id='word_1_140' title='bbox 1023 1850 1083 1905; x_wconf 88' lang='lat' dir='ltr'><strong>Si</strong></span> <span class='ocrx_word' id='word_1_141' title='bbox 1106 1851 1220 1904; x_wconf 88' lang='lat' dir='ltr'><strong>talis</strong></span> <span class='ocrx_word' id='word_1_142' title='bbox 1241 1851 1446 1920; x_wconf 87' lang='lat' dir='ltr'><strong>quisque</strong></span> <span class='ocrx_word' id='word_1_143' title='bbox 1470 1852 1521 1904; x_wconf 84' lang='lat' dir='ltr'><strong>in</strong></span> <span class='ocrx_word' id='word_1_144' title='bbox 1550 1852 1711 1922; x_wconf 88' lang='lat' dir='ltr'><strong>gratia</strong></span> <span class='ocrx_word' id='word_1_145' title='bbox 1735 1851 1884 1919; x_wconf 86' lang='lat' dir='ltr'><strong>spiri-</strong></span> 
     </span>
    </p>
   </div>
   <div class='ocr_carea' id='block_1_19' title="bbox 299 1941 1888 2012">
    <p class='ocr_par' dir='ltr' id='par_1_19' title="bbox 299 1941 1888 2012">
     <span class='ocr_line' id='line_1_19' title="bbox 299 1941 1888 2012; baseline 0.001 -19"><span class='ocrx_word' id='word_1_146' title='bbox 299 1941 426 1993; x_wconf 90' lang='lat' dir='ltr'><strong>tuali</strong></span> <span class='ocrx_word' id='word_1_147' title='bbox 452 1942 729 1994; x_wconf 83' lang='lat' dir='ltr'><strong>renascitur</strong></span> <span class='ocrx_word' id='word_1_148' title='bbox 749 1981 760 2002; x_wconf 87' lang='lat'><strong>,</strong></span> <span class='ocrx_word' id='word_1_149' title='bbox 788 1941 953 2012; x_wconf 83' lang='lat' dir='ltr'><strong>qualis</strong></span> <span class='ocrx_word' id='word_1_150' title='bbox 975 1949 1045 1994; x_wconf 85' lang='lat' dir='ltr'><strong>est</strong></span> <span class='ocrx_word' id='word_1_151' title='bbox 1074 1941 1158 1993; x_wconf 91' lang='lat' dir='ltr'><strong>ille</strong></span> <span class='ocrx_word' id='word_1_152' title='bbox 1184 1957 1215 1992; x_wconf 91' lang='lat' dir='ltr'><strong>a</strong></span> <span class='ocrx_word' id='word_1_153' title='bbox 1244 1957 1343 2009; x_wconf 88' lang='lat' dir='ltr'><strong>quo</strong></span> <span class='ocrx_word' id='word_1_154' title='bbox 1366 1941 1668 2011; x_wconf 75' lang='lat' dir='ltr'><strong>baptizatur,</strong></span> <span class='ocrx_word' id='word_1_155' title='bbox 1697 1951 1741 1994; x_wconf 91' lang='lat' dir='ltr'><strong>et</strong></span> <span class='ocrx_word' id='word_1_156' title='bbox 1771 1957 1888 1994; x_wconf 87' lang='lat' dir='ltr'><strong>cum</strong></span> 
     </span>
    </p>
   </div>
   <div class='ocr_carea' id='block_1_20' title="bbox 298 2030 1880 2104">
    <p class='ocr_par' dir='ltr' id='par_1_20' title="bbox 298 2030 1880 2104">
     <span class='ocr_line' id='line_1_20' title="bbox 298 2030 1880 2104; baseline -0.002 -18"><span class='ocrx_word' id='word_1_157' title='bbox 298 2034 596 2104; x_wconf 78' lang='lat' dir='ltr'><strong>manifestus</strong></span> <span class='ocrx_word' id='word_1_158' title='bbox 623 2041 696 2085; x_wconf 88' lang='lat' dir='ltr'><strong>est</strong></span> <span class='ocrx_word' id='word_1_159' title='bbox 722 2033 806 2101; x_wconf 89' lang='lat' dir='ltr'><strong>qui</strong></span> <span class='ocrx_word' id='word_1_160' title='bbox 829 2033 1047 2102; x_wconf 78' lang='lat' dir='ltr'><strong>baptizat</strong></span> <span class='ocrx_word' id='word_1_161' title='bbox 1072 2033 1218 2085; x_wconf 92' lang='lat' dir='ltr'><strong>homo</strong></span> <span class='ocrx_word' id='word_1_162' title='bbox 1239 2032 1398 2086; x_wconf 86' lang='lat' dir='ltr'><strong>bonus</strong></span> <span class='ocrx_word' id='word_1_163' title='bbox 1420 2073 1434 2096; x_wconf 92' lang='lat'><strong>,</strong></span> <span class='ocrx_word' id='word_1_164' title='bbox 1465 2033 1571 2102; x_wconf 86' lang='lat' dir='ltr'><strong>ipse</strong></span> <span class='ocrx_word' id='word_1_165' title='bbox 1595 2032 1682 2085; x_wconf 88' lang='lat' dir='ltr'><strong>dat</strong></span> <span class='ocrx_word' id='word_1_166' title='bbox 1710 2030 1880 2100; x_wconf 79' lang='lat' dir='ltr'><strong>ﬁdem,</strong></span> 
     </span>
    </p>
   </div>
   <div class='ocr_carea' id='block_1_21' title="bbox 298 2122 1887 2193">
    <p class='ocr_par' dir='ltr' id='par_1_21' title="bbox 298 2122 1887 2193">
     <span class='ocr_line' id='line_1_21' title="bbox 298 2122 1887 2193; baseline -0.001 -17"><span class='ocrx_word' id='word_1_167' title='bbox 298 2125 410 2192; x_wconf 78' lang='lat' dir='ltr'><strong>ipse</strong></span> <span class='ocrx_word' id='word_1_168' title='bbox 449 2123 588 2193; x_wconf 85' lang='lat' dir='ltr'><strong>origo</strong></span> <span class='ocrx_word' id='word_1_169' title='bbox 625 2132 668 2176; x_wconf 87' lang='lat' dir='ltr'><strong>et</strong></span> <span class='ocrx_word' id='word_1_170' title='bbox 699 2122 846 2174; x_wconf 75' lang='lat' dir='ltr'><strong>radix</strong></span> <span class='ocrx_word' id='word_1_171' title='bbox 873 2132 1119 2190; x_wconf 87' lang='lat' dir='ltr'><strong>caputque</strong></span> <span class='ocrx_word' id='word_1_172' title='bbox 1147 2122 1394 2174; x_wconf 86' lang='lat' dir='ltr'><strong>nascentis</strong></span> <span class='ocrx_word' id='word_1_173' title='bbox 1419 2131 1526 2185; x_wconf 85' lang='lat' dir='ltr'><strong>est;</strong></span> <span class='ocrx_word' id='word_1_174' title='bbox 1571 2137 1685 2174; x_wconf 88' lang='lat' dir='ltr'><strong>cum</strong></span> <span class='ocrx_word' id='word_1_175' title='bbox 1718 2131 1887 2174; x_wconf 87' lang='lat' dir='ltr'><strong>autem</strong></span> 
     </span>
    </p>
   </div>
   <div class='ocr_carea' id='block_1_22' title="bbox 299 2209 1888 2283">
    <p class='ocr_par' dir='ltr' id='par_1_22' title="bbox 299 2209 1888 2283">
     <span class='ocr_line' id='line_1_22' title="bbox 299 2209 1888 2283; baseline -0.002 -15"><span class='ocrx_word' id='word_1_176' title='bbox 299 2217 420 2268; x_wconf 86' lang='lat' dir='ltr'><strong>latet</strong></span> <span class='ocrx_word' id='word_1_177' title='bbox 445 2215 668 2283; x_wconf 79' lang='lat' dir='ltr'><strong>perﬁdus</strong></span> <span class='ocrx_word' id='word_1_178' title='bbox 698 2213 996 2281; x_wconf 83' lang='lat' dir='ltr'><strong>baptizator,</strong></span> <span class='ocrx_word' id='word_1_179' title='bbox 1017 2223 1133 2265; x_wconf 88' lang='lat' dir='ltr'><strong>tunc</strong></span> <span class='ocrx_word' id='word_1_180' title='bbox 1162 2213 1367 2282; x_wconf 88' lang='lat' dir='ltr'><strong>quisque</strong></span> <span class='ocrx_word' id='word_1_181' title='bbox 1389 2229 1419 2264; x_wconf 92' lang='lat' dir='ltr'><strong>a</strong></span> <span class='ocrx_word' id='word_1_182' title='bbox 1445 2209 1644 2267; x_wconf 83' lang='lat' dir='ltr'><strong>Christo</strong></span> <span class='ocrx_word' id='word_1_183' title='bbox 1675 2212 1888 2282; x_wconf 72' lang='lat' dir='ltr'><strong>percipit</strong></span> 
     </span>
    </p>
   </div>
   <div class='ocr_carea' id='block_1_23' title="bbox 299 2301 1887 2378">
    <p class='ocr_par' dir='ltr' id='par_1_23' title="bbox 299 2301 1887 2378">
     <span class='ocr_line' id='line_1_23' title="bbox 299 2301 1887 2378; baseline -0.001 -21"><span class='ocrx_word' id='word_1_184' title='bbox 299 2305 456 2378; x_wconf 79' lang='lat' dir='ltr'><strong>ﬁdem</strong></span> <span class='ocrx_word' id='word_1_185' title='bbox 481 2346 496 2368; x_wconf 90' lang='lat'><strong>,</strong></span> <span class='ocrx_word' id='word_1_186' title='bbox 543 2314 660 2356; x_wconf 87' lang='lat' dir='ltr'><strong>tunc</strong></span> <span class='ocrx_word' id='word_1_187' title='bbox 687 2320 717 2355; x_wconf 93' lang='lat' dir='ltr'><strong>a</strong></span> <span class='ocrx_word' id='word_1_188' title='bbox 743 2301 941 2356; x_wconf 80' lang='lat' dir='ltr'><strong>Christo</strong></span> <span class='ocrx_word' id='word_1_189' title='bbox 977 2303 1114 2355; x_wconf 86' lang='lat' dir='ltr'><strong>ducit</strong></span> <span class='ocrx_word' id='word_1_190' title='bbox 1158 2303 1428 2373; x_wconf 86' lang='lat' dir='ltr'><strong>originem,</strong></span> <span class='ocrx_word' id='word_1_191' title='bbox 1473 2312 1589 2356; x_wconf 88' lang='lat' dir='ltr'><strong>tunc</strong></span> <span class='ocrx_word' id='word_1_192' title='bbox 1613 2304 1664 2356; x_wconf 88' lang='lat' dir='ltr'><strong>in</strong></span> <span class='ocrx_word' id='word_1_193' title='bbox 1691 2302 1887 2356; x_wconf 85' lang='lat' dir='ltr'><strong>Christo</strong></span> 
     </span>
    </p>
   </div>
   <div class='ocr_carea' id='block_1_24' title="bbox 299 2391 1889 2463">
    <p class='ocr_par' dir='ltr' id='par_1_24' title="bbox 299 2391 1889 2463">
     <span class='ocr_line' id='line_1_24' title="bbox 299 2391 1889 2463; baseline 0.001 -17"><span class='ocrx_word' id='word_1_194' title='bbox 299 2394 588 2460; x_wconf 77' lang='lat' dir='ltr'><strong>radientur,</strong></span> <span class='ocrx_word' id='word_1_195' title='bbox 613 2404 729 2447; x_wconf 88' lang='lat' dir='ltr'><strong>tunc</strong></span> <span class='ocrx_word' id='word_1_196' title='bbox 755 2391 953 2448; x_wconf 87' lang='lat' dir='ltr'><strong>Christo</strong></span> <span class='ocrx_word' id='word_1_197' title='bbox 981 2394 1142 2461; x_wconf 88' lang='lat' dir='ltr'><strong>capite</strong></span> <span class='ocrx_word' id='word_1_198' title='bbox 1161 2393 1443 2463; x_wconf 82' lang='lat' dir='ltr'><strong>gloriatur:</strong></span> <span class='ocrx_word' id='word_1_199' title='bbox 1471 2393 1594 2448; x_wconf 91' lang='lat' dir='ltr'><strong>tolle</strong></span> <span class='ocrx_word' id='word_1_200' title='bbox 1623 2395 1720 2448; x_wconf 83' lang='lat' dir='ltr'><strong>ista</strong></span> <span class='ocrx_word' id='word_1_201' title='bbox 1751 2393 1889 2448; x_wconf 87' lang='lat' dir='ltr'><strong>unde</strong></span> 
     </span>
    </p>
   </div>
   <div class='ocr_carea' id='block_1_25' title="bbox 297 2480 1890 2553">
    <p class='ocr_par' dir='ltr' id='par_1_25' title="bbox 297 2480 1890 2553">
     <span class='ocr_line' id='line_1_25' title="bbox 297 2480 1890 2553; baseline 0.001 -17"><span class='ocrx_word' id='word_1_202' title='bbox 297 2483 500 2553; x_wconf 86' lang='lat' dir='ltr'><strong>pendet</strong></span> <span class='ocrx_word' id='word_1_203' title='bbox 529 2481 670 2550; x_wconf 91' lang='lat' dir='ltr'><strong>quod</strong></span> <span class='ocrx_word' id='word_1_204' title='bbox 693 2481 961 2549; x_wconf 87' lang='lat' dir='ltr'><strong>sequitur,</strong></span> <span class='ocrx_word' id='word_1_205' title='bbox 989 2490 1043 2534; x_wconf 90' lang='lat' dir='ltr'><strong>et</strong></span> <span class='ocrx_word' id='word_1_206' title='bbox 1062 2480 1214 2534; x_wconf 90' lang='lat' dir='ltr'><strong>valde</strong></span> <span class='ocrx_word' id='word_1_207' title='bbox 1247 2482 1476 2549; x_wconf 90' lang='lat' dir='ltr'><strong>pessime</strong></span> <span class='ocrx_word' id='word_1_208' title='bbox 1505 2482 1702 2536; x_wconf 91' lang='lat' dir='ltr'><strong>dictum</strong></span> <span class='ocrx_word' id='word_1_209' title='bbox 1737 2483 1890 2537; x_wconf 89' lang='lat' dir='ltr'><strong>mibi-</strong></span> 
     </span>
    </p>
   </div>
   <div class='ocr_carea' id='block_1_26' title="bbox 295 2567 1890 2640">
    <p class='ocr_par' dir='ltr' id='par_1_26' title="bbox 295 2567 1890 2640">
     <span class='ocr_line' id='line_1_26' title="bbox 295 2567 1890 2640; baseline -0.001 -17"><span class='ocrx_word' id='word_1_210' title='bbox 295 2586 412 2640; x_wconf 90' lang='lat' dir='ltr'><strong>que</strong></span> <span class='ocrx_word' id='word_1_211' title='bbox 439 2569 774 2624; x_wconf 87' lang='lat' dir='ltr'><strong>lribuendum</strong></span> <span class='ocrx_word' id='word_1_212' title='bbox 805 2577 904 2631; x_wconf 88' lang='lat' dir='ltr'><strong>est,</strong></span> <span class='ocrx_word' id='word_1_213' title='bbox 937 2567 1228 2637; x_wconf 82' lang='lat' dir='ltr'><strong>Optandum</strong></span> <span class='ocrx_word' id='word_1_214' title='bbox 1256 2579 1326 2623; x_wconf 88' lang='lat' dir='ltr'><strong>est</strong></span> <span class='ocrx_word' id='word_1_215' title='bbox 1359 2571 1587 2624; x_wconf 89' lang='lat' dir='ltr'><strong>omnibus</strong></span> <span class='ocrx_word' id='word_1_216' title='bbox 1613 2572 1699 2634; x_wconf 85' lang='lat' dir='ltr'><strong>qui</strong></span> <span class='ocrx_word' id='word_1_217' title='bbox 1725 2572 1890 2639; x_wconf 64' lang='lat' dir='ltr'><strong>bapti-</strong></span> 
     </span>
    </p>
   </div>
   <div class='ocr_carea' id='block_1_27' title="bbox 297 2659 1890 2730">
    <p class='ocr_par' dir='ltr' id='par_1_27' title="bbox 297 2659 1890 2730">
     <span class='ocr_line' id='line_1_27' title="bbox 297 2659 1890 2730; baseline 0.001 -14"><span class='ocrx_word' id='word_1_218' title='bbox 297 2673 506 2726; x_wconf 65' lang='lat' dir='ltr'><strong>tantur,</strong></span> <span class='ocrx_word' id='word_1_219' title='bbox 537 2670 590 2714; x_wconf 87' lang='lat' dir='ltr'><strong>ut</strong></span> <span class='ocrx_word' id='word_1_220' title='bbox 619 2661 952 2729; x_wconf 77' lang='lat' dir='ltr'><strong>baptizatores</strong></span> <span class='ocrx_word' id='word_1_221' title='bbox 975 2659 1194 2730; x_wconf 87' lang='lat' dir='ltr'><strong>per/idos</strong></span> <span class='ocrx_word' id='word_1_222' title='bbox 1223 2661 1438 2714; x_wconf 83' lang='lat' dir='ltr'><strong>habeant</strong></span> <span class='ocrx_word' id='word_1_223' title='bbox 1462 2671 1506 2714; x_wconf 90' lang='lat' dir='ltr'><strong>et</strong></span> <span class='ocrx_word' id='word_1_224' title='bbox 1533 2663 1758 2730; x_wconf 85' lang='lat' dir='ltr'><strong>ignorent</strong></span> <span class='ocrx_word' id='word_1_225' title='bbox 1787 2677 1890 2717; x_wconf 81' lang='lat' dir='ltr'><strong>eos.</strong></span> 
     </span>
    </p>
   </div>
   <div class='ocr_carea' id='block_1_28' title="bbox 303 2749 1894 2820">
    <p class='ocr_par' dir='ltr' id='par_1_28' title="bbox 303 2749 1894 2820">
     <span class='ocr_line' id='line_1_28' title="bbox 303 2749 1894 2820; baseline -0.001 -15"><span class='ocrx_word' id='word_1_226' title='bbox 303 2751 595 2817; x_wconf 82' lang='lat' dir='ltr'><strong>Quamlibet</strong></span> <span class='ocrx_word' id='word_1_227' title='bbox 624 2752 753 2804; x_wconf 86' lang='lat' dir='ltr'><strong>enim</strong></span> <span class='ocrx_word' id='word_1_228' title='bbox 779 2750 934 2805; x_wconf 88' lang='lat' dir='ltr'><strong>bonos</strong></span> <span class='ocrx_word' id='word_1_229' title='bbox 958 2749 1240 2815; x_wconf 84' lang='lat' dir='ltr'><strong>habuerint,</strong></span> <span class='ocrx_word' id='word_1_230' title='bbox 1273 2749 1501 2804; x_wconf 70' lang='lat' dir='ltr'><strong>Christus</strong></span> <span class='ocrx_word' id='word_1_231' title='bbox 1527 2761 1598 2805; x_wconf 89' lang='lat' dir='ltr'><strong>est</strong></span> <span class='ocrx_word' id='word_1_232' title='bbox 1623 2752 1790 2820; x_wconf 87' lang='lat' dir='ltr'><strong>utique</strong></span> <span class='ocrx_word' id='word_1_233' title='bbox 1817 2753 1894 2804; x_wconf 86' lang='lat' dir='ltr'><strong>iu-</strong></span> 
     </span>
    </p>
   </div>
   <div class='ocr_carea' id='block_1_29' title="bbox 303 2839 1894 2911">
    <p class='ocr_par' dir='ltr' id='par_1_29' title="bbox 303 2839 1894 2911">
     <span class='ocr_line' id='line_1_29' title="bbox 303 2839 1894 2911; baseline -0.001 -16"><span class='ocrx_word' id='word_1_234' title='bbox 303 2839 715 2909; x_wconf 87' lang='lat' dir='ltr'><strong>eomparabiliter</strong></span> <span class='ocrx_word' id='word_1_235' title='bbox 738 2840 917 2894; x_wconf 85' lang='lat' dir='ltr'><strong>melior</strong></span> <span class='ocrx_word' id='word_1_236' title='bbox 941 2881 954 2903; x_wconf 97' lang='lat'><strong>,</strong></span> <span class='ocrx_word' id='word_1_237' title='bbox 1000 2841 1088 2910; x_wconf 90' lang='lat' dir='ltr'><strong>qui</strong></span> <span class='ocrx_word' id='word_1_238' title='bbox 1115 2849 1231 2893; x_wconf 89' lang='lat' dir='ltr'><strong>tunc</strong></span> <span class='ocrx_word' id='word_1_239' title='bbox 1259 2841 1351 2892; x_wconf 89' lang='lat' dir='ltr'><strong>erit</strong></span> <span class='ocrx_word' id='word_1_240' title='bbox 1378 2840 1615 2910; x_wconf 79' lang='lat' dir='ltr'><strong>baptizati</strong></span> <span class='ocrx_word' id='word_1_241' title='bbox 1643 2850 1789 2911; x_wconf 88' lang='lat' dir='ltr'><strong>caput</strong></span> <span class='ocrx_word' id='word_1_242' title='bbox 1810 2883 1822 2901; x_wconf 93' lang='lat'><strong>,</strong></span> <span class='ocrx_word' id='word_1_243' title='bbox 1850 2842 1894 2895; x_wconf 87' lang='lat' dir='ltr'><strong>si</strong></span> 
     </span>
    </p>
   </div>
   <div class='ocr_carea' id='block_1_30' title="bbox 307 2927 1891 3001">
    <p class='ocr_par' dir='ltr' id='par_1_30' title="bbox 307 2927 1891 3001">
     <span class='ocr_line' id='line_1_30' title="bbox 307 2927 1891 3001; baseline -0.001 -17"><span class='ocrx_word' id='word_1_244' title='bbox 307 2929 536 3001; x_wconf 75' lang='lat' dir='ltr'><strong>perﬁdus</strong></span> <span class='ocrx_word' id='word_1_245' title='bbox 561 2929 711 2983; x_wconf 88' lang='lat' dir='ltr'><strong>lateat</strong></span> <span class='ocrx_word' id='word_1_246' title='bbox 734 2928 1016 2999; x_wconf 80' lang='lat' dir='ltr'><strong>baptizator</strong></span> <span class='ocrx_word' id='word_1_247' title='bbox 1041 2927 1260 3000; x_wconf 86' lang='lat' dir='ltr'><strong>(Supra,</strong></span> <span class='ocrx_word' id='word_1_248' title='bbox 1295 2927 1381 2981; x_wconf 87' lang='lat' dir='ltr'><strong>lib.</strong></span> <span class='ocrx_word' id='word_1_249' title='bbox 1419 2931 1469 2991; x_wconf 82' lang='lat' dir='ltr'><strong>l,</strong></span> <span class='ocrx_word' id='word_1_250' title='bbox 1500 2946 1610 2998; x_wconf 82' lang='lat' dir='ltr'><strong>cap.</strong></span> <span class='ocrx_word' id='word_1_251' title='bbox 1645 2930 1697 2992; x_wconf 88' lang='lat'><strong>6,</strong></span> <span class='ocrx_word' id='word_1_252' title='bbox 1727 2947 1778 2982; x_wconf 82' lang='grc' dir='ltr'><strong>η.</strong></span> <span class='ocrx_word' id='word_1_253' title='bbox 1812 2930 1891 2995; x_wconf 85' lang='lat'><strong>7).</strong></span> 
     </span>
    </p>
   </div>
   <div class='ocr_carea' id='block_1_31' title="bbox 309 3019 1895 3088">
    <p class='ocr_par' dir='ltr' id='par_1_31' title="bbox 309 3019 1895 3088">
     <span class='ocr_line' id='line_1_31' title="bbox 309 3019 1895 3088; baseline -0.001 -13"><span class='ocrx_word' id='word_1_254' title='bbox 309 3020 618 3075; x_wconf 78' lang='lat' dir='ltr'><strong>Reddantur</strong></span> <span class='ocrx_word' id='word_1_255' title='bbox 655 3029 829 3073; x_wconf 90' lang='lat' dir='ltr'><strong>autem</strong></span> <span class='ocrx_word' id='word_1_256' title='bbox 861 3019 946 3072; x_wconf 89' lang='lat' dir='ltr'><strong>illa</strong></span> <span class='ocrx_word' id='word_1_257' title='bbox 977 3033 1094 3088; x_wconf 71' lang='lat' dir='ltr'><strong>quae</strong></span> <span class='ocrx_word' id='word_1_258' title='bbox 1134 3034 1228 3072; x_wconf 88' lang='lat' dir='ltr'><strong>vos</strong></span> <span class='ocrx_word' id='word_1_259' title='bbox 1249 3019 1424 3072; x_wconf 78' lang='lat' dir='ltr'><strong>dicitis</strong></span> <span class='ocrx_word' id='word_1_260' title='bbox 1447 3061 1461 3082; x_wconf 90' lang='lat'><strong>,</strong></span> <span class='ocrx_word' id='word_1_261' title='bbox 1497 3029 1618 3073; x_wconf 89' lang='lat' dir='ltr'><strong>tunc</strong></span> <span class='ocrx_word' id='word_1_262' title='bbox 1655 3019 1763 3088; x_wconf 87' lang='lat' dir='ltr'><strong>jam</strong></span> <span class='ocrx_word' id='word_1_263' title='bbox 1795 3019 1895 3074; x_wconf 91' lang='lat' dir='ltr'><strong>hoc</strong></span> 
     </span>
    </p>
   </div>
   <div class='ocr_carea' id='block_1_32' title="bbox 308 3091 1893 3182">
    <p class='ocr_par' dir='ltr' id='par_1_32' title="bbox 308 3091 1893 3182">
     <span class='ocr_line' id='line_1_32' title="bbox 308 3091 1893 3182; baseline -0.002 -16"><span class='ocrx_word' id='word_1_264' title='bbox 308 3111 452 3182; x_wconf 89' lang='lat' dir='ltr'><strong>quod</strong></span> <span class='ocrx_word' id='word_1_265' title='bbox 496 3111 618 3166; x_wconf 90' lang='lat' dir='ltr'><strong>inde</strong></span> <span class='ocrx_word' id='word_1_266' title='bbox 661 3109 856 3180; x_wconf 86' lang='lat' dir='ltr'><strong>pendet</strong></span> <span class='ocrx_word' id='word_1_267' title='bbox 883 3120 935 3164; x_wconf 93' lang='lat' dir='ltr'><strong>et</strong></span> <span class='ocrx_word' id='word_1_268' title='bbox 975 3110 1251 3180; x_wconf 80' lang='lat' dir='ltr'><strong>religatum</strong></span> <span class='ocrx_word' id='word_1_269' title='bbox 1301 3091 1569 3179; x_wconf 73' lang='lat' dir='ltr'><strong>sequitur,</strong></span> <span class='ocrx_word' id='word_1_270' title='bbox 1612 3125 1716 3162; x_wconf 83' lang='lat' dir='ltr'><strong>non</strong></span> <span class='ocrx_word' id='word_1_271' title='bbox 1750 3125 1778 3162; x_wconf 89' lang='lat' dir='ltr'><strong>a</strong></span> <span class='ocrx_word' id='word_1_272' title='bbox 1807 3125 1893 3164; x_wconf 90' lang='lat' dir='ltr'><strong>me</strong></span> 
     </span>
    </p>
   </div>
   <div class='ocr_carea' id='block_1_33' title="bbox 309 3199 1891 3270">
    <p class='ocr_par' dir='ltr' id='par_1_33' title="bbox 309 3199 1891 3270">
     <span class='ocr_line' id='line_1_33' title="bbox 309 3199 1891 3270; baseline -0.002 -15"><span class='ocrx_word' id='word_1_273' title='bbox 309 3201 496 3256; x_wconf 89' lang='lat' dir='ltr'><strong>sentiri</strong></span> <span class='ocrx_word' id='word_1_274' title='bbox 527 3201 812 3267; x_wconf 85' lang='lat' dir='ltr'><strong>invenitur,</strong></span> <span class='ocrx_word' id='word_1_275' title='bbox 833 3209 885 3253; x_wconf 84' lang='lat' dir='ltr'><strong>et</strong></span> <span class='ocrx_word' id='word_1_276' title='bbox 904 3199 1157 3270; x_wconf 85' lang='lat' dir='ltr'><strong>quidquid</strong></span> <span class='ocrx_word' id='word_1_277' title='bbox 1184 3200 1307 3254; x_wconf 87' lang='lat' dir='ltr'><strong>tnali</strong></span> <span class='ocrx_word' id='word_1_278' title='bbox 1337 3199 1492 3255; x_wconf 77' lang='lat' dir='ltr'><strong>habet</strong></span> <span class='ocrx_word' id='word_1_279' title='bbox 1520 3201 1558 3263; x_wconf 74' lang='grc' dir='ltr'><strong>ί,</strong></span> <span class='ocrx_word' id='word_1_280' title='bbox 1589 3201 1640 3254; x_wconf 93' lang='lat' dir='ltr'><strong>in</strong></span> <span class='ocrx_word' id='word_1_281' title='bbox 1663 3209 1891 3254; x_wconf 85' lang='lat' dir='ltr'><strong>vestram</strong></span> 
     </span>
    </p>
   </div>
   <div class='ocr_carea' id='block_1_34' title="bbox 311 3292 1889 3364">
    <p class='ocr_par' dir='ltr' id='par_1_34' title="bbox 311 3292 1889 3364">
     <span class='ocr_line' id='line_1_34' title="bbox 311 3292 1889 3364; baseline -0.002 -17"><span class='ocrx_word' id='word_1_282' title='bbox 311 3293 632 3347; x_wconf 79' lang='lat' dir='ltr'><strong>sententiam</strong></span> <span class='ocrx_word' id='word_1_283' title='bbox 663 3301 1017 3361; x_wconf 85' lang='lat' dir='ltr'><strong>retorquetur.</strong></span> <span class='ocrx_word' id='word_1_284' title='bbox 1052 3292 1178 3346; x_wconf 89' lang='lat' dir='ltr'><strong>Item</strong></span> <span class='ocrx_word' id='word_1_285' title='bbox 1211 3292 1336 3345; x_wconf 90' lang='lat' dir='ltr'><strong>tolle</strong></span> <span class='ocrx_word' id='word_1_286' title='bbox 1363 3293 1502 3362; x_wconf 83' lang='lat' dir='ltr'><strong>quod</strong></span> <span class='ocrx_word' id='word_1_287' title='bbox 1532 3293 1760 3364; x_wconf 88' lang='lat' dir='ltr'><strong>positum</strong></span> <span class='ocrx_word' id='word_1_288' title='bbox 1788 3301 1889 3356; x_wconf 88' lang='lat' dir='ltr'><strong>est,</strong></span> 
     </span>
    </p>
   </div>
   <div class='ocr_carea' id='block_1_35' title="bbox 313 3381 1891 3453">
    <p class='ocr_par' dir='ltr' id='par_1_35' title="bbox 313 3381 1891 3453">
     <span class='ocr_line' id='line_1_35' title="bbox 313 3381 1891 3453; baseline -0.002 -15"><span class='ocrx_word' id='word_1_289' title='bbox 313 3382 374 3438; x_wconf 87' lang='lat' dir='ltr'><strong>Si</strong></span> <span class='ocrx_word' id='word_1_290' title='bbox 405 3383 555 3436; x_wconf 89' lang='lat' dir='ltr'><strong>arbor</strong></span> <span class='ocrx_word' id='word_1_291' title='bbox 575 3382 703 3435; x_wconf 83' lang='lat' dir='ltr'><strong>bona</strong></span> <span class='ocrx_word' id='word_1_292' title='bbox 740 3383 898 3436; x_wconf 84' lang='lat' dir='ltr'><strong>bonus</strong></span> <span class='ocrx_word' id='word_1_293' title='bbox 933 3381 1212 3451; x_wconf 77' lang='lat' dir='ltr'><strong>baptizator</strong></span> <span class='ocrx_word' id='word_1_294' title='bbox 1242 3392 1346 3445; x_wconf 90' lang='lat' dir='ltr'><strong>est,</strong></span> <span class='ocrx_word' id='word_1_295' title='bbox 1376 3392 1431 3434; x_wconf 91' lang='lat' dir='ltr'><strong>ut</strong></span> <span class='ocrx_word' id='word_1_296' title='bbox 1453 3386 1644 3452; x_wconf 80' lang='lat' dir='ltr'><strong>[ructus</strong></span> <span class='ocrx_word' id='word_1_297' title='bbox 1671 3383 1777 3453; x_wconf 86' lang='lat' dir='ltr'><strong>ejus</strong></span> <span class='ocrx_word' id='word_1_298' title='bbox 1802 3382 1891 3435; x_wconf 80' lang='lat' dir='ltr'><strong>bo-</strong></span> 
     </span>
    </p>
   </div>
   <div class='ocr_carea' id='block_1_36' title="bbox 313 3471 1894 3542">
    <p class='ocr_par' dir='ltr' id='par_1_36' title="bbox 313 3471 1894 3542">
     <span class='ocr_line' id='line_1_36' title="bbox 313 3471 1894 3542; baseline 0 -17"><span class='ocrx_word' id='word_1_299' title='bbox 313 3489 413 3526; x_wconf 84' lang='lat' dir='ltr'><strong>nus</strong></span> <span class='ocrx_word' id='word_1_300' title='bbox 437 3473 500 3527; x_wconf 89' lang='lat' dir='ltr'><strong>sit</strong></span> <span class='ocrx_word' id='word_1_301' title='bbox 529 3471 617 3526; x_wconf 89' lang='lat' dir='ltr'><strong>ille</strong></span> <span class='ocrx_word' id='word_1_302' title='bbox 639 3485 786 3542; x_wconf 85' lang='lat' dir='ltr'><strong>quem</strong></span> <span class='ocrx_word' id='word_1_303' title='bbox 812 3471 1152 3542; x_wconf 76' lang='lat' dir='ltr'><strong>baptizauerit,</strong></span> <span class='ocrx_word' id='word_1_304' title='bbox 1182 3481 1226 3525; x_wconf 91' lang='lat' dir='ltr'><strong>et</strong></span> <span class='ocrx_word' id='word_1_305' title='bbox 1243 3473 1287 3524; x_wconf 88' lang='lat' dir='ltr'><strong>si</strong></span> <span class='ocrx_word' id='word_1_306' title='bbox 1308 3489 1420 3524; x_wconf 89' lang='lat' dir='ltr'><strong>cum</strong></span> <span class='ocrx_word' id='word_1_307' title='bbox 1445 3472 1636 3525; x_wconf 85' lang='lat' dir='ltr'><strong>occulta</strong></span> <span class='ocrx_word' id='word_1_308' title='bbox 1656 3481 1724 3526; x_wconf 86' lang='lat' dir='ltr'><strong>est</strong></span> <span class='ocrx_word' id='word_1_309' title='bbox 1745 3472 1894 3525; x_wconf 84' lang='lat' dir='ltr'><strong>arbor</strong></span> 
     </span>
    </p>
   </div>
   <div class='ocr_carea' id='block_1_37' title="bbox 315 3561 1888 3634">
    <p class='ocr_par' dir='ltr' id='par_1_37' title="bbox 315 3561 1888 3634">
     <span class='ocr_line' id='line_1_37' title="bbox 315 3561 1888 3634; baseline 0.001 -20"><span class='ocrx_word' id='word_1_310' title='bbox 315 3563 488 3628; x_wconf 86' lang='lat' dir='ltr'><strong>mala,</strong></span> <span class='ocrx_word' id='word_1_311' title='bbox 516 3563 812 3631; x_wconf 86' lang='lat' dir='ltr'><strong>quicumque</strong></span> <span class='ocrx_word' id='word_1_312' title='bbox 839 3562 901 3614; x_wconf 85' lang='lat' dir='ltr'><strong>ab</strong></span> <span class='ocrx_word' id='word_1_313' title='bbox 925 3561 1017 3614; x_wconf 83' lang='lat' dir='ltr'><strong>illa</strong></span> <span class='ocrx_word' id='word_1_314' title='bbox 1046 3561 1195 3634; x_wconf 63' lang='lat' dir='ltr'><strong>fixerit</strong></span> <span class='ocrx_word' id='word_1_315' title='bbox 1224 3561 1503 3631; x_wconf 77' lang='lat' dir='ltr'><strong>baptizatus</strong></span> <span class='ocrx_word' id='word_1_316' title='bbox 1521 3604 1534 3628; x_wconf 93' lang='lat'><strong>,</strong></span> <span class='ocrx_word' id='word_1_317' title='bbox 1567 3579 1664 3616; x_wconf 88' lang='lat' dir='ltr'><strong>uou</strong></span> <span class='ocrx_word' id='word_1_318' title='bbox 1692 3563 1754 3616; x_wconf 85' lang='lat' dir='ltr'><strong>de</strong></span> <span class='ocrx_word' id='word_1_319' title='bbox 1779 3563 1888 3628; x_wconf 89' lang='lat' dir='ltr'><strong>illa,</strong></span> 
     </span>
    </p>
   </div>
   <div class='ocr_carea' id='block_1_38' title="bbox 311 3649 1889 3723">
    <p class='ocr_par' dir='ltr' id='par_1_38' title="bbox 311 3649 1889 3723">
     <span class='ocr_line' id='line_1_38' title="bbox 311 3649 1889 3723; baseline 0.001 -17"><span class='ocrx_word' id='word_1_320' title='bbox 311 3651 403 3706; x_wconf 82' lang='lat' dir='ltr'><strong>sed</strong></span> <span class='ocrx_word' id='word_1_321' title='bbox 421 3653 483 3706; x_wconf 89' lang='lat' dir='ltr'><strong>de</strong></span> <span class='ocrx_word' id='word_1_322' title='bbox 505 3649 702 3706; x_wconf 82' lang='lat' dir='ltr'><strong>Christo</strong></span> <span class='ocrx_word' id='word_1_323' title='bbox 727 3652 948 3705; x_wconf 84' lang='lat' dir='ltr'><strong>nascitur</strong></span> <span class='ocrx_word' id='word_1_324' title='bbox 973 3691 985 3704; x_wconf 95' lang='lat'><strong>.</strong></span> <span class='ocrx_word' id='word_1_325' title='bbox 1019 3651 1143 3706; x_wconf 90' lang='lat' dir='ltr'><strong>tolle</strong></span> <span class='ocrx_word' id='word_1_326' title='bbox 1174 3651 1291 3715; x_wconf 84' lang='lat' dir='ltr'><strong>ista,</strong></span> <span class='ocrx_word' id='word_1_327' title='bbox 1330 3668 1448 3722; x_wconf 67' lang='lat' dir='ltr'><strong>qua:</strong></span> <span class='ocrx_word' id='word_1_328' title='bbox 1476 3653 1721 3723; x_wconf 86' lang='lat' dir='ltr'><strong>cogimiui</strong></span> <span class='ocrx_word' id='word_1_329' title='bbox 1743 3662 1797 3707; x_wconf 85' lang='lat' dir='ltr'><strong>et</strong></span> <span class='ocrx_word' id='word_1_330' title='bbox 1824 3669 1889 3707; x_wconf 79' lang='lat' dir='ltr'><strong>ex</strong></span> 
     </span>
    </p>
   </div>
   <div class='ocr_carea' id='block_1_39' title="bbox 316 3741 1891 3810">
    <p class='ocr_par' dir='ltr' id='par_1_39' title="bbox 316 3741 1891 3810">
     <span class='ocr_line' id='line_1_39' title="bbox 316 3741 1891 3810; baseline -0.001 -12"><span class='ocrx_word' id='word_1_331' title='bbox 316 3750 496 3798; x_wconf 74' lang='lat' dir='ltr'><strong>vestra</strong></span> <span class='ocrx_word' id='word_1_332' title='bbox 515 3751 657 3796; x_wconf 88' lang='lat' dir='ltr'><strong>secta</strong></span> <span class='ocrx_word' id='word_1_333' title='bbox 673 3749 726 3796; x_wconf 91' lang='lat' dir='ltr'><strong>et</strong></span> <span class='ocrx_word' id='word_1_334' title='bbox 746 3757 808 3796; x_wconf 81' lang='lat' dir='ltr'><strong>ex</strong></span> <span class='ocrx_word' id='word_1_335' title='bbox 834 3741 1070 3796; x_wconf 86' lang='lat' dir='ltr'><strong>Petiliani</strong></span> <span class='ocrx_word' id='word_1_336' title='bbox 1097 3742 1327 3810; x_wconf 85' lang='lat' dir='ltr'><strong>Epistola</strong></span> <span class='ocrx_word' id='word_1_337' title='bbox 1351 3743 1611 3806; x_wconf 82' lang='lat' dir='ltr'><strong>conﬁteri,</strong></span> <span class='ocrx_word' id='word_1_338' title='bbox 1635 3754 1687 3796; x_wconf 91' lang='lat' dir='ltr'><strong>et</strong></span> <span class='ocrx_word' id='word_1_339' title='bbox 1717 3759 1891 3796; x_wconf 90' lang='lat' dir='ltr'><strong>meum</strong></span> 
     </span>
    </p>
   </div>
   <div class='ocr_carea' id='block_1_40' title="bbox 314 3831 1888 3901">
    <p class='ocr_par' dir='ltr' id='par_1_40' title="bbox 314 3831 1888 3901">
     <span class='ocr_line' id='line_1_40' title="bbox 314 3831 1888 3901; baseline -0.002 -15"><span class='ocrx_word' id='word_1_340' title='bbox 314 3832 420 3886; x_wconf 88' lang='lat' dir='ltr'><strong>erit</strong></span> <span class='ocrx_word' id='word_1_341' title='bbox 441 3846 505 3885; x_wconf 90' lang='lat' dir='ltr'><strong>ac</strong></span> <span class='ocrx_word' id='word_1_342' title='bbox 531 3831 659 3886; x_wconf 89' lang='lat' dir='ltr'><strong>mihi</strong></span> <span class='ocrx_word' id='word_1_343' title='bbox 682 3831 1047 3901; x_wconf 83' lang='lat' dir='ltr'><strong>imputandum</strong></span> <span class='ocrx_word' id='word_1_344' title='bbox 1074 3831 1200 3885; x_wconf 90' lang='lat' dir='ltr'><strong>illud</strong></span> <span class='ocrx_word' id='word_1_345' title='bbox 1222 3832 1463 3885; x_wconf 85' lang='lat' dir='ltr'><strong>insanum</strong></span> <span class='ocrx_word' id='word_1_346' title='bbox 1478 3831 1616 3899; x_wconf 85' lang='lat' dir='ltr'><strong>quod</strong></span> <span class='ocrx_word' id='word_1_347' title='bbox 1635 3832 1888 3899; x_wconf 86' lang='lat' dir='ltr'><strong>sequitur,</strong></span> 
     </span>
    </p>
   </div>
   <div class='ocr_carea' id='block_1_41' title="bbox 318 3921 1890 3993">
    <p class='ocr_par' dir='ltr' id='par_1_41' title="bbox 318 3921 1890 3993">
     <span class='ocr_line' id='line_1_41' title="bbox 318 3921 1890 3993; baseline -0.003 -17"><span class='ocrx_word' id='word_1_348' title='bbox 318 3923 560 3993; x_wconf 79' lang='lat' dir='ltr'><strong>Sanctius</strong></span> <span class='ocrx_word' id='word_1_349' title='bbox 579 3923 926 3992; x_wconf 76' lang='lat' dir='ltr'><strong>justiﬁcantur</strong></span> <span class='ocrx_word' id='word_1_350' title='bbox 951 3923 1035 3992; x_wconf 90' lang='lat' dir='ltr'><strong>qui</strong></span> <span class='ocrx_word' id='word_1_351' title='bbox 1065 3922 1383 3991; x_wconf 84' lang='lat' dir='ltr'><strong>baptizantur</strong></span> <span class='ocrx_word' id='word_1_352' title='bbox 1403 3921 1465 3974; x_wconf 91' lang='lat' dir='ltr'><strong>ab</strong></span> <span class='ocrx_word' id='word_1_353' title='bbox 1490 3922 1695 3974; x_wconf 86' lang='lat' dir='ltr'><strong>occultis</strong></span> <span class='ocrx_word' id='word_1_354' title='bbox 1724 3921 1890 3986; x_wconf 88' lang='lat' dir='ltr'><strong>malis,</strong></span> 
     </span>
    </p>
   </div>
   <div class='ocr_carea' id='block_1_42' title="bbox 315 4009 1892 4084">
    <p class='ocr_par' dir='ltr' id='par_1_42' title="bbox 315 4009 1892 4084">
     <span class='ocr_line' id='line_1_42' title="bbox 315 4009 1892 4084; baseline -0.001 -19"><span class='ocrx_word' id='word_1_355' title='bbox 315 4023 468 4083; x_wconf 81' lang='lat' dir='ltr'><strong>quam</strong></span> <span class='ocrx_word' id='word_1_356' title='bbox 495 4013 582 4084; x_wconf 91' lang='lat' dir='ltr'><strong>qui</strong></span> <span class='ocrx_word' id='word_1_357' title='bbox 612 4012 930 4082; x_wconf 78' lang='lat' dir='ltr'><strong>baptizantur</strong></span> <span class='ocrx_word' id='word_1_358' title='bbox 959 4029 991 4064; x_wconf 91' lang='lat' dir='ltr'><strong>a</strong></span> <span class='ocrx_word' id='word_1_359' title='bbox 1015 4011 1293 4082; x_wconf 79' lang='lat' dir='ltr'><strong>manifestis</strong></span> <span class='ocrx_word' id='word_1_360' title='bbox 1312 4010 1452 4064; x_wconf 87' lang='lat' dir='ltr'><strong>bonis</strong></span> <span class='ocrx_word' id='word_1_361' title='bbox 1493 4009 1674 4080; x_wconf 89' lang='lat' dir='ltr'><strong>(Ibid.,</strong></span> <span class='ocrx_word' id='word_1_362' title='bbox 1695 4027 1807 4079; x_wconf 85' lang='lat' dir='ltr'><strong>cap.</strong></span> <span class='ocrx_word' id='word_1_363' title='bbox 1838 4009 1892 4075; x_wconf 89' lang='lat'><strong>8,</strong></span> 
     </span>
    </p>
   </div>
   <div class='ocr_carea' id='block_1_43' title="bbox 315 4101 1894 4174">
    <p class='ocr_par' dir='ltr' id='par_1_43' title="bbox 315 4101 1894 4174">
     <span class='ocr_line' id='line_1_43' title="bbox 315 4101 1894 4174; baseline -0.002 -16"><span class='ocrx_word' id='word_1_364' title='bbox 315 4121 372 4158; x_wconf 77' lang='lat' dir='ltr'><strong>si.</strong></span> <span class='ocrx_word' id='word_1_365' title='bbox 401 4103 481 4174; x_wconf 87' lang='lat'><strong>9).</strong></span> <span class='ocrx_word' id='word_1_366' title='bbox 523 4103 708 4158; x_wconf 83' lang='lat' dir='ltr'><strong>Redde</strong></span> <span class='ocrx_word' id='word_1_367' title='bbox 751 4113 928 4158; x_wconf 85' lang='lat' dir='ltr'><strong>autem</strong></span> <span class='ocrx_word' id='word_1_368' title='bbox 955 4102 1043 4158; x_wconf 87' lang='lat' dir='ltr'><strong>illa</strong></span> <span class='ocrx_word' id='word_1_369' title='bbox 1069 4118 1136 4156; x_wconf 82' lang='lat' dir='ltr'><strong>ex</strong></span> <span class='ocrx_word' id='word_1_370' title='bbox 1174 4101 1364 4171; x_wconf 86' lang='lat' dir='ltr'><strong>quibus</strong></span> <span class='ocrx_word' id='word_1_371' title='bbox 1392 4101 1495 4155; x_wconf 87' lang='lat' dir='ltr'><strong>hoc</strong></span> <span class='ocrx_word' id='word_1_372' title='bbox 1523 4101 1735 4170; x_wconf 83' lang='lat' dir='ltr'><strong>pendet,</strong></span> <span class='ocrx_word' id='word_1_373' title='bbox 1763 4117 1894 4157; x_wconf 90' lang='lat' dir='ltr'><strong>con-</strong></span> 
     </span>
    </p>
   </div>
   <div class='ocr_carea' id='block_1_44' title="bbox 320 4192 1899 4262">
    <p class='ocr_par' dir='ltr' id='par_1_44' title="bbox 320 4192 1899 4262">
     <span class='ocr_line' id='line_1_44' title="bbox 320 4192 1899 4262; baseline -0.002 -13"><span class='ocrx_word' id='word_1_374' title='bbox 320 4196 469 4250; x_wconf 79' lang='lat' dir='ltr'><strong>tinuo</strong></span> <span class='ocrx_word' id='word_1_375' title='bbox 489 4193 694 4249; x_wconf 78' lang='lat' dir='ltr'><strong>videbis</strong></span> <span class='ocrx_word' id='word_1_376' title='bbox 716 4201 771 4249; x_wconf 88' lang='lat' dir='ltr'><strong>et</strong></span> <span class='ocrx_word' id='word_1_377' title='bbox 797 4208 884 4248; x_wconf 86' lang='lat' dir='ltr'><strong>me</strong></span> <span class='ocrx_word' id='word_1_378' title='bbox 915 4193 1016 4248; x_wconf 92' lang='lat' dir='ltr'><strong>hoc</strong></span> <span class='ocrx_word' id='word_1_379' title='bbox 1051 4193 1118 4247; x_wconf 89' lang='lat' dir='ltr'><strong>ad</strong></span> <span class='ocrx_word' id='word_1_380' title='bbox 1149 4208 1240 4247; x_wconf 86' lang='lat' dir='ltr'><strong>vos</strong></span> <span class='ocrx_word' id='word_1_381' title='bbox 1269 4192 1611 4262; x_wconf 78' lang='lat' dir='ltr'><strong>corrigendos</strong></span> <span class='ocrx_word' id='word_1_382' title='bbox 1636 4201 1779 4248; x_wconf 88' lang='lat' dir='ltr'><strong>recte</strong></span> <span class='ocrx_word' id='word_1_383' title='bbox 1806 4208 1899 4262; x_wconf 88' lang='lat' dir='ltr'><strong>po-</strong></span> 
     </span>
    </p>
   </div>
   <div class='ocr_carea' id='block_1_45' title="bbox 318 4283 1898 4353">
    <p class='ocr_par' dir='ltr' id='par_1_45' title="bbox 318 4283 1898 4353">
     <span class='ocr_line' id='line_1_45' title="bbox 318 4283 1898 4353; baseline 0.001 -15"><span class='ocrx_word' id='word_1_384' title='bbox 318 4286 490 4338; x_wconf 79' lang='lat' dir='ltr'><strong>suisse</strong></span> <span class='ocrx_word' id='word_1_385' title='bbox 508 4326 524 4348; x_wconf 93' lang='lat'><strong>,</strong></span> <span class='ocrx_word' id='word_1_386' title='bbox 571 4293 628 4340; x_wconf 87' lang='lat' dir='ltr'><strong>et</strong></span> <span class='ocrx_word' id='word_1_387' title='bbox 656 4294 820 4338; x_wconf 85' lang='lat' dir='ltr'><strong>totum</strong></span> <span class='ocrx_word' id='word_1_388' title='bbox 862 4283 1002 4353; x_wconf 88' lang='lat' dir='ltr'><strong>quod</strong></span> <span class='ocrx_word' id='word_1_389' title='bbox 1031 4283 1180 4338; x_wconf 82' lang='lat' dir='ltr'><strong>vobis</strong></span> <span class='ocrx_word' id='word_1_390' title='bbox 1219 4283 1270 4337; x_wconf 91' lang='lat' dir='ltr'><strong>in</strong></span> <span class='ocrx_word' id='word_1_391' title='bbox 1300 4283 1397 4338; x_wconf 87' lang='lat' dir='ltr'><strong>hac</strong></span> <span class='ocrx_word' id='word_1_392' title='bbox 1420 4284 1682 4338; x_wconf 85' lang='lat' dir='ltr'><strong>sententia</strong></span> <span class='ocrx_word' id='word_1_393' title='bbox 1707 4283 1898 4339; x_wconf 84' lang='lat' dir='ltr'><strong>merito</strong></span> 
     </span>
    </p>
   </div>
   <div class='ocr_carea' id='block_1_46' title="bbox 319 4373 1450 4444">
    <p class='ocr_par' dir='ltr' id='par_1_46' title="bbox 319 4373 1450 4444">
     <span class='ocr_line' id='line_1_46' title="bbox 319 4373 1450 4444; baseline -0.003 -15"><span class='ocrx_word' id='word_1_394' title='bbox 319 4375 586 4444; x_wconf 87' lang='lat' dir='ltr'><strong>displicet,</strong></span> <span class='ocrx_word' id='word_1_395' title='bbox 619 4375 670 4428; x_wconf 92' lang='lat' dir='ltr'><strong>in</strong></span> <span class='ocrx_word' id='word_1_396' title='bbox 698 4385 927 4429; x_wconf 81' lang='lat' dir='ltr'><strong>vestram</strong></span> <span class='ocrx_word' id='word_1_397' title='bbox 961 4373 1146 4428; x_wconf 88' lang='lat' dir='ltr'><strong>faciem</strong></span> <span class='ocrx_word' id='word_1_398' title='bbox 1178 4373 1450 4428; x_wconf 89' lang='lat' dir='ltr'><strong>recidisse.</strong></span> 
     </span>
    </p>
   </div>
   <div class='ocr_carea' id='block_1_47' title="bbox 391 4461 1898 4532">
    <p class='ocr_par' dir='ltr' id='par_1_47' title="bbox 391 4461 1898 4532">
     <span class='ocr_line' id='line_1_47' title="bbox 391 4461 1898 4532; baseline 0 -14"><span class='ocrx_word' id='word_1_399' title='bbox 391 4463 614 4519; x_wconf 81' lang='lat' dir='ltr'><strong>CAPUT</strong></span> <span class='ocrx_word' id='word_1_400' title='bbox 655 4464 861 4519; x_wconf 84' lang='lat' dir='ltr'><strong>XLVII.</strong></span> <span class='ocrx_word' id='word_1_401' title='bbox 889 4493 960 4503; x_wconf 97' lang='lat'><strong>—</strong></span> <span class='ocrx_word' id='word_1_402' title='bbox 986 4463 1074 4518; x_wconf 81' lang='lat'><strong>57.</strong></span> <span class='ocrx_word' id='word_1_403' title='bbox 1095 4463 1324 4518; x_wconf 88' lang='lat' dir='ltr'><strong>Proinde</strong></span> <span class='ocrx_word' id='word_1_404' title='bbox 1350 4461 1792 4532; x_wconf 84' lang='lat' dir='ltr'><strong>quemadmodum</strong></span> <span class='ocrx_word' id='word_1_405' title='bbox 1823 4462 1898 4519; x_wconf 91' lang='lat' dir='ltr'><strong>illi</strong></span> 
     </span>
    </p>
   </div>
   <div class='ocr_carea' id='block_1_48' title="bbox 321 4554 1899 4623">
    <p class='ocr_par' dir='ltr' id='par_1_48' title="bbox 321 4554 1899 4623">
     <span class='ocr_line' id='line_1_48' title="bbox 321 4554 1899 4623; baseline 0.001 -15"><span class='ocrx_word' id='word_1_406' title='bbox 321 4555 410 4623; x_wconf 90' lang='lat' dir='ltr'><strong>qni</strong></span> <span class='ocrx_word' id='word_1_407' title='bbox 441 4555 884 4610; x_wconf 88' lang='lat' dir='ltr'><strong>resurrectionem</strong></span> <span class='ocrx_word' id='word_1_408' title='bbox 917 4563 1243 4608; x_wconf 89' lang='lat' dir='ltr'><strong>mortuorum</strong></span> <span class='ocrx_word' id='word_1_409' title='bbox 1263 4554 1544 4623; x_wconf 79' lang='lat' dir='ltr'><strong>negabant,</strong></span> <span class='ocrx_word' id='word_1_410' title='bbox 1575 4555 1718 4608; x_wconf 92' lang='lat' dir='ltr'><strong>nullo</strong></span> <span class='ocrx_word' id='word_1_411' title='bbox 1741 4555 1899 4611; x_wconf 91' lang='lat' dir='ltr'><strong>modo</strong></span> 
     </span>
    </p>
   </div>
   <div class='ocr_carea' id='block_1_49' title="bbox 321 4641 1898 4714">
    <p class='ocr_par' dir='ltr' id='par_1_49' title="bbox 321 4641 1898 4714">
     <span class='ocr_line' id='line_1_49' title="bbox 321 4641 1898 4714; baseline 0.001 -16"><span class='ocrx_word' id='word_1_412' title='bbox 321 4658 381 4698; x_wconf 86' lang='lat' dir='ltr'><strong>se</strong></span> <span class='ocrx_word' id='word_1_413' title='bbox 407 4643 755 4699; x_wconf 83' lang='lat' dir='ltr'><strong>defenderent</strong></span> <span class='ocrx_word' id='word_1_414' title='bbox 779 4659 806 4698; x_wconf 89' lang='lat' dir='ltr'><strong>a</strong></span> <span class='ocrx_word' id='word_1_415' title='bbox 836 4643 995 4698; x_wconf 84' lang='lat' dir='ltr'><strong>tantis</strong></span> <span class='ocrx_word' id='word_1_416' title='bbox 1025 4643 1178 4697; x_wconf 88' lang='lat' dir='ltr'><strong>malis</strong></span> <span class='ocrx_word' id='word_1_417' title='bbox 1204 4658 1323 4712; x_wconf 61' lang='lat' dir='ltr'><strong>quas</strong></span> <span class='ocrx_word' id='word_1_418' title='bbox 1346 4641 1411 4696; x_wconf 92' lang='lat' dir='ltr'><strong>ad</strong></span> <span class='ocrx_word' id='word_1_419' title='bbox 1445 4657 1541 4699; x_wconf 85' lang='lat' dir='ltr'><strong>eos</strong></span> <span class='ocrx_word' id='word_1_420' title='bbox 1573 4644 1898 4714; x_wconf 79' lang='lat' dir='ltr'><strong>redarguen-</strong></span> 
     </span>
    </p>
   </div>
   <div class='ocr_carea' id='block_1_50' title="bbox 322 4731 1898 4805">
    <p class='ocr_par' dir='ltr' id='par_1_50' title="bbox 322 4731 1898 4805">
     <span class='ocr_line' id='line_1_50' title="bbox 322 4731 1898 4805; baseline 0 -17"><span class='ocrx_word' id='word_1_421' title='bbox 322 4733 420 4788; x_wconf 87' lang='lat' dir='ltr'><strong>dos</strong></span> <span class='ocrx_word' id='word_1_422' title='bbox 440 4736 728 4790; x_wconf 79' lang='lat' dir='ltr'><strong>connexuit</strong></span> <span class='ocrx_word' id='word_1_423' title='bbox 750 4735 1033 4805; x_wconf 83' lang='lat' dir='ltr'><strong>Apostolus</strong></span> <span class='ocrx_word' id='word_1_424' title='bbox 1061 4734 1242 4789; x_wconf 88' lang='lat' dir='ltr'><strong>dicens</strong></span> <span class='ocrx_word' id='word_1_425' title='bbox 1265 4774 1281 4800; x_wconf 93' lang='lat'><strong>,</strong></span> <span class='ocrx_word' id='word_1_426' title='bbox 1329 4731 1510 4800; x_wconf 84' lang='lat' dir='ltr'><strong>Neque</strong></span> <span class='ocrx_word' id='word_1_427' title='bbox 1550 4732 1778 4788; x_wconf 84' lang='lat' dir='ltr'><strong>Christus</strong></span> <span class='ocrx_word' id='word_1_428' title='bbox 1817 4751 1898 4788; x_wconf 85' lang='lat' dir='ltr'><strong>re-</strong></span> 
     </span>
    </p>
   </div>
   <div class='ocr_carea' id='block_1_51' title="bbox 321 4826 1902 4890">
    <p class='ocr_par' dir='ltr' id='par_1_51' title="bbox 321 4826 1902 4890">
     <span class='ocr_line' id='line_1_51' title="bbox 321 4826 1902 4890; baseline 0.003 -12"><span class='ocrx_word' id='word_1_429' title='bbox 321 4827 574 4890; x_wconf 72' lang='lat' dir='ltr'><strong>surrexit,</strong></span> <span class='ocrx_word' id='word_1_430' title='bbox 624 4835 678 4882; x_wconf 89' lang='lat' dir='ltr'><strong>et</strong></span> <span class='ocrx_word' id='word_1_431' title='bbox 701 4826 925 4882; x_wconf 88' lang='lat' dir='ltr'><strong>nefanda</strong></span> <span class='ocrx_word' id='word_1_432' title='bbox 951 4827 1196 4880; x_wconf 88' lang='lat' dir='ltr'><strong>similiter</strong></span> <span class='ocrx_word' id='word_1_433' title='bbox 1225 4835 1452 4890; x_wconf 67' lang='lat' dir='ltr'><strong>cratera,</strong></span> <span class='ocrx_word' id='word_1_434' title='bbox 1493 4826 1595 4882; x_wconf 89' lang='lat' dir='ltr'><strong>nisi</strong></span> <span class='ocrx_word' id='word_1_435' title='bbox 1635 4837 1902 4882; x_wconf 84' lang='lat' dir='ltr'><strong>mutarent</strong></span> 
     </span>
    </p>
   </div>
   <div class='ocr_carea' id='block_1_52' title="bbox 323 4917 1900 4980">
    <p class='ocr_par' dir='ltr' id='par_1_52' title="bbox 323 4917 1900 4980">
     <span class='ocr_line' id='line_1_52' title="bbox 323 4917 1900 4980; baseline 0.001 -12"><span class='ocrx_word' id='word_1_436' title='bbox 323 4917 674 4980; x_wconf 88' lang='lat' dir='ltr'><strong>sententiam,</strong></span> <span class='ocrx_word' id='word_1_437' title='bbox 713 4925 768 4970; x_wconf 90' lang='lat' dir='ltr'><strong>et</strong></span> <span class='ocrx_word' id='word_1_438' title='bbox 809 4917 1097 4970; x_wconf 90' lang='lat' dir='ltr'><strong>faterentur</strong></span> <span class='ocrx_word' id='word_1_439' title='bbox 1128 4930 1247 4971; x_wconf 88' lang='lat' dir='ltr'><strong>esse</strong></span> <span class='ocrx_word' id='word_1_440' title='bbox 1273 4918 1715 4970; x_wconf 88' lang='lat' dir='ltr'><strong>resurrectionem</strong></span> <span class='ocrx_word' id='word_1_441' title='bbox 1756 4932 1900 4970; x_wconf 86' lang='lat' dir='ltr'><strong>mor-</strong></span> 
     </span>
    </p>
   </div>
   <div class='ocr_carea' id='block_1_53' title="bbox 326 5007 1902 5074">
    <p class='ocr_par' dir='ltr' id='par_1_53' title="bbox 326 5007 1902 5074">
     <span class='ocr_line' id='line_1_53' title="bbox 326 5007 1902 5074; baseline 0.004 -18"><span class='ocrx_word' id='word_1_442' title='bbox 326 5015 532 5060; x_wconf 85' lang='lat' dir='ltr'><strong>tuorum</strong></span> <span class='ocrx_word' id='word_1_443' title='bbox 568 5025 580 5060; x_wconf 94' lang='lat'>:</span> <span class='ocrx_word' id='word_1_444' title='bbox 611 5007 689 5061; x_wconf 90' lang='lat' dir='ltr'><strong>sic</strong></span> <span class='ocrx_word' id='word_1_445' title='bbox 713 5008 871 5062; x_wconf 87' lang='lat' dir='ltr'><strong>etiam</strong></span> <span class='ocrx_word' id='word_1_446' title='bbox 904 5023 1001 5062; x_wconf 88' lang='lat' dir='ltr'><strong>vos</strong></span> <span class='ocrx_word' id='word_1_447' title='bbox 1044 5009 1086 5062; x_wconf 91' lang='lat' dir='ltr'><strong>si</strong></span> <span class='ocrx_word' id='word_1_448' title='bbox 1119 5023 1223 5061; x_wconf 93' lang='lat' dir='ltr'><strong>non</strong></span> <span class='ocrx_word' id='word_1_449' title='bbox 1267 5008 1423 5062; x_wconf 85' lang='lat' dir='ltr'><strong>vultis</strong></span> <span class='ocrx_word' id='word_1_450' title='bbox 1464 5008 1612 5062; x_wconf 83' lang='lat' dir='ltr'><strong>vobis</strong></span> <span class='ocrx_word' id='word_1_451' title='bbox 1656 5008 1902 5074; x_wconf 85' lang='lat' dir='ltr'><strong>imputari</strong></span> 
     </span>
    </p>
   </div>
   <div class='ocr_carea' id='block_1_54' title="bbox 323 5094 1897 5166">
    <p class='ocr_par' dir='ltr' id='par_1_54' title="bbox 323 5094 1897 5166">
     <span class='ocr_line' id='line_1_54' title="bbox 323 5094 1897 5166; baseline 0.003 -20"><span class='ocrx_word' id='word_1_452' title='bbox 323 5094 462 5164; x_wconf 81' lang='lat' dir='ltr'><strong>quod</strong></span> <span class='ocrx_word' id='word_1_453' title='bbox 505 5094 573 5148; x_wconf 88' lang='lat' dir='ltr'><strong>ad</strong></span> <span class='ocrx_word' id='word_1_454' title='bbox 615 5110 710 5150; x_wconf 88' lang='lat' dir='ltr'><strong>vos</strong></span> <span class='ocrx_word' id='word_1_455' title='bbox 755 5097 1142 5150; x_wconf 90' lang='lat' dir='ltr'><strong>convincendos</strong></span> <span class='ocrx_word' id='word_1_456' title='bbox 1171 5104 1228 5151; x_wconf 90' lang='lat' dir='ltr'><strong>et</strong></span> <span class='ocrx_word' id='word_1_457' title='bbox 1271 5096 1614 5166; x_wconf 78' lang='lat' dir='ltr'><strong>corrigendos</strong></span> <span class='ocrx_word' id='word_1_458' title='bbox 1654 5095 1897 5160; x_wconf 85' lang='lat' dir='ltr'><strong>dicimus,</strong></span> 
     </span>
    </p>
   </div>
   <div class='ocr_carea' id='block_1_55' title="bbox 325 5185 1900 5254">
    <p class='ocr_par' dir='ltr' id='par_1_55' title="bbox 325 5185 1900 5254">
     <span class='ocr_line' id='line_1_55' title="bbox 325 5185 1900 5254; baseline 0.001 -18"><span class='ocrx_word' id='word_1_459' title='bbox 325 5185 565 5239; x_wconf 89' lang='lat' dir='ltr'><strong>sanctius</strong></span> <span class='ocrx_word' id='word_1_460' title='bbox 608 5185 887 5254; x_wconf 73' lang='lat' dir='ltr'><strong>iustiﬁcari</strong></span> <span class='ocrx_word' id='word_1_461' title='bbox 929 5201 1021 5241; x_wconf 92' lang='lat' dir='ltr'><strong>eos</strong></span> <span class='ocrx_word' id='word_1_462' title='bbox 1062 5186 1152 5254; x_wconf 90' lang='lat' dir='ltr'><strong>qui</strong></span> <span class='ocrx_word' id='word_1_463' title='bbox 1198 5185 1530 5254; x_wconf 87' lang='lat' dir='ltr'><strong>baptizantur</strong></span> <span class='ocrx_word' id='word_1_464' title='bbox 1569 5186 1636 5239; x_wconf 90' lang='lat' dir='ltr'><strong>ab</strong></span> <span class='ocrx_word' id='word_1_465' title='bbox 1680 5185 1900 5242; x_wconf 87' lang='lat' dir='ltr'><strong>occultis</strong></span> 
     </span>
    </p>
   </div>
   <div class='ocr_carea' id='block_1_56' title="bbox 325 5275 1900 5347">
    <p class='ocr_par' dir='ltr' id='par_1_56' title="bbox 325 5275 1900 5347">
     <span class='ocr_line' id='line_1_56' title="bbox 325 5275 1900 5347; baseline 0.001 -20"><span class='ocrx_word' id='word_1_466' title='bbox 325 5275 498 5341; x_wconf 88' lang='lat' dir='ltr'><strong>malis,</strong></span> <span class='ocrx_word' id='word_1_467' title='bbox 526 5292 685 5346; x_wconf 90' lang='lat' dir='ltr'><strong>quam</strong></span> <span class='ocrx_word' id='word_1_468' title='bbox 712 5277 801 5347; x_wconf 89' lang='lat' dir='ltr'><strong>qui</strong></span> <span class='ocrx_word' id='word_1_469' title='bbox 828 5278 1156 5346; x_wconf 80' lang='lat' dir='ltr'><strong>baptizantur</strong></span> <span class='ocrx_word' id='word_1_470' title='bbox 1182 5292 1211 5330; x_wconf 91' lang='lat' dir='ltr'><strong>a</strong></span> <span class='ocrx_word' id='word_1_471' title='bbox 1243 5276 1536 5330; x_wconf 83' lang='lat' dir='ltr'><strong>manifestis</strong></span> <span class='ocrx_word' id='word_1_472' title='bbox 1563 5275 1717 5331; x_wconf 89' lang='lat' dir='ltr'><strong>bonis</strong></span> <span class='ocrx_word' id='word_1_473' title='bbox 1740 5293 1755 5341; x_wconf 92' lang='lat'><strong>;</strong></span> <span class='ocrx_word' id='word_1_474' title='bbox 1782 5292 1900 5329; x_wconf 54' lang='lat' dir='ltr'><strong>mu.</strong></span> 
     </span>
    </p>
   </div>
   <div class='ocr_carea' id='block_1_57' title="bbox 327 5367 1900 5438">
    <p class='ocr_par' dir='ltr' id='par_1_57' title="bbox 327 5367 1900 5438">
     <span class='ocr_line' id='line_1_57' title="bbox 327 5367 1900 5438; baseline 0.001 -20"><span class='ocrx_word' id='word_1_475' title='bbox 327 5373 434 5420; x_wconf 87' lang='lat' dir='ltr'><strong>tate</strong></span> <span class='ocrx_word' id='word_1_476' title='bbox 457 5369 773 5422; x_wconf 85' lang='lat' dir='ltr'><strong>sententiam</strong></span> <span class='ocrx_word' id='word_1_477' title='bbox 793 5409 807 5433; x_wconf 92' lang='lat'><strong>,</strong></span> <span class='ocrx_word' id='word_1_478' title='bbox 851 5377 904 5422; x_wconf 88' lang='lat' dir='ltr'><strong>et</strong></span> <span class='ocrx_word' id='word_1_479' title='bbox 929 5383 1111 5422; x_wconf 90' lang='lat' dir='ltr'><strong>eorum</strong></span> <span class='ocrx_word' id='word_1_480' title='bbox 1140 5381 1286 5436; x_wconf 86' lang='lat' dir='ltr'><strong>spem</strong></span> <span class='ocrx_word' id='word_1_481' title='bbox 1319 5367 1408 5438; x_wconf 90' lang='lat' dir='ltr'><strong>qui</strong></span> <span class='ocrx_word' id='word_1_482' title='bbox 1441 5367 1772 5436; x_wconf 83' lang='lat' dir='ltr'><strong>baptizantur</strong></span> <span class='ocrx_word' id='word_1_483' title='bbox 1803 5384 1900 5420; x_wconf 78' lang='lat' dir='ltr'><strong>no-</strong></span> 
     </span>
    </p>
   </div>
   <div class='ocr_carea' id='block_1_58' title="bbox 325 5455 1901 5529">
    <p class='ocr_par' dir='ltr' id='par_1_58' title="bbox 325 5455 1901 5529">
     <span class='ocr_line' id='line_1_58' title="bbox 325 5455 1901 5529; baseline 0.003 -20"><span class='ocrx_word' id='word_1_484' title='bbox 325 5455 416 5511; x_wconf 88' lang='lat' dir='ltr'><strong>lite</strong></span> <span class='ocrx_word' id='word_1_485' title='bbox 443 5457 494 5512; x_wconf 92' lang='lat' dir='ltr'><strong>in</strong></span> <span class='ocrx_word' id='word_1_486' title='bbox 536 5459 749 5515; x_wconf 89' lang='lat' dir='ltr'><strong>homine</strong></span> <span class='ocrx_word' id='word_1_487' title='bbox 779 5474 993 5529; x_wconf 88' lang='lat' dir='ltr'><strong>ponere.</strong></span> <span class='ocrx_word' id='word_1_488' title='bbox 1044 5458 1175 5513; x_wconf 83' lang='lat' dir='ltr'><strong>Nam</strong></span> <span class='ocrx_word' id='word_1_489' title='bbox 1203 5459 1246 5513; x_wconf 88' lang='lat' dir='ltr'><strong>si</strong></span> <span class='ocrx_word' id='word_1_490' title='bbox 1287 5460 1514 5529; x_wconf 86' lang='lat' dir='ltr'><strong>ponitis,</strong></span> <span class='ocrx_word' id='word_1_491' title='bbox 1567 5460 1741 5514; x_wconf 85' lang='lat' dir='ltr'><strong>videte</strong></span> <span class='ocrx_word' id='word_1_492' title='bbox 1778 5459 1901 5528; x_wconf 88' lang='lat' dir='ltr'><strong>quid</strong></span> 
     </span>
    </p>
   </div>
   <div class='ocr_carea' id='block_1_59' title="bbox 389 5606 1902 5669">
    <p class='ocr_par' dir='ltr' id='par_1_59' title="bbox 389 5606 1902 5669">
     <span class='ocr_line' id='line_1_59' title="bbox 389 5606 1902 5669; baseline 0.003 -14"><span class='ocrx_word' id='word_1_493' title='bbox 389 5606 406 5638; x_wconf 71' lang='grc' dir='ltr'>ί</span> <span class='ocrx_word' id='word_1_494' title='bbox 435 5608 564 5669; x_wconf 76' lang='lat' dir='ltr'><strong>Apud</strong></span> <span class='ocrx_word' id='word_1_495' title='bbox 591 5616 684 5656; x_wconf 73' lang='lat' dir='ltr'><strong>Am.</strong></span> <span class='ocrx_word' id='word_1_496' title='bbox 711 5615 784 5657; x_wconf 82' lang='lat' dir='ltr'><strong>Er.</strong></span> <span class='ocrx_word' id='word_1_497' title='bbox 831 5617 882 5659; x_wconf 91' lang='lat' dir='ltr'><strong>et</strong></span> <span class='ocrx_word' id='word_1_498' title='bbox 905 5617 1027 5664; x_wconf 72' lang='lat' dir='ltr'><strong>Mss...</strong></span> <span class='ocrx_word' id='word_1_499' title='bbox 1078 5608 1250 5660; x_wconf 89' lang='lat' dir='ltr'><strong>habent</strong></span> <span class='ocrx_word' id='word_1_500' title='bbox 1281 5623 1296 5658; x_wconf 89' lang='lat'><em>:</em></span> <span class='ocrx_word' id='word_1_501' title='bbox 1323 5625 1416 5659; x_wconf 88' lang='lat' dir='ltr'><strong>non</strong></span> <span class='ocrx_word' id='word_1_502' title='bbox 1477 5617 1633 5669; x_wconf 84' lang='lat' dir='ltr'><strong>recte,</strong></span> <span class='ocrx_word' id='word_1_503' title='bbox 1659 5611 1748 5659; x_wconf 87' lang='lat' dir='ltr'><strong>nisi</strong></span> <span class='ocrx_word' id='word_1_504' title='bbox 1773 5610 1902 5660; x_wconf 84' lang='lat' dir='ltr'><strong>refe-</strong></span> 
     </span>
    </p>
   </div>
   <div class='ocr_carea' id='block_1_60' title="bbox 330 5669 1076 5735">
    <p class='ocr_par' dir='ltr' id='par_1_60' title="bbox 330 5669 1076 5735">
     <span class='ocr_line' id='line_1_60' title="bbox 330 5669 1076 5735; baseline -0.012 -7"><span class='ocrx_word' id='word_1_505' title='bbox 330 5671 460 5728; x_wconf 66' lang='lat' dir='ltr'><strong>tatur</strong></span> <span class='ocrx_word' id='word_1_506' title='bbox 481 5672 559 5730; x_wconf 77' lang='lat' dir='ltr'><strong>ad,</strong></span> <span class='ocrx_word' id='word_1_507' title='bbox 577 5670 660 5722; x_wconf 89' lang='lat' dir='ltr'><strong>illa</strong></span> <span class='ocrx_word' id='word_1_508' title='bbox 675 5683 786 5735; x_wconf 77' lang='lat' dir='ltr'><strong>qua:</strong></span> <span class='ocrx_word' id='word_1_509' title='bbox 804 5684 884 5723; x_wconf 70' lang='lat' dir='ltr'><strong>vos</strong></span> <span class='ocrx_word' id='word_1_510' title='bbox 900 5669 1076 5722; x_wconf 77' lang='lat' dir='ltr'><strong>dicitis.</strong></span> 
     </span>
    </p>
   </div>
   <div class='ocr_carea' id='block_1_61' title="bbox 1639 303 2193 361">
    <p class='ocr_par' dir='ltr' id='par_1_61' title="bbox 1639 303 2193 361">
     <span class='ocr_line' id='line_1_61' title="bbox 1639 303 2193 361; baseline 0.005 -5"><span class='ocrx_word' id='word_1_511' title='bbox 1639 303 1837 357; x_wconf 83' lang='lat' dir='ltr'><strong>LIBER</strong></span> <span class='ocrx_word' id='word_1_512' title='bbox 1878 303 2193 361; x_wconf 70' lang='lat' dir='ltr'><strong>TERTIUS.</strong></span> 
     </span>
    </p>
   </div>
   <div class='ocr_carea' id='block_1_62' title="bbox 3460 316 3565 367">
    <p class='ocr_par' dir='ltr' id='par_1_62' title="bbox 3460 316 3565 367">
     <span class='ocr_line' id='line_1_62' title="bbox 3460 316 3565 367; baseline 0.038 -4"><span class='ocrx_word' id='word_1_513' title='bbox 3460 316 3565 367; x_wconf 73' lang='lat'><strong>378</strong></span> 
     </span>
    </p>
   </div>
   <div class='ocr_carea' id='block_1_63' title="bbox 1993 415 3575 495">
    <p class='ocr_par' dir='ltr' id='par_1_63' title="bbox 1993 415 3575 495">
     <span class='ocr_line' id='line_1_63' title="bbox 1993 415 3575 495; baseline 0.01 -27"><span class='ocrx_word' id='word_1_514' title='bbox 1993 415 2164 470; x_wconf 86' lang='lat' dir='ltr'><strong>dicam</strong></span> <span class='ocrx_word' id='word_1_515' title='bbox 2190 459 2203 480; x_wconf 90' lang='lat'><strong>,</strong></span> <span class='ocrx_word' id='word_1_516' title='bbox 2247 435 2312 474; x_wconf 88' lang='lat' dir='ltr'><strong>ne</strong></span> <span class='ocrx_word' id='word_1_517' title='bbox 2341 420 2440 474; x_wconf 91' lang='lat' dir='ltr'><strong>hoc</strong></span> <span class='ocrx_word' id='word_1_518' title='bbox 2461 421 2652 492; x_wconf 83' lang='lat' dir='ltr'><strong>aliquis</strong></span> <span class='ocrx_word' id='word_1_519' title='bbox 2683 422 2874 479; x_wconf 90' lang='lat' dir='ltr'><strong>iterum</strong></span> <span class='ocrx_word' id='word_1_520' title='bbox 2898 427 3211 495; x_wconf 80' lang='lat' dir='ltr'><strong>supprimat,</strong></span> <span class='ocrx_word' id='word_1_521' title='bbox 3243 442 3296 480; x_wconf 80' lang='lat' dir='ltr'><strong>et</strong></span> <span class='ocrx_word' id='word_1_522' title='bbox 3320 433 3462 482; x_wconf 58' lang='lat' dir='ltr'><strong>dicat</strong></span> <span class='ocrx_word' id='word_1_523' title='bbox 3489 445 3575 484; x_wconf 88' lang='lat' dir='ltr'><strong>me</strong></span> 
     </span>
    </p>
   </div>
   <div class='ocr_carea' id='block_1_64' title="bbox 1989 508 3576 588">
    <p class='ocr_par' dir='ltr' id='par_1_64' title="bbox 1989 508 3576 588">
     <span class='ocr_line' id='line_1_64' title="bbox 1989 508 3576 588; baseline 0.009 -28"><span class='ocrx_word' id='word_1_524' title='bbox 1989 508 2225 562; x_wconf 89' lang='lat' dir='ltr'><strong>sensisse</strong></span> <span class='ocrx_word' id='word_1_525' title='bbox 2272 511 2409 578; x_wconf 87' lang='lat' dir='ltr'><strong>quod</strong></span> <span class='ocrx_word' id='word_1_526' title='bbox 2455 511 2520 564; x_wconf 88' lang='lat' dir='ltr'><strong>ad</strong></span> <span class='ocrx_word' id='word_1_527' title='bbox 2571 527 2666 566; x_wconf 91' lang='lat' dir='ltr'><strong>vos</strong></span> <span class='ocrx_word' id='word_1_528' title='bbox 2703 515 3099 584; x_wconf 80' lang='lat' dir='ltr'><strong>redarguendos</strong></span> <span class='ocrx_word' id='word_1_529' title='bbox 3127 518 3576 588; x_wconf 64' lang='lat' dir='ltr'><strong>corrigendosth</strong></span> 
     </span>
    </p>
   </div>
   <div class='ocr_carea' id='block_1_65' title="bbox 1987 600 3574 677">
    <p class='ocr_par' dir='ltr' id='par_1_65' title="bbox 1987 600 3574 677">
     <span class='ocr_line' id='line_1_65' title="bbox 1987 600 3574 677; baseline 0.008 -25"><span class='ocrx_word' id='word_1_530' title='bbox 1987 611 2368 654; x_wconf 85' lang='lat' dir='ltr'><strong>commemoro.</strong></span> <span class='ocrx_word' id='word_1_531' title='bbox 2399 600 2583 656; x_wconf 88' lang='lat' dir='ltr'><strong>Videte</strong></span> <span class='ocrx_word' id='word_1_532' title='bbox 2607 604 2732 673; x_wconf 86' lang='lat' dir='ltr'><strong>quid</strong></span> <span class='ocrx_word' id='word_1_533' title='bbox 2760 605 2966 670; x_wconf 87' lang='lat' dir='ltr'><strong>dicam,</strong></span> <span class='ocrx_word' id='word_1_534' title='bbox 3011 608 3152 664; x_wconf 88' lang='lat' dir='ltr'><strong>unde</strong></span> <span class='ocrx_word' id='word_1_535' title='bbox 3180 610 3406 677; x_wconf 62' lang='lat' dir='ltr'><strong>tu&#39;tuleat</strong></span> <span class='ocrx_word' id='word_1_536' title='bbox 3433 609 3574 677; x_wconf 82' lang='lat' dir='ltr'><strong>quod</strong></span> 
     </span>
    </p>
   </div>
   <div class='ocr_carea' id='block_1_66' title="bbox 1987 688 3569 766">
    <p class='ocr_par' dir='ltr' id='par_1_66' title="bbox 1987 688 3569 766">
     <span class='ocr_line' id='line_1_66' title="bbox 1987 688 3569 766; baseline 0.006 -24"><span class='ocrx_word' id='word_1_537' title='bbox 1987 688 2227 744; x_wconf 87' lang='lat' dir='ltr'><strong>dicturus</strong></span> <span class='ocrx_word' id='word_1_538' title='bbox 2255 703 2371 744; x_wconf 91' lang='lat' dir='ltr'><strong>sum</strong></span> <span class='ocrx_word' id='word_1_539' title='bbox 2403 707 2418 744; x_wconf 92' lang='lat'><strong>:</strong></span> <span class='ocrx_word' id='word_1_540' title='bbox 2447 692 2500 745; x_wconf 92' lang='lat' dir='ltr'><strong>Si</strong></span> <span class='ocrx_word' id='word_1_541' title='bbox 2530 708 2714 748; x_wconf 55' lang='lat' dir='ltr'><strong>eorum</strong></span> <span class='ocrx_word' id='word_1_542' title='bbox 2752 709 2902 764; x_wconf 82' lang='lat' dir='ltr'><strong>spem</strong></span> <span class='ocrx_word' id='word_1_543' title='bbox 2946 698 3037 765; x_wconf 90' lang='lat' dir='ltr'><strong>qui</strong></span> <span class='ocrx_word' id='word_1_544' title='bbox 3079 698 3376 766; x_wconf 82' lang='lat' dir='ltr'><strong>baptizandi</strong></span> <span class='ocrx_word' id='word_1_545' title='bbox 3423 709 3569 763; x_wconf 87' lang='lat' dir='ltr'><strong>sunt,</strong></span> 
     </span>
    </p>
   </div>
   <div class='ocr_carea' id='block_1_67' title="bbox 1989 780 3566 859">
    <p class='ocr_par' dir='ltr' id='par_1_67' title="bbox 1989 780 3566 859">
     <span class='ocr_line' id='line_1_67' title="bbox 1989 780 3566 859; baseline 0.006 -27"><span class='ocrx_word' id='word_1_546' title='bbox 1989 780 2040 834; x_wconf 91' lang='lat' dir='ltr'><strong>in</strong></span> <span class='ocrx_word' id='word_1_547' title='bbox 2072 780 2285 835; x_wconf 90' lang='lat' dir='ltr'><strong>homine</strong></span> <span class='ocrx_word' id='word_1_548' title='bbox 2305 797 2334 835; x_wconf 91' lang='lat' dir='ltr'><strong>a</strong></span> <span class='ocrx_word' id='word_1_549' title='bbox 2366 799 2471 852; x_wconf 83' lang='lat' dir='ltr'><strong>quo</strong></span> <span class='ocrx_word' id='word_1_550' title='bbox 2492 784 2824 853; x_wconf 71' lang='lat' dir='ltr'><strong>baptizpntur</strong></span> <span class='ocrx_word' id='word_1_551' title='bbox 2854 789 3081 857; x_wconf 85' lang='lat' dir='ltr'><strong>ponitis;</strong></span> <span class='ocrx_word' id='word_1_552' title='bbox 3114 790 3156 844; x_wconf 86' lang='lat' dir='ltr'><strong>si</strong></span> <span class='ocrx_word' id='word_1_553' title='bbox 3187 791 3566 859; x_wconf 83' lang='lat' dir='ltr'><strong>baptizatorem</strong></span> 
     </span>
    </p>
   </div>
   <div class='ocr_carea' id='block_1_68' title="bbox 1989 870 3574 949">
    <p class='ocr_par' dir='ltr' id='par_1_68' title="bbox 1989 870 3574 949">
     <span class='ocr_line' id='line_1_68' title="bbox 1989 870 3574 949; baseline 0.008 -27"><span class='ocrx_word' id='word_1_554' title='bbox 1989 870 2253 926; x_wconf 88' lang='lat' dir='ltr'><strong>hominem</strong></span> <span class='ocrx_word' id='word_1_555' title='bbox 2273 913 2290 937; x_wconf 94' lang='lat'><strong>,</strong></span> <span class='ocrx_word' id='word_1_556' title='bbox 2341 875 2479 929; x_wconf 90' lang='lat' dir='ltr'><strong>sicut</strong></span> <span class='ocrx_word' id='word_1_557' title='bbox 2507 878 2718 946; x_wconf 84' lang='lat' dir='ltr'><strong>scripsit</strong></span> <span class='ocrx_word' id='word_1_558' title='bbox 2745 879 3031 934; x_wconf 88' lang='lat' dir='ltr'><strong>Petilianns</strong></span> <span class='ocrx_word' id='word_1_559' title='bbox 3055 921 3069 942; x_wconf 92' lang='lat'><strong>,</strong></span> <span class='ocrx_word' id='word_1_560' title='bbox 3114 881 3368 949; x_wconf 82' lang='lat' dir='ltr'><strong>originem</strong></span> <span class='ocrx_word' id='word_1_561' title='bbox 3400 892 3454 937; x_wconf 92' lang='lat' dir='ltr'><strong>et</strong></span> <span class='ocrx_word' id='word_1_562' title='bbox 3490 900 3574 936; x_wconf 87' lang='lat' dir='ltr'><strong>ra-</strong></span> 
     </span>
    </p>
   </div>
   <div class='ocr_carea' id='block_1_69' title="bbox 1987 961 3572 1039">
    <p class='ocr_par' dir='ltr' id='par_1_69' title="bbox 1987 961 3572 1039">
     <span class='ocr_line' id='line_1_69' title="bbox 1987 961 3572 1039; baseline 0.008 -24"><span class='ocrx_word' id='word_1_563' title='bbox 1987 961 2159 1016; x_wconf 91' lang='lat' dir='ltr'><strong>dicem</strong></span> <span class='ocrx_word' id='word_1_564' title='bbox 2199 974 2252 1019; x_wconf 89' lang='lat' dir='ltr'><strong>et</strong></span> <span class='ocrx_word' id='word_1_565' title='bbox 2293 975 2451 1034; x_wconf 87' lang='lat' dir='ltr'><strong>caput</strong></span> <span class='ocrx_word' id='word_1_566' title='bbox 2496 969 2612 1034; x_wconf 90' lang='lat' dir='ltr'><strong>ejus</strong></span> <span class='ocrx_word' id='word_1_567' title='bbox 2637 970 2728 1038; x_wconf 88' lang='lat' dir='ltr'><strong>qui</strong></span> <span class='ocrx_word' id='word_1_568' title='bbox 2778 971 3074 1039; x_wconf 85' lang='lat' dir='ltr'><strong>baptizatur</strong></span> <span class='ocrx_word' id='word_1_569' title='bbox 3123 974 3477 1036; x_wconf 86' lang='lat' dir='ltr'><strong>constituitis;</strong></span> <span class='ocrx_word' id='word_1_570' title='bbox 3528 976 3572 1028; x_wconf 91' lang='lat' dir='ltr'><strong>si</strong></span> 
     </span>
    </p>
   </div>
   <div class='ocr_carea' id='block_1_70' title="bbox 1987 1051 3572 1130">
    <p class='ocr_par' dir='ltr' id='par_1_70' title="bbox 1987 1051 3572 1130">
     <span class='ocr_line' id='line_1_70' title="bbox 1987 1051 3572 1130; baseline 0.009 -27"><span class='ocrx_word' id='word_1_571' title='bbox 1987 1051 2230 1112; x_wconf 67' lang='lat' dir='ltr'><strong>arborem</strong></span> <span class='ocrx_word' id='word_1_572' title='bbox 2262 1053 2458 1109; x_wconf 89' lang='lat' dir='ltr'><strong>bonam</strong></span> <span class='ocrx_word' id='word_1_573' title='bbox 2492 1056 2686 1112; x_wconf 85' lang='lat' dir='ltr'><strong>bonum</strong></span> <span class='ocrx_word' id='word_1_574' title='bbox 2726 1058 2994 1114; x_wconf 85' lang='lat' dir='ltr'><strong>hominem</strong></span> <span class='ocrx_word' id='word_1_575' title='bbox 3028 1061 3379 1130; x_wconf 83' lang='lat' dir='ltr'><strong>baptizautem</strong></span> <span class='ocrx_word' id='word_1_576' title='bbox 3401 1106 3416 1127; x_wconf 90' lang='lat'><strong>,</strong></span> <span class='ocrx_word' id='word_1_577' title='bbox 3464 1064 3572 1117; x_wconf 87' lang='lat' dir='ltr'><strong>fru-</strong></span> 
     </span>
    </p>
   </div>
   <div class='ocr_carea' id='block_1_71' title="bbox 1987 1148 3568 1223">
    <p class='ocr_par' dir='ltr' id='par_1_71' title="bbox 1987 1148 3568 1223">
     <span class='ocr_line' id='line_1_71' title="bbox 1987 1148 3568 1223; baseline 0.006 -26"><span class='ocrx_word' id='word_1_578' title='bbox 1987 1154 2132 1198; x_wconf 91' lang='lat' dir='ltr'><strong>ctum</strong></span> <span class='ocrx_word' id='word_1_579' title='bbox 2158 1154 2332 1200; x_wconf 87' lang='lat' dir='ltr'><strong>autem</strong></span> <span class='ocrx_word' id='word_1_580' title='bbox 2361 1148 2478 1216; x_wconf 87' lang='lat' dir='ltr'><strong>ejus</strong></span> <span class='ocrx_word' id='word_1_581' title='bbox 2496 1148 2693 1202; x_wconf 88' lang='lat' dir='ltr'><strong>bonum</strong></span> <span class='ocrx_word' id='word_1_582' title='bbox 2713 1165 2834 1205; x_wconf 88' lang='lat' dir='ltr'><strong>eum</strong></span> <span class='ocrx_word' id='word_1_583' title='bbox 2865 1151 2952 1219; x_wconf 92' lang='lat' dir='ltr'><strong>qui</strong></span> <span class='ocrx_word' id='word_1_584' title='bbox 2987 1150 3143 1207; x_wconf 90' lang='lat' dir='ltr'><strong>fuerit</strong></span> <span class='ocrx_word' id='word_1_585' title='bbox 3168 1152 3236 1205; x_wconf 91' lang='lat' dir='ltr'><strong>ab</strong></span> <span class='ocrx_word' id='word_1_586' title='bbox 3256 1154 3371 1222; x_wconf 83' lang='lat' dir='ltr'><strong>ipso</strong></span> <span class='ocrx_word' id='word_1_587' title='bbox 3396 1155 3568 1223; x_wconf 88' lang='lat' dir='ltr'><strong>bapti-</strong></span> 
     </span>
    </p>
   </div>
   <div class='ocr_carea' id='block_1_72' title="bbox 1987 1236 3565 1311">
    <p class='ocr_par' dir='ltr' id='par_1_72' title="bbox 1987 1236 3565 1311">
     <span class='ocr_line' id='line_1_72' title="bbox 1987 1236 3565 1311; baseline 0.007 -25"><span class='ocrx_word' id='word_1_588' title='bbox 1987 1243 2136 1288; x_wconf 86' lang='lat' dir='ltr'><strong>zatus</strong></span> <span class='ocrx_word' id='word_1_589' title='bbox 2161 1236 2431 1304; x_wconf 84' lang='lat' dir='ltr'><strong>accipitis;</strong></span> <span class='ocrx_word' id='word_1_590' title='bbox 2461 1237 2763 1293; x_wconf 88' lang='lat' dir='ltr'><strong>admonetis</strong></span> <span class='ocrx_word' id='word_1_591' title='bbox 2790 1248 2846 1293; x_wconf 90' lang='lat' dir='ltr'><strong>ut</strong></span> <span class='ocrx_word' id='word_1_592' title='bbox 2873 1254 3173 1307; x_wconf 74' lang='lat' dir='ltr'><strong>qumramus</strong></span> <span class='ocrx_word' id='word_1_593' title='bbox 3198 1257 3228 1293; x_wconf 90' lang='lat' dir='ltr'><strong>a</strong></span> <span class='ocrx_word' id='word_1_594' title='bbox 3260 1241 3430 1307; x_wconf 83' lang='lat' dir='ltr'><strong>vobis,</strong></span> <span class='ocrx_word' id='word_1_595' title='bbox 3461 1258 3565 1311; x_wconf 84' lang='lat' dir='ltr'><strong>qua</strong></span> 
     </span>
    </p>
   </div>
   <div class='ocr_carea' id='block_1_73' title="bbox 1986 1324 3568 1400">
    <p class='ocr_par' dir='ltr' id='par_1_73' title="bbox 1986 1324 3568 1400">
     <span class='ocr_line' id='line_1_73' title="bbox 1986 1324 3568 1400; baseline 0.006 -22"><span class='ocrx_word' id='word_1_596' title='bbox 1986 1324 2190 1393; x_wconf 79' lang='lat' dir='ltr'><strong>origine</strong></span> <span class='ocrx_word' id='word_1_597' title='bbox 2213 1325 2448 1391; x_wconf 88' lang='lat' dir='ltr'><strong>oriatur,</strong></span> <span class='ocrx_word' id='word_1_598' title='bbox 2483 1343 2582 1397; x_wconf 90' lang='lat' dir='ltr'><strong>qua</strong></span> <span class='ocrx_word' id='word_1_599' title='bbox 2614 1329 2792 1383; x_wconf 89' lang='lat' dir='ltr'><strong>radice</strong></span> <span class='ocrx_word' id='word_1_600' title='bbox 2819 1330 3074 1400; x_wconf 91' lang='lat' dir='ltr'><strong>pullulet,</strong></span> <span class='ocrx_word' id='word_1_601' title='bbox 3121 1331 3205 1385; x_wconf 90' lang='lat' dir='ltr'><strong>cui</strong></span> <span class='ocrx_word' id='word_1_602' title='bbox 3238 1333 3393 1400; x_wconf 84' lang='lat' dir='ltr'><strong>capiti</strong></span> <span class='ocrx_word' id='word_1_603' title='bbox 3437 1334 3568 1387; x_wconf 88' lang='lat' dir='ltr'><strong>sub-</strong></span> 
     </span>
    </p>
   </div>
   <div class='ocr_carea' id='block_1_74' title="bbox 1987 1416 3571 1491">
    <p class='ocr_par' dir='ltr' id='par_1_74' title="bbox 1987 1416 3571 1491">
     <span class='ocr_line' id='line_1_74' title="bbox 1987 1416 3571 1491; baseline 0.005 -23"><span class='ocrx_word' id='word_1_604' title='bbox 1987 1424 2260 1480; x_wconf 89' lang='lat' dir='ltr'><strong>nectatur,</strong></span> <span class='ocrx_word' id='word_1_605' title='bbox 2308 1416 2374 1470; x_wconf 86' lang='lat' dir='ltr'><strong>de</strong></span> <span class='ocrx_word' id='word_1_606' title='bbox 2401 1434 2500 1484; x_wconf 90' lang='lat' dir='ltr'><strong>qua</strong></span> <span class='ocrx_word' id='word_1_607' title='bbox 2530 1419 2722 1474; x_wconf 87' lang='lat' dir='ltr'><strong>arbore</strong></span> <span class='ocrx_word' id='word_1_608' title='bbox 2747 1431 2994 1474; x_wconf 88' lang='lat' dir='ltr'><strong>nascatur</strong></span> <span class='ocrx_word' id='word_1_609' title='bbox 3019 1436 3175 1490; x_wconf 86' lang='lat' dir='ltr'><strong>quem</strong></span> <span class='ocrx_word' id='word_1_610' title='bbox 3205 1421 3372 1475; x_wconf 88' lang='lat' dir='ltr'><strong>malus</strong></span> <span class='ocrx_word' id='word_1_611' title='bbox 3401 1421 3571 1491; x_wconf 89' lang='lat' dir='ltr'><strong>bapti-</strong></span> 
     </span>
    </p>
   </div>
   <div class='ocr_carea' id='block_1_75' title="bbox 1988 1509 3571 1581">
    <p class='ocr_par' dir='ltr' id='par_1_75' title="bbox 1988 1509 3571 1581">
     <span class='ocr_line' id='line_1_75' title="bbox 1988 1509 3571 1581; baseline 0.005 -23"><span class='ocrx_word' id='word_1_612' title='bbox 1988 1516 2073 1559; x_wconf 85' lang='lat' dir='ltr'><strong>zat</strong></span> <span class='ocrx_word' id='word_1_613' title='bbox 2101 1509 2360 1563; x_wconf 88' lang='lat' dir='ltr'><strong>occultus.</strong></span> <span class='ocrx_word' id='word_1_614' title='bbox 2412 1510 2490 1564; x_wconf 84' lang='lat' dir='ltr'><strong>Ad</strong></span> <span class='ocrx_word' id='word_1_615' title='bbox 2521 1511 2654 1564; x_wconf 88' lang='lat' dir='ltr'><strong>hanc</strong></span> <span class='ocrx_word' id='word_1_616' title='bbox 2681 1511 2874 1581; x_wconf 85' lang='lat' dir='ltr'><strong>quippe</strong></span> <span class='ocrx_word' id='word_1_617' title='bbox 2911 1512 3302 1580; x_wconf 83' lang='lat' dir='ltr'><strong>inquisitionem</strong></span> <span class='ocrx_word' id='word_1_618' title='bbox 3344 1512 3571 1580; x_wconf 86' lang='lat' dir='ltr'><strong>pertinet</strong></span> 
     </span>
    </p>
   </div>
   <div class='ocr_carea' id='block_1_76' title="bbox 1989 1597 3566 1672">
    <p class='ocr_par' dir='ltr' id='par_1_76' title="bbox 1989 1597 3566 1672">
     <span class='ocr_line' id='line_1_76' title="bbox 1989 1597 3566 1672; baseline 0.005 -21"><span class='ocrx_word' id='word_1_619' title='bbox 1989 1597 2146 1651; x_wconf 88' lang='lat' dir='ltr'><strong>etiam</strong></span> <span class='ocrx_word' id='word_1_620' title='bbox 2197 1599 2320 1654; x_wconf 90' lang='lat' dir='ltr'><strong>illud</strong></span> <span class='ocrx_word' id='word_1_621' title='bbox 2346 1641 2360 1664; x_wconf 91' lang='lat'><strong>,</strong></span> <span class='ocrx_word' id='word_1_622' title='bbox 2406 1601 2490 1655; x_wconf 89' lang='lat' dir='ltr'><strong>cui</strong></span> <span class='ocrx_word' id='word_1_623' title='bbox 2539 1617 2640 1655; x_wconf 91' lang='lat' dir='ltr'><strong>non</strong></span> <span class='ocrx_word' id='word_1_624' title='bbox 2669 1603 3007 1670; x_wconf 85' lang='lat' dir='ltr'><strong>respondisse</strong></span> <span class='ocrx_word' id='word_1_625' title='bbox 3037 1604 3354 1659; x_wconf 83' lang='lat' dir='ltr'><strong>Petilianum</strong></span> <span class='ocrx_word' id='word_1_626' title='bbox 3382 1606 3566 1672; x_wconf 81' lang='lat' dir='ltr'><strong>sa-pis-</strong></span> 
     </span>
    </p>
   </div>
   <div class='ocr_carea' id='block_1_77' title="bbox 1988 1687 3568 1763">
    <p class='ocr_par' dir='ltr' id='par_1_77' title="bbox 1988 1687 3568 1763">
     <span class='ocr_line' id='line_1_77' title="bbox 1988 1687 3568 1763; baseline 0.006 -25"><span class='ocrx_word' id='word_1_627' title='bbox 1988 1687 2122 1740; x_wconf 92' lang='lat' dir='ltr'><strong>sime</strong></span> <span class='ocrx_word' id='word_1_628' title='bbox 2150 1691 2515 1743; x_wconf 87' lang='lat' dir='ltr'><strong>commendavi</strong></span> <span class='ocrx_word' id='word_1_629' title='bbox 2550 1709 2562 1744; x_wconf 89' lang='lat'><strong>:</strong></span> <span class='ocrx_word' id='word_1_630' title='bbox 2596 1691 2744 1746; x_wconf 89' lang='lat' dir='ltr'><strong>Unde</strong></span> <span class='ocrx_word' id='word_1_631' title='bbox 2770 1691 3013 1747; x_wconf 86' lang='lat' dir='ltr'><strong>abluatur</strong></span> <span class='ocrx_word' id='word_1_632' title='bbox 3044 1693 3130 1763; x_wconf 89' lang='lat' dir='ltr'><strong>qui</strong></span> <span class='ocrx_word' id='word_1_633' title='bbox 3174 1694 3364 1762; x_wconf 88' lang='lat' dir='ltr'><strong>accipit</strong></span> <span class='ocrx_word' id='word_1_634' title='bbox 3388 1694 3568 1762; x_wconf 82' lang='lat' dir='ltr'><strong>Bapti-</strong></span> 
     </span>
    </p>
   </div>
   <div class='ocr_carea' id='block_1_78' title="bbox 1988 1784 3570 1843">
    <p class='ocr_par' dir='ltr' id='par_1_78' title="bbox 1988 1784 3570 1843">
     <span class='ocr_line' id='line_1_78' title="bbox 1988 1784 3570 1843; baseline 0.006 -13"><span class='ocrx_word' id='word_1_635' title='bbox 1988 1794 2181 1843; x_wconf 90' lang='lat' dir='ltr'><strong>smum,</strong></span> <span class='ocrx_word' id='word_1_636' title='bbox 2215 1796 2334 1834; x_wconf 90' lang='lat' dir='ltr'><strong>cum</strong></span> <span class='ocrx_word' id='word_1_637' title='bbox 2365 1784 2684 1837; x_wconf 82' lang='lat' dir='ltr'><strong>maculosam</strong></span> <span class='ocrx_word' id='word_1_638' title='bbox 2708 1787 3084 1840; x_wconf 88' lang='lat' dir='ltr'><strong>conscientiam</strong></span> <span class='ocrx_word' id='word_1_639' title='bbox 3109 1802 3211 1842; x_wconf 91' lang='lat' dir='ltr'><strong>non</strong></span> <span class='ocrx_word' id='word_1_640' title='bbox 3239 1798 3420 1842; x_wconf 87' lang='lat' dir='ltr'><strong>sancte</strong></span> <span class='ocrx_word' id='word_1_641' title='bbox 3436 1787 3570 1840; x_wconf 85' lang='lat' dir='ltr'><strong>dan-</strong></span> 
     </span>
    </p>
   </div>
   <div class='ocr_carea' id='block_1_79' title="bbox 1990 1870 3567 1940">
    <p class='ocr_par' dir='ltr' id='par_1_79' title="bbox 1990 1870 3567 1940">
     <span class='ocr_line' id='line_1_79' title="bbox 1990 1870 3567 1940; baseline 0.006 -18"><span class='ocrx_word' id='word_1_642' title='bbox 1990 1870 2057 1922; x_wconf 93' lang='lat' dir='ltr'><strong>tis</strong></span> <span class='ocrx_word' id='word_1_643' title='bbox 2131 1870 2377 1940; x_wconf 85' lang='lat' dir='ltr'><strong>ignorat:</strong></span> <span class='ocrx_word' id='word_1_644' title='bbox 2412 1873 2547 1927; x_wconf 85' lang='lat' dir='ltr'><strong>hanc</strong></span> <span class='ocrx_word' id='word_1_645' title='bbox 2595 1876 2736 1928; x_wconf 91' lang='lat' dir='ltr'><strong>enim</strong></span> <span class='ocrx_word' id='word_1_646' title='bbox 2778 1876 2794 1906; x_wconf 83' lang='grc'>¹</span> <span class='ocrx_word' id='word_1_647' title='bbox 2837 1877 3215 1932; x_wconf 86' lang='lat' dir='ltr'><strong>conscientiam</strong></span> <span class='ocrx_word' id='word_1_648' title='bbox 3259 1878 3436 1932; x_wconf 86' lang='lat' dir='ltr'><strong>dantis</strong></span> <span class='ocrx_word' id='word_1_649' title='bbox 3480 1879 3567 1932; x_wconf 92' lang='lat' dir='ltr'><strong>vel</strong></span> 
     </span>
    </p>
   </div>
   <div class='ocr_carea' id='block_1_80' title="bbox 1988 1963 3566 2039">
    <p class='ocr_par' dir='ltr' id='par_1_80' title="bbox 1988 1963 3566 2039">
     <span class='ocr_line' id='line_1_80' title="bbox 1988 1963 3566 2039; baseline 0.005 -25"><span class='ocrx_word' id='word_1_650' title='bbox 1988 1973 2172 2017; x_wconf 82' lang='lat' dir='ltr'><strong>sancte</strong></span> <span class='ocrx_word' id='word_1_651' title='bbox 2199 1963 2374 2018; x_wconf 87' lang='lat' dir='ltr'><strong>dantis</strong></span> <span class='ocrx_word' id='word_1_652' title='bbox 2413 1965 2525 2019; x_wconf 84' lang='lat' dir='ltr'><strong>vult</strong></span> <span class='ocrx_word' id='word_1_653' title='bbox 2569 1981 2688 2020; x_wconf 88' lang='lat' dir='ltr'><strong>esse</strong></span> <span class='ocrx_word' id='word_1_654' title='bbox 2719 1968 2974 2037; x_wconf 79' lang='lat' dir='ltr'><strong>originem</strong></span> <span class='ocrx_word' id='word_1_655' title='bbox 2999 2010 3012 2034; x_wconf 94' lang='lat'><strong>,</strong></span> <span class='ocrx_word' id='word_1_656' title='bbox 3065 1970 3296 2023; x_wconf 88' lang='lat' dir='ltr'><strong>radicem</strong></span> <span class='ocrx_word' id='word_1_657' title='bbox 3322 2009 3336 2033; x_wconf 92' lang='lat'><strong>,</strong></span> <span class='ocrx_word' id='word_1_658' title='bbox 3386 1979 3566 2039; x_wconf 85' lang='lat' dir='ltr'><strong>caput,</strong></span> 
     </span>
    </p>
   </div>
   <div class='ocr_carea' id='block_1_81' title="bbox 1986 2053 3566 2129">
    <p class='ocr_par' dir='ltr' id='par_1_81' title="bbox 1986 2053 3566 2129">
     <span class='ocr_line' id='line_1_81' title="bbox 1986 2053 3566 2129; baseline 0.005 -25"><span class='ocrx_word' id='word_1_659' title='bbox 1986 2065 2169 2105; x_wconf 85' lang='lat' dir='ltr'><strong>semen</strong></span> <span class='ocrx_word' id='word_1_660' title='bbox 2196 2093 2210 2114; x_wconf 93' lang='lat'><strong>,</strong></span> <span class='ocrx_word' id='word_1_661' title='bbox 2256 2053 2542 2119; x_wconf 86' lang='lat' dir='ltr'><strong>arborem,</strong></span> <span class='ocrx_word' id='word_1_662' title='bbox 2593 2056 2732 2111; x_wconf 91' lang='lat' dir='ltr'><strong>unde</strong></span> <span class='ocrx_word' id='word_1_663' title='bbox 2776 2057 3003 2121; x_wconf 79' lang='lat' dir='ltr'><strong>existat,</strong></span> <span class='ocrx_word' id='word_1_664' title='bbox 3051 2059 3190 2112; x_wconf 86' lang='lat' dir='ltr'><strong>unde</strong></span> <span class='ocrx_word' id='word_1_665' title='bbox 3227 2068 3566 2129; x_wconf 78' lang='lat' dir='ltr'><strong>propagetur,</strong></span> 
     </span>
    </p>
   </div>
   <div class='ocr_carea' id='block_1_82' title="bbox 1989 2144 3569 2218">
    <p class='ocr_par' dir='ltr' id='par_1_82' title="bbox 1989 2144 3569 2218">
     <span class='ocr_line' id='line_1_82' title="bbox 1989 2144 3569 2218; baseline 0.004 -20"><span class='ocrx_word' id='word_1_666' title='bbox 1989 2145 2130 2199; x_wconf 91' lang='lat' dir='ltr'><strong>unde</strong></span> <span class='ocrx_word' id='word_1_667' title='bbox 2157 2144 2404 2215; x_wconf 87' lang='lat' dir='ltr'><strong>incipiat,</strong></span> <span class='ocrx_word' id='word_1_668' title='bbox 2434 2146 2575 2202; x_wconf 88' lang='lat' dir='ltr'><strong>unde</strong></span> <span class='ocrx_word' id='word_1_669' title='bbox 2600 2149 2896 2218; x_wconf 76' lang='lat' dir='ltr'><strong>germinet,</strong></span> <span class='ocrx_word' id='word_1_670' title='bbox 2929 2151 3067 2205; x_wconf 91' lang='lat' dir='ltr'><strong>unde</strong></span> <span class='ocrx_word' id='word_1_671' title='bbox 3096 2161 3344 2205; x_wconf 90' lang='lat' dir='ltr'><strong>nascatur</strong></span> <span class='ocrx_word' id='word_1_672' title='bbox 3369 2151 3569 2205; x_wconf 79' lang='lat' dir='ltr'><strong>sancti-</strong></span> 
     </span>
    </p>
   </div>
   <div class='ocr_carea' id='block_1_83' title="bbox 1987 2232 2468 2303">
    <p class='ocr_par' dir='ltr' id='par_1_83' title="bbox 1987 2232 2468 2303">
     <span class='ocr_line' id='line_1_83' title="bbox 1987 2232 2468 2303; baseline 0.006 -17"><span class='ocrx_word' id='word_1_673' title='bbox 1987 2232 2166 2287; x_wconf 82' lang='lat' dir='ltr'><strong>ﬁcatio</strong></span> <span class='ocrx_word' id='word_1_674' title='bbox 2201 2234 2468 2303; x_wconf 80' lang='lat' dir='ltr'><strong>baptizati.</strong></span> 
     </span>
    </p>
   </div>
   <div class='ocr_carea' id='block_1_84' title="bbox 2059 2332 3572 2408">
    <p class='ocr_par' dir='ltr' id='par_1_84' title="bbox 2059 2332 3572 2408">
     <span class='ocr_line' id='line_1_84' title="bbox 2059 2332 3572 2408; baseline 0.005 -21"><span class='ocrx_word' id='word_1_675' title='bbox 2059 2332 2283 2390; x_wconf 80' lang='lat' dir='ltr'><strong>CAPUT</strong></span> <span class='ocrx_word' id='word_1_676' title='bbox 2315 2335 2544 2390; x_wconf 76' lang='lat' dir='ltr'>XLVIII.</span> <span class='ocrx_word' id='word_1_677' title='bbox 2575 2368 2646 2379; x_wconf 96' lang='lat'>—</span> <span class='ocrx_word' id='word_1_678' title='bbox 2675 2338 2764 2393; x_wconf 83' lang='lat'><strong>58.</strong></span> <span class='ocrx_word' id='word_1_679' title='bbox 2801 2338 2933 2392; x_wconf 89' lang='lat' dir='ltr'><strong>Cum</strong></span> <span class='ocrx_word' id='word_1_680' title='bbox 2965 2353 3091 2407; x_wconf 80' lang='lat' dir='ltr'><strong>ergo</strong></span> <span class='ocrx_word' id='word_1_681' title='bbox 3115 2340 3403 2408; x_wconf 73' lang='lat' dir='ltr'><strong>qumrimus</strong></span> <span class='ocrx_word' id='word_1_682' title='bbox 3434 2339 3572 2394; x_wconf 89' lang='lat' dir='ltr'><strong>unde</strong></span> 
     </span>
    </p>
   </div>
   <div class='ocr_carea' id='block_1_85' title="bbox 1990 2421 3573 2499">
    <p class='ocr_par' dir='ltr' id='par_1_85' title="bbox 1990 2421 3573 2499">
     <span class='ocr_line' id='line_1_85' title="bbox 1990 2421 3573 2499; baseline 0.005 -24"><span class='ocrx_word' id='word_1_683' title='bbox 1990 2421 2202 2480; x_wconf 82' lang='lat' dir='ltr'><strong>ablutus</strong></span> <span class='ocrx_word' id='word_1_684' title='bbox 2223 2427 2309 2489; x_wconf 88' lang='lat' dir='ltr'><strong>sit,</strong></span> <span class='ocrx_word' id='word_1_685' title='bbox 2339 2443 2496 2496; x_wconf 90' lang='lat' dir='ltr'><strong>quem</strong></span> <span class='ocrx_word' id='word_1_686' title='bbox 2531 2429 2582 2482; x_wconf 92' lang='lat' dir='ltr'><strong>in</strong></span> <span class='ocrx_word' id='word_1_687' title='bbox 2613 2438 2787 2484; x_wconf 89' lang='lat' dir='ltr'><strong>vestra</strong></span> <span class='ocrx_word' id='word_1_688' title='bbox 2815 2431 3186 2483; x_wconf 85' lang='lat' dir='ltr'><strong>communione</strong></span> <span class='ocrx_word' id='word_1_689' title='bbox 3215 2445 3318 2484; x_wconf 88' lang='lat' dir='ltr'><strong>non</strong></span> <span class='ocrx_word' id='word_1_690' title='bbox 3343 2430 3573 2499; x_wconf 63' lang='lat' dir='ltr'><strong>rebapti-</strong></span> 
     </span>
    </p>
   </div>
   <div class='ocr_carea' id='block_1_86' title="bbox 1993 2515 3574 2592">
    <p class='ocr_par' dir='ltr' id='par_1_86' title="bbox 1993 2515 3574 2592">
     <span class='ocr_line' id='line_1_86' title="bbox 1993 2515 3574 2592; baseline 0.004 -24"><span class='ocrx_word' id='word_1_691' title='bbox 1993 2515 2125 2569; x_wconf 66' lang='lat' dir='ltr'><strong>satis</strong></span> <span class='ocrx_word' id='word_1_692' title='bbox 2143 2557 2157 2580; x_wconf 90' lang='lat'><strong>,</strong></span> <span class='ocrx_word' id='word_1_693' title='bbox 2200 2519 2357 2572; x_wconf 86' lang='lat' dir='ltr'><strong>etiam</strong></span> <span class='ocrx_word' id='word_1_694' title='bbox 2387 2534 2508 2573; x_wconf 89' lang='lat' dir='ltr'><strong>cum</strong></span> <span class='ocrx_word' id='word_1_695' title='bbox 2545 2535 2665 2575; x_wconf 92' lang='lat' dir='ltr'><strong>eum</strong></span> <span class='ocrx_word' id='word_1_696' title='bbox 2696 2523 2993 2576; x_wconf 90' lang='lat' dir='ltr'><strong>constiterit</strong></span> <span class='ocrx_word' id='word_1_697' title='bbox 3027 2523 3094 2576; x_wconf 90' lang='lat' dir='ltr'><strong>ab</strong></span> <span class='ocrx_word' id='word_1_698' title='bbox 3123 2523 3298 2592; x_wconf 91' lang='lat' dir='ltr'><strong>aliquo</strong></span> <span class='ocrx_word' id='word_1_699' title='bbox 3339 2523 3574 2590; x_wconf 82' lang='lat' dir='ltr'><strong>baptiza-</strong></span> 
     </span>
    </p>
   </div>
   <div class='ocr_carea' id='block_1_87' title="bbox 1993 2610 3576 2682">
    <p class='ocr_par' dir='ltr' id='par_1_87' title="bbox 1993 2610 3576 2682">
     <span class='ocr_line' id='line_1_87' title="bbox 1993 2610 3576 2682; baseline 0.008 -26"><span class='ocrx_word' id='word_1_700' title='bbox 1993 2613 2144 2667; x_wconf 89' lang='lat' dir='ltr'><strong>tum,</strong></span> <span class='ocrx_word' id='word_1_701' title='bbox 2199 2610 2288 2676; x_wconf 88' lang='lat' dir='ltr'><strong>qui</strong></span> <span class='ocrx_word' id='word_1_702' title='bbox 2339 2620 2555 2678; x_wconf 84' lang='lat' dir='ltr'><strong>prepter</strong></span> <span class='ocrx_word' id='word_1_703' title='bbox 2596 2613 2856 2666; x_wconf 87' lang='lat' dir='ltr'><strong>occultam</strong></span> <span class='ocrx_word' id='word_1_704' title='bbox 2905 2614 3190 2682; x_wconf 87' lang='lat' dir='ltr'><strong>nequitiam</strong></span> <span class='ocrx_word' id='word_1_705' title='bbox 3241 2613 3349 2681; x_wconf 89' lang='lat' dir='ltr'><strong>jam</strong></span> <span class='ocrx_word' id='word_1_706' title='bbox 3391 2621 3576 2668; x_wconf 88' lang='lat' dir='ltr'><strong>sancte</strong></span> 
     </span>
    </p>
   </div>
   <div class='ocr_carea' id='block_1_88' title="bbox 1996 2697 3574 2772">
    <p class='ocr_par' dir='ltr' id='par_1_88' title="bbox 1996 2697 3574 2772">
     <span class='ocr_line' id='line_1_88' title="bbox 1996 2697 3574 2772; baseline 0.004 -22"><span class='ocrx_word' id='word_1_707' title='bbox 1996 2697 2175 2752; x_wconf 86' lang='lat' dir='ltr'><strong>dantis</strong></span> <span class='ocrx_word' id='word_1_708' title='bbox 2212 2702 2592 2755; x_wconf 89' lang='lat' dir='ltr'><strong>conscientiam</strong></span> <span class='ocrx_word' id='word_1_709' title='bbox 2641 2719 2746 2756; x_wconf 89' lang='lat' dir='ltr'><strong>non</strong></span> <span class='ocrx_word' id='word_1_710' title='bbox 2796 2703 3050 2766; x_wconf 85' lang='lat' dir='ltr'><strong>habebat;</strong></span> <span class='ocrx_word' id='word_1_711' title='bbox 3099 2703 3224 2772; x_wconf 90' lang='lat' dir='ltr'><strong>quid</strong></span> <span class='ocrx_word' id='word_1_712' title='bbox 3268 2703 3574 2771; x_wconf 74' lang='lat' dir='ltr'><strong>reSponsuri</strong></span> 
     </span>
    </p>
   </div>
   <div class='ocr_carea' id='block_1_89' title="bbox 1996 2788 3576 2861">
    <p class='ocr_par' dir='ltr' id='par_1_89' title="bbox 1996 2788 3576 2861">
     <span class='ocr_line' id='line_1_89' title="bbox 1996 2788 3576 2861; baseline 0.003 -20"><span class='ocrx_word' id='word_1_713' title='bbox 1996 2788 2124 2841; x_wconf 88' lang='lat' dir='ltr'><strong>estis</strong></span> <span class='ocrx_word' id='word_1_714' title='bbox 2143 2830 2158 2853; x_wconf 95' lang='lat'><strong>,</strong></span> <span class='ocrx_word' id='word_1_715' title='bbox 2202 2788 2301 2842; x_wconf 88' lang='lat' dir='ltr'><strong>nisi</strong></span> <span class='ocrx_word' id='word_1_716' title='bbox 2336 2805 2364 2842; x_wconf 88' lang='lat' dir='ltr'><strong>a</strong></span> <span class='ocrx_word' id='word_1_717' title='bbox 2394 2789 2606 2844; x_wconf 89' lang='lat' dir='ltr'><strong>Christo</strong></span> <span class='ocrx_word' id='word_1_718' title='bbox 2631 2801 2721 2844; x_wconf 87' lang='lat' dir='ltr'><strong>aut</strong></span> <span class='ocrx_word' id='word_1_719' title='bbox 2745 2806 2774 2844; x_wconf 91' lang='lat' dir='ltr'><strong>a</strong></span> <span class='ocrx_word' id='word_1_720' title='bbox 2803 2792 2914 2846; x_wconf 90' lang='lat' dir='ltr'><strong>Deo</strong></span> <span class='ocrx_word' id='word_1_721' title='bbox 2933 2833 2948 2856; x_wconf 94' lang='lat'><strong>,</strong></span> <span class='ocrx_word' id='word_1_722' title='bbox 2985 2793 3226 2861; x_wconf 87' lang='lat' dir='ltr'><strong>quamvis</strong></span> <span class='ocrx_word' id='word_1_723' title='bbox 3254 2801 3307 2846; x_wconf 91' lang='lat' dir='ltr'><strong>et</strong></span> <span class='ocrx_word' id='word_1_724' title='bbox 3331 2792 3576 2847; x_wconf 85' lang='lat' dir='ltr'><strong>Christus</strong></span> 
     </span>
    </p>
   </div>
   <div class='ocr_carea' id='block_1_90' title="bbox 2001 2878 3572 2951">
    <p class='ocr_par' dir='ltr' id='par_1_90' title="bbox 2001 2878 3572 2951">
     <span class='ocr_line' id='line_1_90' title="bbox 2001 2878 3572 2951; baseline 0.005 -20"><span class='ocrx_word' id='word_1_725' title='bbox 2001 2878 2140 2932; x_wconf 88' lang='lat' dir='ltr'><strong>Deus</strong></span> <span class='ocrx_word' id='word_1_726' title='bbox 2165 2893 2326 2946; x_wconf 90' lang='lat' dir='ltr'><strong>super</strong></span> <span class='ocrx_word' id='word_1_727' title='bbox 2356 2881 2532 2934; x_wconf 89' lang='lat' dir='ltr'><strong>omnia</strong></span> <span class='ocrx_word' id='word_1_728' title='bbox 2558 2883 2626 2936; x_wconf 88' lang='lat' dir='ltr'><strong>sit</strong></span> <span class='ocrx_word' id='word_1_729' title='bbox 2653 2882 2957 2936; x_wconf 77' lang='lat' dir='ltr'><strong>benedictus</strong></span> <span class='ocrx_word' id='word_1_730' title='bbox 2981 2884 3031 2936; x_wconf 91' lang='lat' dir='ltr'><strong>in</strong></span> <span class='ocrx_word' id='word_1_731' title='bbox 3063 2885 3252 2938; x_wconf 80' lang='lat' dir='ltr'><strong>sa-cula</strong></span> <span class='ocrx_word' id='word_1_732' title='bbox 3283 2883 3460 2951; x_wconf 84' lang='lat' dir='ltr'><strong>(Rom.</strong></span> <span class='ocrx_word' id='word_1_733' title='bbox 3481 2901 3572 2948; x_wconf 79' lang='lat' dir='ltr'><strong>1x,</strong></span> 
     </span>
    </p>
   </div>
   <div class='ocr_carea' id='block_1_91' title="bbox 1997 2970 3575 3042">
    <p class='ocr_par' dir='ltr' id='par_1_91' title="bbox 1997 2970 3575 3042">
     <span class='ocr_line' id='line_1_91' title="bbox 1997 2970 3575 3042; baseline 0.003 -20"><span class='ocrx_word' id='word_1_734' title='bbox 1997 2970 2052 3035; x_wconf 85' lang='lat'><strong>5)</strong></span> <span class='ocrx_word' id='word_1_735' title='bbox 2075 2985 2090 3034; x_wconf 93' lang='lat'><strong>;</strong></span> <span class='ocrx_word' id='word_1_736' title='bbox 2117 2978 2206 3023; x_wconf 91' lang='lat' dir='ltr'><strong>aut</strong></span> <span class='ocrx_word' id='word_1_737' title='bbox 2229 2971 2297 3024; x_wconf 90' lang='lat' dir='ltr'><strong>ab</strong></span> <span class='ocrx_word' id='word_1_738' title='bbox 2325 2972 2522 3040; x_wconf 87' lang='lat' dir='ltr'><strong>Spiritu</strong></span> <span class='ocrx_word' id='word_1_739' title='bbox 2551 2981 2735 3026; x_wconf 88' lang='lat' dir='ltr'><strong>sancto</strong></span> <span class='ocrx_word' id='word_1_740' title='bbox 2758 3013 2772 3031; x_wconf 85' lang='lat'><strong>.</strong></span> <span class='ocrx_word' id='word_1_741' title='bbox 2800 2987 2918 3026; x_wconf 90' lang='lat' dir='ltr'><strong>cum</strong></span> <span class='ocrx_word' id='word_1_742' title='bbox 2947 2982 3000 3028; x_wconf 91' lang='lat' dir='ltr'><strong>et</strong></span> <span class='ocrx_word' id='word_1_743' title='bbox 3023 2975 3133 3042; x_wconf 88' lang='lat' dir='ltr'><strong>ipse</strong></span> <span class='ocrx_word' id='word_1_744' title='bbox 3157 2975 3228 3027; x_wconf 90' lang='lat' dir='ltr'><strong>sit</strong></span> <span class='ocrx_word' id='word_1_745' title='bbox 3254 2974 3392 3028; x_wconf 78' lang='lat' dir='ltr'><strong>Deus</strong></span> <span class='ocrx_word' id='word_1_746' title='bbox 3411 3015 3425 3038; x_wconf 92' lang='lat'><strong>,</strong></span> <span class='ocrx_word' id='word_1_747' title='bbox 3455 2975 3575 3042; x_wconf 89' lang='lat' dir='ltr'><strong>quia</strong></span> 
     </span>
    </p>
   </div>
   <div class='ocr_carea' id='block_1_92' title="bbox 1997 3058 3579 3120">
    <p class='ocr_par' dir='ltr' id='par_1_92' title="bbox 1997 3058 3579 3120">
     <span class='ocr_line' id='line_1_92' title="bbox 1997 3058 3579 3120; baseline 0.005 -8"><span class='ocrx_word' id='word_1_748' title='bbox 1997 3058 2111 3114; x_wconf 64' lang='lat' dir='ltr'><strong>hace</strong></span> <span class='ocrx_word' id='word_1_749' title='bbox 2140 3060 2372 3115; x_wconf 87' lang='lat' dir='ltr'><strong>Trinitas</strong></span> <span class='ocrx_word' id='word_1_750' title='bbox 2399 3077 2532 3116; x_wconf 80' lang='lat' dir='ltr'><strong>nntts</strong></span> <span class='ocrx_word' id='word_1_751' title='bbox 2553 3065 2690 3117; x_wconf 84' lang='lat' dir='ltr'><strong>Deus</strong></span> <span class='ocrx_word' id='word_1_752' title='bbox 2725 3064 2789 3114; x_wconf 72' lang='lat'><strong>’?</strong></span> <span class='ocrx_word' id='word_1_753' title='bbox 2822 3065 2970 3119; x_wconf 89' lang='lat' dir='ltr'><strong>Unde</strong></span> <span class='ocrx_word' id='word_1_754' title='bbox 2996 3065 3182 3120; x_wconf 88' lang='lat' dir='ltr'><strong>Petrus</strong></span> <span class='ocrx_word' id='word_1_755' title='bbox 3211 3081 3329 3120; x_wconf 91' lang='lat' dir='ltr'><strong>cum</strong></span> <span class='ocrx_word' id='word_1_756' title='bbox 3356 3066 3579 3120; x_wconf 83' lang='lat' dir='ltr'><strong>dixisset</strong></span> 
     </span>
    </p>
   </div>
   <div class='ocr_carea' id='block_1_93' title="bbox 1996 3148 3577 3222">
    <p class='ocr_par' dir='ltr' id='par_1_93' title="bbox 1996 3148 3577 3222">
     <span class='ocr_line' id='line_1_93' title="bbox 1996 3148 3577 3222; baseline 0.005 -20"><span class='ocrx_word' id='word_1_757' title='bbox 1996 3148 2233 3215; x_wconf 88' lang='lat' dir='ltr'><strong>homini,</strong></span> <span class='ocrx_word' id='word_1_758' title='bbox 2269 3153 2433 3205; x_wconf 80' lang='lat' dir='ltr'><strong>Ausus</strong></span> <span class='ocrx_word' id='word_1_759' title='bbox 2467 3169 2516 3205; x_wconf 90' lang='lat' dir='ltr'><strong>es</strong></span> <span class='ocrx_word' id='word_1_760' title='bbox 2565 3155 2765 3205; x_wconf 85' lang='lat' dir='ltr'><strong>mentiri</strong></span> <span class='ocrx_word' id='word_1_761' title='bbox 2808 3153 3028 3222; x_wconf 87' lang='lat' dir='ltr'><strong>Spiritui</strong></span> <span class='ocrx_word' id='word_1_762' title='bbox 3069 3165 3278 3219; x_wconf 86' lang='lat' dir='ltr'><strong>sancto;</strong></span> <span class='ocrx_word' id='word_1_763' title='bbox 3325 3157 3577 3210; x_wconf 88' lang='lat' dir='ltr'><strong>continuo</strong></span> 
     </span>
    </p>
   </div>
   <div class='ocr_carea' id='block_1_94' title="bbox 1997 3240 3576 3311">
    <p class='ocr_par' dir='ltr' id='par_1_94' title="bbox 1997 3240 3576 3311">
     <span class='ocr_line' id='line_1_94' title="bbox 1997 3240 3576 3311; baseline 0.006 -19"><span class='ocrx_word' id='word_1_764' title='bbox 1997 3249 2210 3293; x_wconf 87' lang='lat' dir='ltr'><strong>secutus</strong></span> <span class='ocrx_word' id='word_1_765' title='bbox 2238 3240 2476 3308; x_wconf 73' lang='lat' dir='ltr'><strong>adjunxit</strong></span> <span class='ocrx_word' id='word_1_766' title='bbox 2500 3242 2625 3309; x_wconf 89' lang='lat' dir='ltr'><strong>quid</strong></span> <span class='ocrx_word' id='word_1_767' title='bbox 2652 3251 2795 3296; x_wconf 89' lang='lat' dir='ltr'><strong>esset</strong></span> <span class='ocrx_word' id='word_1_768' title='bbox 2822 3242 3050 3311; x_wconf 85' lang='lat' dir='ltr'><strong>Spiritus</strong></span> <span class='ocrx_word' id='word_1_769' title='bbox 3080 3254 3294 3298; x_wconf 87' lang='lat' dir='ltr'><strong>sanctus</strong></span> <span class='ocrx_word' id='word_1_770' title='bbox 3317 3286 3330 3307; x_wconf 92' lang='lat'><strong>,</strong></span> <span class='ocrx_word' id='word_1_771' title='bbox 3373 3254 3427 3298; x_wconf 93' lang='lat' dir='ltr'><strong>et</strong></span> <span class='ocrx_word' id='word_1_772' title='bbox 3455 3247 3526 3297; x_wconf 90' lang='lat' dir='ltr'><strong>ait</strong></span> <span class='ocrx_word' id='word_1_773' title='bbox 3559 3263 3576 3302; x_wconf 83' lang='lat'><strong>:</strong></span> 
     </span>
    </p>
   </div>
   <div class='ocr_carea' id='block_1_95' title="bbox 1998 3327 3577 3405">
    <p class='ocr_par' dir='ltr' id='par_1_95' title="bbox 1998 3327 3577 3405">
     <span class='ocr_line' id='line_1_95' title="bbox 1998 3327 3577 3405; baseline 0.004 -25"><span class='ocrx_word' id='word_1_774' title='bbox 1998 3327 2119 3382; x_wconf 86' lang='lat' dir='ltr'><strong>Non</strong></span> <span class='ocrx_word' id='word_1_775' title='bbox 2145 3345 2196 3382; x_wconf 90' lang='lat' dir='ltr'><strong>es</strong></span> <span class='ocrx_word' id='word_1_776' title='bbox 2223 3331 2453 3386; x_wconf 81' lang='lat' dir='ltr'><strong>mentitus</strong></span> <span class='ocrx_word' id='word_1_777' title='bbox 2473 3331 2776 3397; x_wconf 86' lang='lat' dir='ltr'><strong>hominibus,</strong></span> <span class='ocrx_word' id='word_1_778' title='bbox 2801 3333 2890 3386; x_wconf 85' lang='lat' dir='ltr'><strong>sed</strong></span> <span class='ocrx_word' id='word_1_779' title='bbox 2912 3333 3016 3386; x_wconf 84' lang='lat' dir='ltr'><strong>Deo</strong></span> <span class='ocrx_word' id='word_1_780' title='bbox 3044 3335 3178 3402; x_wconf 73' lang='lat' dir='ltr'><strong>(Act.</strong></span> <span class='ocrx_word' id='word_1_781' title='bbox 3205 3351 3259 3398; x_wconf 84' lang='lat' dir='ltr'><strong>v,</strong></span> <span class='ocrx_word' id='word_1_782' title='bbox 3289 3335 3341 3395; x_wconf 81' lang='grc'><strong>5,</strong></span> <span class='ocrx_word' id='word_1_783' title='bbox 3363 3335 3440 3405; x_wconf 72' lang='lat' dir='ltr'><strong>ll).</strong></span> <span class='ocrx_word' id='word_1_784' title='bbox 3474 3335 3577 3389; x_wconf 84' lang='grc' dir='ltr'><strong>Ρο-</strong></span> 
     </span>
    </p>
   </div>
   <div class='ocr_carea' id='block_1_96' title="bbox 1996 3420 3578 3495">
    <p class='ocr_par' dir='ltr' id='par_1_96' title="bbox 1996 3420 3578 3495">
     <span class='ocr_line' id='line_1_96' title="bbox 1996 3420 3578 3495; baseline 0.006 -23"><span class='ocrx_word' id='word_1_785' title='bbox 1996 3428 2196 3472; x_wconf 84' lang='lat' dir='ltr'><strong>stremo</strong></span> <span class='ocrx_word' id='word_1_786' title='bbox 2242 3421 2448 3474; x_wconf 82' lang='lat' dir='ltr'><strong>etiamsi</strong></span> <span class='ocrx_word' id='word_1_787' title='bbox 2499 3420 2690 3476; x_wconf 85' lang='lat' dir='ltr'><strong>dicatis</strong></span> <span class='ocrx_word' id='word_1_788' title='bbox 2736 3438 2858 3476; x_wconf 89' lang='lat' dir='ltr'><strong>eum</strong></span> <span class='ocrx_word' id='word_1_789' title='bbox 2899 3424 2966 3476; x_wconf 90' lang='lat' dir='ltr'><strong>ab</strong></span> <span class='ocrx_word' id='word_1_790' title='bbox 3009 3425 3196 3495; x_wconf 80' lang='lat' dir='ltr'><strong>angelo</strong></span> <span class='ocrx_word' id='word_1_791' title='bbox 3225 3426 3369 3480; x_wconf 85' lang='lat' dir='ltr'><strong>ablui</strong></span> <span class='ocrx_word' id='word_1_792' title='bbox 3415 3435 3578 3495; x_wconf 89' lang='lat' dir='ltr'><strong>atque</strong></span> 
     </span>
    </p>
   </div>
   <div class='ocr_carea' id='block_1_97' title="bbox 1996 3507 3577 3580">
    <p class='ocr_par' dir='ltr' id='par_1_97' title="bbox 1996 3507 3577 3580">
     <span class='ocr_line' id='line_1_97' title="bbox 1996 3507 3577 3580; baseline 0.005 -19"><span class='ocrx_word' id='word_1_793' title='bbox 1996 3507 2240 3562; x_wconf 89' lang='lat' dir='ltr'><strong>mundari</strong></span> <span class='ocrx_word' id='word_1_794' title='bbox 2265 3550 2279 3572; x_wconf 92' lang='lat'><strong>,</strong></span> <span class='ocrx_word' id='word_1_795' title='bbox 2321 3511 2534 3579; x_wconf 88' lang='lat' dir='ltr'><strong>quando</strong></span> <span class='ocrx_word' id='word_1_796' title='bbox 2575 3511 2824 3580; x_wconf 89' lang='lat' dir='ltr'><strong>pollutam</strong></span> <span class='ocrx_word' id='word_1_797' title='bbox 2855 3513 3232 3569; x_wconf 90' lang='lat' dir='ltr'><strong>conscientiam</strong></span> <span class='ocrx_word' id='word_1_798' title='bbox 3261 3530 3366 3569; x_wconf 90' lang='lat' dir='ltr'><strong>non</strong></span> <span class='ocrx_word' id='word_1_799' title='bbox 3393 3525 3577 3569; x_wconf 89' lang='lat' dir='ltr'><strong>sancte</strong></span> 
     </span>
    </p>
   </div>
   <div class='ocr_carea' id='block_1_98' title="bbox 1995 3599 3575 3674">
    <p class='ocr_par' dir='ltr' id='par_1_98' title="bbox 1995 3599 3575 3674">
     <span class='ocr_line' id='line_1_98' title="bbox 1995 3599 3575 3674; baseline 0.006 -22"><span class='ocrx_word' id='word_1_800' title='bbox 1995 3599 2170 3654; x_wconf 84' lang='lat' dir='ltr'><strong>dantis</strong></span> <span class='ocrx_word' id='word_1_801' title='bbox 2211 3601 2447 3670; x_wconf 78' lang='lat' dir='ltr'><strong>ignorat;</strong></span> <span class='ocrx_word' id='word_1_802' title='bbox 2492 3601 2668 3658; x_wconf 87' lang='lat' dir='ltr'><strong>videte</strong></span> <span class='ocrx_word' id='word_1_803' title='bbox 2711 3605 2832 3674; x_wconf 87' lang='lat' dir='ltr'><strong>quia</strong></span> <span class='ocrx_word' id='word_1_804' title='bbox 2871 3606 3039 3660; x_wconf 88' lang='lat' dir='ltr'><strong>sancti</strong></span> <span class='ocrx_word' id='word_1_805' title='bbox 3087 3605 3330 3661; x_wconf 89' lang='lat' dir='ltr'><strong>homines</strong></span> <span class='ocrx_word' id='word_1_806' title='bbox 3373 3621 3492 3661; x_wconf 93' lang='lat' dir='ltr'><strong>cum</strong></span> <span class='ocrx_word' id='word_1_807' title='bbox 3523 3607 3575 3661; x_wconf 90' lang='lat' dir='ltr'><strong>in</strong></span> 
     </span>
    </p>
   </div>
   <div class='ocr_carea' id='block_1_99' title="bbox 1997 3693 3578 3762">
    <p class='ocr_par' dir='ltr' id='par_1_99' title="bbox 1997 3693 3578 3762">
     <span class='ocr_line' id='line_1_99' title="bbox 1997 3693 3578 3762; baseline 0.005 -18"><span class='ocrx_word' id='word_1_808' title='bbox 1997 3703 2253 3746; x_wconf 69' lang='lat' dir='ltr'><strong>mternam</strong></span> <span class='ocrx_word' id='word_1_809' title='bbox 2283 3693 2441 3746; x_wconf 85' lang='lat' dir='ltr'><strong>vitam</strong></span> <span class='ocrx_word' id='word_1_810' title='bbox 2472 3696 2882 3762; x_wconf 84' lang='lat' dir='ltr'><strong>resurrexerint,</strong></span> <span class='ocrx_word' id='word_1_811' title='bbox 2915 3704 3039 3750; x_wconf 91' lang='lat' dir='ltr'><strong>tunc</strong></span> <span class='ocrx_word' id='word_1_812' title='bbox 3067 3697 3134 3752; x_wconf 89' lang='lat' dir='ltr'><strong>de</strong></span> <span class='ocrx_word' id='word_1_813' title='bbox 3157 3697 3259 3750; x_wconf 89' lang='lat' dir='ltr'><strong>illis</strong></span> <span class='ocrx_word' id='word_1_814' title='bbox 3274 3698 3471 3750; x_wconf 87' lang='lat' dir='ltr'><strong>dictum</strong></span> <span class='ocrx_word' id='word_1_815' title='bbox 3496 3706 3578 3752; x_wconf 90' lang='lat' dir='ltr'><strong>est</strong></span> 
     </span>
    </p>
   </div>
   <div class='ocr_carea' id='block_1_100' title="bbox 2001 3781 3576 3855">
    <p class='ocr_par' dir='ltr' id='par_1_100' title="bbox 2001 3781 3576 3855">
     <span class='ocr_line' id='line_1_100' title="bbox 2001 3781 3576 3855; baseline 0.005 -24"><span class='ocrx_word' id='word_1_816' title='bbox 2001 3781 2140 3849; x_wconf 90' lang='lat' dir='ltr'><strong>quod</strong></span> <span class='ocrx_word' id='word_1_817' title='bbox 2167 3790 2324 3835; x_wconf 90' lang='lat' dir='ltr'><strong>erunt</strong></span> <span class='ocrx_word' id='word_1_818' title='bbox 2351 3784 2580 3849; x_wconf 69' lang='lat' dir='ltr'><strong>aequales</strong></span> <span class='ocrx_word' id='word_1_819' title='bbox 2618 3784 2833 3850; x_wconf 78' lang='lat' dir='ltr'><strong>Angelis</strong></span> <span class='ocrx_word' id='word_1_820' title='bbox 2881 3785 2972 3838; x_wconf 88' lang='lat' dir='ltr'><strong>Dei</strong></span> <span class='ocrx_word' id='word_1_821' title='bbox 3029 3785 3237 3855; x_wconf 74' lang='lat' dir='ltr'><strong>(Matth.</strong></span> <span class='ocrx_word' id='word_1_822' title='bbox 3280 3801 3432 3850; x_wconf 77' lang='lat' dir='ltr'><strong>xm,</strong></span> <span class='ocrx_word' id='word_1_823' title='bbox 3461 3787 3576 3855; x_wconf 80' lang='grc'><strong>50).</strong></span> 
     </span>
    </p>
   </div>
   <div class='ocr_carea' id='block_1_101' title="bbox 2001 3870 3580 3940">
    <p class='ocr_par' dir='ltr' id='par_1_101' title="bbox 2001 3870 3580 3940">
     <span class='ocr_line' id='line_1_101' title="bbox 2001 3870 3580 3940; baseline 0.003 -16"><span class='ocrx_word' id='word_1_824' title='bbox 2001 3871 2251 3937; x_wconf 84' lang='lat' dir='ltr'><strong>Quisquis</strong></span> <span class='ocrx_word' id='word_1_825' title='bbox 2275 3885 2402 3939; x_wconf 80' lang='lat' dir='ltr'><strong>ergo</strong></span> <span class='ocrx_word' id='word_1_826' title='bbox 2429 3879 2484 3922; x_wconf 87' lang='lat' dir='ltr'><strong>et</strong></span> <span class='ocrx_word' id='word_1_827' title='bbox 2510 3870 2578 3923; x_wconf 90' lang='lat' dir='ltr'><strong>ab</strong></span> <span class='ocrx_word' id='word_1_828' title='bbox 2596 3871 2786 3940; x_wconf 81' lang='lat' dir='ltr'><strong>angelo</strong></span> <span class='ocrx_word' id='word_1_829' title='bbox 2808 3872 3057 3936; x_wconf 83' lang='lat' dir='ltr'><strong>abluitur,</strong></span> <span class='ocrx_word' id='word_1_830' title='bbox 3089 3875 3325 3928; x_wconf 76' lang='lat' dir='ltr'><strong>sanctius</strong></span> <span class='ocrx_word' id='word_1_831' title='bbox 3348 3873 3580 3929; x_wconf 89' lang='lat' dir='ltr'><strong>abluitur</strong></span> 
     </span>
    </p>
   </div>
   <div class='ocr_carea' id='block_1_102' title="bbox 1998 3960 3578 4032">
    <p class='ocr_par' dir='ltr' id='par_1_102' title="bbox 1998 3960 3578 4032">
     <span class='ocr_line' id='line_1_102' title="bbox 1998 3960 3578 4032; baseline 0.002 -16"><span class='ocrx_word' id='word_1_832' title='bbox 1998 3977 2156 4032; x_wconf 89' lang='lat' dir='ltr'><strong>quam</strong></span> <span class='ocrx_word' id='word_1_833' title='bbox 2181 3961 2224 4014; x_wconf 86' lang='lat' dir='ltr'><strong>si</strong></span> <span class='ocrx_word' id='word_1_834' title='bbox 2253 3961 2498 4016; x_wconf 88' lang='lat' dir='ltr'><strong>abluatur</strong></span> <span class='ocrx_word' id='word_1_835' title='bbox 2520 3960 2587 4016; x_wconf 89' lang='lat' dir='ltr'><strong>ab</strong></span> <span class='ocrx_word' id='word_1_836' title='bbox 2616 3960 2847 4016; x_wconf 88' lang='lat' dir='ltr'><strong>hominis</strong></span> <span class='ocrx_word' id='word_1_837' title='bbox 2862 3963 3233 4032; x_wconf 89' lang='lat' dir='ltr'><strong>qualicumque</strong></span> <span class='ocrx_word' id='word_1_838' title='bbox 3257 3965 3278 3995; x_wconf 83' lang='grc'>³</span> <span class='ocrx_word' id='word_1_839' title='bbox 3297 3966 3578 4019; x_wconf 89' lang='lat' dir='ltr'><strong>conscien-</strong></span> 
     </span>
    </p>
   </div>
   <div class='ocr_carea' id='block_1_103' title="bbox 2001 4055 3580 4124">
    <p class='ocr_par' dir='ltr' id='par_1_103' title="bbox 2001 4055 3580 4124">
     <span class='ocr_line' id='line_1_103' title="bbox 2001 4055 3580 4124; baseline 0.002 -15"><span class='ocrx_word' id='word_1_840' title='bbox 2001 4056 2092 4109; x_wconf 87' lang='lat' dir='ltr'><strong>tia.</strong></span> <span class='ocrx_word' id='word_1_841' title='bbox 2140 4056 2246 4110; x_wconf 88' lang='lat' dir='ltr'><strong>Cur</strong></span> <span class='ocrx_word' id='word_1_842' title='bbox 2299 4069 2426 4124; x_wconf 86' lang='lat' dir='ltr'><strong>ergo</strong></span> <span class='ocrx_word' id='word_1_843' title='bbox 2459 4072 2566 4110; x_wconf 90' lang='lat' dir='ltr'><strong>non</strong></span> <span class='ocrx_word' id='word_1_844' title='bbox 2615 4055 2776 4109; x_wconf 85' lang='lat' dir='ltr'><strong>vultis</strong></span> <span class='ocrx_word' id='word_1_845' title='bbox 2815 4063 2871 4110; x_wconf 92' lang='lat' dir='ltr'><strong>ut</strong></span> <span class='ocrx_word' id='word_1_846' title='bbox 2911 4055 3119 4109; x_wconf 89' lang='lat' dir='ltr'><strong>dicatur</strong></span> <span class='ocrx_word' id='word_1_847' title='bbox 3146 4055 3334 4122; x_wconf 88' lang='lat' dir='ltr'><strong>vobis,</strong></span> <span class='ocrx_word' id='word_1_848' title='bbox 3368 4056 3424 4110; x_wconf 92' lang='lat' dir='ltr'><strong>Si</strong></span> <span class='ocrx_word' id='word_1_849' title='bbox 3455 4067 3580 4112; x_wconf 90' lang='lat' dir='ltr'><strong>tunc</strong></span> 
     </span>
    </p>
   </div>
   <div class='ocr_carea' id='block_1_104' title="bbox 1997 4144 3580 4216">
    <p class='ocr_par' dir='ltr' id='par_1_104' title="bbox 1997 4144 3580 4216">
     <span class='ocr_line' id='line_1_104' title="bbox 1997 4144 3580 4216; baseline 0 -16"><span class='ocrx_word' id='word_1_850' title='bbox 1997 4147 2164 4202; x_wconf 90' lang='lat' dir='ltr'><strong>abluit</strong></span> <span class='ocrx_word' id='word_1_851' title='bbox 2207 4145 2366 4200; x_wconf 92' lang='lat' dir='ltr'><strong>homo</strong></span> <span class='ocrx_word' id='word_1_852' title='bbox 2395 4146 2605 4216; x_wconf 90' lang='lat' dir='ltr'><strong>quando</strong></span> <span class='ocrx_word' id='word_1_853' title='bbox 2646 4144 2958 4200; x_wconf 88' lang='lat' dir='ltr'><strong>manifestus</strong></span> <span class='ocrx_word' id='word_1_854' title='bbox 2989 4145 3159 4200; x_wconf 89' lang='lat' dir='ltr'><strong>bonus</strong></span> <span class='ocrx_word' id='word_1_855' title='bbox 3192 4155 3273 4201; x_wconf 85' lang='lat' dir='ltr'><strong>est</strong></span> <span class='ocrx_word' id='word_1_856' title='bbox 3293 4188 3307 4211; x_wconf 91' lang='lat'><strong>,</strong></span> <span class='ocrx_word' id='word_1_857' title='bbox 3335 4161 3455 4200; x_wconf 91' lang='lat' dir='ltr'><strong>cum</strong></span> <span class='ocrx_word' id='word_1_858' title='bbox 3481 4161 3580 4200; x_wconf 85' lang='lat' dir='ltr'><strong>au-</strong></span> 
     </span>
    </p>
   </div>
   <div class='ocr_carea' id='block_1_105' title="bbox 2000 4237 3580 4306">
    <p class='ocr_par' dir='ltr' id='par_1_105' title="bbox 2000 4237 3580 4306">
     <span class='ocr_line' id='line_1_105' title="bbox 2000 4237 3580 4306; baseline 0.001 -15"><span class='ocrx_word' id='word_1_859' title='bbox 2000 4245 2107 4292; x_wconf 86' lang='lat' dir='ltr'><strong>tem</strong></span> <span class='ocrx_word' id='word_1_860' title='bbox 2151 4237 2390 4292; x_wconf 88' lang='lat' dir='ltr'><strong>occultus</strong></span> <span class='ocrx_word' id='word_1_861' title='bbox 2429 4237 2589 4291; x_wconf 90' lang='lat' dir='ltr'><strong>homo</strong></span> <span class='ocrx_word' id='word_1_862' title='bbox 2635 4237 2805 4290; x_wconf 89' lang='lat' dir='ltr'><strong>malus</strong></span> <span class='ocrx_word' id='word_1_863' title='bbox 2832 4246 2948 4303; x_wconf 91' lang='lat' dir='ltr'><strong>est,</strong></span> <span class='ocrx_word' id='word_1_864' title='bbox 2993 4237 3241 4306; x_wconf 89' lang='lat' dir='ltr'><strong>quoniam</strong></span> <span class='ocrx_word' id='word_1_865' title='bbox 3284 4251 3387 4290; x_wconf 89' lang='lat' dir='ltr'><strong>non</strong></span> <span class='ocrx_word' id='word_1_866' title='bbox 3420 4237 3580 4293; x_wconf 89' lang='lat' dir='ltr'><strong>habet</strong></span> 
     </span>
    </p>
   </div>
   <div class='ocr_carea' id='block_1_106' title="bbox 1999 4327 3578 4397">
    <p class='ocr_par' dir='ltr' id='par_1_106' title="bbox 1999 4327 3578 4397">
     <span class='ocr_line' id='line_1_106' title="bbox 1999 4327 3578 4397; baseline 0.001 -15"><span class='ocrx_word' id='word_1_867' title='bbox 1999 4327 2378 4382; x_wconf 89' lang='lat' dir='ltr'><strong>conscientiam</strong></span> <span class='ocrx_word' id='word_1_868' title='bbox 2405 4337 2586 4382; x_wconf 89' lang='lat' dir='ltr'><strong>sancte</strong></span> <span class='ocrx_word' id='word_1_869' title='bbox 2611 4327 2786 4382; x_wconf 88' lang='lat' dir='ltr'><strong>dantis</strong></span> <span class='ocrx_word' id='word_1_870' title='bbox 2803 4369 2818 4393; x_wconf 94' lang='lat'><strong>,</strong></span> <span class='ocrx_word' id='word_1_871' title='bbox 2871 4344 2974 4382; x_wconf 91' lang='lat' dir='ltr'><strong>non</strong></span> <span class='ocrx_word' id='word_1_872' title='bbox 2999 4328 3108 4397; x_wconf 86' lang='lat' dir='ltr'><strong>jam</strong></span> <span class='ocrx_word' id='word_1_873' title='bbox 3140 4328 3253 4397; x_wconf 89' lang='lat' dir='ltr'><strong>ipse</strong></span> <span class='ocrx_word' id='word_1_874' title='bbox 3278 4369 3291 4392; x_wconf 93' lang='lat'><strong>,</strong></span> <span class='ocrx_word' id='word_1_875' title='bbox 3319 4327 3411 4382; x_wconf 89' lang='lat' dir='ltr'><strong>sed</strong></span> <span class='ocrx_word' id='word_1_876' title='bbox 3438 4329 3578 4384; x_wconf 81' lang='lat' dir='ltr'><strong>Deus</strong></span> 
     </span>
    </p>
   </div>
   <div class='ocr_carea' id='block_1_107' title="bbox 2001 4418 3578 4491">
    <p class='ocr_par' dir='ltr' id='par_1_107' title="bbox 2001 4418 3578 4491">
     <span class='ocr_line' id='line_1_107' title="bbox 2001 4418 3578 4491; baseline -0.001 -19"><span class='ocrx_word' id='word_1_877' title='bbox 2001 4427 2094 4473; x_wconf 91' lang='lat' dir='ltr'><strong>aut</strong></span> <span class='ocrx_word' id='word_1_878' title='bbox 2119 4418 2336 4489; x_wconf 89' lang='lat' dir='ltr'><strong>angelus</strong></span> <span class='ocrx_word' id='word_1_879' title='bbox 2364 4418 2568 4484; x_wconf 90' lang='lat' dir='ltr'><strong>abluit,</strong></span> <span class='ocrx_word' id='word_1_880' title='bbox 2616 4420 2850 4474; x_wconf 90' lang='lat' dir='ltr'><strong>sanctius</strong></span> <span class='ocrx_word' id='word_1_881' title='bbox 2885 4419 3240 4491; x_wconf 85' lang='lat' dir='ltr'><strong>justilicantur</strong></span> <span class='ocrx_word' id='word_1_882' title='bbox 3279 4421 3366 4490; x_wconf 88' lang='lat' dir='ltr'><strong>qui</strong></span> <span class='ocrx_word' id='word_1_883' title='bbox 3408 4420 3578 4490; x_wconf 73' lang='lat' dir='ltr'><strong>bapti.</strong></span> 
     </span>
    </p>
   </div>
   <div class='ocr_carea' id='block_1_108' title="bbox 2002 4509 3578 4579">
    <p class='ocr_par' dir='ltr' id='par_1_108' title="bbox 2002 4509 3578 4579">
     <span class='ocr_line' id='line_1_108' title="bbox 2002 4509 3578 4579; baseline -0.002 -13"><span class='ocrx_word' id='word_1_884' title='bbox 2002 4516 2188 4567; x_wconf 81' lang='lat' dir='ltr'><strong>zantur</strong></span> <span class='ocrx_word' id='word_1_885' title='bbox 2215 4509 2282 4563; x_wconf 88' lang='lat' dir='ltr'><strong>ab</strong></span> <span class='ocrx_word' id='word_1_886' title='bbox 2306 4509 2528 4563; x_wconf 91' lang='lat' dir='ltr'><strong>occultis</strong></span> <span class='ocrx_word' id='word_1_887' title='bbox 2549 4509 2700 4563; x_wconf 87' lang='lat' dir='ltr'><strong>malis</strong></span> <span class='ocrx_word' id='word_1_888' title='bbox 2719 4551 2733 4575; x_wconf 94' lang='lat'><strong>,</strong></span> <span class='ocrx_word' id='word_1_889' title='bbox 2757 4526 2915 4579; x_wconf 91' lang='lat' dir='ltr'><strong>quam</strong></span> <span class='ocrx_word' id='word_1_890' title='bbox 2938 4510 3024 4579; x_wconf 89' lang='lat' dir='ltr'><strong>qui</strong></span> <span class='ocrx_word' id='word_1_891' title='bbox 3050 4509 3384 4578; x_wconf 87' lang='lat' dir='ltr'><strong>baptizantnr</strong></span> <span class='ocrx_word' id='word_1_892' title='bbox 3407 4527 3436 4565; x_wconf 91' lang='lat' dir='ltr'><strong>a</strong></span> <span class='ocrx_word' id='word_1_893' title='bbox 3462 4526 3578 4564; x_wconf 86' lang='lat' dir='ltr'><strong>ma-</strong></span> 
     </span>
    </p>
   </div>
   <div class='ocr_carea' id='block_1_109' title="bbox 2003 4599 3577 4670">
    <p class='ocr_par' dir='ltr' id='par_1_109' title="bbox 2003 4599 3577 4670">
     <span class='ocr_line' id='line_1_109' title="bbox 2003 4599 3577 4670; baseline 0.001 -16"><span class='ocrx_word' id='word_1_894' title='bbox 2003 4601 2208 4656; x_wconf 87' lang='lat' dir='ltr'><strong>nifestis</strong></span> <span class='ocrx_word' id='word_1_895' title='bbox 2229 4601 2420 4656; x_wconf 88' lang='lat' dir='ltr'><strong>bonis?</strong></span> <span class='ocrx_word' id='word_1_896' title='bbox 2461 4599 2588 4668; x_wconf 77' lang='lat' dir='ltr'><strong>Qua:</strong></span> <span class='ocrx_word' id='word_1_897' title='bbox 2615 4601 2874 4655; x_wconf 90' lang='lat' dir='ltr'><strong>sententia</strong></span> <span class='ocrx_word' id='word_1_898' title='bbox 2903 4601 2947 4654; x_wconf 91' lang='lat' dir='ltr'><strong>si</strong></span> <span class='ocrx_word' id='word_1_899' title='bbox 2975 4600 3125 4670; x_wconf 86' lang='lat' dir='ltr'><strong>vobis</strong></span> <span class='ocrx_word' id='word_1_900' title='bbox 3151 4599 3410 4670; x_wconf 80' lang='lat' dir='ltr'><strong>diSplicet,</strong></span> <span class='ocrx_word' id='word_1_901' title='bbox 3441 4616 3577 4670; x_wconf 52' lang='lat' dir='ltr'><strong>quo.</strong></span> 
     </span>
    </p>
   </div>
   <div class='ocr_carea' id='block_1_110' title="bbox 2004 4693 3581 4764">
    <p class='ocr_par' dir='ltr' id='par_1_110' title="bbox 2004 4693 3581 4764">
     <span class='ocr_line' id='line_1_110' title="bbox 2004 4693 3581 4764; baseline -0.002 -12"><span class='ocrx_word' id='word_1_902' title='bbox 2004 4696 2145 4752; x_wconf 86' lang='lat' dir='ltr'><strong>niam</strong></span> <span class='ocrx_word' id='word_1_903' title='bbox 2173 4709 2353 4750; x_wconf 89' lang='lat' dir='ltr'><strong>revera</strong></span> <span class='ocrx_word' id='word_1_904' title='bbox 2371 4694 2654 4764; x_wconf 80' lang='lat' dir='ltr'><strong>displicere</strong></span> <span class='ocrx_word' id='word_1_905' title='bbox 2671 4694 2914 4748; x_wconf 87' lang='lat' dir='ltr'><strong>omnibus</strong></span> <span class='ocrx_word' id='word_1_906' title='bbox 2931 4693 3090 4748; x_wconf 89' lang='lat' dir='ltr'><strong>debet</strong></span> <span class='ocrx_word' id='word_1_907' title='bbox 3108 4711 3122 4758; x_wconf 91' lang='lat'><strong>;</strong></span> <span class='ocrx_word' id='word_1_908' title='bbox 3157 4694 3241 4747; x_wconf 90' lang='lat' dir='ltr'><strong>illa</strong></span> <span class='ocrx_word' id='word_1_909' title='bbox 3265 4695 3428 4748; x_wconf 91' lang='lat' dir='ltr'><strong>tollite</strong></span> <span class='ocrx_word' id='word_1_910' title='bbox 3442 4695 3581 4749; x_wconf 88' lang='lat' dir='ltr'><strong>unde</strong></span> 
     </span>
    </p>
   </div>
   <div class='ocr_carea' id='block_1_111' title="bbox 2006 4783 3576 4855">
    <p class='ocr_par' dir='ltr' id='par_1_111' title="bbox 2006 4783 3576 4855">
     <span class='ocr_line' id='line_1_111' title="bbox 2006 4783 3576 4855; baseline 0.001 -15"><span class='ocrx_word' id='word_1_911' title='bbox 2006 4785 2237 4840; x_wconf 89' lang='lat' dir='ltr'><strong>nascitur</strong></span> <span class='ocrx_word' id='word_1_912' title='bbox 2256 4825 2270 4848; x_wconf 92' lang='lat'><strong>,</strong></span> <span class='ocrx_word' id='word_1_913' title='bbox 2300 4784 2388 4838; x_wconf 88' lang='lat' dir='ltr'><strong>illa</strong></span> <span class='ocrx_word' id='word_1_914' title='bbox 2417 4785 2664 4854; x_wconf 85' lang='lat' dir='ltr'><strong>corrigite</strong></span> <span class='ocrx_word' id='word_1_915' title='bbox 2698 4784 2837 4838; x_wconf 87' lang='lat' dir='ltr'><strong>unde</strong></span> <span class='ocrx_word' id='word_1_916' title='bbox 2865 4785 3117 4855; x_wconf 83' lang='lat' dir='ltr'><strong>religatur</strong></span> <span class='ocrx_word' id='word_1_917' title='bbox 3147 4802 3162 4838; x_wconf 89' lang='lat'><strong>:</strong></span> <span class='ocrx_word' id='word_1_918' title='bbox 3193 4783 3280 4838; x_wconf 87' lang='lat' dir='ltr'><strong>illa</strong></span> <span class='ocrx_word' id='word_1_919' title='bbox 3304 4785 3447 4840; x_wconf 88' lang='lat' dir='ltr'><strong>enim</strong></span> <span class='ocrx_word' id='word_1_920' title='bbox 3472 4799 3576 4841; x_wconf 92' lang='lat' dir='ltr'><strong>non</strong></span> 
     </span>
    </p>
   </div>
   <div class='ocr_carea' id='block_1_112' title="bbox 2005 4873 2949 4946">
    <p class='ocr_par' dir='ltr' id='par_1_112' title="bbox 2005 4873 2949 4946">
     <span class='ocr_line' id='line_1_112' title="bbox 2005 4873 2949 4946; baseline -0.004 -17"><span class='ocrx_word' id='word_1_921' title='bbox 2005 4874 2327 4946; x_wconf 76' lang='lat' dir='ltr'><strong>przecedant,</strong></span> <span class='ocrx_word' id='word_1_922' title='bbox 2357 4883 2411 4929; x_wconf 92' lang='lat' dir='ltr'><strong>et</strong></span> <span class='ocrx_word' id='word_1_923' title='bbox 2439 4875 2536 4928; x_wconf 89' lang='lat' dir='ltr'><strong>ista</strong></span> <span class='ocrx_word' id='word_1_924' title='bbox 2561 4890 2664 4928; x_wconf 90' lang='lat' dir='ltr'><strong>non</strong></span> <span class='ocrx_word' id='word_1_925' title='bbox 2692 4873 2949 4942; x_wconf 82' lang='lat' dir='ltr'><strong>sequitur.</strong></span> 
     </span>
    </p>
   </div>
   <div class='ocr_carea' id='block_1_113' title="bbox 2073 4961 3582 5033">
    <p class='ocr_par' dir='ltr' id='par_1_113' title="bbox 2073 4961 3582 5033">
     <span class='ocr_line' id='line_1_113' title="bbox 2073 4961 3582 5033; baseline -0.003 -13"><span class='ocrx_word' id='word_1_926' title='bbox 2073 4964 2296 5020; x_wconf 84' lang='lat' dir='ltr'><strong>CAPUT</strong></span> <span class='ocrx_word' id='word_1_927' title='bbox 2322 4964 2509 5018; x_wconf 79' lang='lat' dir='ltr'><strong>XLIX.</strong></span> <span class='ocrx_word' id='word_1_928' title='bbox 2537 4993 2608 5004; x_wconf 90' lang='grc'><strong><em>--</em></strong></span> <span class='ocrx_word' id='word_1_929' title='bbox 2648 4964 2738 5019; x_wconf 86' lang='grc'><strong>59.</strong></span> <span class='ocrx_word' id='word_1_930' title='bbox 2779 4963 2954 5018; x_wconf 84' lang='lat' dir='ltr'><strong>Nolite</strong></span> <span class='ocrx_word' id='word_1_931' title='bbox 2995 4963 3170 5033; x_wconf 88' lang='lat' dir='ltr'><strong>itaque</strong></span> <span class='ocrx_word' id='word_1_932' title='bbox 3201 4962 3381 5018; x_wconf 90' lang='lat' dir='ltr'><strong>dicere</strong></span> <span class='ocrx_word' id='word_1_933' title='bbox 3404 5005 3418 5028; x_wconf 95' lang='lat'><strong>,</strong></span> <span class='ocrx_word' id='word_1_934' title='bbox 3449 4961 3582 5016; x_wconf 87' lang='lat' dir='ltr'><strong>Con-</strong></span> 
     </span>
    </p>
   </div>
   <div class='ocr_carea' id='block_1_114' title="bbox 2003 5054 3582 5125">
    <p class='ocr_par' dir='ltr' id='par_1_114' title="bbox 2003 5054 3582 5125">
     <span class='ocr_line' id='line_1_114' title="bbox 2003 5054 3582 5125; baseline -0.003 -12"><span class='ocrx_word' id='word_1_935' title='bbox 2003 5060 2211 5113; x_wconf 84' lang='lat' dir='ltr'><strong>scientia</strong></span> <span class='ocrx_word' id='word_1_936' title='bbox 2235 5068 2405 5113; x_wconf 85' lang='lat' dir='ltr'><strong>sancte</strong></span> <span class='ocrx_word' id='word_1_937' title='bbox 2424 5058 2591 5111; x_wconf 86' lang='lat' dir='ltr'><strong>dautis</strong></span> <span class='ocrx_word' id='word_1_938' title='bbox 2610 5056 2899 5121; x_wconf 87' lang='lat' dir='ltr'><strong>attenditur,</strong></span> <span class='ocrx_word' id='word_1_939' title='bbox 2919 5071 3032 5125; x_wconf 74' lang='lat' dir='ltr'><strong>qua:</strong></span> <span class='ocrx_word' id='word_1_940' title='bbox 3051 5055 3223 5109; x_wconf 88' lang='lat' dir='ltr'><strong>abluat</strong></span> <span class='ocrx_word' id='word_1_941' title='bbox 3247 5054 3539 5124; x_wconf 84' lang='lat' dir='ltr'><strong>accipientis</strong></span> <span class='ocrx_word' id='word_1_942' title='bbox 3562 5068 3582 5109; x_wconf 86' lang='lat'><strong><em>:</em></strong></span> 
     </span>
    </p>
   </div>
   <div class='ocr_carea' id='block_1_115' title="bbox 2007 5143 3578 5214">
    <p class='ocr_par' dir='ltr' id='par_1_115' title="bbox 2007 5143 3578 5214">
     <span class='ocr_line' id='line_1_115' title="bbox 2007 5143 3578 5214; baseline -0.006 -10"><span class='ocrx_word' id='word_1_943' title='bbox 2007 5166 2073 5204; x_wconf 88' lang='lat' dir='ltr'><strong>ne</strong></span> <span class='ocrx_word' id='word_1_944' title='bbox 2119 5150 2324 5204; x_wconf 90' lang='lat' dir='ltr'><strong>dicatur</strong></span> <span class='ocrx_word' id='word_1_945' title='bbox 2363 5148 2551 5213; x_wconf 87' lang='lat' dir='ltr'><strong>vobis,</strong></span> <span class='ocrx_word' id='word_1_946' title='bbox 2597 5146 2820 5214; x_wconf 86' lang='lat' dir='ltr'><strong>Quando</strong></span> <span class='ocrx_word' id='word_1_947' title='bbox 2846 5146 2973 5201; x_wconf 85' lang='lat' dir='ltr'><strong>latet</strong></span> <span class='ocrx_word' id='word_1_948' title='bbox 2997 5145 3172 5200; x_wconf 88' lang='lat' dir='ltr'><strong>dantis</strong></span> <span class='ocrx_word' id='word_1_949' title='bbox 3211 5143 3409 5214; x_wconf 89' lang='lat' dir='ltr'><strong>polluta</strong></span> <span class='ocrx_word' id='word_1_950' title='bbox 3447 5157 3578 5196; x_wconf 83' lang='lat' dir='ltr'><strong>con-</strong></span> 
     </span>
    </p>
   </div>
   <div class='ocr_carea' id='block_1_116' title="bbox 2006 5232 3582 5310">
    <p class='ocr_par' dir='ltr' id='par_1_116' title="bbox 2006 5232 3582 5310">
     <span class='ocr_line' id='line_1_116' title="bbox 2006 5232 3582 5310; baseline -0.006 -15"><span class='ocrx_word' id='word_1_951' title='bbox 2006 5240 2264 5305; x_wconf 87' lang='lat' dir='ltr'><strong>scientia,</strong></span> <span class='ocrx_word' id='word_1_952' title='bbox 2317 5240 2435 5310; x_wconf 87' lang='lat' dir='ltr'><strong>quis</strong></span> <span class='ocrx_word' id='word_1_953' title='bbox 2478 5239 2646 5293; x_wconf 89' lang='lat' dir='ltr'><strong>abluit</strong></span> <span class='ocrx_word' id='word_1_954' title='bbox 2695 5237 3002 5306; x_wconf 81' lang='lat' dir='ltr'><strong>accipientis</strong></span> <span class='ocrx_word' id='word_1_955' title='bbox 3049 5233 3460 5292; x_wconf 82' lang='lat' dir='ltr'><strong>conscientiam?</strong></span> <span class='ocrx_word' id='word_1_956' title='bbox 3515 5232 3582 5288; x_wconf 83' lang='lat' dir='ltr'><strong>Et</strong></span> 
     </span>
    </p>
   </div>
   <div class='ocr_carea' id='block_1_117' title="bbox 2007 5322 3579 5398">
    <p class='ocr_par' dir='ltr' id='par_1_117' title="bbox 2007 5322 3579 5398">
     <span class='ocr_line' id='line_1_117' title="bbox 2007 5322 3579 5398; baseline -0.003 -15"><span class='ocrx_word' id='word_1_957' title='bbox 2007 5345 2127 5384; x_wconf 91' lang='lat' dir='ltr'><strong>cum</strong></span> <span class='ocrx_word' id='word_1_958' title='bbox 2166 5329 2581 5398; x_wconf 86' lang='lat' dir='ltr'><strong>responderitis,</strong></span> <span class='ocrx_word' id='word_1_959' title='bbox 2624 5326 2721 5382; x_wconf 82' lang='lat' dir='ltr'><strong>Vel</strong></span> <span class='ocrx_word' id='word_1_960' title='bbox 2749 5327 2918 5394; x_wconf 92' lang='lat' dir='ltr'><strong>Deus,</strong></span> <span class='ocrx_word' id='word_1_961' title='bbox 2947 5327 3030 5382; x_wconf 90' lang='lat' dir='ltr'><strong>vel</strong></span> <span class='ocrx_word' id='word_1_962' title='bbox 3059 5326 3277 5397; x_wconf 85' lang='lat' dir='ltr'><strong>angelus</strong></span> <span class='ocrx_word' id='word_1_963' title='bbox 3307 5322 3579 5395; x_wconf 87' lang='lat' dir='ltr'><strong>(quoniam</strong></span> 
     </span>
    </p>
   </div>
   <div class='ocr_carea' id='block_1_118' title="bbox 2070 5473 3582 5539">
    <p class='ocr_par' dir='ltr' id='par_1_118' title="bbox 2070 5473 3582 5539">
     <span class='ocr_line' id='line_1_118' title="bbox 2070 5473 3582 5539; baseline -0.004 -5"><span class='ocrx_word' id='word_1_964' title='bbox 2070 5485 2084 5515; x_wconf 88' lang='grc'>¹</span> <span class='ocrx_word' id='word_1_965' title='bbox 2113 5486 2294 5535; x_wconf 86' lang='lat' dir='ltr'><strong>Omnes</strong></span> <span class='ocrx_word' id='word_1_966' title='bbox 2322 5482 2431 5530; x_wconf 89' lang='lat' dir='ltr'><strong>libri</strong></span> <span class='ocrx_word' id='word_1_967' title='bbox 2469 5481 2731 5538; x_wconf 86' lang='lat' dir='ltr'><strong>habebant,</strong></span> <span class='ocrx_word' id='word_1_968' title='bbox 2755 5479 2879 5530; x_wconf 85' lang='lat' dir='ltr'><strong>hanc</strong></span> <span class='ocrx_word' id='word_1_969' title='bbox 2899 5479 3060 5530; x_wconf 88' lang='lat' dir='ltr'><strong>etiam.</strong></span> <span class='ocrx_word' id='word_1_970' title='bbox 3107 5473 3430 5529; x_wconf 77' lang='lat' dir='ltr'><strong>Lorauienses</strong></span> <span class='ocrx_word' id='word_1_971' title='bbox 3449 5483 3582 5539; x_wconf 70' lang='lat' dir='ltr'><strong>puta-</strong></span> 
     </span>
    </p>
   </div>
   <div class='ocr_carea' id='block_1_119' title="bbox 2007 5541 2722 5606">
    <p class='ocr_par' dir='ltr' id='par_1_119' title="bbox 2007 5541 2722 5606">
     <span class='ocr_line' id='line_1_119' title="bbox 2007 5541 2722 5606; baseline -0.013 -8"><span class='ocrx_word' id='word_1_972' title='bbox 2007 5559 2119 5598; x_wconf 87' lang='lat' dir='ltr'><strong>runt</strong></span> <span class='ocrx_word' id='word_1_973' title='bbox 2139 5543 2418 5606; x_wconf 78' lang='lat' dir='ltr'><strong>legendum,</strong></span> <span class='ocrx_word' id='word_1_974' title='bbox 2439 5541 2562 5606; x_wconf 83' lang='lat' dir='ltr'><strong>hanc</strong></span> <span class='ocrx_word' id='word_1_975' title='bbox 2579 5541 2722 5606; x_wconf 71' lang='lat' dir='ltr'><strong>enim.</strong></span> 
     </span>
    </p>
   </div>
   <div class='ocr_carea' id='block_1_120' title="bbox 2072 5601 3134 5666">
    <p class='ocr_par' dir='ltr' id='par_1_120' title="bbox 2072 5601 3134 5666">
     <span class='ocr_line' id='line_1_120' title="bbox 2072 5601 3134 5666; baseline -0.005 -11"><span class='ocrx_word' id='word_1_976' title='bbox 2072 5610 2091 5638; x_wconf 76' lang='grc'>³</span> <span class='ocrx_word' id='word_1_977' title='bbox 2110 5614 2157 5654; x_wconf 90' lang='lat' dir='ltr'><strong>tn</strong></span> <span class='ocrx_word' id='word_1_978' title='bbox 2181 5601 2310 5662; x_wconf 60' lang='lat'><strong>3135.,</strong></span> <span class='ocrx_word' id='word_1_979' title='bbox 2334 5603 2448 5666; x_wconf 80' lang='lat' dir='ltr'><strong>quia</strong></span> <span class='ocrx_word' id='word_1_980' title='bbox 2469 5602 2572 5652; x_wconf 78' lang='lat' dir='ltr'><strong>lucc</strong></span> <span class='ocrx_word' id='word_1_981' title='bbox 2592 5601 2798 5666; x_wconf 66' lang='lat' dir='ltr'><strong>frinitas</strong></span> <span class='ocrx_word' id='word_1_982' title='bbox 2821 5602 2976 5653; x_wconf 85' lang='lat' dir='ltr'><strong>unitas</strong></span> <span class='ocrx_word' id='word_1_983' title='bbox 2999 5610 3134 5651; x_wconf 66' lang='lat' dir='ltr'><strong>Deus</strong></span> 
     </span>
    </p>
   </div>
   <div class='ocr_carea' id='block_1_121' title="bbox 1995 5662 2861 5729">
    <p class='ocr_par' dir='ltr' id='par_1_121' title="bbox 1995 5662 2861 5729">
     <span class='ocr_line' id='line_1_121' title="bbox 1995 5662 2861 5729; baseline -0.005 -13"><span class='ocrx_word' id='word_1_984' title='bbox 1995 5711 2000 5716; x_wconf 87' lang='lat'><strong>.</strong></span> <span class='ocrx_word' id='word_1_985' title='bbox 2074 5669 2094 5702; x_wconf 81' lang='grc'>³</span> <span class='ocrx_word' id='word_1_986' title='bbox 2117 5675 2243 5728; x_wconf 66' lang='lat' dir='ltr'><strong>Mss,</strong></span> <span class='ocrx_word' id='word_1_987' title='bbox 2267 5662 2468 5717; x_wconf 79' lang='lat' dir='ltr'><strong>hominis</strong></span> <span class='ocrx_word' id='word_1_988' title='bbox 2487 5662 2861 5729; x_wconf 84' lang='lat' dir='ltr'><strong>qualiscumque.</strong></span> 
     </span>
    </p>
   </div>
  </div>
