4066 6200
477 295 541 348 79
1284 255 1552 340 coNrna
1596 279 1927 336 LITTERAS
1955 279 2019 333 Pl

2129 277 2311 342 JANI,
2352 279 2408 332 S.
2451 279 2490 332 A
2503 277 2818 333 υϐυδτικι

439 409 562 478 quid
591 404 954 474 respondeatis
981 401 1123 455 aliud
1157 415 1262 453 non
1291 398 1534 464 habetis)
1559 413 1574 460 ;
1623 400 1874 462 sequatur
1920 405 2018 444 vos

439 497 577 551 unde
601 492 996 550 cunfundamini
1031 507 1044 545 :
1075 488 1320 544 Sanctius
1344 486 1700 553 justilicantur
1728 482 1818 551 qui
1848 479 2019 548 bapti—

439 597 624 640 zantur
648 585 714 637 ab
751 581 970 636 occultis
997 579 1179 643 malis,
1229 587 1284 632 ut
1313 577 1399 630 vel
1427 591 1455 628 a
1488 575 1598 629 Deo
1623 573 1706 626 vel
1736 571 1804 626 ab
1831 569 2018 640 angelo

439 660 750 740 abluantur,
796 686 954 742 quam
985 670 1076 739 qui
1119 669 1502 738 baptizantura
1529 662 1822 718 manifestis
1845 659 2016 722 bonis,

440 767 528 833 qni
559 765 666 817 Deo
690 763 771 817 vel
799 762 1002 832 angelis
1029 775 1135 813 non
1164 765 1558 826 comparantur.
1575 753 1681 808 Sed
1696 752 1856 807 dicite
1875 750 2017 820 quod

440 856 567 909 dicit
597 854 804 908 Veritas
846 861 900 908 et
925 851 1184 906 catholica
1226 847 1495 914 Ecclesia,
1545 845 1668 916 quia
1699 857 1804 897 non
1847 842 2018 896 solum

437 962 558 999 cum
588 945 757 999 malus
780 953 862 999 est
886 943 1126 997 minister
1164 938 1416 1008 Baptismi
1435 979 1449 1004 ,
1500 949 1682 990 verum
1710 933 1868 987 etiam
1897 946 2018 986 cum

437 1046 654 1092 sanctus
682 1045 735 1090 et
761 1036 933 1090 bonus
957 1042 1060 1098 est,
1093 1047 1197 1085 non
1226 1038 1308 1084 est
1336 1029 1387 1082 in
1420 1025 1635 1080 homine
1662 1037 1784 1093 spes
1817 1037 2022 1092 ponen-

435 1128 499 1180 da
521 1168 536 1192 ,
566 1127 659 1182 sed
687 1128 738 1180 in
772 1127 860 1179 illo
885 1124 977 1194 qui
1013 1122 1271 1192 justiﬁcat
1318 1119 1535 1189 impium
1561 1157 1576 1182 ,
1622 1117 1673 1168 in
1715 1129 1872 1184 quem
1898 1127 2019 1166 cre-

435 1219 684 1274 dentibus
727 1216 857 1271 ﬁdes
899 1215 964 1268 ad
1006 1213 1264 1284 justitiam
1294 1211 1577 1280 deputatur
1619 1207 1794 1276 (Rom.
1823 1219 1876 1258 tv
1899 1245 1913 1269 ,
1941 1203 2017 1272 5).

437 1311 568 1362 Cum
600 1308 741 1362 enim
783 1306 1008 1360 dicimus
1033 1347 1048 1372 ,
1098 1303 1342 1358 Christus
1389 1300 1656 1370 baptizat,
1696 1312 1802 1351 non
1827 1294 2020 1349 visibili

442 1400 738 1454 ministerio
762 1398 1007 1463 dicimus,
1033 1397 1168 1449 sicut
1191 1401 1337 1464 putat
1357 1393 1438 1446 vel
1458 1390 1628 1462 putari
1649 1389 1797 1460 cupit
1823 1403 1918 1443 nos
1941 1387 2024 1441 di-

438 1504 565 1542 cere
593 1487 911 1550 Petilianus;
959 1484 1050 1540 sed
1083 1485 1287 1538 occulta
1317 1483 1485 1552 gratia
1509 1521 1524 1545 ,
1555 1480 1761 1535 occulta
1787 1478 2020 1550 potentia

439 1580 489 1632 in
529 1578 728 1646 Spiritu
772 1585 959 1631 sancto
980 1619 995 1640 ,
1044 1575 1182 1629 sicut
1209 1572 1276 1628 de
1317 1574 1408 1627 illo
1434 1571 1632 1626 dictum
1656 1579 1737 1625 est
1761 1585 1789 1622 a
1815 1569 2022 1624 Joanne

438 1669 670 1738 Baptista
695 1710 710 1734 ,
744 1667 844 1721 Hic
867 1677 938 1722 est
972 1669 1056 1737 qui
1083 1667 1302 1736 baptizat
1333 1666 1386 1718 in
1418 1663 1618 1734 Spiritu
1641 1670 1812 1717 sancto
1841 1659 2018 1734 (Joan.

437 1777 474 1823 i,
505 1761 617 1829 55).
649 1759 776 1825 Nec,
801 1759 936 1812 sicut
968 1758 1255 1812 Petilianus
1279 1755 1441 1823 dicit,
1468 1755 1576 1823 jam
1607 1753 1877 1821 baptizare
1905 1765 2017 1805 ces-

435 1851 572 1902 savit.
601 1866 614 1901 ε
645 1848 739 1904 sed
779 1848 952 1901 adhuc
989 1847 1039 1900 id
1083 1847 1231 1917 agit,
1281 1859 1386 1899 non
1429 1843 1728 1899 ministerio
1760 1841 2016 1910 corporis,

437 1939 530 1992 sed
577 1938 825 1991 invisibili
851 1953 1011 2006 opere
1051 1935 1362 2005 majestatis.
1407 1933 1558 2002 Quod
1591 1936 1732 1987 enim
1771 1931 2016 1998 dicimus,

440 2030 554 2096 Ipse
579 2027 846 2097 baptizat,
901 2043 1004 2080 non
1037 2025 1299 2088 dicimus,
1352 2024 1470 2094 Ipse
1496 2031 1681 2088 tenet,
1717 2031 1772 2077 et
1807 2022 1858 2075 in
1885 2035 2019 2090 aqua

435 2135 628 2188 corpus
675 2119 1007 2173 credentium
1061 2117 1217 2187 tingit
1263 2134 1277 2170 :
1325 2114 1418 2169 sed
1448 2155 1462 2180 ,
1513 2113 1631 2183 Ipse
1681 2112 2021 2166 invisibiliter

435 2209 680 2275 mundat,
712 2217 764 2263 et
795 2209 894 2262 hoc
917 2207 1217 2262 universam
1250 2219 1468 2275 prorsus
1493 2203 1809 2257 Ecclesiam.
1837 2201 2020 2269 Neque

437 2302 580 2353 enim
608 2299 852 2369 apostolo
882 2298 1048 2352 Paulo
1077 2313 1183 2352 non
1216 2304 1298 2351 est
1326 2285 1650 2349 credendum
1673 2332 1688 2359 ,
1716 2291 1807 2361 qui
1835 2289 1902 2344 de
1930 2289 2020 2344 illo

441 2390 618 2444 dixit:
655 2388 781 2455 Viri,
824 2387 1021 2456 diligite
1065 2403 1250 2442 uxores
1294 2394 1502 2448 vestras,
1543 2383 1670 2436 sicut
1711 2389 1757 2435 et
1795 2379 2020 2435 Christus

436 2481 610 2533 dilexit
655 2478 956 2544 Ecclesium,
997 2487 1043 2532 et
1065 2495 1119 2532 se
1143 2479 1308 2547 ipsum
1333 2474 1542 2528 tradidit
1575 2489 1668 2544 pro
1693 2488 1773 2538 ea,
1820 2481 1875 2524 ut
1911 2486 2021 2524 eam

432 2572 789 2640 saneti/icaret,
840 2571 1092 2624 inundans
1143 2585 1255 2623 eam
1310 2568 1511 2621 lauacro
1550 2580 1696 2634 aqua:
1739 2564 1792 2616 in
1824 2561 1970 2616 uerbo
2001 2562 2018 2592 ⁸

435 2661 651 2734 (Ep/ws.
699 2676 752 2726 ν,
795 2661 886 2724 25,
927 2659 1040 2730 26).
1073 2660 1209 2714 Ecce
1252 2659 1375 2727 quia
1412 2655 1657 2710 Christus
1693 2653 2016 2716 sanctiﬁcat;

434 2768 560 2807 ecce
589 2753 711 2822 quia
734 2751 977 2807 Christus
1006 2752 1164 2806 etiam
1197 2752 1313 2821 ipso
1337 2749 1547 2802 lavacro
1567 2761 1718 2814 aqum
1741 2747 1792 2799 in
1831 2745 2015 2810 verba,

433 2845 522 2898 ubi
551 2844 776 2898 ministri
802 2844 1150 2913 corporaliter
1171 2843 1420 2896 videntur
1439 2842 1668 2912 operari,
1688 2841 1802 2910 ipse
1826 2837 2015 2903 abluit,

434 2941 546 3010 ipse
583 2939 820 2995 mundat.
864 2939 1032 2994 Nemo
1069 2954 1196 3008 ergo
1223 2939 1322 2993 sibi
1353 2948 1562 3008 arroget
1592 2937 1732 3006 quod
1773 2936 1862 2989 Dei
1893 2942 1975 2989 est
2003 2951 2018 2989 :

432 3031 509 3082 sic
531 3039 673 3082 certa
701 3043 825 3098 spes
854 3028 1148 3094 hominum,
1181 3042 1300 3082 eum
1330 3027 1380 3081 in
1414 3027 1508 3080 illo
1539 3027 1716 3096 ﬁgitur
1744 3027 1765 3056 ¹
1796 3025 1883 3094 qui
1915 3023 2017 3076 fal-

437 3117 549 3171 lere
573 3132 677 3170 non
707 3125 880 3184 potest
905 3134 918 3168 :
948 3117 1216 3185 quoniam,
1254 3115 1556 3169 Maledictus
1581 3115 1743 3168 cuntis
1768 3114 1855 3184 qui
1879 3129 2020 3183 spem

435 3223 578 3260 suam
603 3208 741 3275 ponit
759 3209 812 3260 in
834 3208 1034 3262 homine
1054 3207 1266 3277 (Jerem.
1292 3222 1418 3270 xvn,
1446 3207 1534 3276 5);
1559 3215 1633 3272 et,
1663 3204 1847 3258 Beatus
1871 3205 2020 3274 cujus

436 3300 508 3350 est
535 3296 781 3352 Dominus
811 3296 946 3352 Deus
985 3313 1098 3364 spes
1126 3297 1284 3366 ipsius
1316 3294 1489 3366 (Psal.
1525 3311 1689 3350 XXXIX
1713 3335 1726 3358 ,
1769 3294 1843 3364 5).
1887 3293 2018 3346 Nam

434 3390 766 3457 dispensator
787 3389 957 3444 ﬁdelis
972 3388 1272 3444 mercedem
1294 3387 1520 3456 accipiet
1539 3387 1695 3442 vitam
1722 3395 1976 3440 mternam
2001 3401 2018 3442 :

435 3480 766 3547 dispensator
817 3487 992 3535 autem
1045 3479 1292 3545 inﬁdelis,
1339 3494 1462 3534 cum
1504 3478 1702 3533 cibaria
1755 3477 2019 3533 dominica

436 3569 704 3623 distribuit
742 3570 1037 3636 conservis,
1079 3569 1216 3625 absit
1245 3578 1303 3624 ut
1339 3584 1435 3640 per
1473 3583 1622 3624 suam
1653 3568 2020 3624 inﬁdelitatem

435 3661 629 3715 cibaria
671 3661 872 3715 inutilia
900 3661 1072 3717 faciat.
1116 3661 1374 3728 Quoniam
1395 3703 1408 3728 ,
1440 3676 1552 3732 qua:
1585 3661 1794 3728 dicunt,
1823 3661 2018 3732 inquit,

437 3753 609 3821 facite;
629 3768 742 3820 qua:
759 3763 926 3807 autem
945 3753 1158 3825 faciunt,
1179 3755 1344 3822 facere
1363 3753 1515 3807 nolite
1537 3751 1746 3824 (Matth.
1770 3768 1917 3819 xxnt,
1939 3753 2018 3826 5).

437 3845 586 3912 Quod
621 3844 738 3899 ideo
757 3855 940 3900 contra
964 3845 1133 3904 malos
1154 3846 1548 3914 dispensatores
1569 3851 1892 3915 praeceptum
1916 3855 2016 3909 est,

442 3942 498 3988 ut
523 3935 659 3988 bona
689 3936 779 3990 Dei
811 3950 908 4004 per
945 3936 1090 4005 ipsos
1112 3936 1459 4005 accipiantur,
1501 3935 1638 3990 mala
1664 3943 1840 3991 autem
1872 3935 2021 4007 ipso-

442 4041 557 4079 rum
591 4028 696 4079 vita
728 4042 792 4081 ex
818 4026 1246 4082 dissimilitudine
1271 4034 1535 4082 caveatur.

508 4117 733 4173 CAPUT
776 4117 838 4172 L.
891 4148 963 4160 —-
1009 4119 1097 4173 60.
1141 4118 1197 4173 Si
1224 4127 1397 4173 autem
1429 4117 1495 4172 ad
1523 4119 1620 4173 ista
1649 4119 1818 4188 prima
1858 4118 2022 4175 verba

441 4207 690 4276 Epistula:
716 4223 847 4262 mea:
865 4208 1175 4262 Petilianum
1194 4223 1298 4262 non
1320 4208 1658 4278 respondisse
1683 4209 2021 4267 manifestum

441 4305 543 4358 est,
571 4305 625 4349 et
675 4296 762 4350 ubi
811 4297 1136 4363 respondere
1184 4307 1405 4352 conatus
1447 4307 1548 4362 est,
1596 4300 1763 4366 magis
1791 4303 2026 4357 ostendit

446 4384 584 4454 quod
614 4400 716 4438 non
748 4385 976 4454 potuerit
1001 4386 1360 4455 respondere:
1407 4388 1528 4457 quid
1557 4386 1624 4443 de
1651 4389 1755 4443 illis
1787 4391 2024 4459 partibus

444 4491 682 4531 meorum
726 4477 1044 4545 scriptorum
1090 4479 1298 4548 loquar,
1327 4480 1521 4547 quibus
1558 4496 1656 4535 nec
1696 4481 2024 4550 respondere

444 4570 691 4634 tentavit,
721 4583 839 4638 qua:
867 4570 1084 4623 omnino
1113 4585 1218 4624 non
1250 4570 1459 4641 attigit?
1497 4587 1616 4642 qute
1645 4582 1818 4629 tamen
1848 4575 2022 4644 qualia

441 4660 547 4712 sint
571 4662 613 4713 si
645 4673 923 4714 recensere
951 4661 1172 4731 quisque
1197 4661 1545 4731 voluerit,qui
1567 4671 1621 4717 et
1645 4679 1760 4718 mea
1788 4674 1842 4719 et
1860 4664 2023 4734 ipsius

449 4750 606 4804 habet
635 4751 850 4820 scripta,
901 4763 1029 4820 puto
1069 4753 1209 4821 quod
1251 4753 1506 4823 intelligat
1536 4765 1728 4823 quanta
1774 4756 2024 4811 ﬁrmitate

443 4840 685 4894 roborata
711 4842 834 4894 sint.
868 4840 1020 4908 Quod
1053 4853 1109 4895 ut
1140 4841 1288 4895 vobis
1316 4841 1549 4896 breviter
1567 4844 1864 4909 ostendam,
1910 4845 2022 4914 ipsa

443 4932 742 4986 testimonia
772 4931 838 4986 de
867 4932 1154 5001 Seript'uris
1195 4932 1394 4985 sanctis
1429 4933 1630 5001 prolata
1666 4935 1905 4998 rccolile,
1941 4935 2023 4988 \el

443 5023 662 5091 legendo
692 5031 985 5085 recensete,
1019 5037 1138 5089 quae
1169 5021 1342 5089 posuit
1366 5021 1509 5075 velut
1530 5021 1786 5077 adversus
1814 5037 1908 5075 nos
1931 5065 1944 5087 ,
1970 5031 2026 5077 et

443 5116 492 5168 in
541 5129 655 5168 mea
705 5113 1052 5180 responsione
1094 5127 1214 5180 qua:
1257 5113 1409 5180 posui
1447 5112 1604 5166 etiam
1635 5129 1734 5182 ego
1771 5113 2024 5166 adversus

452 5220 544 5257 vos
574 5221 586 5257 :
619 5213 673 5257 et
710 5204 884 5256 videte
909 5201 1356 5272 quemadmodum
1385 5219 1484 5272 ego
1511 5204 1596 5257 illa
1623 5220 1739 5272 qua:
1772 5205 1882 5274 ipse
1925 5220 2017 5273 po-

445 5296 569 5359 suit,
604 5293 810 5348 ostendi
839 5309 942 5344 non
971 5292 1141 5355 nobis,
1173 5292 1264 5346 sed
1293 5293 1466 5361 potius
1489 5293 1638 5346 vobis
1658 5309 1778 5348 esse
1807 5305 1992 5348 contra
2010 5325 2022 5332 -

446 5387 552 5452 ria;
599 5388 714 5457 ipse
757 5395 933 5439 an‘em
966 5384 1054 5438 illa
1096 5400 1213 5453 qua:
1254 5386 1403 5454 posui
1434 5387 1664 5440 maxime
1705 5387 2021 5450 necessaria,

511 5523 528 5554 ι
551 5530 600 5571 ιι)
616 5535 827 5580 excusa,
851 5521 899 5572 in
925 5523 1063 5584 verba
1084 5519 1207 5569 rita'.
1239 5520 1400 5578 Abest,
1425 5521 1549 5582 vine,
1571 5535 1598 5571 a
1618 5523 1954 5584 manusnrijztis
1975 5529 2026 5571 et

449 5591 478 5630 a
496 5595 653 5645 graeco
675 5593 813 5633 textu
842 5581 1062 5645 Apostoli.

554 5646 740 5702 Excusi,
762 5648 803 5693 si
826 5641 956 5694 certa
985 5656 1091 5706 spes
1126 5641 1366 5692 hominum
1392 5657 1497 5693 cum
1539 5643 1622 5693 illo
1645 5642 1824 5708 ﬁgitur.
1851 5651 2021 5693 Emen-

443 5703 623 5751 danlur
644 5714 703 5750 ex
728 5710 977 5768 manuscrq
999 5703 1073 5754 tis.

3601 279 3708 332 380

2131 391 2348 445 omnino
2373 405 2477 443 non
2505 390 2695 459 attigit,
2723 400 2775 443 et
2804 389 2854 442 in
2885 388 2973 442 illo
3001 404 3104 442 uno
3135 387 3394 456 Apostoli,
3423 388 3563 458 quod
3587 401 3712 442 tan-

2129 496 2286 551 quam
2315 495 2412 549 pro
2436 494 2494 534 se
2524 489 2847 549 pertractare
2873 487 3094 533 conatus
3124 489 3204 532 est
3232 519 3245 542 ,
3276 476 3520 532 videbitis
3550 495 3711 548 quam

2128 573 2328 626 nullum
2356 572 2553 626 exitum
2586 571 2865 626 invenerit.

2200 665 2288 718 61.
2331 663 2459 717 Pars
2484 663 2678 732 quippe
2700 662 2948 732 Epistola:
2978 677 3136 732 quam
3164 661 3378 732 scripsit
3407 661 3475 716 ad
3505 677 3649 724 suos.
3680 679 3714 718 a

2127 757 2297 826 capite
2321 770 2486 825 usque
2511 755 2578 809 ad
2605 770 2724 810 eum
2755 755 2930 810 locum
2956 755 3042 810 ubi
3070 755 3227 820 dicit,
3267 754 3380 808 Hoc
3417 756 3558 808 nobis
3599 754 3716 808 Do-

2128 849 2293 900 minus
2318 849 2532 917 imperat
2562 862 2580 900 :
2611 865 2629 897 ο
2659 845 2785 900 Cum
2820 863 2905 900 vos
2927 847 3170 915 persecuti
3198 847 3384 917 fuerint
3411 846 3637 900 homines
3659 849 3713 900 in

2128 939 2322 991 civitate
2348 939 2464 1004 ista,
2495 939 2650 1008 fugite
2675 938 2727 990 in
2753 937 2908 990 aliam
2931 955 2950 1003 ;
2976 938 3112 1006 quod
3137 939 3180 990 si
3205 948 3250 992 et
3277 939 3328 991 in
3354 955 3412 991 ea
3431 954 3515 992 vos
3540 955 3712 1007 perse-

2127 1037 2366 1097 quuntur,
2401 1028 2558 1098 fugite
2574 1029 2625 1082 in
2650 1029 2806 1081 aliam
2831 1027 3074 1100 ›(ΜαιιΙι.
3098 1044 3151 1090 x.
3178 1027 3296 1098 25);
3319 1028 3543 1097 primum
3567 1029 3714 1082 venit

2129 1118 2180 1171 in
2214 1133 2398 1171 manus
2425 1127 2664 1181 noetras;
2688 1118 2808 1173 huic
2834 1117 3202 1187 respondimus
3232 1136 3245 1171 :
3268 1133 3385 1187 qua:
3417 1128 3595 1172 nostra
3618 1134 3708 1172 rc-

2128 1211 2343 1281 spousio
2372 1225 2492 1265 cum
2522 1196 2680 1264 etiam
2717 1211 2768 1264 in
2807 1210 2944 1264 illius
2975 1213 3207 1265 venisset
3238 1225 3425 1264 manus
3447 1252 3460 1272 ,
3493 1211 3711 1279 scripsit

2129 1299 2265 1355 hanc
2301 1309 2508 1366 contra,
2539 1295 2709 1371 quam
2742 1317 2881 1356 nunc
2924 1300 3232 1366 refellimus,
3273 1312 3327 1356 et
3364 1318 3484 1355 eum
3513 1312 3710 1356 nostra

2129 1407 2235 1446 non
2290 1391 2632 1461 reSpondisse
2683 1401 3058 1446 monstramus.
3112 1392 3168 1446 ln
3221 1393 3311 1447 illa
3357 1407 3485 1463 ergo
3536 1394 3712 1462 prima

2129 1497 2278 1555 parte
2314 1485 2634 1554 scriptorum
2675 1485 2788 1554 ejus
2817 1484 3007 1554 quibus
3051 1486 3277 1554 primum
3313 1485 3706 1554 respondimus,

2129 1573 2243 1629 hrcc
2271 1585 2393 1628 sunt
2435 1575 2727 1629 testimonia
2757 1574 3147 1644 Scripturarum
3172 1617 3186 1640 ,
3229 1590 3348 1644 quae
3378 1575 3530 1628 nobis
3556 1585 3712 1644 puta-

2127 1665 2203 1718 vit
2229 1664 2449 1718 adversa
2498 1681 2512 1719 :
2556 1664 2717 1719 Arbor
2746 1665 2877 1719 bona
2903 1664 3056 1719 bonos
3097 1666 3289 1735 fructus
3317 1665 3457 1733 facit,
3485 1675 3531 1719 et
3558 1667 3710 1720 arbor

2129 1754 2264 1806 mala
2294 1754 2454 1807 nralos
2485 1756 2676 1824 fructus
2702 1756 2822 1826 facit
2855 1771 2873 1808 :
2913 1755 3156 1824 numquid
3179 1755 3421 1824 colligunt
3452 1755 3514 1808 de
3547 1757 3710 1824 spinis

2128 1860 2250 1897 uvas
2281 1842 2390 1916 (Id.
2424 1860 2511 1909 vn,
2539 1845 2628 1910 17,
2657 1844 2786 1914 16)?
2810 1855 2863 1899 et
2892 1846 3103 1910 iterum,
3142 1843 3319 1899 Omnis
3363 1845 3512 1898 [rapito
3551 1847 3711 1899 bonus

2127 1935 2190 1988 de
2234 1935 2468 1990 thesauro
2511 1937 2678 1990 cordis
2725 1936 2806 1989 sui
2845 1939 3033 2007 profert
3077 1935 3227 2001 bona,
3269 1945 3316 1990 et
3354 1937 3518 1989 omnis
3559 1937 3711 1990 homo

2127 2025 2291 2080 malus
2317 2027 2379 2080 de
2405 2027 2640 2080 thesauro
2663 2026 2828 2079 cordis
2847 2027 2926 2080 sui
2946 2030 3140 2096 profert
3155 2027 3288 2080 mala
3309 2025 3421 2098 (Id.
3447 2040 3543 2093 ιιι,
3570 2026 3664 2098 55)
3694 2045 3709 2080 :
3775 2029 3781 2033 ’

2126 2127 2176 2171 et
2202 2116 2391 2172 iterum
2416 2159 2431 2183 ,
2467 2117 2564 2182 Qui
2591 2118 2879 2188 baptizatur
2898 2133 2930 2169 a
2955 2127 3152 2170 mortuo
3174 2158 3190 2182 ,
3218 2133 3318 2172 non
3339 2119 3385 2172 ei
3409 2119 3609 2187 prodest
3633 2119 3720 2172 ια·-

2127 2211 2260 2262 vatio
2305 2210 2416 2274 eius
2458 2208 2641 2277 (Eccli.
2671 2227 2864 2275 χχχιιι,
2907 2209 3018 2280 50).
3061 2211 3157 2265 llis
3183 2211 3498 2265 testimoniis
3525 2210 3716 2264 volens

2126 2300 2407 2355 ostendere
2437 2302 2592 2356 talem
2625 2302 2736 2357 ﬁeri
2767 2317 2888 2356 eum
2918 2303 3006 2372 qui
3037 2303 3353 2371 baptizatur,
3386 2302 3559 2372 qualis
3588 2302 3707 2356 fue-

2128 2391 2196 2443 rit
2220 2406 2248 2443 a
2275 2406 2378 2459 quo
2405 2391 2721 2460 baptizatur.
2751 2391 2864 2462 Ego
2891 2400 3075 2446 contra
3097 2391 3542 2462 quemadmodum
3568 2392 3714 2446 acci-

2128 2482 2316 2552 pienda
2346 2493 2528 2538 essent
2551 2483 2663 2539 haec
2693 2483 2994 2539 testimonia
3018 2525 3032 2548 .
3063 2492 3118 2538 et
3143 2483 3285 2552 quod
3310 2483 3425 2552 ejus
3456 2483 3716 2538 intentio-

2130 2591 2248 2630 nem
2277 2576 2403 2630 nihil
2432 2576 2744 2646 adjuvarent
2762 2576 2991 2631 ostendi.
3016 2575 3220 2631 Caetera
3242 2591 3368 2632 vero
3389 2591 3506 2647 quae
3533 2579 3716 2646 posuit

2127 2667 2267 2722 dicta
2313 2667 2364 2720 in
2394 2667 2564 2720 malos
2591 2675 2647 2722 et
2688 2667 2975 2722 sceleratos
3021 2667 3284 2733 homines,
3335 2681 3438 2720 non
3465 2681 3586 2721 esse
3610 2667 3714 2720 ad-

2128 2772 2312 2812 versus
2342 2758 2603 2812 frumenta
2624 2756 2908 2823 dominica,
2936 2757 3074 2813 sicut
3092 2757 3342 2828 prmdicta
3364 2766 3418 2813 et
3442 2759 3724 2827 promissa

2129 2859 2291 2913 sunt,
2323 2857 2433 2902 toto
2460 2849 2592 2903 orbe
2616 2847 2803 2903 diffusa
2829 2890 2845 2915 ,
2880 2857 2934 2904 et
2959 2849 3132 2918 potius
3163 2863 3194 2903 a
3219 2849 3368 2903 nobis
3392 2856 3578 2904 eontra
3610 2864 3720 2903 vos

2129 2955 2284 3010 posse
2313 2939 2416 2994 dici
2443 2939 2573 2996 satis
2595 2939 2804 2995 edocui.
2834 2939 3151 3006 Recensete,
3182 2949 3235 2994 et
3265 2939 3562 2994 invenietis.

2199 3031 2286 3087 62.
2328 3033 2397 3086 At
2439 3046 2566 3086 vero
2609 3045 2707 3100 ego
2758 3045 2878 3100 quae
2921 3031 3076 3099 posui
3107 3045 3203 3099 pro
3233 3029 3487 3084 Ecclesize
3524 3028 3718 3082 catho-

2129 3123 2244 3177 lica:
2267 3122 2584 3187 assertione,
2617 3121 2715 3175 ista
2745 3129 2870 3176 sunt
2901 3137 2915 3173 :
2955 3119 3098 3191 quod
3123 3119 3190 3174 ad
3229 3119 3552 3189 Baptismnm
3583 3120 3715 3172 atti-

2127 3222 2249 3281 net,
2285 3229 2350 3268 ne
2379 3213 2431 3268 id
2457 3213 2596 3283 quod
2626 3212 2794 3284 gratia
2824 3210 2917 3267 Dei
2946 3225 3340 3282 regeneramur,
3369 3210 3714 3274 inundamur,

2123 3305 2498 3375 justiﬁcamur,
2525 3304 2673 3359 danti
2703 3303 2906 3358 homini
2939 3303 3199 3357 tribuatur
3227 3320 3240 3357 :
3267 3300 3469 3355 Bonum
3498 3310 3568 3354 est
3597 3316 3718 3353 con-

2127 3395 2283 3464 fidere
2319 3395 2373 3449 in
2416 3394 2655 3458 Domino,
2704 3409 2855 3463 quam
2895 3393 3146 3461 conﬁdere
3186 3393 3240 3445 in
3290 3391 3490 3444 homine
3536 3387 3717 3460 (Psal.

2127 3503 2294 3552 cxvu,
2327 3487 2382 3556 8)
2413 3504 2425 3539 :
2459 3494 2532 3551 et,
2575 3483 2880 3538 Maledictus
2909 3483 3068 3536 omnis
3092 3483 3180 3550 qui
3205 3497 3345 3551 spem
3396 3497 3542 3534 suam
3569 3481 3722 3550 ponit

2129 3581 2180 3632 in
2203 3578 2404 3631 homine
2431 3576 2640 3648 (Jerem.
2667 3592 2773 3630 xvn
2799 3617 2812 3642 ,
2840 3576 2893 3643 5)
2925 3592 2937 3627 :
2971 3582 3026 3628 et
3053 3575 3175 3642 quia
3195 3613 3211 3637 ,
3245 3571 3448 3625 Domini
3469 3581 3543 3625 est
3567 3573 3722 3626 salus

2129 3667 2297 3740 (Psal.
2325 3683 2402 3733 ιιι,
2431 3665 2486 3738 9)
2516 3683 2531 3720 :
2560 3675 2632 3733 et,
2670 3665 2813 3720 Vana
2830 3664 2968 3718 salus
2997 3663 3210 3716 hominis
3239 3660 3406 3733 (Psal.
3438 3676 3553 3726 ιιι,
3578 3660 3673 3731 15)
3702 3681 3719 3718 :

2129 3773 2182 3814 et
2209 3759 2352 3828 quia,
2387 3757 2564 3828 Neque
2583 3757 2670 3828 qui
2698 3757 2893 3827 plantat
2915 3764 2988 3810 est
3013 3753 3232 3824 aliquid,
3257 3767 3412 3821 neque
3435 3751 3523 3821 qui
3547 3753 3712 3821 rigat,

2128 3855 2216 3909 sed
2241 3854 2326 3924 qui
2355 3853 2713 3905 incrementum
2751 3849 2840 3903 dat
2881 3846 3017 3902 Deus
3050 3846 3094 3918 (ι
3115 3844 3234 3903 Cor.
3261 3861 3340 3912 ιιι,
3372 3844 3426 3916 7)
3463 3862 3476 3896 :
3507 3853 3562 3898 et
3586 3845 3720 3913 quia

2130 3947 2217 4001 ille
2249 3948 2298 4000 in
2327 3960 2482 4014 quem
2509 3943 2743 3998 creditur
2761 3943 3019 4013 justiﬁcat
3059 3943 3304 4010 impium,
3337 3949 3395 3995 ιιι
3421 3939 3717 4008 deputetur

2131 4039 2263 4094 ﬁdes
2309 4039 2425 4106 ejus
2450 4036 2517 4090 ad
2554 4036 2814 4106 justitiam
2843 4033 3030 4108 (Rom.
3066 4048 3137 4100 tv,
3167 4034 3233 4105 ὅ)
3299 4031 3518 4100 Propter
3541 4031 3719 4101 ipsius

2129 4144 2259 4184 vero
2283 4127 2538 4182 Ecclesiae
2568 4127 2826 4182 unitatem
2852 4140 2971 4195 quae
3000 4125 3053 4180 in
3077 4121 3327 4180 omnibus
3350 4123 3595 4192 gentibus
3623 4123 3718 4176 di~

2129 4220 2344 4287 latatur,
2379 4219 2463 4273 cui
2506 4233 2602 4272 vos
2645 4232 2752 4271 non
2795 4215 3221 4281 communicatis,
3264 4214 3379 4269 haec
3407 4214 3716 4270 testimonia

2131 4314 2282 4384 posui
2312 4312 2380 4367 de
2423 4311 2632 4366 Christo
2660 4324 2778 4364 esse
2818 4308 3089 4378 prmdicta,
3131 4308 3253 4378 quia
3298 4305 3652 4360 Dominabitur
3677 4323 3720 4360 ιι

2129 4405 2260 4468 mari
2279 4419 2432 4473 usque
2449 4402 2516 4454 ad
2537 4417 2693 4465 mare,
2720 4409 2766 4452 et
2783 4415 2812 4450 α
2828 4399 3037 4469 ﬂumine
3061 4415 3217 4467 usque
3238 4398 3306 4450 ad
3320 4398 3558 4452 terminos
3575 4397 3719 4451 orbis

2131 4508 2277 4553 terra:
2305 4495 2478 4568 (Psal.
2511 4509 2652 4558 Lxxt,
2681 4490 2736 4561 8)
2773 4510 2784 4545 :
2813 4501 2889 4560 et,
2909 4491 3051 4545 Dabo
3067 4491 3152 4544 tibi
3177 4499 3344 4561 gentes
3369 4488 3716 4542 hereditatem

2129 4595 2346 4652 tuam,et
2361 4589 2719 4656 possessionem
2736 4592 2871 4637 tuam
2885 4582 3121 4637 terminos
3133 4592 3278 4634 terra:
3289 4579 3459 4649 (Psal.
3476 4595 3534 4644 ιι,
3549 4579 3629 4649 8).
3650 4577 3720 4632 Et

2128 4681 2270 4751 quod
2290 4688 2658 4733 testamentum
2688 4676 2778 4732 Dei
2803 4676 2994 4730 factum
3015 4672 3082 4727 ad
3102 4672 3369 4726 Abraham
3394 4685 3488 4741 pro
3508 4680 3714 4733 nostra,

2131 4776 2232 4830 hoc
2277 4781 2378 4839 est,
2423 4771 2682 4826 catholica
2718 4767 3092 4823 communione
3134 4765 3404 4829 recitetnr,
3449 4764 3536 4818 ubi
3578 4765 3714 4816 scri-
3797 4755 3808 4762 ’

2132 4879 2275 4939 ptum
2294 4876 2394 4929 est,
2419 4864 2778 4917 lnseminetuo
2800 4859 3148 4912 benedicentur
3173 4873 3342 4908 omnes
3366 4864 3536 4924 gentes
3557 4853 3711 4923 (Cen.

2131 4975 2259 5023 xxii,
2293 4954 2382 5027 18)
2429 4973 2440 5008 :
2481 4953 2622 5023 quod
2665 4965 2847 5006 semen
2895 4949 3272 5015 interpretatur
3305 4944 3591 5014 Apostolus
3633 4945 3718 4996 di-

2131 5064 2275 5113 cens,
2310 5046 2379 5100 Et
2402 5044 2576 5100 semini
2597 5054 2702 5104 tuo,
2729 5039 2863 5109 quod
2893 5049 2964 5092 est
2999 5037 3223 5091 Christus
3253 5034 3451 5103 (Galat.
3484 5051 3562 5100 ιιι,
3598 5034 3715 5106 16).

2131 5139 2284 5194 Unde
2309 5143 2529 5206 apparet
2567 5135 2620 5188 in
2656 5130 2886 5192 Christo,
2921 5143 3026 5182 non
3057 5127 3227 5182 solum
3258 5123 3416 5180 Afros
3441 5134 3534 5177 aut
3563 5123 3716 5178 Atrio

2130 5245 2268 5295 eam,
2297 5228 2388 5283 sed
2413 5239 2600 5281 omnes
2618 5233 2805 5294 gentes
2831 5221 3099 5275 habituras
3137 5217 3585 5280 benedictionem,
3621 5231 3720 5285 per

2131 5338 2262 5393 quas
2290 5320 2551 5376 catholica
2577 5320 2827 5373 dilatatur
2853 5315 3087 5371 Ecclesia
3110 5354 3125 5379 ,
3156 5320 3302 5366 tanto
3328 5318 3453 5365 ante
3484 5311 3718 5378 promis-

2131 5429 2246 5468 sam
2280 5413 2318 5464 ί.
2348 5411 2418 5466 Ει
2437 5410 2579 5480 quod
2620 5409 2770 5479 palea
2797 5423 2920 5462 cum
2946 5404 3222 5460 frumentis
3249 5403 3319 5455 sit
3341 5415 3510 5470 usque
3531 5399 3596 5453 ad
3629 5400 3716 5455 ul-

2133 5507 2314 5559 timam
2336 5501 2753 5566 ventilationem,
2774 5512 2841 5553 ne
2861 5496 3140 5568 quisquam
3170 5509 3264 5564 per
3293 5491 3590 5546 calumnias
3610 5489 3722 5544 cri-

2149 5638 2372 5751 rttrditi,
2398 5634 2649 5700 promissa.
2699 5641 2753 5684 Αι
2796 5641 2921 5694 Mss,
2953 5631 3236 5696 promissam
3272 5624 3446 5679 :refor
3473 5622 3552 5685 ad,
3577 5624 3715 5672 δινηθ-

2167 5715 2210 5751 te
2233 5713 2402 5751 torrent.

2133 5713 2402 5754 dictionem.
