4066 6200
344 338 440 391 381

342 465 549 506 nunnm
575 447 876 503 alienorum
897 445 1231 516 sacrilegium
1257 459 1366 500 sum
1395 442 1743 513 separationis
1769 458 1928 496 exeu-

341 555 427 600 sct
451 582 468 606 ,
511 539 652 610 quod
684 539 957 608 reliquerit
984 537 1067 592 vel
1096 537 1392 592 deseruerit
1432 535 1667 591 omnium
1695 536 1928 604 gentimn

340 630 794 687 communionem.
815 627 882 682 Et
902 643 966 681 ne
981 634 1195 696 propter
1213 629 1378 681 malos
1393 626 1810 695 dispensatores,
1831 623 1930 679 hoc

343 733 420 777 est
437 720 770 790 praepositos,
788 719 1014 773 societas
1026 716 1311 771 christiana
1326 715 1609 780 dividatur,
1629 715 1786 769 etiam
1804 715 1930 768 illud

343 812 705 869 testimonium
737 810 909 879 posui,
932 809 1058 874 Qua:
1082 809 1272 873 dicunt,
1308 808 1491 878 facite;
1520 822 1632 876 qua:
1656 815 1821 859 autent
1849 809 1930 876 fa-

342 909 500 966 ciunt,
521 907 689 973 facere
708 903 862 955 nolite
881 915 901 954 :
928 901 1100 954 dicunt
1124 900 1260 953 enim
1286 907 1333 952 et
1353 914 1460 956 non
1488 898 1681 969 faciunt
1713 895 1925 966 (Matth.

344 982 478 1050 nni
499 1038 514 1060 ,
546 991 625 1062 5).
662 993 786 1047 Haec
815 991 900 1045 ille
932 989 1231 1044 testimonia
1261 987 1329 1042 de
1352 987 1642 1056 Scripturis
1673 986 1869 1039 sanctis
1899 999 1929 1037 a

344 1104 430 1141 me
464 1086 630 1154 posita
659 1125 674 1150 ,
708 1097 805 1136 nec
831 1079 1067 1135 ostendit
1088 1076 1534 1148 quemadmodum
1580 1077 1733 1130 aliter
1764 1075 1930 1144 accipi

341 1177 622 1237 deberent,
646 1181 701 1228 ut
728 1187 836 1226 non
859 1185 920 1226 ea
948 1185 1043 1239 pro
1069 1169 1221 1223 nobis
1241 1183 1414 1238 neque
1436 1175 1620 1222 contra
1640 1182 1733 1221 vos
1761 1167 1778 1198 ί
1808 1181 1927 1221 esse

339 1265 672 1329 ostenderet,
699 1277 797 1316 nec
824 1261 1042 1314 omnino
1066 1259 1328 1328 attingere
1353 1257 1519 1311 voluit
1562 1274 1576 1310 :
1605 1257 1712 1310 imo
1741 1256 1791 1310 id
1823 1257 1930 1326 egit

343 1358 568 1414 tumultu
595 1352 957 1409 conviciorum
988 1364 1226 1413 suorum,
1251 1357 1308 1401 ut
1331 1346 1375 1401 si
1403 1345 1514 1401 ﬁeri
1541 1355 1736 1414 posset,
1763 1345 1875 1399 inec
1899 1360 1928 1399 a

343 1467 429 1503 me
463 1448 605 1502 dicta
651 1444 779 1500 nulli
821 1442 1040 1496 omnino
1080 1440 1283 1494 veniret
1313 1443 1363 1492 in
1409 1447 1664 1500 mentem,
1691 1438 1779 1506 qui
1813 1446 1930 1504 post

346 1539 642 1610 Epistolam
686 1550 857 1591 meam
902 1535 1091 1588 lectam
1117 1573 1131 1597 ,
1186 1532 1347 1586 etiam
1392 1529 1559 1598 ipsius
1608 1529 1787 1598 legere
1833 1543 1927 1582 vo-

343 1632 548 1686 luisset.

413 1719 640 1778 CAPUT
678 1718 764 1774 Ll.
799 1747 868 1757 —
905 1715 992 1771 63.
1034 1713 1186 1782 Quod
1223 1727 1352 1768 vero
1393 1727 1458 1768 ex
1503 1711 1728 1782 apostoli
1777 1710 1928 1764 Pauli

341 1813 556 1880 scriptis
594 1825 623 1862 a
669 1823 754 1862 me
797 1805 1028 1876 positum
1061 1818 1156 1873 pro
1203 1817 1261 1857 se
1304 1809 1532 1856 tractare
1574 1808 1795 1855 conatus
1823 1807 1924 1864 est,

343 1903 500 1973 quale
544 1900 616 1954 sit
651 1911 939 1968 parumper
973 1893 1248 1950 attendite.
1304 1891 1488 1945 Dixisti
1529 1891 1691 1952 enim,
1721 1889 1925 1956 inquit,

347 1991 618 2063 Apostolus
657 1990 857 2044 Paulus
895 2005 979 2042 eos
1029 1987 1116 2056 qui
1153 1984 1380 2038 dicebant
1421 1999 1474 2038 se
1514 1981 1730 2051 apostoli
1776 1979 1930 2033 Pauli

344 2102 467 2147 esse,
509 2085 763 2154 objurgat,
811 2089 857 2134 et
895 2079 1034 2144 dicit,
1089 2097 1107 2128 ι
1139 2075 1403 2145 Numquid
1437 2073 1629 2126 Paulus
1672 2088 1766 2142 pro
1793 2072 1930 2125 vobis

343 2175 617 2240 cruciﬁxus
635 2181 705 2225 est
722 2171 745 2224 ἱ)
760 2179 846 2222 aut
861 2169 912 2223 in
932 2168 1131 2220 nomine
1149 2162 1302 2218 Pauli
1316 2162 1550 2233 baptizati
1565 2162 1682 2215 estis
1706 2181 1725 2213 ι
1750 2159 1793 2230 (1
1807 2161 1924 2215 Cor.

345 2263 551 2335 1,15)?
593 2265 912 2332 Quapmpter
953 2259 999 2314 si
1046 2257 1277 2312 errabant
1323 2254 1444 2320 illi,
1485 2263 1530 2307 et
1574 2254 1671 2306 nisi
1706 2253 1930 2320 corrige-

344 2365 518 2411 rentur
542 2355 780 2424 perirent,
822 2353 905 2421 qui
955 2350 1182 2404 volebant
1209 2363 1314 2401 esse
1357 2345 1545 2409 Pauli;
1594 2360 1706 2414 quae
1731 2344 1929 2396 tandem

343 2464 454 2516 spes
498 2461 672 2499 eorum
717 2452 807 2505 est,
854 2443 938 2512 qui
981 2441 1242 2494 voluerunt
1289 2453 1393 2492 esse
1439 2437 1671 2491 Donati?
1700 2434 1769 2488 Id
1797 2435 1928 2489 enim

341 2548 497 2608 agunt
523 2538 631 2602 isti,
659 2547 714 2589 ut
743 2535 882 2604 origo
909 2543 954 2586 et
983 2531 1134 2585 radix
1159 2541 1208 2584 et
1235 2539 1386 2599 caput
1417 2529 1676 2598 baptizati,
1710 2544 1808 2580 non
1834 2526 1932 2578 nisi

343 2632 428 2684 ille
469 2631 537 2684 sit
581 2646 612 2682 a
652 2644 750 2698 quo
792 2625 1075 2696 baptizatur
1123 2623 1341 2693 (Supra,
1376 2621 1462 2675 lib.
1501 2621 1553 2684 1,
1597 2636 1746 2688 capp.
1793 2621 1847 2685 5,
1872 2621 1927 2686 4,

293 2735 296 2738 ’
345 2739 434 2777 nn.
458 2722 514 2785 4,
543 2721 621 2789 5).
645 2719 769 2772 llaec
792 2716 949 2772 verba
979 2724 1032 2770 et
1059 2714 1158 2768 hoc
1199 2713 1434 2783 Apostoli
1479 2710 1834 2764 testimonium
1865 2726 1928 2764 ex

347 2812 583 2883 Epistola
610 2825 728 2864 mea
755 2807 1226 2869 commemoravit,
1254 2813 1307 2859 et
1331 2804 1430 2857 sibi
1457 2803 1730 2871 proposuit
1761 2800 1922 2855 refel-

347 2903 582 2958 lendum.
617 2899 846 2956 Proinde
876 2897 1050 2952 videte
1084 2897 1129 2951 si
1156 2895 1224 2950 ad
1281 2893 1607 2964 propositum
1637 2892 1926 2961 respondit.

346 3000 428 3059 Ait
453 2999 599 3054 enim
625 3015 637 3050 :
670 2995 835 3049 lnane
863 2993 956 3047 hoc
983 2993 1171 3044 dictum
1199 2997 1290 3051 est,
1321 2989 1554 3057 inﬂatum
1583 2995 1628 3039 et
1655 2985 1845 3055 puerile
1869 2993 1921 3037 et

343 3091 607 3159 insipiens,
646 3095 692 3140 et
727 3085 861 3155 quod
902 3083 1052 3152 longe
1086 3081 1149 3135 sit
1179 3080 1375 3150 penitus
1404 3094 1435 3130 a
1463 3076 1582 3144 ﬁdei
1617 3083 1801 3130 nostra
1838 3091 1922 3126 ra-

345 3184 496 3237 tione.
543 3180 683 3233 Tunc
709 3178 842 3232 enim
878 3185 1009 3230 recte
1047 3175 1141 3227 hoc
1169 3173 1378 3235 diceres,
1424 3170 1470 3223 si
1510 3184 1600 3221 nos
1631 3168 1928 3229 diceremus,

348 3274 372 3327 Ι
380 3293 410 3327 ιι
433 3268 849 3345 nontianonati
871 3264 1114 3335 baptizati
1139 3279 1312 3316 sumus
1332 3269 1473 3323 :aut,
1505 3257 1735 3312 Donatus
1764 3256 1930 3309 cruci-

347 3369 478 3437 firus
498 3372 571 3419 est
605 3380 698 3434 pro
724 3361 863 3416 nobis
890 3375 908 3412 :
929 3365 1035 3421 aut,
1058 3355 1125 3409 In
1152 3364 1320 3408 nostra
1348 3352 1547 3405 nomine
1580 3348 1820 3418 baptizati
1847 3364 1936 3401 su-

347 3473 476 3512 mus.
528 3455 593 3507 At
633 3469 748 3506 cum
774 3451 881 3504 haec
907 3465 938 3502 a
964 3446 1105 3501 nobis
1132 3460 1222 3498 nec
1250 3443 1386 3496 dicta
1410 3441 1509 3494 sint
1551 3455 1640 3493 nec
1671 3439 1924 3500 dicantur,

346 3547 465 3616 quia
491 3545 712 3614 formam
751 3541 936 3594 divina
970 3536 1227 3606 sequimur
1248 3530 1544 3592 Trinitatis;
1587 3537 1650 3593 te,
1681 3527 1764 3597 qui
1792 3528 1933 3579 nobis

347 3636 470 3690 talia
506 3633 684 3704 objicis
707 3671 722 3696 ,
750 3639 940 3683 certum
968 3635 1042 3680 est
1067 3623 1307 3678 insanire.
1353 3620 1454 3673 Aut
1475 3620 1517 3673 si
1562 3627 1713 3690 putas
1737 3617 1856 3684 quia
1881 3616 1934 3668 in

349 3727 561 3792 Donati,
605 3723 680 3777 uel
719 3723 772 3776 in
819 3727 991 3774 nostra
1018 3717 1216 3771 nomine
1245 3712 1483 3783 baptizati
1524 3726 1718 3773 sumus,
1740 3709 1936 3780 falleris

347 3818 560 3888 perdite,
584 3813 833 3882 simulque
851 3811 914 3865 de
945 3807 1080 3863 uobis
1104 3809 1125 3838 ⁸
1170 3805 1412 3873 sacrilege
1436 3801 1689 3869 confiteris
1708 3800 1826 3870 quia
1852 3813 1938 3852 vos

348 3910 401 3963 in
429 3908 633 3962 nomine
658 3901 923 3959 Cteciliani
942 3901 1152 3953 miseros
1171 3895 1466 3966 inquinatis.
1497 3892 1622 3946 Haac
1649 3889 1937 3944 Petilianus

351 4009 534 4054 contra
565 3997 653 4051 illa
685 4009 802 4050 mea
829 3989 1102 4060 respondit
1120 4029 1136 4055 ,
1165 4002 1272 4041 non
1301 3982 1580 4039 intendens
1599 4023 1615 4049 ,
1639 3981 1723 4035 vel
1755 3979 1930 4048 potius

353 4108 418 4147 ne
442 4091 511 4144 ab
531 4090 712 4157 aliquo
740 4083 1063 4146 intendatur,
1096 4079 1436 4147 obstrepens,
1469 4072 1689 4128 omnino
1718 4070 1849 4124 nihil
1879 4085 1940 4125 se

355 4179 713 4250 respondisse,
747 4174 886 4244 quod
911 4171 977 4227 ad
1022 4186 1136 4226 rem
1165 4168 1233 4224 de
1271 4181 1372 4235 qua
1419 4164 1591 4233 agitur
1634 4162 1938 4231 pertineret.

354 4272 481 4340 Quis
504 4269 650 4326 enim
679 4281 785 4320 non
815 4264 1011 4328 videat,
1043 4260 1164 4316 ideo
1187 4259 1352 4328 magis
1387 4271 1416 4309 a
1444 4255 1597 4310 nobis
1620 4264 1768 4308 recte
1795 4251 1940 4320 posi-

359 4373 463 4416 tum
502 4361 608 4414 hoc
635 4354 873 4427 Apostoli
913 4350 1293 4416 testimonium,
1321 4346 1441 4417 quia
1490 4360 1594 4399 non
1633 4359 1730 4398 vos
1769 4341 1944 4397 dicitis

358 4454 408 4506 in
437 4449 626 4506 Donati
657 4445 873 4501 nomine
897 4443 1216 4511 baptizatos,
1250 4451 1422 4507 neque
1460 4435 1721 4489 Donatum
1760 4431 1939 4486 cruci-

362 4544 518 4596 ﬁxum
560 4553 681 4594 esse
710 4551 807 4606 pro
839 4533 991 4588 vobis
1011 4571 1026 4596 ,
1053 4539 1110 4584 et
1149 4539 1322 4583 tamen
1351 4533 1570 4596 propter
1596 4533 1798 4593 partem
1841 4522 1944 4576 Do-

361 4635 466 4689 nati
484 4645 584 4686 vos
608 4629 676 4684 ab
698 4626 949 4682 Ecclesia:
969 4621 1245 4677 catholicae
1262 4617 1636 4673 communione
1656 4611 1944 4682 separatis;

368 4727 503 4780 sicut
521 4723 684 4778 etiam
706 4719 780 4773 illi
805 4731 940 4786 quos
958 4713 1154 4769 Paulus
1179 4708 1453 4779 arguebat,
1472 4721 1579 4758 non
1599 4704 1776 4772 utique
1799 4700 1948 4755 dice-

366 4818 489 4872 bant
517 4816 570 4869 in
593 4810 808 4868 nomine
831 4806 979 4862 Pauli
1005 4819 1063 4859 se
1090 4801 1248 4857 fuisse
1271 4798 1582 4867 baptizatos,
1605 4802 1694 4847 aut
1724 4791 1946 4846 Paulum

368 4923 460 4978 pro
487 4923 548 4963 se
591 4920 712 4960 esse
757 4901 1090 4961 cruciﬁxum,
1129 4904 1184 4949 et
1229 4901 1405 4946 tamen
1443 4888 1509 4942 de
1558 4884 1707 4941 Pauli
1737 4882 1951 4938 nomine

365 4973 593 5054 schisma
622 4995 902 5050 faciebant.
934 4991 1083 5045 Sicut
1110 5000 1236 5055 ergo
1263 4983 1366 5036 illis
1389 5020 1406 5047 ,
1438 4994 1533 5049 pro
1560 4977 1752 5048 quibus
1793 4973 1949 5029 Citri-

367 5072 499 5155 stus,
544 5105 647 5145 non
687 5087 904 5151 Paulus,
955 5079 1237 5136 cruciﬁxus
1275 5083 1374 5136 est,
1419 5079 1476 5126 et
1511 5071 1601 5141 qui
1651 5069 1704 5122 in
1737 5066 1952 5120 nomine

369 5182 565 5238 Christi
590 5223 606 5248 ,
637 5195 742 5235 non
773 5179 829 5232 in
853 5173 1069 5230 nomine
1098 5167 1245 5224 Pauli
1272 5207 1287 5234 ,
1323 5165 1537 5219 luerunt
1574 5157 1822 5229 baptizati
1843 5198 1856 5222 ,
1895 5165 1950 5210 et

373 5284 546 5329 tamen
574 5272 843 5334 dicebant,
889 5266 998 5336 Ego
1027 5278 1139 5317 sum
1168 5257 1358 5319 Pauli,
1389 5262 1604 5324 propter
1631 5252 1733 5304 hoc
1757 5248 1954 5302 rectius

376 5368 586 5432 dicitur,
616 5359 877 5430 Numquid
907 5357 1099 5410 Paulus
1131 5367 1221 5421 pro
1251 5347 1384 5403 vobis
1411 5344 1680 5410 cruci/imus
1709 5339 1821 5392 est?
1856 5347 1945 5389 aut

377 5461 429 5512 in
456 5429 653 5514 nomine
681 5429 830 5508 Pauli
861 5447 1100 5518 baptismi
1127 5441 1290 5497 estis?
1319 5449 1375 5494 ut
1401 5437 1641 5492 hxreaut
1671 5432 1718 5486 ei
1745 5429 1832 5499 qui
1860 5442 1958 5497 pro

443 5633 459 5662 ³
484 5632 554 5680 sic
577 5624 901 5686 manuscrit-ti.
933 5617 1143 5686 “editi,
1160 5621 1326 5686 contra
1345 5622 1470 5686 nos“:
1500 5610 1659 5686 minus
1680 5605 1828 5686 bene.

445 5676 603 5739 ’lttalc
627 5676 748 5739 item
786 5676 864 5735 hic
888 5682 1024 5741 editi,
1059 5684 1120 5728 tte
1144 5676 1293 5726 nobis.
1339 5676 1637 5733 castigantur
1686 5680 1748 5716 ex
1791 5676 1954 5712 manu

384 5752 584 5818 scriptis.

1691 331 1890 386 LIBER
1929 331 2242 388 TERTIUS.

3511 337 3618 392 382

2041 443 2170 512 ipsis
2195 445 2480 499 cruciﬁxus
2501 456 2602 510 est,
2633 455 2686 501 et
2712 447 2761 500 in
2785 446 2937 516 cujus
2964 448 3176 501 nomine
3203 448 3447 516 baptizati
3468 461 3612 516 sunt,

2038 542 2092 587 et
2115 548 2220 587 non
2247 534 2312 588 ad
2343 551 2537 590 nomen
2563 537 2708 590 Pauli
2730 537 3032 591 dividantur
3060 555 3072 590 :
3105 537 3182 592 sic
3202 547 3256 592 et
3281 537 3428 592 vobis
3447 540 3615 594 multo

2038 625 2204 693 magis
2232 627 2353 694 quia
2396 641 2498 679 non
2528 626 2702 681 dicitis
2725 669 2739 690 ,
2792 629 2845 682 ln
2885 629 3103 684 nomine
3143 630 3330 684 Donati
3365 631 3614 699 baptizati

2037 728 2239 780 smnus,
2271 726 2324 770 et
2363 724 2535 771 tamen
2587 719 2744 774 vultis
2789 735 2909 774 esse
2953 720 3019 775 de
3063 729 3210 790 parte
3247 722 3454 788 Donati,
3485 738 3614 776 con-

2037 815 2284 872 gruenter
2310 806 2504 860 dicitur
2522 849 2535 873 ,
2566 807 2830 877 Numquid
2872 811 3105 864 Donatus
3132 826 3226 878 pro
3257 812 3409 865 vobis
3437 813 3613 866 cruci-

2038 895 2172 950 ﬁxus
2201 897 2320 951 est?
2345 900 2503 952 autin
2528 901 2740 956 nomine
2768 902 2952 956 Donati
2983 903 3228 971 haptizati
3249 904 3378 958 estis
3398 904 3423 956 ’ἐ
3457 903 3614 960 Scitis

2035 985 2178 1038 enim
2207 985 2475 1041 Christum
2505 1003 2601 1058 pro
2645 991 2795 1044 vobis
2823 1006 2941 1046 esse
2968 993 3276 1046 cruciﬁxum
3297 1034 3312 1057 ,
3343 1004 3394 1047 et
3423 993 3476 1047 in
3507 1009 3606 1047 no-

2038 1077 2181 1130 mine
2205 1075 2398 1132 Christi
2426 1093 2520 1133 vos
2545 1081 2850 1148 baptizatos,
2883 1092 2938 1136 et
2966 1093 3139 1137 tamen
3167 1093 3386 1152 propter
3410 1099 3604 1137 nomen

2037 1172 2089 1218 et
2113 1175 2314 1235 partem
2339 1168 2522 1222 Donati
2549 1171 2733 1223 unitati
2763 1170 2981 1237 Christi,
3011 1173 3096 1241 qui
3127 1187 3223 1240 pro
3253 1173 3402 1226 vobis
3432 1174 3610 1226 cruci-

2037 1254 2172 1309 ﬁsus
2201 1266 2302 1322 est,
2325 1269 2376 1311 ct
2405 1260 2454 1312 in
2482 1260 2630 1330 cujus
2648 1261 2863 1315 nomine
2886 1262 3130 1330 baptizati
3154 1264 3304 1327 estis,
3331 1272 3470 1316 tanta
3491 1277 3614 1331 per-

2037 1345 2227 1401 tinacia
2252 1351 2573 1418 repugnatis.

2107 1437 2328 1491 CAPUT
2358 1438 2467 1492 Lll.
2511 1470 2583 1479 —
2609 1441 2696 1495 64.
2737 1441 2869 1507 Quia
2910 1457 3036 1496 vero
3079 1443 3128 1496 id
3173 1443 3280 1512 egit
3325 1443 3613 1497 Petilianus

2035 1525 2247 1594 scriptis
2275 1528 2385 1580 suis
2408 1569 2421 1590 ,
2454 1538 2505 1580 ut
2533 1530 2673 1599 origo
2710 1540 2757 1584 et
2796 1531 2946 1584 radix
2983 1541 3031 1584 et
3073 1542 3222 1601 caput
3251 1532 3488 1601 baptizati
3513 1550 3612 1586 non

2035 1614 2130 1666 nisi
2158 1614 2246 1667 ille
2276 1617 2392 1669 sita
2413 1635 2510 1688 quo
2533 1617 2839 1687 baptizatur,
2869 1631 2918 1673 et
2949 1619 3049 1673 hoc
3071 1636 3099 1672 a
3123 1636 3207 1673 me
3231 1636 3334 1674 non
3365 1622 3608 1688 inaniter,

2036 1720 2134 1758 nec
2163 1707 2464 1774 pueriliter,
2501 1724 2597 1762 ncc
2621 1710 2933 1779 insipienter
2958 1711 3154 1764 dictum
3188 1720 3290 1776 est,
3325 1713 3609 1780 primordia

2037 1795 2287 1862 Epistula:
2318 1797 2481 1865 ipsius
2507 1800 2696 1867 quibus
2733 1809 2856 1854 tunc
2904 1802 3175 1870 respondi,
3221 1812 3512 1865 recensete,
3557 1812 3613 1857 et

2034 1886 2278 1941 videbitis
2305 1930 2319 1953 ,
2349 1889 2456 1942 imo
2480 1905 2604 1944 vero
2632 1907 2715 1944 me
2736 1903 3185 1947 commemorante
3211 1893 3489 1963 diligenter
3513 1894 3611 1948 ad-

2034 1977 2242 2031 vertite.
2276 1979 2622 2046 Conscientia,
2665 1982 2870 2051 inquit,
2916 1993 3083 2036 sancte
3113 1984 3284 2037 dantis
3321 1985 3610 2049 attenditur,

2033 2083 2146 2136 qua:
2167 2067 2336 2120 abluat
2367 2070 2655 2140 accipientis
2682 2087 2700 2124 :
2727 2088 2842 2124 nam
2871 2073 2954 2140 qui
2979 2073 3130 2139 ﬁdem
3159 2074 3321 2126 sciens
3353 2089 3384 2126 a
3419 2075 3614 2143 per/ida

2034 2160 2322 2226 sumpserit,
2357 2177 2458 2214 non
2486 2161 2637 2228 ﬁdem
2665 2164 2894 2232 percipit,
2916 2163 3004 2217 sed
3025 2175 3237 2216 reatum.
3269 2164 3334 2217 Et
3365 2173 3612 2232 tanquam

2035 2247 2304 2304 diceretur
2329 2251 2398 2314 ei,
2429 2249 2580 2306 Unde
2611 2251 2712 2306 hoc
2744 2253 2970 2320 probas?
3017 2252 3194 2306 Omnis
3222 2269 3300 2305 res
3341 2254 3472 2308 enim
3505 2254 3612 2305 ori-

2035 2339 2169 2407 gine,
2202 2339 2392 2408 inquit,
2437 2349 2483 2394 et
2512 2341 2680 2394 radice
2705 2342 2962 2404 consistit;
2990 2351 3034 2394 et
3061 2343 3105 2394 si
3143 2353 3294 2408 caput
3326 2358 3428 2394 non
3467 2341 3615 2394 habet

2036 2427 2264 2498 aliquid,
2305 2430 2432 2482 nihil
2461 2440 2563 2494 est;
2594 2447 2682 2484 nec
2719 2431 2991 2500 quidquam
3030 2432 3150 2484 bene
3186 2439 3474 2501 regenerat,
3518 2432 3614 2483 nisi

2036 2518 2165 2572 bona
2228 2521 2414 2574 semine
2491 2533 2804 2592 regeneretur
2849 2523 2887 2576 ¹.
2961 2523 3090 2589 Qua:
3152 2540 3265 2575 cum
3327 2524 3396 2576 ita
3464 2523 3566 2575 sint
3594 2563 3609 2587 ,

2036 2609 2218 2678 fratres
2243 2651 2256 2674 ,
2325 2629 2439 2682 qua:
2501 2620 2662 2682 potest
2722 2629 2827 2666 esse
2879 2614 3174 2682 perversitas
3205 2655 3220 2677 ,
3267 2621 3321 2665 ut
3379 2613 3464 2684 qui
3510 2613 3615 2665 suis

2036 2700 2329 2753 criminibus
2397 2718 2512 2755 reus
2563 2712 2673 2766 est,
2727 2703 2885 2755 alium
2929 2703 3083 2772 faciat
3124 2703 3479 2765 innocentem,
3535 2701 3616 2753 di-

2036 2798 2176 2841 cente
2224 2788 2438 2843 Domino
2491 2789 2616 2844 Iesu
2670 2789 2869 2844 Christo
2895 2832 2910 2857 ,
2985 2810 3003 2841 ι
3056 2791 3217 2844 Arbor
3273 2791 3404 2844 bona
3458 2792 3615 2844 bonos

2036 2883 2228 2950 fructm
2279 2882 2399 2952 facit
2433 2896 2452 2934 :
2495 2882 2738 2951 numquid
2780 2883 3023 2952 colligunt
3059 2884 3122 2935 de
3160 2884 3320 2953 spinis
3368 2886 3534 2937 uvas?
3580 2905 3599 2937 ο

2037 2979 2084 3026 et
2137 2971 2337 3034 iterum,
2371 2989 2390 3021 ι
2442 2970 2618 3024 Omnis
2647 2973 2796 3025 homo
2825 2971 2983 3026 bonus
3003 2972 3064 3026 de
3091 2973 3324 3026 thesauro
3351 2974 3519 3028 cordis
3535 2976 3616 3028 sui

2038 3061 2228 3131 profert
2277 3061 2426 3128 bona,
2449 3071 2497 3116 et
2541 3064 2702 3118 omnis
2739 3064 2887 3117 homo
2917 3065 3079 3118 malus
3106 3064 3168 3117 de
3191 3067 3424 3119 thesauro
3446 3068 3613 3121 cordis

2035 3156 2114 3208 sui
2161 3160 2354 3226 profert
2405 3157 2540 3209 mala
2585 3172 2604 3211 :
2643 3174 2663 3206 ι
2699 3166 2744 3210 et
2787 3158 2969 3210 iterant
2995 3197 3011 3222 ,
3047 3176 3067 3210 s
3113 3157 3215 3222 Qui
3261 3160 3544 3227 baptizatur
3585 3178 3617 3213 a

2038 3255 2254 3311 mortuo,
2310 3262 2409 3300 non
2459 3247 2506 3300 ei
2556 3246 2757 3314 prodest
2821 3246 3005 3300 lavatio
3067 3249 3194 3317 ejus.
3240 3266 3259 3299 ι
3287 3248 3410 3302 Haec
3439 3251 3616 3303 omnia

2037 3352 2144 3406 quo
2173 3338 2472 3406 pertineant
2510 3337 2717 3404 videtis,
2749 3347 2804 3391 ut
2830 3338 3037 3392 scilicet
3075 3346 3255 3392 sancte
3279 3339 3456 3393 dantis
3481 3354 3616 3392 con-

2038 3429 2257 3483 scientia
2304 3427 2408 3499 (ue
2435 3427 2714 3497 quisquam
2757 3428 2912 3482 ﬁdem
2942 3442 3158 3482 sumens
3195 3443 3223 3482 a
3252 3428 3478 3497 perﬁdo,
3510 3443 3618 3482 non

2041 3520 2195 3574 ﬁdem
2223 3519 2498 3588 percipiat,
2529 3518 2623 3574 sed
2653 3519 2892 3587 reatum)
2939 3519 3049 3587 ipsa
3075 3518 3330 3587 sitorigo,
3368 3526 3422 3572 et
3447 3519 3617 3584 radix,

2039 3620 2093 3664 et
2138 3620 2317 3679 caput,
2347 3617 2402 3664 et
2429 3624 2610 3663 semen
2658 3608 2929 3677 baptizati.
2965 3609 3159 3662 Volens
3205 3608 3346 3662 enim
3395 3608 3622 3677 probare

2039 3701 2418 3756 conscientiam
2457 3709 2639 3755 sancte
2665 3699 2841 3754 dantis
2869 3700 3092 3769 attendi,
3125 3716 3240 3765 qua:
3268 3699 3446 3753 abluat
3483 3699 3622 3751 acci-

2044 3789 2274 3858 pientis;
2325 3797 2381 3843 et
2425 3803 2532 3843 non
2580 3789 2739 3843 ﬁdem
2790 3790 3085 3857 percipere,
3117 3789 3209 3842 sed
3268 3797 3493 3850 reatum,
3534 3788 3622 3855 qui

2044 3878 2203 3932 tidem
2231 3877 2406 3931 sciens
2432 3878 2595 3930 sumit
2623 3892 2650 3929 a
2684 3877 2918 3944 perﬁdo;
2941 3877 3194 3930 continuo
3223 3876 3466 3944 subjecit,
3501 3874 3626 3927 Om-

2043 3967 2122 4021 nis
2163 3983 2244 4020 res
2281 3966 2414 4020 enim
2458 3966 2653 4036 origine
2695 3977 2742 4019 et
2789 3965 2958 4019 radice
2994 3964 3259 4027 consistit;
3301 3973 3348 4017 et
3393 3964 3437 4016 si
3472 3973 3625 4033 caput

2045 4074 2147 4112 non
2187 4057 2333 4112 habet
2366 4057 2580 4128 aliquid,
2613 4059 2740 4111 nihil
2783 4066 2898 4120 est;
2940 4073 3028 4110 nec
3065 4056 3336 4126 quidquam
3377 4058 3500 4110 bene
3541 4073 3623 4109 re-

2046 4160 2270 4222 generat,
2301 4150 2399 4202 nisi
2435 4150 2563 4203 bona
2596 4151 2783 4204 semine
2815 4159 3147 4217 regeneretur.
3174 4147 3236 4199 Et
3261 4161 3328 4200 ne
3348 4147 3625 4216 quisquam

2051 4251 2156 4296 tam
2188 4241 2370 4296 tardus
2407 4245 2570 4306 esset,
2616 4248 2674 4292 ut
2715 4238 2890 4292 adhuc
2928 4253 3031 4291 non
3076 4237 3393 4306 intelligeret
3426 4237 3492 4291 de
3537 4237 3629 4292 illo

2048 4347 2170 4388 eum
2197 4331 2378 4386 dicere
2424 4346 2454 4384 a
2492 4345 2598 4400 quo
2639 4329 2861 4399 quisque
2905 4328 3221 4404 baptizatur,
3254 4328 3499 4396 explanat
3529 4328 3629 4382 hoc

2051 4422 2453 4491 subscquenter,
2499 4431 2555 4475 et
2589 4419 2768 4476 dicit:
2816 4417 2941 4482 Quae
2993 4433 3107 4469 cum
3149 4416 3222 4468 ita
3261 4417 3381 4482 sint,
3421 4420 3626 4486 fratres,

2051 4529 2163 4584 qua:
2191 4520 2350 4581 potest
2389 4527 2495 4564 esse
2537 4518 2853 4579 perversitas,
2896 4518 2948 4559 ut
2993 4507 3077 4576 qui
3105 4506 3209 4560 suis
3246 4506 3533 4558 criminibus
3559 4515 3631 4558 est

2052 4619 2187 4669 reus,
2216 4602 2376 4657 alium
2423 4602 2577 4671 faciat
2625 4601 2956 4663 innocentem,
3002 4597 3196 4650 dicente
3241 4593 3457 4648 Domino
3506 4594 3632 4648 Jesn

2055 4693 2277 4758 Christo,
2310 4709 2331 4744 ς
2376 4690 2540 4744 Arbor
2583 4689 2713 4743 bona
2754 4688 2908 4742 bonos
2956 4691 3151 4756 fructus
3194 4686 3314 4753 facit
3344 4701 3362 4739 :
3391 4686 3632 4753 numquid

2055 4788 2301 4858 colligunt
2350 4785 2415 4839 de
2459 4783 2616 4854 spinis
2659 4782 2823 4835 uuas?
2875 4799 2896 4832 ι
2938 4779 3005 4833 Et
3036 4794 3102 4833 ne
3127 4778 3302 4832 adhuc
3338 4777 3632 4832 incredibili

2056 4879 2338 4938 obtusitate
2363 4876 2572 4930 ’cordis
2601 4887 2774 4928 caecus
2800 4870 3008 4926 auditor
3033 4871 3113 4924 vel
3137 4870 3303 4924 lector
3326 4885 3431 4922 non
3459 4867 3636 4921 videat

2057 4972 2126 5026 de
2151 4970 2368 5024 homine
2410 4968 2708 5036 baptizantc
2745 4963 2959 5028 dicare;
3005 4961 3242 5031 adjungit
3283 4960 3423 5014 aliud
3454 4959 3541 5012 ubi
3582 4968 3636 5011 et

2061 5062 2330 5115 hominem
2359 5058 2597 5112 nominat
2626 5073 2639 5110 :
2683 5054 2750 5108 Et
2770 5055 2966 5116 iterum,
2995 5051 3179 5120 inquit,
3212 5069 3229 5101 ι
3278 5049 3454 5102 Omnis
3488 5049 3637 5100 homo

2060 5151 2218 5206 bonus
2260 5149 2322 5202 de
2374 5149 2606 5202 thesauro
2671 5142 2838 5196 cordis
2880 5141 2960 5195 sui
3001 5143 3191 5211 profert
3220 5139 3370 5202 bona,
3397 5146 3443 5190 et
3476 5136 3639 5189 omnis

2062 5247 2210 5298 homo
2259 5241 2422 5296 malus
2471 5239 2532 5292 de
2573 5238 2808 5290 thesauro
2834 5233 3000 5287 cordis
3018 5233 3097 5285 sui
3115 5231 3303 5302 profert
3329 5227 3463 5280 mala
3488 5242 3507 5279 :
3542 5244 3561 5276 ι
3593 5234 3640 5278 et

2061 5338 2236 5389 iterum
2271 5349 2324 5387 :t
2376 5330 2476 5397 Qui
2499 5327 2782 5398 baptizatur
2805 5341 2836 5376 a
2863 5335 3080 5387 mortuo,
3105 5337 3206 5374 non
3245 5321 3289 5371 ei
3329 5315 3528 5386 prodest
3563 5315 3640 5368 la-

2063 5428 2194 5480 vatio
2246 5426 2372 5494 ejus.
2421 5440 2440 5473 ι
2474 5419 2633 5474 Certe
2669 5417 2782 5487 jam
2826 5413 3164 5468 manifestum
3231 5417 3332 5472 est,
3363 5415 3508 5460 certe
3530 5406 3640 5474 jam

2065 5534 2169 5572 non
2216 5509 2414 5584 indiget
2454 5512 2740 5579 interprete
2786 5521 2885 5561 nec
2913 5505 3240 5570 disputatore
3283 5507 3373 5552 aut
3417 5496 3642 5552 demon-

2130 5658 2146 5684 ι
2174 5658 2276 5700 MSS.
2294 5649 2373 5697 hic
2396 5653 2447 5696 et
2467 5643 2590 5694 infra
2612 5647 2908 5698 constanter,
2941 5638 3213 5702 generetur.

2130 5717 2150 5746 ’
2165 5720 2213 5762 tn
2238 5718 2364 5771 Mss,
2395 5704 2691 5761 obtunsitate.
3419 5732 3483 5743 ...ν
