4024 6196
409 270 514 328 353

412 394 660 442 stratore,
702 376 754 432 id
795 388 953 445 agere
994 374 1139 433 istos,
1173 377 1230 422 ut
1274 368 1424 435 origo
1452 374 1506 419 et
1552 362 1703 417 radix
1740 368 1793 413 et
1832 363 1991 426 caput

414 472 661 545 baptizati
705 467 910 523 nonnisi
956 464 1042 517 ille
1071 462 1142 515 sit
1168 474 1197 513 ι
1217 474 1321 528 quo
1354 456 1683 523 baptizatur:
1714 461 1769 505 et
1808 457 1991 545 tamen

414 571 461 621 vi
486 541 727 620 veritatis
756 570 1063 628 oppressus,
1097 569 1150 605 ιι
1176 550 1330 621 quasi
1357 564 1474 618 qua:
1512 546 1733 600 dixisset
1772 541 1986 605 oblitus,

412 653 657 710 concedit
685 650 812 705 mihi
841 654 1021 718 postea
1050 643 1357 706 Petilianus,
1392 648 1448 692 ut
1477 638 1718 692 Christus
1748 633 1817 688 sit
1842 632 1991 700 origo

411 755 467 799 et
536 741 683 797 radix
749 745 1178 809 regeneratorum
1228 742 1283 787 et
1332 738 1489 798 caput
1538 726 1792 781 Ecclesiae
1821 763 1838 789 ,
1888 736 1993 775 non

415 836 694 904 quisquam
719 833 880 885 homo
901 829 1235 897 dispensator
1258 824 1602 889 ministerque
1632 814 1991 887 Baptismatis.

420 925 550 978 Cum
580 924 722 976 enim
746 921 971 974 dixisset
997 918 1118 986 quia
1166 916 1218 969 in
1265 914 1480 967 nomine
1516 908 1717 964 Christi
1766 907 1996 974 baptiza-

419 1014 546 1067 bant
590 1010 849 1080 Apostoli,
899 1018 951 1063 et
978 1007 1245 1062 Christum
1277 1003 1674 1057 fundamentum
1707 995 1994 1067 ponebant,

420 1116 476 1158 ut
507 1104 739 1158 facerent
766 1099 1114 1162 Christianos,
1146 1106 1199 1151 et
1229 1096 1329 1148 hoc
1357 1093 1748 1161 Scripturarum
1788 1095 2000 1141 sancta-

417 1215 534 1253 rum
559 1183 875 1252 testimoniis
899 1202 953 1247 et
990 1190 1268 1259 exemplis,
1300 1199 1545 1255 tanquam
1577 1198 1676 1237 nos
1711 1182 1810 1234 hoc
1836 1193 1998 1247 nega-

372 1304 377 1311 ·
419 1304 618 1351 remus,
652 1286 902 1356 probaret
936 1302 947 1336 :
987 1283 1085 1338 Ubi
1112 1291 1181 1335 est
1214 1296 1366 1344 nunc,
1406 1277 1595 1345 inquit,
1626 1276 1719 1328 illa
1747 1288 1860 1335 vox,
1899 1286 2001 1338 qua

419 1381 625 1433 minutis
653 1388 700 1431 et
726 1376 911 1431 crebris
953 1371 1331 1444 quaestiunculis
1378 1368 1683 1438 crepitans‘,
1716 1365 1877 1417 multa
1924 1362 2003 1415 in-

422 1472 589 1524 voluta
623 1470 686 1522 de
725 1467 924 1522 Christo
960 1474 1009 1519 et
1052 1481 1145 1534 pro
1171 1462 1368 1517 Christo
1398 1471 1444 1513 et
1485 1460 1538 1511 in
1582 1456 1800 1520 Christo,
1827 1462 2003 1507 contra

421 1561 696 1613 humanam
740 1557 1066 1611 temeritatem
1106 1561 1150 1607 et
1187 1551 1472 1620 superbiam
1501 1547 1744 1600 invidiose
1786 1554 1831 1597 et
1873 1543 2005 1598 elate

418 1650 635 1703 dixisti?
677 1647 807 1701 Ecce
831 1644 1059 1699 Christus
1086 1652 1157 1697 est
1185 1641 1328 1710 origo
1357 1637 1641 1700 christiani,
1666 1633 1894 1688 Christus
1929 1639 2004 1685 est

419 1750 591 1808 caput,
616 1738 843 1794 Christus
884 1746 957 1791 est
996 1735 1166 1789 radix.
1214 1733 1307 1786 llis
1354 1746 1480 1800 ergo
1509 1728 1723 1793 auditis,
1748 1724 1871 1794 quid
1902 1722 2002 1777 nisi

423 1831 521 1899 ipsi
552 1830 764 1882 Christo
799 1828 995 1896 gratias
1019 1839 1194 1895 agam,
1222 1824 1312 1892 qui
1355 1820 1529 1889 coegit
1566 1818 1835 1872 hominem
1874 1829 2006 1869 con-

424 1921 598 1976 titeri?
630 1920 781 1973 Falsa
800 1934 928 1988 ergo
954 1926 1077 1972 sunt
1105 1916 1192 1970 illa
1221 1930 1338 1984 quae
1373 1915 1425 1967 in
1453 1911 1702 1981 Epistola:
1732 1924 1842 1963 sua:
1867 1907 2006 1961 dixit

421 2012 665 2075 exordio,
689 2025 808 2064 cum
844 2010 1004 2062 vellet
1048 2006 1372 2076 persuadere
1416 2001 1795 2059 conscientiam
1822 2009 2005 2053 sancte

424 2102 597 2155 dantis
635 2100 858 2167 attendi,
888 2115 1006 2169 quae
1046 2099 1225 2152 abluat
1261 2095 1601 2165 accipientis;
1643 2102 1698 2147 et
1735 2106 1855 2147 cum
1885 2090 2005 2159 quis

421 2193 595 2247 sciens
625 2192 783 2246 tidem
825 2206 853 2245 a
897 2190 1098 2260 perfido
1147 2188 1454 2257 sumpserit,
1486 2203 1591 2240 non
1626 2186 1784 2239 fidem
1834 2183 2006 2254 perci—

425 2297 570 2350 pere,
604 2282 699 2336 sed
725 2291 950 2336 reatum.
982 2281 1092 2334 Hoc
1129 2281 1271 2335 enim
1312 2280 1497 2332 volens
1527 2279 1668 2331 velut
1698 2274 2002 2340 ostendere,

422 2384 676 2443 quantum
720 2375 791 2429 sit
830 2374 882 2427 in
929 2374 1144 2427 homine
1171 2372 1493 2440 baptizanle,
1525 2366 1779 2437 tanquam
1814 2380 2003 2434 magna

422 2463 739 2518 documenta
768 2462 1071 2531 subjecerat
1094 2463 1299 2525 dicens,
1321 2460 1497 2513 Omnis
1528 2461 1661 2513 enim
1688 2473 1787 2523 res,
1808 2457 2003 2525 origine

423 2562 468 2606 et
508 2553 678 2607 radice
715 2553 978 2617 consistit;
1008 2562 1054 2605 et
1086 2552 1130 2605 si
1168 2562 1319 2622 caput
1348 2566 1447 2603 non
1470 2549 1614 2603 habet
1638 2547 1852 2616 aliquid,
1878 2547 2007 2601 nihil

424 2652 517 2695 est.
549 2643 738 2697 Postea
764 2658 890 2697 vero
920 2658 1039 2697 cum
1070 2642 1199 2696 dicit
1227 2641 1370 2710 quod
1396 2650 1450 2694 et
1480 2654 1577 2694 nos
1603 2639 1852 2704 dicimus,
1882 2638 2009 2691 Ecce

425 2733 655 2788 Christus
683 2745 752 2789 est
782 2736 923 2805 origo
960 2735 1247 2795 christiani.
1280 2732 1509 2788 Christus
1538 2741 1610 2786 est
1650 2742 1821 2801 caput,
1861 2730 2010 2784 Chri-

423 2835 528 2878 stus
547 2834 619 2879 est
645 2826 829 2891 radix;
860 2826 1000 2880 dolet
1018 2825 1157 2895 quod
1184 2833 1338 2880 antea
1363 2824 1589 2888 dixerat,
1611 2824 1729 2890 quia
1752 2821 2011 2875 conscien-

426 2915 496 2966 tia
520 2925 692 2970 sancte
718 2916 886 2968 dantis
914 2924 988 2968 est
1013 2917 1153 2985 origo
1186 2925 1230 2967 et
1266 2914 1416 2967 radix
1445 2923 1488 2965 et
1518 2924 1669 2982 caput
1694 2910 2006 2981 accipientis.

431 3003 565 3059 Vicit
610 3020 737 3074 ergo
766 3006 981 3070 veritas,
1017 3015 1075 3058 ut
1115 3008 1275 3058 homo
1312 3004 1401 3072 qui
1448 3004 1773 3072 Baptismum
1811 3000 2010 3054 Christi

426 3094 717 3159 desiderat,
756 3110 858 3147 non
893 3095 944 3147 in
978 3093 1194 3147 homine
1224 3094 1468 3146 ministro
1512 3108 1659 3160 spem
1706 3098 1885 3160 ponat,
1914 3089 2011 3145 sed

428 3188 492 3239 ad
535 3188 703 3255 ipsum
740 3185 1005 3240 Christum
1057 3194 1305 3253 tanquam
1347 3183 1410 3237 ad
1458 3184 1715 3251 originem
1759 3198 1877 3252 qua:
1904 3198 2009 3236 non

429 3284 684 3341 mutatur,
729 3274 795 3328 ad
844 3274 1075 3329 radicem
1120 3290 1239 3342 quze
1290 3290 1392 3326 non
1437 3273 1698 3337 evellitur,
1745 3270 1812 3326 ad
1854 3279 2013 3340 caput

429 3366 569 3433 quod
601 3382 703 3417 non
735 3364 1000 3433 dejicitur,
1033 3380 1255 3419 securus
1282 3362 1521 3417 accedat.

503 3460 727 3515 CAI‘UT
770 3459 986 3512 Llll.-——-
1026 3459 1115 3512 65.
1155 3458 1267 3511 Jam
1304 3457 1430 3510 illud
1461 3457 1580 3525 quis
1608 3470 1711 3509 non
1746 3454 2010 3520 advertat,

432 3550 499 3604 de
536 3565 636 3617 qua
664 3546 843 3601 inﬂata
876 3562 1005 3600 vena
1037 3547 1234 3609 veniat,
1267 3544 1409 3614 quod
1456 3560 1575 3599 cum
1609 3543 1847 3613 Apostoli
1887 3557 2014 3597 sen-

432 3640 651 3695 tentiam
682 3638 825 3692 velut
860 3645 1171 3706 exponeret,
1200 3636 1311 3689 ait:
1336 3636 1435 3701 Qui
1463 3636 1610 3691 dixit.
1647 3653 1665 3685 ι
1722 3634 1833 3705 Ego
1863 3632 2013 3702 plan-

432 3730 552 3792 tavi,
584 3727 768 3798 Apollo
817 3728 1032 3797 rigavit;
1085 3726 1173 3780 sed
1215 3725 1351 3778 Deus
1399 3726 1757 3777 incrementth
1786 3723 1962 3776 dedit:
1990 3740 2009 3774 ι

431 3821 554 3890 quid
582 3821 724 3874 aliud
768 3819 916 3884 dixit,
948 3819 1067 3882 nisi,
1098 3818 1211 3889 Ego
1250 3818 1499 3871 hominem
1538 3820 1589 3868 in
1635 3815 1836 3871 Christo
1878 3825 2015 3869 cate-

433 3912 728 3965 chumenum
751 3910 865 3978 feci,
898 3910 1079 3978 Apollo
1120 3909 1426 3977 baptizavit;
1456 3906 1589 3960 Deus
1633 3905 1767 3975 quod
1805 3906 2017 3974 fecimus

434 4001 794 4069 conﬁrmavit?
843 4000 1018 4065 Quare
1047 4013 1175 4067 ergo
1206 4013 1309 4051 non
1332 3996 1537 4050 addidit
1562 3996 1850 4050 Petilianus
1872 3994 2012 4064 quod

438 4094 724 4162 Apostolus
768 4091 992 4155 addidit,
1023 4100 1076 4145 et
1115 4105 1215 4160 ego
1255 4089 1483 4142 maxime
1530 4087 1917 4151 commendavi,
1963 4096 2019 4140 ut

434 4186 592 4239 etiam
622 4184 723 4238 hoc
749 4183 902 4236 nobis
928 4190 1241 4249 exponeret,
1281 4180 1459 4249 Neque
1482 4181 1568 4249 qui
1601 4179 1796 4247 plantat
1822 4188 1894 4233 est
1921 4178 2018 4232 ali-

435 4277 577 4346 quid,
618 4291 776 4342 neque
804 4275 886 4343 qui
918 4273 1067 4342 rigat,
1108 4273 1195 4325 sed
1224 4274 1309 4341 qui
1345 4272 1706 4325 incrementum
1749 4271 1837 4323 dat
1882 4271 2019 4324 Deus

442 4368 495 4437 (l
522 4367 638 4420 Cor.
668 4381 745 4427 tu,
772 4365 825 4426 6,
860 4364 954 4432 7)?
984 4362 1134 4430 Quod
1176 4364 1219 4416 si
1264 4364 1388 4416 velit
1418 4378 1685 4431 exponere
1725 4363 2015 4417 secundum

439 4474 499 4512 ea
541 4474 657 4526 qua:
686 4472 844 4525 supra
878 4457 1073 4525 posuit,
1106 4456 1221 4509 sine
1268 4455 1429 4509 dubio
1473 4458 1712 4526 sequitur
1756 4466 1809 4510 ut
1847 4472 2017 4525 neque

440 4550 529 4617 qui
570 4548 833 4615 baptizat’
875 4546 1068 4615 aliquid
1099 4547 1186 4611 sit,
1214 4547 1303 4600 sed
1338 4547 1477 4600 Deus
1506 4547 1595 4616 qui
1634 4547 2016 4601 incrementum

437 4640 547 4692 tlat.
598 4637 733 4705 Quid
779 4637 920 4691 enim
969 4636 1034 4690 ad
1067 4653 1176 4691 rem
1211 4653 1349 4690 nunc
1390 4638 1618 4705 pertinet
1643 4637 1910 4706 quomodo
1938 4636 2021 4691 di-

441 4741 582 4782 ctum
610 4730 696 4793 sit,
731 4728 838 4799 Ego
868 4728 1109 4799 plantavi,
1145 4729 1326 4798 Apollo
1357 4730 1536 4798 rigavit
1564 4745 1582 4781 :
1618 4740 1791 4783 utrum
1833 4745 2018 4785 revera

436 4823 507 4872 ita
535 4818 899 4887 accipiendum
931 4820 999 4872 sit
1034 4827 1283 4887 tanquam
1314 4819 1525 4881 dixerit,
1570 4818 1681 4889 Ego
1706 4821 2021 4875 catechume-

443 4925 563 4960 tmm
604 4909 720 4977 feci,
768 4908 951 4977 Apollo
1000 4907 1308 4976 baptizavit:
1357 4923 1423 4961 an
1474 4911 1542 4962 sit
1586 4910 1719 4964 alius
1756 4913 1931 4965 verior
1967 4919 2022 4964 el.

441 4999 817 5068 trongruentior
870 4999 1207 5053 intellectus?
1274 4999 1412 5054 Ecce
1461 5001 1670 5054 interim
1727 5002 2019 5056 secundum

444 5088 607 5157 ipsius
634 5089 1041 5157 expositionem,
1084 5104 1254 5157 neque
1286 5090 1373 5155 qui
1403 5089 1842 5145 cateclmmenum
1876 5091 2017 5158 facit,

449 5196 620 5249 neque
650 5180 739 5249 qui
767 5180 1000 5245 baptizat
1036 5191 1115 5233 est
1142 5180 1361 5250 aliquid,
1402 5181 1494 5236 sed
1516 5183 1604 5251 qui
1637 5182 2019 5239 incrementum

443 5274 532 5322 dat
579 5270 734 5322 Deus.
768 5268 988 5321 Multum
1036 5279 1211 5322 autent
1259 5271 1480 5325 interest
1523 5272 1659 5326 inter
1701 5274 2021 5329 confirmare

446 5360 587 5426 quol
624 5361 761 5413 alius
792 5359 935 5422 facit,
961 5369 1013 5414 et
1060 5362 1251 5415 facere.
1283 5362 1385 5429 Qui
1427 5363 1569 5416 enim
1601 5362 1690 5418 dat
1721 5365 2021 5420 incremeno

443 5458 575 5512 tum,
608 5464 713 5502 non
760 5449 1009 5505 arborem
1038 5451 1121 5505 vel
1171 5456 1329 5507 vitem
1358 5454 1658 5522 confirmat,
1709 5433 1804 5511 sed
1855 5466 2017 5512 creat.

506 5578 521 5641 ξ
551 5580 597 5625 In
627 5585 752 5634 διεδ..
768 5581 1031 5641 trepidans.

503 5636 521 5664 ³
551 5646 653 5686 Mss.
676 5636 870 5703 habent,
891 5642 1172 5705 baptizatur.

1258 254 1523 311 CONTRA
1558 244 1891 303 LITTERAS
1933 236 2288 303 PETILIANI,
2332 241 2387 295 S.
2433 240 2797 297 AUGUSTINI

3580 246 3681 301 3&5

2102 351 2196 407 Illo
2226 354 2418 422 quippe
2462 356 2788 409 incremento
2826 354 2904 421 lit,
2935 364 2991 409 ut
3028 357 3187 409 etiam
3234 357 3430 425 lignum
3476 359 3685 427 planta-

2103 452 2212 496 tum
2243 445 2471 497 radicem
2506 446 2759 514 producat
2784 454 2839 499 et
2881 448 3046 515 ligat:
3090 447 3180 500 illo
3227 447 3559 502 incremento
3608 450 3685 515 fit.

2105 544 2162 587 ut
2184 548 2367 588 semen
2387 534 2585 603 jactum
2612 550 2830 605 germen
2861 537 3086 589 emittat.
3119 537 3223 591 Sed
3253 537 3381 606 quid
3415 537 3540 592 hinc
3572 539 3689 594 dtu-

2106 625 2210 677 tius
2261 624 2631 679 disseramus?
2695 625 2904 681 Sufficit
2954 626 3095 695 quod
3147 629 3440 682 secundum
3490 630 3687 699 ipsum,

2104 730 2275 783 neque
2315 716 2401 784 qni
2429 718 2870 771 cateelmmenum
2921 716 3069 783 facit,
3101 734 3273 788 neque
3301 720 3391 788 qui
3437 720 3689 790 haptizat,

2103 806 2300 875 aliquid
2331 817 2439 869 est,
2472 808 2565 862 sed
2594 810 2682 878 qui
2725 809 3111 864 incrementum
3150 811 3240 866 dat
3279 813 3438 868 Deus.
3468 814 3691 881 Quando

2106 904 2282 949 autem
2320 897 2419 950 hoc
2445 896 2651 952 diceret
2692 898 3003 965 Petilianus,
3050 909 3106 954 ut
3132 909 3257 955 eum
3285 902 3465 957 dicere
3496 905 3691 958 intellio

2104 1002 2373 1057 geremus,
2404 988 2585 1058 Neque
2614 991 2850 1044 Donatus
2878 991 3215 1061 Carthaginis
3245 1003 3327 1047 est
3351 994 3572 1063 aliquid,
3602 1011 3689 1050 ne-

2105 1096 2207 1149 que
2235 1080 2577 1147 Januarius',
2606 1098 2778 1152 neque
2825 1084 3153 1138 Petilianus?
3194 1085 3417 1151 Quando
3465 1087 3566 1141 hoc
3611 1098 3683 1143 tu-

2107 1188 2224 1227 mor
2262 1174 2350 1227 ille
2388 1184 2675 1242 pateretur,
2713 1191 2819 1245 quo
2860 1190 2919 1230 se
2950 1185 3101 1245 putat
3143 1176 3303 1232 homo
3332 1178 3528 1247 aliquid
3571 1194 3689 1234 esse

2106 1282 2227 1321 cum
2256 1267 2383 1320 nihil
2416 1269 2503 1331 sit,
2534 1278 2588 1321 et.
2615 1282 2675 1322 se
2704 1269 2873 1337 ipsum
2896 1269 3100 1322 seducit
3130 1267 3322 1341 (Galat.
3350 1286 3419 1337 vr,
3449 1272 3528 1340 5).

2158 1357 2403 1412 CAPUT
2443 1357 2575 1411 LIV.
2615 1388 2688 1398 —
2724 1359 2812 1413 66.
2857 1359 3095 1428 Denique
3142 1360 3301 1414 etiam
3359 1361 3517 1429 paulo
3574 1370 3690 1429 post

2108 1463 2226 1501 cum
2255 1448 2576 1510 institueret.
2602 1457 2654 1501 et
2678 1449 2977 1503 intenderet
2998 1459 3248 1518 tanquam
3276 1464 3336 1502 ea
3366 1449 3525 1503 verba
3551 1452 3691 1518 Apo-

2109 1541 2251 1605 stoli,
2271 1556 2388 1609 quas
2415 1557 2511 1594 nos
2541 1542 2929 1609 objeceramus,
2957 1544 3144 1597 iterum
3179 1553 3491 1610 retractare,
3525 1544 3689 1599 noluit

2111 1633 2226 1687 lure
2261 1649 2458 1701 ponere
2502 1649 2620 1703 quae
2667 1633 2904 1688 dixeram
2951 1650 3069 1701 ego,
3121 1635 3214 1689 sed
3259 1633 3362 1689 alia
3408 1636 3457 1688 in
3501 1637 3690 1704 quibus

2111 1734 2289 1794 posset
2318 1734 2603 1793 utcumque
2634 1723 2863 1779 humana
2894 1726 3095 1779 inﬂatio
3124 1728 3406 1794 respirare.
3455 1725 3595 1779 Nam
3638 1735 3690 1780 ut

2109 1818 2274 1886 ejus’,
2306 1817 2493 1884 inquit,
2522 1815 2750 1884 Apostoli
2794 1815 2947 1879 dicta,
2977 1832 3089 1883 qua:
3128 1817 3269 1871 nobis
3296 1816 3571 1886 objeceras,
3599 1819 3691 1871 ite-

2108 1923 2221 1961 rum
2251 1907 2567 1977 replicetnus,
2600 1907 2767 1959 dixit:
2789 1925 2808 1958 ι
2858 1906 2992 1973 Quid
3020 1918 3092 1960 est
3119 1907 3250 1961 enim
3290 1906 3494 1975 Apollo,
3517 1908 3694 1977 quidve

2113 1996 2350 2051 Paulus?
2401 1996 2620 2050 Ministri
2690 1999 2797 2067 ejus
2866 1998 2947 2050 cui
2985 1998 3267 2051 credidistis
3306 2017 3324 2049 ι
3374 1996 3426 2068 (Ι
3463 1995 3582 2052 Cor.
3615 2014 3688 2064 nl,

2111 2093 2164 2158 4,
2193 2091 2270 2162 5).
2308 2091 2442 2156 Quid
2470 2092 2630 2157 aliud,
2661 2091 2795 2145 verbi
2840 2093 3024 2161 gratia,
3068 2093 3187 2144 dicit
3212 2092 3438 2146 omnibus
3487 2094 3687 2155 nostris,

2112 2184 2231 2248 nisi,
2277 2181 2413 2248 Quid
2452 2192 2525 2235 est
2578 2181 2809 2236 Donatus
2849 2183 3167 2252 Carthaginis
3230 2183 3351 2250 quid
3392 2182 3690 2250 Ianuarius,

2109 2274 2233 2344 quid
2277 2272 2583 2339 Petilianus,
2609 2275 2705 2327 nisi
2741 2276 2955 2329 ministri
2989 2277 3097 2345 ejus
3123 2293 3184 2329 cu
3235 2276 3559 2330 credidistis?
3585 2277 3693 2331 lloc

2112 2382 2211 2437 ego
2241 2366 2481 2435 Apostoli
2508 2368 2869 2420 testimonium
2903 2382 3006 2421 non
3037 2369 3186 2436 posui
3217 2385 3233 2423 :
3277 2367 3369 2421 sed
3402 2368 3525 2421 illud
3554 2369 3691 2437 quod

2112 2474 2537 2514 commemorare
2583 2460 2769 2525 noluit,
2814 2461 2983 2528 posui,
3032 2459 3207 2525 Neque
3253 2461 3338 2533 qui
3383 2462 3579 2530 plantat
3624 2470 3692 2515 est

2112 2549 2325 2619 aliquid,
2350 2548 2507 2619 neque
2532 2551 2615 2619 qui
2642 2551 2793 2621 rigat,
2815 2550 2904 2603 sed
2930 2550 3017 2619 qui
3042 2551 3398 2602 incremwtmn
3424 2551 3509 2601 dat
3541 2549 3690 2603 Deus.

2114 2640 2219 2695 Iste
2244 2652 2421 2694 autem
2448 2656 2507 2693 ea
2538 2641 2699 2695 verba
2744 2641 2980 2709 Apostoli
3024 2640 3259 2693 inserere
3285 2639 3468 2702 voluit,
3501 2640 3589 2693 ubi
3616 2642 3694 2693 in-

2114 2737 2349 2800 terrogat
2374 2731 2499 2800 quid
2531 2732 2599 2784 sit
2633 2731 2847 2796 Paulus,
2881 2729 2964 2783 vel
3004 2731 3128 2800 quid
3173 2731 3242 2785 sit
3286 2731 3493 2799 Apollo,
3525 2740 3577 2785 et
3609 2746 3691 2785 re-

2115 2821 2364 2889 spondet,
2390 2818 2612 2873 Miuistri
2638 2821 2746 2889 ejus
2775 2820 2855 2872 cui
2874 2820 3171 2873 credidistis.
3195 2818 3305 2873 [loc
3334 2821 3510 2889 aliqua
3538 2820 3697 2873 modo

2062 2981 2077 2993 ι
2115 2909 2255 2965 ferre
2282 2912 2453 2978 potuit
2480 2920 2625 2964 torus
2656 2910 2877 2964 cervicis
2905 2910 3168 2964 ltmretiea:
3196 2929 3208 2964 :
3244 2911 3371 2964 illud
3402 2920 3576 2963 autem
3608 2910 3693 2965 ubi

2116 3019 2221 3058 non
2253 3005 2613 3075 interrogavit,
2645 3015 2699 3060 et
2737 3006 3014 3075 respondit
3042 3005 3167 3075 quid
3217 3014 3377 3071 esset,
3428 3004 3523 3059 sed
3566 3005 3698 3060 dixit

2118 3110 2222 3148 non
2250 3110 2371 3150 esse
2413 3095 2637 3166 aliquid,
2670 3096 2809 3151 ferre
2843 3097 3060 3151 omnino
3089 3111 3193 3149 non
3225 3096 3411 3165 potuit.
3448 3094 3552 3149 Sed
3587 3095 3697 3163 jam

2117 3188 2240 3240 volo
2264 3201 2503 3256 quaerere
2534 3195 2707 3239 utrum
2741 3200 2845 3239 non
2876 3185 2944 3239 sit
2969 3185 3169 3255 aliquid
3197 3186 3439 3251 minister
3460 3185 3698 3238 Christi?

2119 3277 2248 3344 Quis
2290 3276 2390 3330 hoc
2420 3276 2656 3330 dixerit?
2700 3273 2980 3343 Quomodo
3004 3288 3131 3344 ergo
3160 3290 3343 3329 verum
3390 3282 3493 3340 est,
3524 3273 3699 3343 quue

2119 3367 2206 3437 qui
2233 3367 2425 3435 plantat
2455 3374 2525 3419 est
2552 3364 2769 3433 aliquid,
2808 3381 2963 3434 neque
2989 3365 3073 3431 qui
3102 3365 3252 3433 rigat,
3293 3364 3383 3416 sed
3411 3364 3496 3433 qui
3534 3364 3698 3418 incre-

2120 3465 2340 3508 mentum
2370 3456 2457 3508 dat
2504 3454 2675 3517 Deus;
2708 3455 2805 3509 nisi
2837 3453 2956 3523 quia
2988 3454 3052 3508 ad
3081 3454 3220 3507 aliud
3263 3455 3461 3523 aliquid
3490 3464 3593 3519 est,
3633 3454 3702 3508 ad

2121 3545 2260 3597 aliud
2289 3561 2391 3598 non
2433 3554 2515 3599 est
2556 3545 2796 3615 aliquid?
2840 3545 2918 3598 Ad
2963 3544 3362 3599 ministrandum
3402 3554 3453 3598 ct
3482 3545 3701 3613 dispen-

2121 3636 2343 3690 sandum
2396 3637 2614 3690 verbum
2661 3652 2721 3691 ac
2778 3637 3176 3691 Sacramentum
3211 3635 3409 3705 aliquid
3455 3644 3587 3689 est:
3637 3636 3704 3688 ad

2124 3727 2483 3782 mandandum
2516 3740 2690 3781 autem
2718 3738 2772 3783 et
2794 3728 3188 3797 justificandum
3232 3741 3335 3780 non
3363 3736 3445 3780 est
3472 3726 3702 3795 aliquid;

2121 3821 2243 3891 quia
2290 3820 2390 3873 hoc
2438 3834 2541 3873 non
2574 3830 2823 3888 Operatur
2852 3821 2902 3873 in
2933 3821 3185 3874 interiore
3216 3819 3450 3884 homine,
3481 3820 3583 3873 nisi
3614 3835 3707 3888 per

2124 3925 2280 3978 quem
2313 3919 2526 3964 creatus
2563 3920 2645 3963 est
2676 3920 2815 3964 totus
2857 3910 3038 3975 homo,
3071 3920 3125 3964 et
3168 3911 3255 3979 qui
3303 3910 3442 3963 Deus
3486 3924 3708 3965 manens

2125 4002 2293 4057 factus
2321 4012 2403 4056 est
2432 4002 2611 4068 homo,
2640 4003 2729 4056 ille
2757 4002 2959 4057 scilicet
2990 4003 3055 4056 de
3077 4016 3184 4072 quo
3205 4003 3403 4056 dictum
3446 4010 3548 4065 est,
3582 4000 3709 4055 Fide

2126 4094 2375 4147 inundans
2413 4094 2568 4147 corda
2611 4110 2784 4148 eorum
2814 4095 2949 4163 (Act.
3001 4111 3096 4159 xv,
3130 4094 3216 4165 9);
3250 4102 3322 4160 et,
3373 4094 3607 4148 Credenti
3656 4095 3707 4147 in

2124 4202 2238 4239 eum
2262 4187 2346 4255 qui
2363 4186 2612 4256 justiﬁcat
2639 4186 2848 4254 impium
2880 4184 3051 4255 (Rom.
3085 4201 3153 4249 tv,
3183 4184 3259 4254 5).
3289 4183 3441 4252 Quod
3470 4181 3709 4235 testimo—

2125 4279 2270 4332 nium
2299 4279 2350 4331 in
2380 4279 2553 4332 verbis
2582 4279 2716 4331 meis
2742 4277 3033 4333 Petilianus
3072 4292 3269 4345 ponere
3297 4275 3483 4339 voluit,
3516 4275 3569 4329 in
3599 4274 3710 4328 suis

2126 4377 2299 4423 autem
2333 4383 2431 4423 nec
2478 4371 2872 4433 tractavit,-nec
2898 4369 3089 4438 attigit.
3512 4402 3515 4403 ν

2196 4457 2418 4514 CAPUT
2460 4459 2755 4514 LV.—67.
2785 4460 3021 4513 Minister
3044 4474 3192 4527 ergo,
3224 4458 3273 4513 id
3299 4467 3400 4524 est,
3429 4458 3713 4527 dispensa-

2129 4560 2212 4605 tor
2246 4551 2395 4605 verbi
2435 4559 2489 4605 et
2535 4551 2860 4605 Sacramenti
2911 4551 3231 4621 evangelici,
3282 4551 3324 4604 si
3368 4551 3541 4604 bonus
3588 4559 3709 4617 est,

2125 4642 2402 4696 consocius
2431 4642 2487 4696 fit
2516 4642 2784 4711 Evangelii
2808 4660 2819 4694 :
2840 4642 2885 4697 si
2913 4653 3091 4697 autem
3124 4642 3293 4695 malus
3320 4650 3420 4705 est,
3458 4657 3562 4696 non
3592 4642 3714 4696 ideo

2127 4732 2460 4802 dispensator
2498 4748 2601 4787 non
2646 4744 2727 4788 est
2762 4733 3048 4804 Evangelii.
3090 4732 3145 4787 Si
3188 4733 3329 4785 enim
3378 4732 3550 4785 bonus
3591 4741 3674 4786 est
3699 4774 3711 4793 .

2128 4823 2312 4880 volens
2334 4824 2433 4879 hoc
2460 4825 2583 4879 facit
2604 4842 2616 4877 :
2636 4825 2677 4877 si
2705 4833 2877 4879 autem
2906 4825 3093 4887 malus,
3123 4824 3222 4878 hoc
3248 4832 3330 4877 est
3353 4839 3448 4878 sua
3470 4838 3714 4892 quaerens

2130 4935 2235 4972 non
2264 4934 2381 4988 qua:
2410 4917 2535 4972 Jesu
2564 4916 2788 4983 Christi,
2833 4915 3025 4969 invitus
3063 4916 3161 4969 hoc
3208 4914 3331 4968 facit
3358 4924 3576 4983 propter
3613 4914 3712 4967 alia

2130 5023 2248 5076 qua:
2266 5008 2505 5077 requirit.
2525 5006 2657 5061 Vide
2676 5016 2850 5060 tamen
2875 5005 2997 5075 quid
3022 5005 3159 5060 idem
3189 5006 3463 5073 apostolus
3489 5006 3712 5059 dixerit:

2134 5100 2194 5154 Si
2229 5117 2346 5170 ergo
2383 5100 2552 5152 volens
2577 5099 2669 5151 hoc
2704 5097 2869 5166 facio,
2913 5097 3117 5166 inquit,
3150 5096 3427 5151 mercedem
3453 5097 3649 5159 habeo;
3676 5095 3715 5149 si

2132 5202 2298 5244 autem
2328 5192 2535 5255 invitus,
2581 5191 2886 5259 dispensatio
2924 5190 3047 5242 mihi
3076 5190 3267 5243 credita
3292 5199 3365 5246 est
3397 5191 3414 5258 (
3442 5187 3458 5241 l
3489 5188 3606 5243 Cor.
3644 5205 3712 5250 Ix.

2133 5283 2242 5353 17).
2275 5282 2546 5351 Tanquam
2591 5281 2908 5336 diceret:Si
2960 5282 3131 5337 bonus
3175 5284 3373 5337 bonum
3421 5285 3710 5343 annuntio,

2133 5378 2293 5432 etiam
2342 5377 2456 5446 ipse
2504 5376 2785 5449 pervenio;
2831 5377 2873 5431 si
2913 5386 3089 5431 autem
3136 5376 3326 5437 malus,
3378 5377 3571 5430 bunum
3621 5391 3713 5428 an-

2198 5533 2214 5563 ι
2241 5537 2289 5577 ιιι
2313 5536 2417 5579 Mss.
2440 5536 2534 5587 est,
2561 5538 2902 5580 Januartanus.

2196 5595 2214 5623 ³
2236 5599 2363 5650 lov.,
2388 5604 2499 5640 nam
2521 5600 2569 5641 ut
2592 5605 2666 5641 ea.
2687 5595 2838 5643 Nostri
2865 5604 2981 5641 vero
3006 5592 3318 5653 manuscripti
3342 5601 3449 5640 cum
3474 5586 3579 5635 aliis
3602 5593 3707 5636 aut:

2139 5654 2296 5713 editis,
2322 5665 2432 5702 nmn
2459 5659 2507 5702 ut
2531 5652 2650 5713 ejus.
