4066 6200
301 454 501 511 nuntio.
535 452 799 526 Numquid
825 459 966 514 enim
991 461 1141 528 dixit,
1171 459 1226 518 Si
1255 462 1450 517 invitus
1478 463 1630 530 facio,
1664 464 1877 533 dispen-

298 555 450 601 sator
491 561 596 600 non
643 549 774 602 ero?
802 551 1144 606 Annuntiavit
1174 555 1360 609 Petrus
1396 564 1451 610 et
1495 557 1674 610 creteri
1725 556 1880 619 boni,

302 636 498 690 invitus
534 635 731 702 ludas,
779 648 954 696 tamen
1001 657 1122 698 cum
1149 644 1278 714 ipsis
1309 647 1501 700 missus
1525 648 1878 702 annnntiavit.

303 727 382 782 Illi
413 728 714 785 mercedem
744 730 967 799 habent,
1002 735 1124 791 huic
1165 736 1490 807 dispensatio
1534 740 1734 795 credita
1779 749 1879 794 est.

301 821 405 887 Qui
449 829 627 876 autem
657 824 904 878 omnibus
943 825 1044 880 illis
1084 831 1512 884 annuntiantibns
1539 831 1881 902 Evangelium

303 920 676 978 perceperunt,
709 927 813 966 non
840 929 869 968 a
893 913 1187 983 plantatore
1216 919 1295 972 vel
1322 918 1569 988 rigatore,
1602 921 1692 976 sed
1722 921 1790 975 ab
1818 937 1884 977 eo

301 997 390 1064 qui
431 997 814 1054 incrementum
856 1001 980 1065 dat,
1023 1004 1265 1060 mandari
1314 1018 1597 1075 potuerunt
1641 1019 1694 1064 ct
1725 1010 1882 1078 justi-

303 1089 472 1144 ficari.
507 1091 689 1160 Neque
731 1095 872 1149 enim
913 1095 1103 1150 dicturi
1145 1113 1328 1153 sumus
1356 1099 1543 1154 Judatn
1575 1117 1678 1155 non
1710 1103 1882 1172 bapti-

301 1193 474 1243 zasse,
524 1196 643 1235 cum
695 1184 872 1239 adhuc
918 1185 1056 1240 inter
1098 1187 1387 1257 discipulos
1433 1191 1621 1255 fuerit,
1671 1193 1885 1262 quando

300 1269 462 1325 ﬁebat
489 1273 631 1341 quod
655 1273 907 1343 scriptum
945 1286 1027 1331 est
1045 1317 1060 1344 ,
1094 1277 1120 1329 1
1127 1295 1218 1346 pse
1239 1295 1337 1332 non
1361 1279 1662 1351 baptizabat,
1696 1285 1782 1336 sed
1805 1284 1885 1336 di-

301 1362 492 1432 scipuli
530 1365 640 1433 ejus
669 1363 844 1435 (Joan.
878 1382 952 1433 tv,
983 1367 1061 1439 Ξ).
1090 1370 1170 1422 An
1198 1371 1318 1438 quia
1358 1372 1590 1426 nondum
1619 1373 1880 1428 Christum

301 1452 615 1518 tradiderat,
647 1455 736 1523 qui
767 1455 972 1510 loculos
1005 1458 1258 1526 habebat,
1289 1470 1340 1514 et
1367 1475 1428 1514 ea
1455 1477 1572 1530 qua:
1599 1463 1880 1517 mitteban-

299 1550 388 1594 tur
408 1539 690 1598 auferebat
719 1542 826 1614 (Id.
857 1560 955 1610 xu,
997 1547 1089 1615 6),
1121 1557 1177 1602 et
1205 1549 1292 1617 qui
1326 1552 1561 1618 pecunia:
1589 1561 1768 1606 custos
1796 1553 1881 1607 in-

297 1645 500 1686 nocens
529 1647 650 1688 esse
696 1649 802 1690 non
849 1637 1054 1704 potuit,
1101 1639 1438 1709 dispensator
1482 1654 1654 1698 tamen
1698 1646 1880 1714 gratiae

297 1719 414 1773 sine
450 1723 824 1791 accipientium
853 1725 1048 1781 damno
1077 1727 1207 1783 fuit?
1233 1731 1339 1785 Aut
1362 1732 1405 1785 si
1434 1747 1538 1786 non
1566 1733 1876 1802 baptizavit,

297 1820 447 1866 certe
488 1810 727 1869 fatemini
758 1817 879 1886 quia
908 1819 1308 1889 evangelizavit.
1338 1823 1488 1889 Quod
1520 1825 1562 1878 si
1596 1825 1697 1880 hoc
1721 1827 1879 1880 mini-

297 1914 445 1954 mum
476 1909 531 1955 et
567 1903 684 1958 leve
713 1904 925 1967 ducitis.
965 1908 1142 1964 videte
1171 1911 1296 1980 quid
1325 1911 1393 1966 de
1420 1914 1533 1982 ipso
1564 1914 1723 1969 Paulo
1750 1930 1879 1984 apo-

295 1990 438 2044 stolo
462 1994 702 2048 sentiatis
722 2035 737 2058 ,
781 1997 872 2066 qui
898 1997 1062 2054 dixit:
1083 1998 1202 2054 Non
1231 2003 1361 2056 enim
1389 2005 1524 2058 misit
1550 2022 1628 2060 me
1650 2005 1880 2062 Christus

295 2078 579 2150 baptizare,
606 2083 696 2137 sed
720 2087 1064 2156 euangelizare
1088 2090 1130 2161 (l
1159 2080 1279 2155 Cor.
1311 2108 1348 2159 ι,
1379 2095 1486 2163 17).
1515 2095 1628 2150 Huc
1654 2097 1877 2164 accedit,

293 2171 419 2240 quia
444 2172 630 2242 incipit
648 2190 767 2230 esse
789 2177 964 2246 potior
979 2180 1187 2248 Apollo,
1213 2183 1300 2251 qui
1324 2183 1639 2252 baptizando
1666 2187 1874 2258 rigavit,

293 2277 456 2331 quam
502 2264 717 2331 Paulus,
764 2269 852 2336 qui
883 2271 1292 2341 evangelizando
1322 2275 1596 2342 plantavit,
1628 2292 1748 2332 cum
1777 2279 1877 2334 sibi

294 2351 532 2406 officium
563 2355 729 2423 patris
755 2372 878 2426 erga
905 2358 1210 2416 Corinthios
1250 2362 1319 2416 ob
1347 2362 1449 2419 hoc
1485 2366 1746 2432 vindicet,
1779 2383 1878 2424 nec

293 2443 376 2497 eis
402 2444 491 2513 qui
523 2455 642 2513 post
672 2447 816 2500 illum
855 2449 922 2502 ad
963 2464 1056 2504 eos
1083 2463 1369 2520 venerant,
1401 2454 1502 2509 hoc
1528 2473 1721 2512 nomen
1751 2474 1878 2513 con-

291 2533 470 2588 cedat.
500 2535 590 2589 Ait
613 2537 755 2591 enim
781 2555 794 2591 :
820 2537 882 2593 St
909 2539 1080 2592 decem
1112 2541 1276 2595 millia
1315 2546 1615 2617 paedagogos
1653 2548 1878 2604 habeatis

287 2622 342 2675 in
376 2623 596 2689 Christo,
616 2627 708 2680 sed
729 2645 829 2682 non
856 2629 1040 2684 multos
1067 2642 1233 2701 patres
1255 2649 1272 2686 .'
1293 2635 1346 2688 in
1375 2635 1575 2690 Christo
1602 2639 1730 2692 enim
1751 2640 1875 2694 Iesu

289 2729 384 2781 per
410 2713 738 2786 Evangelium
776 2735 866 2789 ego
894 2735 980 2774 vos
1017 2724 1166 2792 genui
1198 2722 1308 2795 (Id.
1343 2741 1413 2792 tv,
1446 2728 1554 2795 15).
1591 2729 1681 2783 Eis
1707 2729 1874 2798 dicit,

288 2800 406 2873 Ego
428 2821 515 2858 vos
547 2807 697 2876 genui
729 2823 748 2861 :
781 2810 977 2878 quibus
1000 2812 1108 2866 alio
1146 2814 1266 2867 loco
1293 2815 1458 2881 dicit,
1492 2816 1694 2872 Gratias
1725 2819 1832 2874 Deo
1854 2861 1868 2884 ,

283 2893 427 2958 quod
481 2895 728 2949 neminem
781 2907 998 2952 uestrum
1051 2901 1299 2971 baptizavi
1323 2944 1338 2968 ,
1398 2907 1494 2958 nisi
1545 2907 1777 2977 Crispum
1826 2919 1874 2963 et

286 2980 512 3036 Gaium'
555 2994 601 3038 et
643 2988 918 3057 Stephants
959 2991 1165 3044 domum
1209 2993 1318 3062 (Id.
1365 3011 1402 3058 t,
1455 2998 1559 3066 Η).
1607 2998 1872 3055 Genncrat

283 3072 471 3140 itaque
500 3074 653 3139 illos,
693 3091 798 3131 non
847 3096 940 3148 per
977 3095 1070 3146 se,
1119 3083 1210 3137 sed
1259 3099 1354 3153 per
1381 3085 1742 3157 Evangelium.
1771 3091 1870 3159 Qui

281 3163 500 3218 etiamsi
537 3181 630 3220 sua
660 3179 944 3237 quaereret,
974 3187 1079 3226 non
1108 3189 1226 3243 qua:
1255 3175 1380 3231 Jesu
1409 3177 1626 3245 Christi,
1657 3193 1710 3235 et
1737 3183 1871 3236 invi-

284 3259 378 3307 tus
406 3252 508 3309 hoc
539 3253 737 3311 faceret
773 3258 890 3312 sine
931 3275 1026 3315 sua
1071 3263 1350 3328 mercede,
1384 3277 1556 3322 tamen
1596 3273 1870 3338 pecuniam

283 3341 606 3400 dominicam
634 3347 968 3417 dispensaret
990 3368 1002 3404 ε
1027 3368 1216 3423 quam,
1248 3355 1369 3411 licet
1393 3359 1595 3426 malus,
1629 3378 1732 3417 non
1759 3378 1870 3418 ma-

284 3432 396 3490 lam
427 3450 526 3491 nec
555 3436 793 3496 inutilem
825 3439 961 3495 bene
989 3443 1372 3512 accipientibus
1402 3447 1620 3503 faceret.

362 3523 585 3580 CAPUT
625 3527 756 3584 LVI.
785 3559 857 3568 —
886 3531 974 3586 68.
1017 3533 1086 3587 Et
1111 3535 1155 3587 si
1185 3533 1286 3589 hoc
1313 3535 1380 3590 de
1410 3538 1696 3610 Evangelio
1724 3552 1870 3600 recte

281 3611 503 3679 dicitur,
546 3627 742 3685 quanto
783 3620 951 3690 magis
998 3622 1066 3678 de
1111 3624 1382 3694 Baptismo
1429 3628 1707 3686 dicendum
1754 3643 1866 3701 est,

284 3704 431 3770 quod
458 3705 525 3758 ita
559 3708 787 3775 pertinet
811 3711 876 3764 ad
905 3712 1270 3782 Evangelium,
1301 3727 1358 3771 nt
1382 3719 1498 3774 sine
1526 3721 1617 3775 illo
1653 3724 1868 3793 quidem

284 3793 359 3846 ad
405 3810 621 3866 regnum
651 3800 906 3855 cmlorum
936 3819 1094 3857 nemo
1124 3808 1414 3874 perveniat,
1445 3809 1538 3864 sed
1578 3811 1623 3865 si
1652 3813 1871 3868 accedat

284 3882 634 3942 Sacramento
659 3888 900 3958 iustitia?
923 3892 1022 3960 Qui
1052 3895 1191 3948 enim
1221 3894 1374 3963 dixit,
1396 3897 1514 3952 Nisi
1537 3901 1647 3969 quis
1664 3910 1869 3957 renatus

283 3978 443 4047 fuerit
466 3995 526 4033 ea:
540 3996 670 4049 aqua
685 3992 733 4035 et
760 3982 980 4054 Spiritu,
997 4002 1096 4040 non
1117 3987 1317 4041 intrabit
1335 3989 1387 4043 in
1407 4006 1614 4060 regnum
1628 3994 1870 4048 calorum

286 4066 470 4138 (Joan.
490 4085 564 4134 tn,
581 4072 660 4141 5),
674 4072 813 4128 idem
833 4075 945 4144 ipse
957 4076 1106 4143 dixit,
1123 4077 1240 4132 Nisi
1251 4081 1574 4136 abundaverit
1575 4085 1777 4154 justitia
1786 4101 1869 4140 ve-

281 4166 395 4211 stra
414 4175 564 4228 super
589 4161 880 4218 Scribarum
918 4176 964 4220 et
991 4167 1386 4238 Pharisaeorum,
1415 4189 1514 4227 non
1543 4175 1789 4232 intrabitis
1813 4179 1866 4232 in

281 4265 498 4316 regnum
509 4252 743 4306 calorum
760 4253 1028 4326 (Matth.v,
1039 4256 1152 4329 90).
1168 4257 1357 4313 Forma
1375 4261 1698 4318 Sacramenti
1711 4266 1867 4323 datur

282 4352 389 4406 per
414 4338 758 4408 Baptismum,
777 4344 943 4398 forma
972 4345 1192 4414 iustitia:
1211 4364 1306 4417 per
1330 4350 1688 4421 Evangelium.
1719 4356 1867 4412 Alte-

281 4445 407 4484 rum
433 4432 547 4487 sine
569 4433 738 4487 altero
755 4450 858 4487 non
875 4437 1192 4505 perducitad
1219 4455 1436 4510 regnum
1464 4443 1742 4500 calorum.
1765 4446 1865 4502 Ve-

278 4530 580 4576 rumtamen
595 4523 824 4590 perfecte
836 4524 1103 4594 baptizare
1113 4527 1268 4581 etiam
1284 4531 1455 4587 minus
1465 4532 1605 4588 ducti
1622 4545 1858 4602 possunt,

278 4610 518 4678 perfecte
539 4622 712 4668 autem
732 4617 1094 4686 evangelizarc
1113 4619 1278 4674 multo
1291 4621 1601 4680 dillicilioris
1619 4635 1673 4680 et
1693 4629 1861 4682 rario-

277 4703 363 4756 ris
380 4711 463 4757 est
485 4708 678 4773 operis.
711 4705 836 4762 Ideo
863 4707 1048 4762 doctor
1067 4709 1314 4765 Gentium
1344 4715 1581 4783 plurimis
1595 4719 1862 4774 excellen-

277 4793 392 4846 tior
409 4795 768 4866 evangelizare
793 4798 988 4852 missus
1009 4809 1111 4866 est,
1140 4816 1247 4855 non
1273 4803 1538 4872 baptizare
1567 4825 1579 4860 :
1612 4811 1858 4878 quoniam

273 4886 389 4939 hoc
415 4900 508 4955 per
534 4887 727 4942 multos
754 4887 866 4943 ﬂeri
894 4900 1137 4959 poterat,
1177 4893 1305 4949 illud
1337 4911 1430 4964 per
1454 4912 1674 4965 paucos,
1725 4901 1862 4956 inter

269 4989 418 5046 quos
444 4976 730 5032 eminebat.
762 4978 829 5032 Et
849 4988 1022 5035 tamen
1050 4981 1273 5051 legimus
1291 4987 1312 5016 '
1335 5000 1456 5039 cum
1494 4989 1756 5058 aliquibus
1782 4993 1864 5048 lo-

266 5064 362 5119 cis
387 5062 605 5129 dixisse,
641 5065 974 5138 Evangelium
1011 5087 1177 5125 meum
1206 5073 1272 5144 (ll
1303 5074 1432 5129 Tim.
1462 5091 1518 5138 tt,
1546 5077 1609 5151 8).
1635 5096 1648 5131 :
1683 5081 1858 5152 Bapti-

266 5168 458 5208 smum
495 5165 668 5210 autem
706 5171 885 5212 meum
929 5174 1198 5230 nunquam
1235 5163 1387 5230 dixit,
1429 5167 1520 5221 scd
1553 5184 1649 5224 nec
1675 5170 1856 5240 cujus-

265 5261 440 5318 quam
462 5265 555 5320 per
579 5266 736 5322 quem
761 5254 1088 5310 ministratus
1111 5267 1212 5312 est.
1240 5258 1372 5313 Nam
1401 5261 1546 5316 solus
1571 5263 1659 5318 ille
1683 5264 1856 5334 bapti-

264 5353 429 5394 umts
455 5357 611 5410 quem
639 5342 783 5397 dedit
801 5343 1052 5407 Joannes,
1086 5345 1256 5402 dictus
1279 5358 1360 5404 est
1386 5350 1676 5420 baptismns
1691 5353 1855 5408 Joan-

266 5428 360 5484 siis
376 5430 514 5499 (Act.
533 5433 736 5505 111,5).
761 5434 871 5488 Hoc
886 5437 1210 5506 praecipuum
1233 5438 1313 5492 vir
1332 5440 1420 5495 ille
1445 5441 1856 5511 dispensationis

339 5583 628 5656 itmlcnm
672 5585 890 5656 vulgata,
924 5587 1107 5638 Caium.
1147 5597 1221 5639 Er.
1246 5593 1393 5656 Lugd.
1433 5603 1483 5647 et
1526 5605 1641 5647 ven.
1667 5600 1845 5650 Caium.

253 5640 455 5704 Erae,
477 5645 639 5697 animi.
702 5653 760 5695 tu.

337 5705 360 5738 ί
375 5706 451 5754 sic
472 5714 575 5757 Mss.
605 5716 655 5757 At.
683 5709 817 5766 editi,
843 5715 1027 5759 Etcum
1051 5709 1269 5775 legimus.

1641 341 1839 405 LIBER
1880 347 2196 407 TERTIUS.

3466 370 3570 423 386

1991 477 2102 518 suae
2142 479 2334 520 munus
2372 468 2590 540 accepit,
2631 479 2684 524 ut
2733 471 2922 528 lavacri
2955 478 3358 544 prmcursorium
3389 495 3563 535 sacra-

1992 560 2226 606 mentum
2251 556 2410 610 etiam
2437 558 2577 612 illius
2601 559 2886 628 diceretur,
2921 579 3016 632 per
3036 580 3192 634 quem
3223 568 3532 638 dispensaba
3558 601 3569 608 -
3593 607 3596 618 ι

1992 650 2078 696 tur
2107 660 2120 696 :
2155 645 2452 715 Baptismus
2476 660 2650 704 autem
2679 667 2834 721 quem
2868 654 3300 711 ministraverunt
3328 659 3567 729 discipuli

1990 733 2208 800 Christi,
2236 736 2433 800 nullius
2468 754 2652 794 eorum
2680 743 2852 797 dictus
2874 753 2984 810 est;
3025 755 3079 799 ut
3107 747 3245 800 illius
3266 763 3385 803 esse
3415 749 3564 806 intel-

1993 822 2262 892 ligeretur,
2281 825 2348 881 dc
2369 843 2474 896 quo
2492 829 2687 884 dictum
2707 841 2808 892 est,
2831 832 3057 889 Christus
3073 835 3248 891 dilexit
3269 836 3564 897 Fcclest'am.

1991 925 2036 968 et
2057 931 2110 970 se
2130 916 2297 987 ipsum
2327 921 2531 973 tradidit
2551 939 2641 990 pro
2654 939 2730 988 ea,
2754 935 2808 976 ut
2825 941 2934 977 eam
2952 928 3305 995 sancti/iamet,
3324 931 3570 984 mundam

1991 1021 2099 1058 eam
2127 1007 2326 1061 lavacro
2355 1025 2498 1078 aqua:
2519 1014 2570 1064 in
2597 1013 2742 1066 verbo
2771 1013 2987 1083 (Ephes.
3020 1032 3072 1081 v,
3097 1017 3188 1082 25,
3216 1018 3329 1090 ‘26).
3362 1020 3415 1075 Si
3442 1037 3569 1090 ergo

1991 1092 2357 1166 Evangelium,
2391 1100 2529 1167 quod
2553 1101 2622 1154 ita
2645 1101 2836 1156 Christi
2854 1114 2954 1171 est,
2987 1116 3039 1159 ut
3067 1111 3231 1176 possit
3257 1120 3308 1163 et
3334 1112 3570 1166 minister

1991 1193 2212 1254 propter
2252 1202 2443 1240 munus
2480 1189 2890 1257 dispensationis
2933 1193 3112 1249 dicere
3159 1212 3350 1261 suum,
3400 1213 3569 1268 potest

1991 1269 2152 1325 homo
2177 1273 2336 1327 etiam
2375 1290 2468 1343 per
2508 1278 2701 1331 malum
2750 1279 3164 1349 dispensatorem
3194 1287 3308 1339 sine
3339 1288 3570 1355 periculo

1991 1362 2253 1429 accipere,
2279 1362 2476 1418 faciens
2499 1369 2638 1435 quod
2661 1367 2809 1432 dicit,
2841 1371 2982 1439 quod
3006 1381 3181 1427 autem
3215 1373 3336 1430 facit
3359 1391 3462 1430 non
3489 1379 3562 1430 fa-

1990 1452 2136 1507 ciens
2167 1463 2400 1523 :thanto
2431 1459 2596 1526 magis
2627 1459 2951 1528 Baptismum
2981 1463 3198 1527 Christi,
3231 1483 3386 1534 quem
3413 1483 3571 1522 nemo

1989 1544 2366 1612 Apostolorum
2397 1547 2465 1600 ita
2496 1548 2832 1615 ministravit,
2863 1559 2917 1604 ut
2937 1552 3155 1607 auderet
3175 1554 3352 1610 dicere
3389 1571 3566 1623 suum,

1991 1643 2165 1703 potest
2191 1637 2412 1705 quisque
2453 1638 2567 1692 sine
2593 1641 2906 1710 contagione
2955 1644 3078 1696 mali
3126 1645 3352 1699 ministri
3395 1649 3569 1716 perci-

1987 1737 2138 1792 pere,
2167 1724 2256 1792 qui
2286 1724 2421 1779 bona
2453 1726 2553 1781 fide
2577 1729 2779 1782 accedit
2805 1732 2870 1784 ad
2892 1731 3195 1787 Christum?

2058 1813 2283 1869 CAPUT
2320 1814 2475 1868 LVII.
2513 1847 2585 1856 —
2617 1818 2705 1874 69.
2747 1819 2976 1874 Proinde
3003 1823 3046 1874 si
3080 1823 3395 1890 Petilianus,
3445 1842 3566 1882 cum

1988 1916 2086 1971 ego
2111 1918 2230 1972 qua:
2258 1906 2432 1972 posuit
2457 1905 2523 1960 de
2539 1907 2827 1977 Scripturis
2855 1912 3174 1978 testimonia,
3204 1930 3359 1983 quam
3382 1927 3564 1971 contra

1989 2005 2087 2046 nos
2127 2007 2235 2046 non
2279 2004 2488 2059 essent,
2538 2011 2641 2050 non
2693 2001 3123 2066 praetermiserim
3168 2003 3564 2071 demonstrare;

1989 2081 2102 2150 ipse
2142 2099 2262 2153 quzc
2299 2086 2472 2153 posui,
2517 2089 2705 2156 partim
2741 2092 2958 2145 omnino
2999 2109 3105 2148 non
3141 2097 3332 2166 attigit,
3377 2100 3564 2168 partim

1987 2186 2104 2240 qua:
2131 2181 2359 2230 tractare
2387 2175 2571 2240 voluit,
2619 2179 2748 2234 nihil
2778 2180 2919 2235 aliud
2963 2199 3022 2238 se
3061 2201 3218 2254 quam
3260 2190 3407 2244 exire
3445 2192 3568 2245 inde

1988 2275 2092 2314 non
2121 2263 2360 2332 potuisse
2402 2270 2716 2323 monstravit
2745 2288 2758 2324 :
2788 2287 2894 2325 non
2918 2273 3006 2326 diu
3051 2275 3294 2332 hortandi
3325 2281 3454 2335 estis
3481 2285 3564 2336 vel

1987 2351 2326 2422 admonendi,
2356 2368 2414 2411 ut
2438 2359 2661 2414 videatis
2689 2363 2814 2431 quid
2841 2376 3042 2430 tenere,
3069 2369 3196 2438 quid
3239 2385 3429 2428 cavere
3467 2374 3564 2429 de-

1987 2442 2175 2500 beatis.
2207 2447 2312 2503 Sed
2335 2446 2472 2504 ferte
2503 2452 2554 2505 in
2581 2463 2881 2510 sanctarum
2907 2447 3297 2528 scripturarum
3322 2466 3562 2520 testimo-

1988 2537 2088 2592 niis
2117 2539 2234 2593 talis
2258 2544 2519 2612 apparuit,
2553 2546 2604 2599 in
2634 2546 2715 2602 his
2750 2564 2876 2605 vero
2903 2551 3256 2619 documentis,
3285 2572 3404 2626 qua:
3428 2559 3566 2615 inter

1987 2627 2227 2686 homines
2248 2633 2316 2687 de
2345 2635 2460 2704 ipso
2488 2638 2773 2694 schismate
2797 2650 2942 2712 gesta
2983 2654 3107 2699 sunt
3147 2648 3343 2718 aliquid
3373 2651 3566 2706 valuit?

1987 2716 2097 2771 lmo
2127 2735 2254 2776 vero
2279 2731 2332 2776 et
2356 2725 2408 2778 in
2436 2724 2537 2792 his,
2573 2743 2872 2799 quanquam
2903 2744 3019 2801 post
3047 2716 3562 2796 divinavtcstitnonia

1983 2808 2252 2877 superﬂuo
2292 2815 2652 2882 requirantur,
2697 2819 2820 2887 quid
2859 2827 3296 2878 commemoravit
3321 2838 3409 2881 aut
3437 2831 3562 2898 quid

1985 2900 2261 2968 probavit?
2284 2902 2524 2970 Quicum
2556 2906 2742 2962 fuisset
2764 2912 2995 2979 graviter
3023 2914 3075 2968 in
3100 2916 3383 2972 traditores
3407 2920 3556 2976 inve-

1981 3002 2116 3058 ctus,
2145 3002 2198 3048 et
2225 2996 2384 3049 multa
2413 2995 2464 3050 in
2493 3011 2588 3052 eos
2615 2999 2771 3053 etiam
2795 3000 2862 3056 de
2888 3005 3085 3058 sanctis
3120 3005 3292 3062 Libris
3321 3010 3562 3064 testimo-

1982 3083 2067 3136 nia
2098 3084 2497 3152 proclamasset,
2530 3087 2656 3141 nihil
2679 3097 2852 3145 tamen
2875 3093 3014 3147 dixit
3031 3095 3172 3151 unde
3197 3111 3290 3152 eos
3313 3101 3560 3156 ostende~

1983 3184 2063 3227 ret
2087 3175 2428 3233 traditores‘.
2467 3180 2579 3249 Ego
2603 3190 2780 3236 autem
2820 3189 3235 3243 commemoravi
3284 3191 3558 3248 Silvanum

1981 3263 2312 3333 Cirtensem,
2359 3270 2444 3323 cui
2491 3252 2804 3339 quibusdam
2856 3275 3181 3346 interpositis
3233 3283 3390 3336 etiam
3448 3285 3562 3355 ipse

1981 3357 2258 3424 successit,
2286 3374 2404 3412 cum
2434 3360 2606 3416 adhuc
2634 3371 2777 3417 esset
2805 3365 3160 3422 subdiaconus
3185 3369 3360 3426 Gestis
3388 3375 3561 3429 munia

1980 3445 2239 3514 cipalibus
2267 3464 2581 3518 expressum
2611 3467 2730 3508 esse
2759 3455 3091 3512 traditorem.
3120 3460 3313 3515 Contra
3345 3463 3444 3518 hoc
3473 3466 3559 3520 ille

1980 3538 2174 3594 mutire
2201 3540 2274 3593 nil
2300 3557 2462 3597 ausus
2489 3551 2589 3597 est.
2619 3545 2683 3598 Et
2719 3545 2958 3614 profecto
2987 3549 3178 3605 videtis
3216 3565 3409 3622 quanta
3437 3571 3557 3610 eum

1979 3629 2317 3685 necessitudo
2342 3633 2695 3700 campellebat
2720 3635 2786 3690 ad
2816 3640 3265 3709 respondendum,
3298 3653 3352 3698 ut
3374 3647 3560 3702 videli-

1977 3719 2530 3788 cetpraadecessorem
2555 3739 2727 3789 suum,
2766 3735 2822 3780 et
2859 3744 2964 3782 non
3013 3733 3182 3785 solum
3223 3737 3554 3802 consocium,

1976 3810 2094 3874 sed,
2118 3819 2175 3863 ut
2203 3811 2272 3863 ita
2294 3812 2487 3877 dicam,
2511 3815 2668 3867 etiam
2689 3817 3200 3877 concathedraneum
3225 3823 3556 3880 innocentem

1977 3912 2006 3950 a
2049 3899 2273 3954 crimine
2305 3901 2601 3960 traditionis
2644 3905 2970 3970 ostenderet,
3000 3911 3294 3976 praesertim
3325 3926 3446 3966 cum
3478 3923 3558 3969 to-

1978 3997 2084 4042 tam
2123 4003 2337 4043 causam
2387 4000 2622 4048 vestram.
2667 3993 2738 4047 ibi
2781 3997 3138 4062 constituatis,
3177 4007 3230 4052 ut
3274 4001 3555 4058 traditores

1975 4080 2250 4148 appelletis
2277 4096 2371 4136 eos
2391 4097 2522 4152 quos
2551 4084 2892 4140 traditoribus
2924 4090 3313 4145 communionis
3343 4095 3555 4150 tramite

1975 4171 2296 4226 successisse
2339 4173 2422 4228 vel
2467 4173 2663 4244 ﬁngitis
2696 4175 2779 4230 vel
2823 4178 3038 4245 putatis.
3086 4179 3186 4245 Qui
3233 4196 3363 4252 ergo
3388 4183 3554 4251 ipsius

1973 4275 2147 4316 causze
2171 4271 2362 4317 vestra:
2391 4265 2727 4330 necessitate,
2777 4267 2936 4320 etiam
2975 4267 3437 4328 Rusiccadiensem
3468 4277 3552 4330 vel

1973 4349 2341 4407 Calamensem
2372 4352 2457 4408 vel
2497 4354 2780 4423 cuiuslibet
2807 4357 3030 4412 alterius
3064 4359 3293 4416 civitatis
3317 4365 3553 4435 aliquem

1972 4441 2038 4497 de
2068 4452 2216 4511 parte
2239 4452 2432 4512 vestra,
2474 4443 2654 4501 Geslis
2689 4448 3094 4516 municipalibus
3130 4453 3553 4513 demonstratum

1971 4531 2202 4586 dicerem
2229 4533 2557 4598 traditorem,
2579 4537 2724 4590 omni
2753 4537 2913 4592 modo
2939 4554 3060 4594 eum
3087 4540 3370 4600 defendere
3395 4561 3554 4618 coge-

1973 4631 2139 4686 retur,
2182 4622 2252 4679 de
2306 4637 2404 4678 suo
2449 4626 2846 4694 praedecessore
2884 4631 3157 4686 conticuit.
3213 4635 3398 4702 Unde,
3450 4642 3555 4696 nisi

1969 4715 2091 4784 quia
2120 4713 2205 4770 hic
2230 4729 2332 4768 non
2361 4715 2562 4770 invenit
2583 4733 2740 4787 quam
2768 4719 3042 4790 caliginem
3064 4721 3385 4794 offunderet,
3412 4730 3552 4786 unde

1970 4807 2158 4862 saltem
2188 4807 2430 4862 homines
2460 4819 2641 4868 mente
2677 4811 3008 4866 tardissimos
3043 4824 3099 4868 et
3130 4817 3550 4876 somnolentissi-

1969 4911 2089 4951 mos
2115 4896 2354 4952 falleret?
2382 4897 2518 4966 Quid
2544 4900 2686 4954 enim
2708 4899 2928 4967 diceret,
2958 4903 3058 4958 nisi
3081 4904 3212 4960 falsa
3239 4908 3309 4976 de
3333 4908 3558 4964 Silvano

1967 4988 2065 5042 ista
2090 4989 2316 5058 jactari?
2352 4989 2457 5045 Sed
2495 4991 2785 5048 recitamus
2807 4993 2988 5057 Gesta,
3019 5004 3074 5050 et
3109 4983 3319 5066 quando
3351 4999 3553 5056 ﬂictnnr

1965 5080 2054 5138 sit.
2081 5091 2134 5134 et
2174 5081 2386 5150 (prande
2413 5083 2569 5137 etiam
2611 5083 2904 5154 Zenophilo
2949 5089 3216 5142 consulari
3262 5092 3553 5152 allegatum

1965 5173 2034 5227 sit
2057 5173 2152 5243 (a).
2183 5175 2384 5238 Quibus
2413 5178 2682 5248 quomodo
2722 5181 2811 5235 ille
2851 5183 3144 5251 resisteret,
3174 5201 3355 5256 sepius
3393 5189 3549 5241 undi-

1964 5279 2068 5332 que
2093 5274 2296 5345 ept‘ima
2320 5281 2478 5322 eausn
2509 5271 2817 5336 Catholicae,
2850 5283 3026 5329 vestra
3069 5286 3248 5332 autem
3274 5281 3504 5348 pessima
3523 5277 3553 5331 ῒ

1965 5352 2116 5408 Unde
2161 5358 2255 5408 ista
2287 5359 2446 5410 verba
2486 5373 2854 5415 commemoro
2887 5378 2952 5417 ex
2993 5364 3077 5417 illa
3126 5366 3356 5434 Epistola
3401 5381 3550 5432 mea,

1962 5444 2045 5498 cui
2077 5459 2168 5513 per
2195 5444 2332 5499 hanc
2353 5461 2668 5514 quamnunc
2697 5449 2901 5519 refello,
2925 5452 3096 5508 videri
3127 5455 3288 5511 voluit
3320 5470 3553 5528 respon-

2025 5599 2043 5662 ξ
2069 5604 2117 5648 ιιι
2149 5601 2489 5662 Cygirannensi
2512 5609 2613 5661 Ms,
2640 5616 2725 5653 nos
2744 5605 3012 5657 ostenderet
3034 5607 3298 5658 traditores

1960 5659 2094 5770 32(ιι)
2123 5659 2235 5709 vide
2259 5660 2344 5709 lib.
2367 5663 2398 5710 3
2431 5659 2948 5727 contra'Cresconium,
2975 5681 3111 5732 capp.
3136 5669 3213 5730 27,
3241 5670 3318 5732 28,
3349 5683 3429 5723 nn.
3460 5676 3546 5738 50‘,
