4066 6200
484 339 590 395 38⁸1
1043 326 1309 384 CONTRA
1352 318 1690 379 LITTERAS
1727 313 2063 373 PETlLlANI

482 450 664 507 disse:
698 450 877 518 utique
910 456 965 501 ut
1010 444 1230 499 videatis
1270 455 1427 510 quam
1466 438 1660 492 invicte
1695 434 1922 503 positum
1968 430 2058 493 sit,

481 552 667 595 contra
693 539 949 609 quodille
977 535 1108 592 nihil
1136 534 1301 588 tutius
1332 530 1570 585 invenire
1599 527 1769 596 potuit
1798 537 1952 592 quam
1986 521 2061 574 si-

484 630 705 683 lentium

553 715 775 771 CAPUT
814 713 989 769 LVIII.
1012 743 1083 753 ——
1103 712 1193 766 70.
1217 708 1349 765 Cum
1376 708 1516 763 enim
1544 720 1611 760 ex
1642 701 1929 771 Evangelio
1954 697 2064 753 vel-

484 815 543 861 ut
581 815 765 861 contra
822 820 920 858 nos
955 803 1313 857 testimonium
1357 798 1639 867 posuisset,
1680 796 1766 848 ubi
1813 792 2065 847 Dominus

485 898 580 962 ait,
616 896 825 949 Venient
853 895 919 947 ad
949 909 1033 946 vos
1062 894 1113 945 in
1145 892 1320 945 vestitu
1349 889 1533 951 ovium,
1575 885 1872 938 intrinsecus
1898 893 2065 935 autem

483 996 597 1041 sunt
625 987 734 1053 lupi
756 1000 963 1055 rapaces
986 1004 1005 1049 ;
1032 1000 1093 1036 ea:
1122 980 1362 1050 fructibus
1398 993 1571 1032 eorum
1601 975 1908 1045 cognoscetis
1941 989 2023 1027 eos
2045 988 2066 1038 ;

483 1094 583 1150 ego
608 1077 879 1147 respondi,
904 1087 957 1131 et
977 1076 1106 1139 dixi,
1136 1074 1273 1143 Ergo
1297 1076 1488 1141 fructus
1519 1067 1889 1121 consideremus
1912 1080 1929 1117 :
1954 1075 2063 1117 tum

482 1171 735 1224 continuo
781 1167 1001 1235 subjeci,
1051 1174 1106 1220 et
1147 1164 1394 1234 adjunxi,
1441 1160 1669 1245 Objicitis
1709 1157 2065 1217 traditionem;

487 1261 617 1312 hanc
643 1262 809 1328 ipsam
847 1259 1005 1311 multo
1045 1254 1350 1325 probabilius
1393 1268 1483 1305 nos
1518 1244 1655 1304 vobis
1687 1249 1970 1319 objicimus.
1998 1244 2067 1299 Et

486 1367 549 1403 ne
577 1367 665 1421 per
694 1350 851 1402 multa
888 1365 1169 1412 curramus,
1212 1348 1265 1399 in
1292 1345 1463 1397 eadem
1490 1341 1912 1398 Constantiniensi
1950 1339 2069 1391 civi-

488 1449 590 1492 tate
616 1440 881 1495 Silvanum
911 1440 1200 1508 episcopum
1230 1437 1447 1504 majores
1473 1434 1621 1487 vestri
1649 1433 1699 1485 in
1729 1433 1839 1502 ipso
1860 1429 2068 1484 exordio

486 1529 567 1581 sui
590 1528 870 1581 schismatis
899 1526 1273 1579 ordinaverunt.
1316 1522 1422 1576 Iste
1458 1538 1571 1575 cum
1609 1522 1774 1574 adhuc
1808 1528 1932 1573 esset
1960 1518 2069 1572 sub-

489 1617 752 1679 diaconus,
785 1615 1221 1682 mamfestissimus
1253 1612 1464 1665 traditor
1498 1610 1887 1679 municipalibus
1908 1608 2069 1662 Gestis

488 1722 755 1774 expressus
775 1714 866 1757 est.
897 1704 957 1758 Si
982 1714 1028 1757 et
1048 1720 1133 1757 vos
1159 1703 1395 1757 adversus
1425 1704 1645 1772 majores
1680 1711 1874 1754 nostros
1900 1700 2070 1769 aliqua

489 1794 784 1847 documenta
805 1793 1059 1862 profertis,
1078 1807 1221 1861 (equa
1235 1792 1454 1844 conditio
1470 1790 1774 1858 postulatur,
1793 1798 1847 1841 ut
1864 1797 2070 1857 utraque

488 1902 601 1938 vera
615 1895 702 1938 aut
724 1895 929 1953 utraque
944 1885 1073 1953 falsa
1090 1883 1371 1936 credamus.
1388 1882 1449 1935 Si
1470 1892 1679 1949 utraque
1694 1896 1809 1933 vera
1824 1891 1960 1942 sunt,
1983 1896 2069 1933 vos

488 1978 603 2028 estis
620 1977 727 2028 sine
740 1975 890 2027 dubio
904 1973 1182 2026 schismatis
1192 1972 1283 2035 rei,
1298 1972 1381 2040 qui
1400 1971 1611 2023 crimina
1630 1986 1714 2023 vos
1726 1974 1898 2040 fugere
1915 1971 1967 2023 in
1984 1981 2059 2023 to-

491 2065 588 2117 tius
609 2064 740 2116 orbis
756 2063 1103 2115 communione
1127 2062 1363 2128 ﬁnasistis,
1386 2075 1499 2128 qua:
1518 2060 1570 2111 in
1590 2060 1701 2128 ipsa
1726 2060 1973 2129 particula
1989 2076 2070 2114 ve-

490 2164 609 2208 stra:
634 2153 932 2206 concisionis
960 2150 1234 2205 habebatis.
1258 2150 1354 2205 Sin
1370 2160 1533 2202 autem
1553 2159 1766 2219 utraque
1786 2150 1917 2218 falsa
1931 2160 2067 2213 sunt,

492 2259 577 2298 vos
602 2244 719 2297 estis
742 2243 850 2295 sine
874 2241 1024 2294 dubio
1046 2240 1331 2293 schismatis
1358 2240 1452 2303 rei,
1475 2239 1559 2305 qui
1580 2247 1785 2307 propter
1813 2238 1947 2309 falsa
1974 2240 2072 2291 cri~

492 2334 629 2385 mina
659 2332 958 2385 traditarum
986 2330 1194 2384 immani
1228 2329 1562 2397 separationis
1601 2328 1811 2382 crimine
1847 2331 2073 2382 macula-

493 2423 637 2475 mini.
669 2421 817 2487 Quod
836 2423 877 2474 si
902 2437 934 2473 a
957 2421 1100 2474 nobis
1124 2419 1295 2487 aliqua
1318 2428 1364 2471 et
1390 2435 1421 2471 a
1446 2418 1583 2472 vobis
1608 2419 1770 2482 nulla,
1799 2417 1876 2470 vel
1907 2436 1939 2470 a
1976 2435 2069 2471 no-

494 2512 569 2568 bis
587 2528 701 2566 vera
726 2522 772 2567 et
794 2529 825 2565 a
854 2512 991 2566 vobis
1021 2511 1153 2578 falsa
1191 2510 1536 2579 proferuntur,
1571 2526 1672 2563 non
1706 2518 1779 2562 est
1811 2510 2074 2563 discutien-

495 2603 617 2655 dum
640 2619 790 2671 quam
818 2604 1015 2672 penitus
1035 2611 1198 2654 vestra
1222 2617 1311 2653 ora
1340 2600 1663 2653 claudantur.
1707 2600 1839 2665 Quid
1861 2643 1876 2666 ,
1915 2602 1960 2654 si
1988 2617 2073 2655 vos

493 2704 668 2747 sancta
688 2703 733 2746 et
756 2710 874 2748 vera
898 2692 1083 2747 Christi
1108 2691 1335 2745 Ecclesia
1362 2692 1671 2745 convinceret
1694 2701 1842 2760 atque
1865 2709 2076 2759 supera.

493 2793 588 2850 ret,
616 2783 811 2837 etiamsi
826 2800 915 2836 nos
943 2783 1084 2836 nulla
1112 2783 1187 2836 vel
1207 2781 1360 2850 falsa,
1392 2797 1477 2834 vos
1506 2792 1672 2834 autem
1693 2783 1864 2851 aliqua
1889 2792 1933 2835 et
1957 2798 2074 2836 vera

494 2877 779 2930 traditionis
807 2877 1103 2930 documenta
1128 2875 1395 2938 teneretis;
1428 2874 1550 2943 quid
1576 2875 1693 2945 jam
1732 2875 1870 2929 vobis
1903 2884 2071 2940 restet,

494 2969 592 3022 nisi
617 2978 693 3034 ut,
730 2969 774 3023 si
809 2969 978 3033 vultis,
1010 2984 1186 3035 pacem
1219 2967 1479 3036 diligatis;
1507 2967 1550 3018 si
1575 2976 1741 3018 autem
1773 2982 1873 3018 non
1902 2965 2071 3031 vultis,

492 3061 670 3114 saltem
695 3060 1041 3113 obmutescatis
1059 3059 1084 3111 ?
1120 3057 1322 3109 Etenim
1350 3072 1674 3125 qucecumque
1708 3057 1857 3109 modo
1888 3056 2075 3124 profer-

492 3150 634 3213 retis,
666 3149 907 3218 facillime
925 3158 969 3200 et
996 3148 1248 3200 verissime
1270 3146 1506 3209 dicerem,
1551 3154 1668 3198 tunc
1698 3144 1939 3198 Ecclesiw
1974 3146 2074 3215 ple-

493 3240 652 3293 παι-ἕω
672 3248 715 3292 et
740 3238 1004 3292 catholica:
1031 3237 1213 3289 unitati
1233 3237 1346 3305 jam
1375 3251 1462 3303 per
1489 3243 1559 3288 tot
1585 3246 1752 3304 gentes
1777 3234 1978 3301 cli/fuste
1997 3244 2075 3287 at-

494 3348 589 3400 que
610 3332 823 3399 ﬁrmata:
841 3345 928 3383 vos
953 3345 1011 3382 ea
1034 3328 1246 3398 probare
1270 3325 1514 3390 debuisse,
1540 3335 1593 3378 ut
1619 3342 1704 3379 vos
1725 3326 1857 3379 intus
1880 3327 2073 3391 essetis,

493 3422 573 3475 illi
598 3433 765 3474 autem
799 3437 925 3491 quos
950 3418 1305 3473 convinceretis
1343 3416 1646 3485 pellerentur
1671 3421 1826 3486 foras.
1860 3416 2008 3481 Quod
2033 3418 2076 3469 si

495 3514 659 3566 conati
686 3512 801 3565 estis
832 3516 1021 3581 facere,
1050 3508 1228 3579 procul
1255 3506 1406 3559 dubio
1435 3509 1647 3574 probare
1672 3522 1773 3558 non
1811 3506 2075 3573 potuistis;

497 3613 544 3658 et
570 3604 702 3667 victi,
729 3606 804 3656 vel
826 3603 965 3668 irati,
993 3617 1079 3654 vos
1103 3601 1164 3652 ab
1199 3598 1562 3660 innocentibus,
1597 3598 1683 3666 qui
1716 3598 1957 3649 damnare
1993 3598 2074 3648 in-

495 3708 630 3752 certa
650 3714 749 3750 non
780 3705 998 3765 possent,
1032 3693 1242 3747 immani
1276 3691 1541 3759 sacrilegio
1573 3690 1861 3760 separastis.
1898 3688 1960 3743 Si
1986 3705 2077 3740 au-

496 3799 594 3845 tem
618 3806 706 3844 nec
728 3789 893 3843 conati
920 3787 1034 3841 estis
1060 3786 1114 3839 id
1142 3800 1314 3855 agere,
1338 3782 1487 3835 nimis
1516 3781 1809 3834 exsecrabili
1842 3789 1887 3833 et
1920 3780 2077 3849 impia

496 3882 719 3936 ctecita'te
738 3895 821 3933 vos
851 3894 881 3930 α
914 3874 1176 3946 frumentis
1204 3872 1413 3935 Christi,
1435 3886 1547 3940 qua:
1573 3887 1661 3939 per
1694 3880 1849 3923 totum
1875 3886 2076 3939 agrum,

497 3971 553 4025 id
597 3981 690 4037 est,
732 3967 978 4022 mundum
1024 3980 1180 4034 usque
1228 3963 1296 4016 ad
1342 3963 1493 4031 finem
1536 3970 1780 4024 crescunt,
1813 3962 1984 4030 paucis
2027 3961 2079 4015 in

500 4062 675 4131 Africa
699 4060 909 4113 zizaniis
938 4056 1115 4124 offensi
1150 4054 1446 4126 prwcidistis
1473 4052 1690 4125 (Supra,
1722 4054 1808 4105 lib.
1842 4056 1895 4118 I,
1926 4069 2076 4123 capp.

498 4154 590 4221 2i,
616 4152 709 4217 22,
736 4169 825 4205 nn.
855 4151 948 4213 25,
971 4148 1087 4217 24).
1111 4146 1192 4201 Ad
1218 4147 1352 4212 haec,
1384 4160 1503 4214 qua:
1535 4158 1602 4199 ex
1631 4143 1715 4196 illa
1758 4144 1933 4211 priore
1964 4159 2079 4197 mea

501 4243 738 4314 Epistola
781 4238 1229 4303 commemoravi,
1295 4236 1583 4289 Petilianus
1625 4234 1756 4287 nihil
1808 4233 2084 4302 respondit

502 4336 740 4391 omnino.
769 4333 838 4386 Et
860 4331 1043 4397 utique
1061 4327 1251 4382 videtis
1273 4328 1355 4380 his
1378 4326 1559 4396 paucis
1580 4324 1753 4379 verbis
1776 4332 1937 4378 totam
1957 4340 2083 4379 cau-

410 4463 417 4471 -
505 4443 619 4483 sam
646 4440 765 4495 qua:
793 4424 928 4477 inter
956 4436 1054 4475 nos
1079 4420 1252 4489 agitur
1271 4418 1553 4473 contineri.
1579 4417 1715 4485 Quid
1735 4418 1875 4471 enim
1905 4417 2084 4473 dicere

505 4524 811 4579 conaretur,
844 4512 932 4565 ubi
958 4508 1212 4580 quidquid
1241 4508 1458 4576 eligeret
1485 4507 1821 4561 vinceretur?

576 4608 665 4662 7t.
705 4606 840 4663 Cum
878 4603 1021 4658 enim
1051 4601 1119 4655 de
1157 4600 1500 4655 traditoribus
1544 4606 1599 4653 et
1639 4613 1669 4652 a
1712 4599 1866 4654 nobis
1897 4607 2085 4655 contra

500 4709 730 4763 vestros,
761 4704 818 4752 et
842 4710 872 4749 a
912 4690 1065 4749 vobis
1090 4701 1275 4746 contra
1305 4700 1518 4745 nostros
1556 4689 1873 4744 documenta
1905 4691 2084 4758 prole-

501 4797 692 4843 runtur
723 4786 741 4859 (
768 4785 814 4840 si
853 4794 1028 4840 tamen
1054 4789 1110 4838 et
1133 4796 1162 4835 a
1192 4779 1343 4835 vobis
1368 4779 1539 4848 aliqua
1575 4777 1934 4848 proferuntur,
1965 4794 2086 4848 quae

503 4897 673 4952 usque
700 4879 764 4934 ad
794 4878 937 4933 hunc
964 4874 1104 4931 diem
1133 4873 1351 4930 omnino
1389 4872 1689 4937 nescimus;
1735 4888 1905 4942 neque
1944 4874 2085 4929 enim

503 4990 566 5029 ea
596 4974 886 5029 Petilianus
915 4970 1025 5025 suis
1049 4967 1241 5024 litteris
1266 4968 1500 5021 inserere
1525 4964 1974 5034 prmtermitteret,
1997 4966 2089 5035 qui

505 5076 615 5122 tam
645 5066 927 5135 diligenter
947 5070 1133 5115 contra
1178 5074 1265 5114 me
1295 5066 1471 5127 partes
1495 5056 1776 5113 Gestorum
1798 5098 1814 5123 ,
1866 5073 1984 5127 quae
2020 5058 2086 5111 ad

503 5174 718 5214 causam
748 5155 1034 5226 pertinent,
1053 5148 1547 5207 commemorandas
1563 5149 1975 5218 inserendasque
1999 5163 2091 5203 cn-

506 5250 663 5319 nvit)
698 5266 712 5302 :
740 5252 1126 5310 verumtamen,
1156 5250 1213 5296 ut
1232 5240 1343 5311 jam
1371 5239 1547 5295 dicere
1574 5253 1860 5308 coeperam,
1886 5238 1930 5292 si
1965 5248 2017 5293 et
2059 5254 2087 5292 a

2074 355 2086 378 ,
2127 312 2184 367 S.
2228 314 2587 371 AUGUSTINI
2632 313 2833 369 LIBER
2884 312 3193 391 TERTIUS.

3640 313 3740 367 388

2174 430 2323 484 nobis
2347 440 2397 485 et
2424 446 2452 483 a
2479 430 2627 484 vobis
2653 429 2774 483 talia
2808 426 3163 496 proferuntur,
3184 438 3301 494 qua)
3322 438 3490 494 usque
3514 424 3579 479 ad
3602 424 3739 480 hunc

2169 520 2308 574 diem
2351 524 2566 577 omnino
2609 525 2907 589 nescimus;
2956 525 3190 594 profecto
3228 533 3319 578 aut
3361 534 3577 595 utraque
3616 540 3733 579 vera

2169 624 2313 679 sunt,
2336 624 2425 668 aut
2445 623 2663 683 utraque
2691 614 2841 679 falsa,
2862 626 2953 670 aut
2980 626 3159 670 nostra
3180 631 3301 670 vera
3333 623 3571 669 etvestra
3590 616 3732 681 lalsa,

2169 718 2260 761 aut
2284 716 2463 762 nostra
2490 707 2616 763 falsa
2638 717 2692 763 et
2714 719 2887 764 vestra
2910 724 3032 763 vera
3060 727 3072 761 :
3107 708 3222 778 plus
3243 708 3367 778 quid
3389 707 3611 773 dicatur,
3632 723 3735 763 non

2170 797 2459 853 invenitur.

2240 888 2464 943 CAPUT
2492 887 2628 943 LIX.
2647 918 2717 929 —
2740 890 2809 944 At
2838 891 2888 943 in
2910 891 3153 944 omnibus
3179 890 3268 944 his
3282 898 3506 959 quatuor
3532 901 3740 946 sentcn-

2171 980 2259 1035 tiis
2282 980 2474 1033 veritas
2507 994 2603 1048 pro
2646 981 3017 1035 communione
3055 981 3344 1035 Catholica:
3382 990 3483 1035 est.
3522 981 3652 1049 Quia
3699 984 3738 1036 si

2172 1078 2394 1139 utraque
2431 1085 2553 1125 vera
2595 1080 2751 1136 sunt,
2801 1080 3014 1139 propter
3042 1070 3304 1135 homines,
3338 1071 3519 1139 quales
3556 1083 3613 1125 et
3653 1089 3742 1126 vos

2172 1160 2483 1223 habebatis,
2534 1163 2961 1214 communionem
3004 1160 3148 1215 orbis
3189 1168 3452 1214 terrarum
3499 1160 3741 1215 deserere

2172 1254 2388 1307 minime
2431 1254 2725 1308 debebatis.
2780 1253 2837 1308 Si
2886 1263 3108 1322 utraque
3165 1252 3295 1307 falsa
3345 1263 3488 1319 sunt,
3536 1266 3744 1323 propter

2172 1342 2315 1395 nulla
2365 1342 2586 1395 crimina
2646 1342 2983 1404 traditionis.
3042 1342 3338 1397 cavendum
3387 1354 3502 1397 erat
3546 1344 3740 1398 crimen

2172 1432 2562 1485 atrocissimum
2611 1432 2905 1487 divisionis.
2960 1432 3017 1487 Si
3071 1442 3250 1485 nostra
3303 1447 3424 1486 vera
3469 1442 3524 1486 et
3578 1443 3741 1486 vestra

2172 1523 2301 1578 falsa
2354 1532 2511 1589 sunt,
2571 1524 2699 1578 olim
2754 1525 2878 1593 quid
2939 1524 3187 1578 diceretis
3240 1539 3345 1577 non
3411 1523 3642 1578 habetis.
3691 1525 3741 1578 Si

2171 1622 2347 1667 vestra
2373 1630 2495 1667 vera
2524 1623 2578 1668 et
2618 1622 2795 1668 nostra
2834 1614 2965 1668 falsa
3009 1623 3151 1677 sunt,
3184 1614 3291 1668 falli
3334 1614 3606 1683 potuimus
3629 1630 3744 1669 cum

2172 1704 2301 1757 orbe
2341 1713 2601 1758 terrarum
2651 1704 2720 1759 de
2770 1704 3045 1759 hominum
3101 1705 3412 1773 iniquitate,
3468 1720 3575 1759 non
3632 1707 3743 1760 lidei

2174 1797 2413 1850 veritate.
2464 1796 2577 1850 Non
2625 1798 2765 1851 enim
2795 1795 2978 1850 debuit
3007 1796 3281 1850 attendere
3312 1810 3491 1850 semen
3525 1798 3746 1850 Abrahae

2174 1885 2225 1938 in
2277 1887 2419 1939 omni
2475 1896 2631 1953 gente
2680 1885 2973 1950 dill‘usum,
3022 1884 3148 1953 quid
3193 1899 3285 1938 vos
3337 1901 3495 1939 nosse
3548 1886 3747 1940 dicere-

2176 1978 2274 2040 tis,
2326 1976 2420 2031 sed
2479 1977 2603 2045 quid
2659 1976 2924 2045 judicibus
2974 1977 3287 2045 probaretis.
3349 1976 3498 2031 Unde
3554 1979 3745 2031 scimus

2173 2066 2298 2134 quid
2367 2066 2635 2136 egerint,
2720 2081 2854 2136 quos
2917 2069 3076 2121 vestri
3158 2067 3389 2136 majores
3462 2056 3744 2121 accusave-

2176 2167 2334 2219 runt,
2400 2157 2605 2209 etiamsi
2673 2172 2796 2211 vera
2864 2157 2943 2210 eis
3012 2156 3427 2226 objiciebantur,
3499 2172 3625 2210 cum
3673 2157 3747 2210 Vt‘l

2174 2248 2536 2316 cognitoribus
2567 2248 2583 2279 ⁸
2651 2262 2825 2301 causae
2886 2248 2969 2302 vel
3037 2256 3184 2301 certe
3250 2247 3496 2301 Ecclesia:
3563 2247 3749 2315 ubique

2174 2336 2378 2390 diffusas
2417 2378 2432 2402 ,
2514 2352 2632 2406 qum
2708 2351 2811 2391 non
2884 2336 2985 2391 nisi
3057 2336 3386 2406 cognitorum
3461 2336 3749 2390 sententias

2176 2427 2403 2482 debebat
2460 2427 2737 2482 attendere
2767 2469 2782 2493 ,
2831 2443 2937 2481 non
2986 2427 3075 2480 illa
3115 2441 3277 2490 vera,
3338 2425 3432 2480 sed
3478 2426 3611 2479 falsa
3655 2441 3743 2495 pu-

2177 2517 2469 2572 tarentur?
2547 2517 2664 2572 Non
2736 2517 2856 2572 ideo
2926 2518 3066 2571 Deus
3132 2517 3421 2583 absolvit,
3497 2516 3749 2587 quidquid

2178 2606 2452 2661 hominum
2519 2608 2755 2662 sceleris
2804 2616 2862 2662 ut
2930 2608 3173 2663 homines
3236 2621 3394 2662 nosse
3464 2622 3574 2662 non
3634 2623 3748 2677 pos-

2176 2700 2282 2753 sint
2314 2717 2327 2752 :
2356 2700 2621 2755 neminem
2650 2710 2824 2755 tamen
2855 2710 2997 2755 recte
3021 2700 3243 2769 iudicari
3276 2711 3402 2770 puto
3432 2710 3709 2755 nocentem
3732 2742 3746 2764 ,

2176 2794 2265 2862 qui
2296 2792 2563 2847 hominem
2596 2808 2701 2846 non
2727 2794 3024 2848 convictum
3065 2792 3350 2847 crediderit
3390 2793 3747 2846 innocentem.

2179 2882 2328 2938 Unde
2354 2899 2479 2952 ergo
2505 2896 2701 2937 noeens
2727 2882 2869 2937 orbis
2894 2891 3153 2937 terrarum
3178 2924 3192 2945 ,
3232 2882 3275 2936 si
3318 2891 3474 2941 nosse
3509 2900 3617 2936 non
3658 2897 3749 2951 po-

2178 2972 2296 3038 tuit,
2326 2973 2483 3026 etiam
2518 2985 2702 3025 verum
2742 2970 2963 3026 fortasse
3004 2971 3205 3024 crimen
3246 2970 3493 3025 Afrorum
3528 2988 3542 3024 :
3576 2981 3629 3025 et
3658 2972 3754 3024 hoc

2176 3071 2266 3115 aut
2294 3062 2413 3116 ideo
2448 3076 2607 3117 nosse
2645 3077 2750 3115 non
2799 3061 2987 3129 potuit,
3019 3061 3141 3130 quia
3170 3076 3327 3115 nemo
3352 3061 3418 3114 ad
3445 3076 3571 3115 eum
3602 3061 3753 3115 detu-

2177 3153 2269 3217 lit;
2312 3162 2403 3206 aut
2440 3153 2560 3207 ideo
2587 3154 2708 3223 quia
2741 3153 2793 3206 in
2824 3166 2891 3206 co
2919 3152 3059 3221 quod
3087 3151 3320 3205 delatum
3348 3161 3446 3217 est,
3472 3152 3755 3221 cognitori-

2180 3243 2279 3299 bus
2317 3245 2491 3312 potius
2528 3244 2909 3313 judicantibus,
2939 3258 3096 3313 quam
3124 3243 3275 3297 victis
3303 3243 3755 3297 murmurantibns

2179 3334 2438 3390 credidit?
2477 3335 2613 3390 Hinc
2654 3350 2781 3405 ergo
2820 3332 3114 3388 laudandus
3152 3343 3235 3388 est
3275 3332 3587 3395 Petilianus.
3618 3332 3755 3402 quod

2180 3424 2284 3479 hoc
2323 3440 2443 3480 cum
2488 3427 2705 3480 omnino
2752 3425 3156 3479 invictissimum
3209 3433 3488 3488 cerneret,
3543 3424 3758 3478 silentio

2180 3516 2535 3584 prtetcrmisit.
2566 3516 2682 3569 Non
2708 3516 2865 3585 plane
2890 3515 3204 3578 laudandus,
3229 3515 3368 3583 quod
3397 3526 3593 3569 caetera
3617 3514 3761 3569 simi-

2180 3606 2305 3659 liter
2332 3605 2543 3667 invicta,
2573 3620 2692 3674 quae
2720 3612 2898 3658 tamen
2922 3604 3123 3674 putavit
3145 3617 3301 3673 posse
3322 3604 3621 3671 obscurari,
3648 3620 3765 3659 ver-

2183 3696 2369 3751 borum
2407 3696 2614 3750 nebulis
2640 3695 2849 3764 operire
2878 3703 3099 3749 conatus
3123 3702 3236 3757 est,
3270 3700 3324 3747 et
3352 3692 3491 3762 quod
3523 3708 3612 3747 me
3641 3695 3766 3750 fecit

2182 3802 2417 3851 causam,
2441 3803 2559 3841 cum
2584 3786 2865 3841 defecisset
2892 3785 2945 3840 in
2973 3800 3129 3839 causa
3163 3802 3176 3838 :
3206 3784 3273 3839 de
3302 3799 3387 3839 me
3412 3799 3627 3853 quoque
3652 3787 3766 3856 ipso

2184 3878 2315 3931 nihil
2355 3878 2567 3941 dicens,
2599 3876 2700 3930 nisi
2728 3876 2868 3946 quod
2904 3884 2995 3929 aut
3021 3875 3239 3928 omnino
3269 3874 3454 3927 falsum
3481 3883 3647 3939 esset,
3678 3885 3766 3928 aut

2184 3968 2501 4038 culpandum
2537 3983 2641 4020 non
2670 3978 2841 4032 esset,
2872 3975 2963 4020 aut
2985 3965 3052 4019 ad
3078 3981 3163 4020 me
3182 3965 3291 4034 jam
3316 3979 3421 4018 non
3450 3964 3761 4033 pertineret.

2184 4060 2288 4114 Sed
2318 4060 2520 4112 interea
2548 4072 2643 4111 vos
2665 4096 2682 4118 .
2708 4072 2841 4127 quos
2870 4057 3007 4111 inter
3033 4072 3117 4110 me
3140 4096 3155 4121 ,
3185 4064 3239 4109 et
3268 4055 3415 4109 illum
3432 4054 3642 4123 judices
3667 4071 3763 4125 po-

2185 4152 2288 4215 sui,
2329 4150 2583 4219 sapitisne
2624 4148 2817 4217 aliquid
2863 4149 3002 4201 inter
3039 4161 3223 4201 verum
3262 4145 3525 4199 l'alsumve
3564 4145 3765 4199 discer-

2188 4242 2350 4296 nere?
2391 4241 2529 4295 inter
2557 4239 2794 4293 inﬂatum
2831 4249 2886 4293 et
2932 4238 3183 4303 solidum,
3229 4239 3367 4291 inter
3406 4236 3673 4290 turbidum
3714 4244 3767 4287 et

2188 4333 2550 4402 tranquillum,
2582 4332 2721 4386 inter
2750 4330 3005 4384 tumidum
3049 4339 3102 4383 ct
3146 4344 3363 4393 sanum,
3410 4329 3549 4381 inter
3592 4329 3763 4382 divina

2188 4422 2438 4492 przedicta
2463 4431 2517 4476 et
2542 4423 2768 4474 humana
2801 4429 3117 4488 praesumpta
3142 4460 3158 4485 ,
3190 4410 3326 4472 inter
3352 4419 3692 4486 probationes
3717 4428 3768 4468 et
3824 4466 3830 4471 .

2189 4514 2616 4579 criminationes,
2665 4512 2803 4565 inter
2843 4511 3161 4565 documenta
3206 4520 3275 4585 et
3304 4509 3550 4578 ﬁgmenta
3579 4549 3593 4573 ,
3636 4509 3767 4560 inter

2191 4621 2366 4661 cauete
2416 4605 2677 4657 actionem
2725 4612 2779 4656 et
2815 4616 2991 4655 causa:
3029 4599 3397 4653 aversionem?
3442 4597 3496 4653 Si
3543 4599 3726 4666 sapitis
3752 4636 3766 4658 ,

2192 4695 2330 4750 bene
2354 4704 2407 4749 et
2431 4701 2577 4748 recte
2605 4710 2618 4745 :
2650 4692 2693 4746 si
2721 4700 2896 4745 autem
2924 4705 3028 4744 non
3054 4690 3258 4759 sapitis,
3287 4702 3385 4742 nos
3403 4688 3562 4742 vestri
3588 4701 3766 4740 comm

2191 4785 2421 4857 gessisse
2451 4800 2554 4838 non
2585 4782 2892 4852 paenitebit;
2923 4780 3044 4850 quia
3074 4780 3171 4835 etsi
3197 4794 3291 4833 cor
3319 4788 3553 4832 vestrum
3583 4778 3649 4831 ad
3683 4792 3768 4844 pa-

2192 4892 2309 4931 cem
2349 4891 2453 4930 non
2495 4877 2845 4939 convertitur,
2879 4887 2980 4941 pax
3024 4880 3203 4925 nostra
3241 4880 3417 4925 tamen
3456 4869 3523 4924 ad
3564 4884 3662 4923 nos
3692 4882 3770 4921 reo

2194 4976 2449 5023 vertetur.

2260 5183 2276 5215 ι
2302 5188 2435 5245 Mss,
2448 5185 2496 5229 ut
2519 5178 2591 5229 vel
2627 5176 2959 5245 cognitoribus.
2986 5184 3083 5228 Am.
3112 5182 3270 5238 etEr.,
3307 5176 3378 5227 vel
3422 5180 3473 5228 ut
3513 5175 3759 5243 cognitori-

2196 5244 2319 5305 bus;
2349 5244 2540 5302 omisso,
2566 5244 2694 5291 cum;
