4066 6200
969 431 976 438 ’
1362 494 2416 626 ADMONITIO
2793 389 2840 395 ῃ

1393 743 1458 798 IN
1496 743 2036 817 SUBSEQUENTEM
2076 745 2355 803 LIBRUM.

1702 935 1707 940 '
1778 919 2039 975 ακκιςιω

301 1093 478 1166 Hujus
497 1095 619 1152 libri
648 1097 923 1167 exemplar
955 1097 1160 1153 calamo
1183 1097 1439 1166 scriptum
1470 1098 1680 1152 unicum
1718 1113 1781 1152 ex
1815 1099 1992 1169 Belgio
2020 1100 2433 1156 Lm'anieusibus
2458 1104 2622 1159 adfuit
2645 1149 2657 1167 .
2689 1107 3054 1175 Endoviense;
3098 1111 3306 1167 unicum
3336 1103 3496 1170 eum“

235 1189 393 1242 nobis
417 1205 485 1244 ex
515 1189 723 1255 Galliis,
755 1189 1115 1244 Floriacense.
1148 1191 1204 1244 In
1235 1189 1558 1244 Endoviensi
1599 1190 1785 1245 titulus
1813 1203 1926 1255 est,
1963 1190 2029 1245 In
2065 1191 2343 1261 Epistolam
2373 1194 2613 1251 Petiliani
2637 1200 2705 1251 ad
2733 1199 3015 1255 Catholicos
3038 1203 3100 1256 de
3123 1215 3256 1258 secta
3293 1206 3508 1261 Donati"

231 1293 449 1334 uarum.
481 1280 536 1335 In
555 1281 904 1347 Floriaceusi,
931 1281 1124 1335 Aurelii
1151 1281 1419 1352 Augustini
1451 1281 1682 1349 Epistola
1703 1283 1769 1334 ad
1793 1281 2078 1336 Catholicos
2099 1284 2162 1337 de
2181 1295 2313 1338 secta
2343 1285 2723 1342 Donatistarum
2747 1309 2758 1342 :
2789 1301 2842 1346 et
2870 1293 3018 1347 linito
3042 1295 3174 1348 libro
3200 1337 3214 1361 ,
3243 1297 3294 1350 in
3319 1299 3505 1353 eodem

233 1371 566 1427 Floriaceusi
597 1373 886 1442 exemplari
943 1373 1154 1443 legitur,
1181 1371 1406 1444 Explicit
1437 1373 1668 1443 Epistola
1699 1375 1892 1428 Aurelii
1913 1375 2183 1445 Augustini
2199 1379 2420 1448 episcopi
2439 1380 2509 1432 ad
2539 1380 2820 1436 Catholicos
2849 1383 3049 1450 fratres.
3075 1387 3191 1452 Quo
3209 1391 3508 1456 posteriore.

234 1464 390 1516 titulo
417 1465 482 1518 ad
513 1463 736 1519 Possidii
766 1463 996 1519 Iudicem
1021 1479 1330 1534 comparato
1375 1465 1525 1520 facile
1552 1465 1867 1520 adducimur
1905 1475 1960 1519 ut
1988 1467 2266 1521 credamus
2297 1468 2436 1523 hunc
2467 1471 2638 1536 ipsum
2678 1471 2868 1526 librum
2894 1488 3012 1527 esse
3037 1517 3052 1539 ,
3079 1477 3165 1544 qui
3195 1478 3246 1531 in
3275 1479 3510 1547 ejusdem

234 1553 433 1608 Indicis
471 1555 646 1623 capite
677 1555 834 1609 tertio
863 1554 940 1609 sic
966 1563 1178 1608 notatur
1208 1572 1220 1607 :
1250 1554 1485 1624 Eptstola
1526 1565 1700 1608 contra
1735 1571 1857 1622 quos
1885 1555 2141 1634 supra-(id
2160 1565 2240 1610 est
2267 1568 2450 1610 contra
2501 1558 2820 1631 Donatistas)
2861 1563 2928 1614 ad
2975 1562 3258 1619 Cat/tolicos
3308 1571 3501 1636 fratres,

234 1641 362 1695 liber
386 1660 538 1698 unus.
565 1642 621 1696 ln
644 1643 872 1698 concilio
895 1643 1128 1713 generali
1159 1645 1343 1713 quinto
1366 1685 1380 1706 ,
1408 1644 1584 1698 collat.
1614 1644 1664 1707 5,
1698 1643 1930 1697 citantur
1955 1643 2113 1697 verba
2141 1646 2326 1714 capitis
2355 1648 2491 1701 tertii
2524 1647 2662 1702 hunc
2690 1650 2740 1703 in
2778 1651 2991 1705 modum
3027 1670 3040 1704 :
3073 1651 3319 1723 Ejusdem
3356 1656 3375 1726 (
3400 1657 3511 1710 Au—

231 1735 430 1804 gustini
461 1735 566 1804 )ea:
589 1733 825 1804 Epistola
850 1735 918 1786 ad
943 1735 1248 1788 Catholicos.
1281 1734 1432 1804 Apud
1459 1733 1934 1789 Amerbachianam
1962 1735 2244 1790 editionem
2273 1738 2593 1804 inscribitur,
2612 1738 2800 1794 Contra
2830 1739 3066 1795 Petiliani
3091 1745 3356 1799 donatistte
3377 1745 3512 1816 Epi-

230 1826 417 1879 stotam
447 1827 574 1880 liber
599 1843 750 1880 unus.
787 1826 936 1896 Apud
965 1827 1308 1896 posteriores,
1351 1828 1403 1880 in
1452 1827 1728 1895 marginali
1780 1828 1949 1896 spatio
1973 1828 2232 1896 superiori
2291 1828 2526 1883 additum
2553 1840 2667 1894 est,
2697 1830 2775 1884 De
2804 1831 3008 1885 Unilate
3051 1832 3290 1888 Ecclesia:
3331 1852 3351 1890 :
3396 1853 3515 1905 quas

232 1915 476 1984 profecto
503 1916 778 1984 inscriptio
805 1932 908 1970 non
933 1917 1105 1971 minus
1135 1917 1341 1971 caeteris
1367 1917 1624 1972 adversus
1657 1917 1956 1971 Donatistas
1977 1917 2244 1984 Opusculis
2270 1919 2536 1982 convenit,
2569 1935 2724 1988 quam
2749 1920 2870 1974 huic
2891 1922 3046 1975 libro.

300 2007 387 2060 Ad
416 2022 614 2060 annum
641 2008 852 2062 circiter
876 2007 982 2062 402
1008 2010 1273 2078 pertinere
1300 2007 1447 2077 Opus
1476 2007 1703 2073 videtur,
1730 2007 1928 2062 editum
1955 2017 2079 2060 ante
2110 2009 2320 2060 tertium
2355 2008 2546 2062 librum
2585 2019 2771 2063 contra
2798 2010 3132 2066 Petilianum.
3162 2013 3294 2066 Nam
3325 2013 3514 2083 Operis

231 2098 496 2168 principio
527 2098 814 2152 Petilianus
853 2098 1244 2168 interpellatur,
1275 2108 1334 2152 ut
1359 2097 1442 2153 vel
1466 2097 1637 2153 eidem
1664 2097 1849 2166 operi,
1877 2097 1956 2151 vel
1986 2096 2171 2166 primis
2198 2097 2404 2153 duobus
2429 2114 2612 2153 contra
2641 2101 2805 2169 ipsius
2832 2101 3122 2171 Epistolam
3154 2104 3304 2158 libris
3329 2105 3512 2174 Augu-

233 2191 359 2245 stini
386 2191 730 2260 respondeat.
758 2190 1000 2244 Nondum
1027 2206 1153 2262 ergo
1182 2191 1294 2244 visa
1321 2199 1434 2246 erat
1460 2190 1625 2245 altera
1658 2187 1922 2255 Petiliani,
1952 2204 2071 2258 qua!
2117 2190 2251 2244 libro
2276 2189 2552 2259 Augustini
2587 2192 2742 2246 tertio
2768 2193 3071 2248 confutatur
3102 2195 3336 2264 Epistola
3365 2238 3378 2262 ,
3409 2213 3512 2267 qua

234 2283 486 2336 nimirum
517 2283 604 2336 ille
626 2282 690 2337 ad
717 2283 944 2352 primum
977 2283 1168 2336 librum
1199 2281 1478 2352 Augustini
1507 2279 1829 2350 respondere
1856 2279 1932 2334 sic
1960 2279 2196 2345 enititur,
2231 2291 2286 2334 ut
2313 2281 2505 2335 librum
2537 2289 2713 2336 tamen
2745 2283 2910 2352 ipsius
2938 2285 3253 2352 secundum,
3283 2288 3374 2357 qui
3399 2289 3515 2344 cir-

231 2372 368 2425 ciler
395 2371 709 2440 praedictum
739 2387 935 2426 annum
965 2372 1070 2426 402
1099 2371 1310 2441 prodiit,
1338 2385 1446 2426 non
1473 2371 1714 2438 attingat.

303 2462 643 2532 Praegrandis
671 2463 892 2532 hujusce
917 2463 1092 2532 operis
1115 2463 1165 2515 in
1192 2461 1670 2516 Retractationibus
1702 2460 1842 2514 nulla
1865 2459 1923 2514 ﬁt
1963 2459 2193 2525 mentio;
2229 2457 2364 2515 forte
2389 2461 2531 2530 quia,
2564 2462 2635 2515 uti
2667 2461 3025 2520 Lovanienses
3047 2465 3353 2534 observant,
3383 2484 3512 2539 pro-

235 2555 352 2622 prie
376 2553 598 2622 epistola
627 2562 729 2618 est,
758 2568 862 2607 non
887 2553 1038 2606 liber.
1069 2551 1178 2605 Nec
1204 2565 1417 2605 movere
1452 2549 1610 2604 debet
1633 2548 1774 2620 quod
1794 2549 1864 2604 ibi
1894 2558 2232 2604 recenseatur
2259 2549 2350 2620 qui
2392 2550 2546 2620 longe
2588 2552 2797 2607 brevior
2825 2554 2948 2616 isto.
2990 2563 3046 2609 et
3067 2556 3306 2624 epistola:
3345 2558 3514 2613 forma

237 2647 440 2714 pariter
469 2646 698 2715 scriptus
728 2654 829 2712 est,
860 2645 994 2700 liber
1023 2644 1073 2697 in
1104 2643 1419 2697 Petilianum
1448 2643 1647 2710 primus
1680 2658 1692 2693 :
1726 2641 1921 2710 quippe
1952 2640 2152 2706 primus
2179 2640 2278 2695 iste
2308 2641 2444 2696 liber
2467 2657 2586 2696 cum
2630 2643 2865 2698 secundo
2894 2653 2948 2700 et
2977 2646 3133 2701 tertio
3163 2656 3305 2702 totus
3329 2650 3512 2704 cohae-

235 2747 343 2800 ret,
372 2752 595 2807 eamque
623 2737 692 2790 ob
716 2751 927 2790 causam
957 2734 1255 2789 necessario
1282 2735 1420 2788 inter
1445 2733 1606 2786 libros
1629 2731 1843 2785 habitus
1867 2745 2078 2799 semper
2104 2730 2219 2784 fuit.

307 2829 415 2885 Sed
442 2837 568 2882 sunt
595 2827 696 2883 alia
720 2868 736 2893 ,
767 2843 870 2881 non
896 2826 1212 2890 difﬁtemur,
1237 2841 1354 2895 qua:
1377 2839 1473 2878 nos
1495 2824 1580 2877 hic
1609 2832 1873 2876 moveant.
1896 2821 2129 2876 Primum
2155 2823 2486 2877 salutationis
2513 2824 2734 2879 formula
2757 2868 2771 2891 ,
2802 2825 2960 2881 Salus
2987 2844 3100 2898 qua:
3119 2829 3171 2883 in
3195 2827 3396 2885 Christo
3415 2841 3490 2884 est

231 2931 368 2988 etc,
404 2934 541 2974 nova
571 2919 865 2988 Augustino
891 2925 944 2972 et
973 2917 1242 2971 inusitata.
1275 2915 1474 2970 Deinde
1499 2913 1860 2979 transitiones,
1890 2911 2069 2981 ﬁgurae
2093 2953 2108 2977 ,
2135 2926 2197 2967 ac
2227 2913 2519 2968 locutiones
2544 2915 2739 2983 passim
2768 2917 3090 2987 inelegantes
3115 2931 3169 2975 et
3190 2921 3513 2991 improprire.

236 3009 484 3078 Exempli
527 3009 728 3079 gratia,
756 3021 872 3076 cap.
901 3008 954 3072 6,
986 3022 1042 3060 n.
1087 3007 1176 3072 11,
1211 3015 1268 3059 ut
1293 3004 1361 3060 ad
1399 3004 1687 3072 Scriptura:
1732 3002 2033 3056 testimonia
2075 3003 2316 3056 veniatur
2349 3021 2362 3056 :
2397 3003 2440 3056 0
2473 3004 2773 3072 Donatistae,
2818 3006 3044 3062 Genesim
3091 3009 3258 3080 legite.
3298 3010 3429 3080 Cap.
3455 3013 3508 3075 8,
3590 2995 3597 3003 ’

236 3119 292 3155 n.
317 3101 380 3155 21
418 3119 432 3155 ;
468 3102 597 3168 Quis
620 3109 720 3152 tam
741 3100 910 3152 devius
935 3106 982 3152 et
1010 3097 1262 3152 absurdus
1290 3105 1362 3151 est
1389 3112 1419 3148 a
1447 3095 1628 3147 divinis
1654 3093 1884 3160 eloquiis.
1909 3091 2037 3162 Cap.
2072 3094 2159 3158 15,
2192 3109 2245 3146 n.
2274 3094 2342 3148 58
2375 3112 2386 3146 :
2420 3094 2486 3148 Ut
2515 3097 2567 3148 in
2597 3097 2719 3166 ipsis
2753 3114 2947 3168 quoque
2984 3101 3364 3156 admirabilibus
3388 3120 3508 3157 sau-

232 3193 350 3244 ctis.
380 3190 579 3245 Ibidem
606 3207 620 3243 :
655 3189 758 3244 Sed
785 3197 988 3258 aspectu
1027 3197 1074 3240 et
1097 3187 1274 3240 auditu
1294 3187 1466 3258 justus
1494 3185 1780 3238 inhabitans
1817 3182 2038 3236 animant
2052 3185 2246 3253 justam
2292 3185 2479 3256 iniquis
2502 3186 2719 3239 aliorum
2747 3189 3047 3256 factionibus
3070 3193 3346 3246 cruciabat.
3378 3193 3510 3264 Cap.

232 3282 329 3347 26,
357 3299 409 3337 n.
443 3281 512 3337 69
541 3300 553 3335 :
589 3279 657 3336 Ut
678 3281 887 3333 multum
913 3293 1078 3332 causa:
1103 3287 1286 3330 nostra:
1313 3276 1556 3330 minuam.
1586 3274 1786 3329 Ibidem
1831 3289 1845 3325 :
1880 3271 1980 3337 Qui
2027 3273 2366 3342 tergiversaris
2401 3275 2651 3344 quomodo
2685 3278 2998 3348 suscipiatis.
3028 3281 3160 3351 Cap.
3191 3282 3282 3350 25,
3313 3299 3368 3337 η.
3401 3285 3469 3338 75
3494 3301 3507 3338 :

233 3375 366 3433 Cum
384 3377 632 3428 adversus
661 3373 884 3426 homines
910 3370 1042 3424 male
1062 3369 1156 3424 sibi
1175 3387 1205 3422 a
1230 3369 1433 3439 collegis
1455 3368 1752 3420 insinuatas.
3539 3417 3541 3419 1

308 3466 484 3520 Movet
504 3465 665 3519 etiam
695 3463 833 3533 quod
865 3462 1004 3516 idem
1035 3461 1147 3530 ipse
1167 3460 1256 3530 qui
1301 3459 1353 3513 in
1381 3459 1546 3529 Epist.
1571 3457 1662 3520 ‘23,
1691 3472 1745 3511 n.
1774 3457 1830 3523 4,
1859 3463 1914 3510 et
1940 3455 2033 3511 lib.
2064 3455 2088 3509 1
2123 3463 2305 3509 contra
2337 3452 2683 3510 Cresconium
2713 3499 2728 3523 ,
2768 3473 2886 3528 cap.
2933 3461 3021 3526 5|,
3046 3477 3138 3520 nn.
3167 3463 3237 3519 36
3261 3503 3275 3528 ,
3307 3465 3396 3530 3'7,
3428 3467 3513 3520 di-

234 3567 380 3612 serte
399 3554 934 3610 docetSamaritanos
957 3550 1202 3606 haeresim
1231 3566 1327 3606 seu
1356 3550 1633 3604 haereticos
1662 3546 1966 3602 Iudaeorum
1991 3560 2146 3611 esse;
2175 3547 2226 3600 in
2255 3545 2409 3615 hujus
2448 3547 2565 3602 libri
2591 3548 2762 3616 capite
2795 3550 2861 3604 15
2881 3589 2896 3614 ,
2926 3567 2980 3604 n.
3009 3553 3079 3607 53
3099 3595 3113 3615 ,
3141 3556 3274 3608 nolit
3299 3565 3356 3610 ut
3385 3571 3513 3626 pars

235 3650 330 3703 illa
359 3649 540 3719 populi
568 3663 688 3717 qua:
718 3660 746 3698 a
773 3660 936 3715 regno
963 3643 1097 3698 Juda
1145 3645 1311 3699 scissa
1339 3652 1421 3698 est
1442 3683 1458 3709 ,
1492 3653 1738 3712 tanquam
1775 3639 1995 3694 haeresis
2037 3638 2354 3707 deputetur,
2403 3639 2696 3706 praesertim
2741 3655 2867 3694 vero
2901 3642 3001 3695 hac
3057 3644 3231 3698 nitens
3282 3649 3511 3714 ratione,

236 3740 362 3808 quia
403 3747 647 3808 separata
689 3747 771 3793 est
806 3737 1027 3806 jubeute
1082 3735 1215 3800 Deo,
1271 3735 1360 3804 qui
1409 3748 1675 3802 nunquam
1727 3730 1913 3800 jubeat
1971 3728 2215 3784 haeresim
2271 3729 2406 3793 ﬁeri,
2455 3729 2648 3796 quique
2692 3744 2914 3798 regnum
2966 3730 3127 3784 dividi
3179 3738 3510 3803 prteceperit,

237 3845 344 3886 non
375 3831 704 3901 religionem.
737 3829 853 3897 Quo
887 3828 1004 3882 loco
1032 3826 1382 3896 Augustinum
1413 3839 1440 3876 a
1471 3825 1617 3890 viro,
1649 3832 1707 3878 ut
1729 3822 1906 3888 aiunt,
1937 3837 2042 3874 non
2072 3819 2286 3874 indocto
2328 3818 2713 3887 reprehensum
2756 3819 3023 3874 vindicare
3048 3831 3306 3877 conantur
3333 3825 3506 3879 Lova-
3583 3877 3592 3888 _

237 3923 473 3978 nienses.

309 4013 666 4069 Observamus
706 4011 922 4080 insuper
970 4008 1257 4080 Scriptura:
1312 4011 1459 4065 locos
1502 4007 1588 4062 hic
1644 4021 1750 4061 non
1801 4007 1948 4076 juxta
2002 4004 2294 4061 solemnem
2350 4006 2650 4063 versionem
2675 4005 2902 4070 citatos,
2949 4013 3006 4059 ut
3029 4019 3149 4075 cap.
3175 4005 3235 4058 11
3264 4043 3280 4070 ,
3311 4021 3365 4058 n.
3393 4005 3506 4068 29.

236 4121 306 4162 ex
331 4109 447 4162 Act.
475 4121 515 4174 t,
568 4105 638 4159 14
671 4122 682 4158 :
711 4103 782 4157 Hi
820 4119 988 4157 omnes
1028 4113 1171 4158 erant
1217 4105 1536 4155 asservientes
1577 4099 1836 4152 unanimes
1873 4095 2285 4163 orationi.lbid.,
2317 4113 2370 4156 n.
2401 4098 2502 4162 50,
2534 4114 2599 4152 ex
2621 4100 2738 4152 Act.
2770 4113 2856 4161 Ix,
2889 4096 2955 4151 15
2989 4114 3001 4149 :
3035 4095 3101 4150 Ut
3132 4106 3293 4166 portet
3323 4113 3506 4150 nomen

236 4215 404 4252 meum
434 4214 604 4252 coram
629 4196 876 4268 gentibus,
909 4205 956 4248 et
973 4195 1171 4265 regibus
1195 4234 1210 4259 ,
1239 4203 1286 4246 et
1315 4193 1435 4260 [iliis
1460 4190 1624 4244 Israel
1655 4189 1990 4259 magni/icari.
2023 4187 2180 4251 lbid.,
2211 4205 2277 4242 ex
2299 4191 2418 4243 Act.
2449 4205 2479 4241 χ
2501 4228 2516 4254 ,
2547 4189 2607 4243 11
2642 4207 2656 4242 :
2687 4188 2952 4258 Tanquam
2987 4188 3195 4242 linteum
3223 4188 3509 4258 limpidum.

239 4291 369 4358 Cap.
402 4291 468 4345 lli
491 4330 506 4354 ,
536 4305 591 4343 n.
624 4287 714 4354 42,
737 4304 804 4342 ex
827 4287 1024 4342 Ezech.
1057 4300 1250 4351 xxvm,
1281 4285 1315 4338 5
1338 4325 1352 4349 ,
1388 4281 1650 4350 Numquid
1685 4290 1737 4333 tu
1761 4282 1936 4334 melior
1963 4297 2111 4351 quam
2148 4279 2376 4334 Daniel?
2404 4280 2489 4334 ubi
2517 4282 2689 4350 legere
2716 4281 2874 4346 solet,
2923 4281 3220 4350 sapientior,
3250 4290 3310 4334 ut
3331 4280 3513 4334 videre

234 4380 397 4436 estin
425 4380 592 4450 Epist.
621 4379 743 4442 111,
772 4395 826 4430 n.
846 4376 896 4432 4.
915 4376 1150 4445 Denique
1175 4375 1273 4430 etsi
1296 4371 1480 4427 Statuit
1507 4371 1655 4424 initio
1685 4369 1803 4423 libri
1830 4369 2027 4424 relictis
2055 4368 2315 4438 ambiguis
2341 4378 2570 4439 apertum
2588 4369 2779 4438 aliquid
2800 4385 2898 4438 quo
2918 4370 3264 4439 manifestatur
3287 4369 3512 4422 Ecclesia

235 4469 631 4540 requirendum;
654 4468 971 4522 sententiam
1005 4475 1181 4520 tamen
1210 4465 1351 4516 illam
1377 4477 1441 4517 ex
1470 4461 1591 4514 lsai.
1622 4476 1754 4527 an,
1784 4461 1818 4514 4
1851 4501 1865 4526 ,
1895 4459 2107 4514 insolito
2134 4458 2292 4512 modo
2322 4459 2722 4528 interpretatam
2745 4501 2760 4524 ,
2792 4459 2946 4513 Terra
2975 4470 3062 4512 tua
3089 4460 3221 4513 orbis
3267 4471 3514 4514 terrarum

235 4563 257 4631 (
286 4576 388 4630 qua
416 4559 631 4631 quidem
661 4559 834 4627 ipsum
863 4572 1086 4627 usquam
1115 4555 1247 4609 alias
1277 4567 1430 4607 usum
1457 4560 1641 4607 contra
1673 4551 1972 4605 Donatistas
2003 4565 2107 4603 non
2129 4548 2549 4620 recordamur),
2573 4549 2808 4617 adhibet,
2836 4565 2956 4620 cap.
2987 4552 3040 4616 7,
3070 4568 3124 4604 n.
3150 4551 3249 4616 l9;
3277 4566 3394 4620 cap.
3415 4551 3510 4614 21,

235 4651 418 4795 ".133,
448 4651 833 4809 imminet:
863 4649 966 4804 725i,
1024 4753 1079 4791 n.
1111 4735 1200 4799 68,
1242 4733 1330 4788 ubi
1379 4731 1623 4801 objicitur
1664 4745 1798 4800 aqua
1837 4745 1955 4799 qua:
1999 4729 2067 4784 de
2118 4728 2282 4783 latere
2335 4728 2540 4783 Domini
2597 4727 2882 4798 proﬂuxit,
2936 4729 3288 4799 signiﬁcatum
3335 4730 3512 4800 Bapti-

235 4847 417 4886 smum
442 4849 456 4897 ;
486 4829 771 4900 respondet
795 4827 846 4881 id
870 4827 1043 4881 adhuc
1072 4824 1208 4879 forte
1236 4821 1538 4892 diligentius
1580 4817 1950 4887 requirendum
1981 4832 2103 4872 esse
2145 4834 2157 4870 :
2185 4831 2305 4872 cum
2335 4817 2435 4871 hoc
2461 4817 2633 4887 ipsum
2662 4826 2909 4888 tanquam
2937 4827 3268 4887 compertum
3299 4820 3514 4873 tradere

235 4933 296 4978 et
321 4923 588 4977 inculcare
608 4921 796 4987 soleat,
827 4929 883 4974 ut
905 4919 1079 4972 Tract.
1099 4915 1153 4981 9,
1176 4923 1229 4970 et
1257 4913 1432 4967 Tract.
1458 4910 1560 4965 1ἓο
1588 4911 1638 4963 in
1665 4908 1943 4970 Joannem,
1991 4917 2045 4962 et
2070 4922 2234 4962 scrm.
2255 4906 2381 4972 218,
2400 4906 2468 4961 de
2494 4907 2745 4962 Passione
2769 4907 2996 4975 Domina,
3033 4924 3085 4961 n.
3114 4909 3198 4962 14.
3238 4909 3514 4963 Postremo

236 5014 386 5083 quod
412 5012 512 5066 sub
538 5012 655 5067 libri
688 5011 844 5066 ﬁnem
871 5011 1082 5080 legitur,
1111 5005 1346 5062 nondum
1374 5019 1402 5056 a
1435 5002 1610 5057 radice
1646 4999 1922 5069 praecisum
1954 5013 2074 5052 eum
2097 5013 2216 5053 esse
2239 5039 2254 5063 ,
2282 5000 2369 5068 qui
2397 4999 2532 5052 mala
2561 4997 2981 5070 cupiditale'agit
3025 5015 3184 5069 opera
3214 5016 3332 5070 quae
3365 5015 3394 5081 _a
3424 5013 3514 5052 τες

234 5119 350 5175 gno
376 5103 473 5159 Dei
497 5103 806 5169 excludunt,
828 5102 875 5157 si
899 5101 1058 5156 modo
1083 5113 1190 5154 non
1212 5112 1307 5168 pro
1329 5095 1456 5166 ipsis
1480 5092 1727 5162 operibus
1747 5090 1905 5144 etiam
1933 5089 2144 5144 veritati
2172 5089 2517 5159 apertissimte
2537 5089 2771 5158 resistat,
2797 5088 3104 5146 nonnullam
3132 5089 3516 5146 difﬁcultatem

230 5196 401 5253 affert
423 5197 549 5254 dum
573 5203 914 5269 comparatur
939 5192 1006 5248 ad
1036 5191 1230 5248 librum
1257 5188 1293 5242 2
1320 5195 1504 5244 contra
1530 5182 1896 5249 Cresconium,
1919 5193 2042 5250 cap.
2072 5177 2164 5235 21.

1304 5407 2449 5486 Wm-
