4066 6200
511 289 532 300 ο
543 293 560 296 --
571 290 646 299 κ.-
660 266 3767 300 ww”

505 301 634 341 ρ..
613 334 630 339 _
643 303 906 339 *Ψ
805 331 873 338 __.
1273 315 2686 332 ωυρμ-σο.-
2701 288 2728 321 .Ι
2729 316 2742 321 -
2755 287 2804 322 ..1,
2818 287 2840 320 Ι.
3060 286 3088 318 Ιν-
3097 285 3126 319 ...Ι
3121 285 3196 319 ...-
3205 284 3454 318 clm-nu...
3583 281 3636 315 -..Ι
3685 311 3688 314 λ
3721 311 3762 317 ,α

1376 439 1522 510 ΑΙ)
1579 436 1959 508 ΟΑΤΠΟ
1977 435 2080 506 LI
2095 432 2294 504 COS
2342 432 2876 502 EPISTOLA

1705 586 2020 651 CONTRA
2068 581 2567 644 DONATISTAS

2027 726 2062 778 γ
2074 724 2253 780 ULGO

917 889 1188 1029 DE
1321 873 2166 1029 UNITATE
2313 841 3329 1018 ECCLESUE

1650 1094 2134 1208 LIBER
2207 1089 2420 1195 ΠΝ
2429 1093 2643 1201 US.

1929 1291 2401 1352 θῶκοι»ωῶ

568 1447 809 1510 proposita
831 1445 1122 1510 ςιιιαιειίριεον,
1143 1443 1273 1510 sine
1293 1423 3206 1510 avis“.Ecclesiaassignantes:animi!.tcciitiieszsl'ei'.‘1‘9musis!
3227 1431 3773 1510 ἓξὲδῖῒἮῐέιῖεῖΙίξίῗίδ

513 1493 672 1562 certis
697 1493 780 1556 'éi'
801 1493 943 1556 claris
979 1493 1307 1553 deﬁniendum
1329 1515 1341 1548 :
1367 1497 1672 1562 proferuntur
1697 1494 1898 1562 primum
1924 1493 2196 1540 testimonia
2220 1502 2283 1537 ex
2300 1495 2619 1562 lnstrunento
2635 1499 2806 1562 vetere
2823 1503 2879 1538 ac
2897 1504 3021 1562 novo
3041 1493 3412 1562 quamplurima,
3430 1495 3606 1562 quibus
3619 1502 3772 1542 osten-

515 1552 664 1621 ditur-
685 1552 1145 1618 docerimevidenter
1170 1578 1225 1611 ac
1247 1552 1400 1617 certo,
1437 1552 1710 1608 Ewlesianf
1731 1553 1900 1600 Christi
1940 1563 2234 1621 verameain
2253 1564 2399 1621 esse,
2423 1562 2534 1657 qua:
2559 1558 2657 1598 toto
2689 1559 2925 1599 terrarum
2955 1552 3075 1600 orbe
3110 1552 3405 1602 diffunditur.
3429 1552 3614 1603 Deinde
3647 1568 3773 1612 vero,

517 1645 626 1657 ...πη
651 1643 793 1657 Μηηη
822 1642 880 1657 ην
926 1628 1094 1657 nam...
1129 1624 1368 1657 nonnninia
1400 1619 1653 1657 ςρτιίιιιιινίς
1688 1616 1918 1657 obiectari
1951 1624 1978 1657 a
2022 1613 2338 1657 sclnsmattcis
2379 1625 2432 1657 so
2459 1617 2539 1657 ent
2573 1624 2658 1657 ι,Γο
2692 1620 2828 1657 rarte
2875 1615 3074 1657 Donati.
3099 1623 3158 1657 ea
3180 1621 3232 1657 et
3252 1615 3476 1657 ambimm
3503 1615 3773 1657 incertam":

515 1611 634 1695 ἇίἱῖἕ
651 1611 882 1692 ρξιῐέἷεὲκ
897 1611 1112 1695 sitat-Ia
1126 1611 1368 1695 canonicis
1390 1611 1653 1695 scripturis
1688 1616 2010 1695 (Ξῳεοεέςξέᾼ
2022 1611 2432 1695 εξέρξέρὲἓεξεηῇρ

2459 1617 2539 1679 ent
2573 1624 2671 1679 pro
2692 1615 3037 1679 larte__t)onati
3058 1647 3074 1679 _,
3099 1623 3159 1662 ea
3180 1621 3232 1679 e_t
3252 1615 3479 1679 ambigua
3503 1615 3774 1679 incertaque

517 1669 909 1751 ἓξέἑέἒῖῖὲιέἔεε
926 1669 1434 1751 ξδεδιῑυῖῆωέιίαεεη
1691 1669 2017 1751 why-aiens
2035 1669 2957 1751 FRPEEFESHiiE‘E‘JﬁE'Ethullﬁﬂ‘
2988 1669 3146 1751 rem
3199 1669 3412 1724 habere?

517 1731 664 1802 Eiiaii:
678 1731 1148 1808 ii'e"irhtiiii6ﬁé,'dé’
1157 1731 1522 1809 persecutione,
1547 1731 1753 1795 aliaeque
1776 1738 1825 1784 in
1842 1731 2105 1782 catholicos
2124 1731 2374 1782 calumniae
2397 1733 2507 1780 data
2524 1731 2774 1783 oecasione
2794 1733 3085 1784 refutantur.

519 1878 850 1932 AUGUSTINUS
886 1873 1164 1940 episcopus
1189 1911 1202 1932 ,
1234 1864 1589 1921 dilectissimis
1621 1859 1870 1915 fratribus
1901 1857 1964 1910 ad
2001 1872 2100 1909 no-

591 1975 714 2019 strm
735 1961 1144 2032 diSpensationis
1165 1974 1342 2012 curam
1369 1952 1753 2024 pertinentibus
1775 1967 1787 2002 :
1807 1949 1962 2002 Salus
1983 1961 2102 2015 qua:

592 2055 643 2109 in
673 2053 886 2109 Christo
927 2060 1028 2116 est,
1060 2059 1112 2104 et
1137 2064 1240 2120 pax
1267 2045 1484 2100 unitatis
1513 2051 1567 2096 et
1594 2038 1865 2095 cbaritatis
1895 2036 2009 2105 ejus
2034 2034 2103 2086 sit

592 2145 897 2207 vobiscum,
939 2151 992 2214 et
1033 2141 1237 2208 integer
1279 2136 1495 2205 spiritus
1533 2139 1710 2186 vester
1747 2138 1800 2183 et
1835 2127 2007 2180 anima
2046 2132 2102 2178 et

549 2273 558 2280 -
591 2253 784 2307 corpus
823 2237 874 2289 in
915 2235 1056 2289 diem
1099 2229 1306 2286 Domini
1345 2227 1511 2282 nostri
1539 2224 1666 2280 Jesn
1697 2219 1892 2276 Christi
1921 2231 2100 2271 serve-

589 2339 696 2384 tur.

591 2418 814 2475 CAPUT
856 2414 1136 2472 PRIMUM.
1160 2442 1230 2453 —-
1252 2413 1302 2466 1.
1343 2408 1676 2471 Meministis,
1699 2404 1885 2459 fratres
1905 2442 1919 2465 ,
1953 2399 2099 2454 Peli-

522 2510 651 2566 liani
684 2511 1073 2564 Donatistarum
1103 2502 1585 2560 Constantiniensis
1614 2497 1846 2568 episcopi
1876 2507 2098 2565 perpar-

521 2615 642 2654 vam
692 2599 939 2669 EpistOlzn
986 2605 1186 2668 partem
1233 2595 1285 2648 in
1332 2607 1520 2647 manus
1562 2598 1770 2644 nostras
1815 2580 2100 2654 aliquando

523 2689 765 2753 venisse,
809 2689 962 2758 eique
1005 2684 1272 2755 particulae
1314 2681 1453 2752 quod
1492 2676 1923 2748 responderimus
1965 2671 2100 2726 scri-

523 2779 694 2850 psisse
734 2794 818 2832 me
856 2776 921 2832 ad
963 2775 1304 2828 Dilectionem
1347 2779 1591 2825 vestram.
1633 2765 1738 2822 Sed
1764 2779 1886 2819 cum
1920 2769 2104 2832 postea

521 2877 632 2925 tota
659 2876 712 2922 et
737 2867 893 2938 plena
923 2865 1074 2920 nobis
1100 2879 1128 2917 a
1160 2862 1409 2918 fratribus
1429 2859 1518 2929 qui
1545 2858 1612 2911 ibi
1636 2865 1760 2911 sunt
1780 2853 2097 2916 mitteretur,

521 2960 722 3031 placuit
746 2959 792 3014 ei
823 2958 889 3011 ab
917 2955 1136 3011 exordio
1162 2951 1506 3022 respondere,
1537 2958 1783 3016 tanquam
1811 2952 2100 3015 praesentes

523 3065 800 3122 ageremus
828 3067 840 3103 :
865 3045 1311 3117 quemadmodum
1341 3056 1551 3112 semper
1581 3041 1725 3095 scitis
1755 3053 1850 3092 nos
1879 3051 2000 3091 cum
2022 3035 2102 3090 eis

522 3155 681 3210 agere
723 3137 952 3193 voluisse
977 3177 992 3203 ,
1020 3144 1079 3190 ut
1105 3134 1220 3188 sine
1248 3132 1425 3186 studio
1451 3128 1838 3193 contentionis,
1867 3125 1992 3196 quid
2017 3123 2098 3179 vel

521 3231 590 3286 ab
620 3230 748 3300 ipsis
776 3228 858 3284 vel
884 3243 914 3281 a
943 3227 1092 3281 nobis
1122 3225 1328 3280 dicatur
1350 3264 1366 3290 ,
1394 3223 1581 3277 collata
1609 3219 1963 3289 disputatione
1986 3231 2101 3271 om-

525 3321 682 3375 nibus
719 3325 1022 3388 appareret.
1063 3315 1120 3370 In
1162 3316 1444 3370 multorum
1485 3311 1627 3367 enim
1673 3310 1916 3364 manibus
1956 3308 2100 3362 illam

524 3409 815 3477 Epistolam
841 3421 961 3461 esse
992 3405 1292 3468 didicimus,
1316 3403 1405 3472 qui
1427 3403 1589 3457 etiam
1611 3401 1774 3454 multa
1795 3414 1860 3453 ex
1886 3397 1972 3451 illa
1999 3412 2104 3452 me-

524 3497 749 3552 moriter
791 3502 1006 3557 tenent,
1035 3493 1232 3562 aliquid
1297 3506 1479 3546 verum
1547 3490 1800 3544 adversus
1840 3503 1939 3542 nos
1981 3501 2103 3541 eum

522 3590 722 3645 dixisse
751 3588 1088 3643 arbitrantes.
1120 3584 1225 3640 Sed
1259 3598 1397 3638 nunc
1425 3582 1469 3636 si
1500 3583 1673 3652 legere
1698 3580 1961 3636 voluerint
1982 3594 2104 3649 qua:

523 3679 900 3751 respondimus
923 3719 939 3743 ,
975 3675 1212 3747 profecto
1244 3671 1536 3743 intelligent
1564 3671 1690 3743 quid
1721 3671 1822 3726 sibi
1849 3671 2105 3741 objicien-

519 3771 648 3826 dum
673 3811 688 3836 ,
721 3778 775 3824 et
809 3768 934 3838 quid
967 3766 1250 3822 tenendum
1287 3764 1375 3818 sit.
1408 3763 1588 3834 Neque
1621 3763 1762 3818 enim
1803 3761 1893 3816 illa
1925 3769 2104 3816 nostra

477 3883 484 3890 ·
521 3869 679 3925 sunt,
723 3860 857 3914 sicut
897 3858 996 3928 ipsi
1037 3865 1257 3927 possunt
1293 3855 1656 3920 considerare,
1705 3855 1750 3909 si
1789 3853 1952 3908 velint
1989 3853 2106 3907 sine

522 3952 698 4008 studio
734 3950 964 4020 partium
998 3949 1238 4019 judicare
1269 3965 1282 4001 :
1315 3962 1435 4000 nam
1475 3947 1542 4001 de
1583 3945 1871 4015 Scripturis
1907 3943 2105 3998 sanctis

521 4046 594 4102 ita
637 4052 762 4100 sunt
788 4043 969 4099 omnia
1001 4042 1202 4112 prolata
1233 4047 1284 4094 et
1310 4039 1527 4108 probata
1553 4078 1568 4103 ,
1597 4047 1652 4091 ut
1681 4052 1745 4090 ea
1776 4050 1970 4106 negare
1997 4050 2104 4088 non

526 4137 731 4208 possit,
771 4136 872 4190 nisi
911 4134 999 4204 qui
1042 4133 1253 4187 illarum
1297 4129 1690 4198 Scripturarum
1732 4142 1792 4181 se
1834 4126 2103 4180 inimicum

524 4243 646 4282 esse
687 4227 986 4296 prolitctur.
1033 4223 1138 4277 Sed
1171 4223 1238 4277 de
1267 4222 1356 4276 illo
1390 4235 1551 4290 opere
1580 4228 1762 4273 nostro
1793 4217 1946 4272 video
1979 4217 2105 4286 quid

527 4320 736 4388 possint
778 4317 969 4372 dicere
996 4315 1134 4370 illius
1175 4323 1280 4368 tam
1313 4313 1465 4367 malae
1497 4326 1670 4367 causa:
1699 4311 2106 4380 pertinacissimi

529 4407 839 4463 defensores
865 4425 878 4460 :
902 4420 988 4460 me
1029 4405 1277 4459 videlicet
1314 4403 1549 4458 absentis
1591 4402 1842 4474 Epistola:
1880 4417 2106 4472 respon-

529 4499 674 4554 disse
695 4540 710 4563 ,
742 4497 832 4551 ubi
858 4495 1018 4552 verba
1049 4511 1163 4550 mea
1196 4495 1284 4548 ille
1315 4509 1419 4548 non
1451 4494 1686 4558 audiret,
1713 4491 1906 4561 quibus
1932 4492 2106 4547 conti-

530 4607 640 4646 nuo
669 4588 1034 4658 responderet.
1068 4585 1325 4642 Defendet
1350 4601 1478 4654 ergo
1505 4584 1664 4639 verba
1693 4583 1944 4652 Epistolis:
1975 4597 2106 4646 sum,

535 4689 610 4743 et,
647 4680 692 4734 si
724 4687 932 4749 potest,
973 4677 1220 4732 ostendat
1257 4675 1692 4744 responsionibus
1732 4675 1866 4729 meis
1905 4688 2008 4726 non
2045 4688 2108 4728 ea

534 4769 696 4824 fuisse
726 4770 948 4824 refutata
990 4779 1149 4838 atque
1177 4765 1438 4820 convicta.
1482 4767 1585 4818 Aut
1614 4765 1657 4819 si
1694 4764 1794 4819 hoc
1822 4778 1927 4818 non
1956 4763 2106 4828 vult,

534 4863 692 4917 faciat
716 4870 770 4916 et
794 4862 907 4932 ipse
935 4861 1056 4915 huic
1082 4859 1333 4928 Epistolse
1359 4872 1511 4920 meai,
1537 4857 1677 4927 quod
1703 4872 1801 4927 ego
1828 4857 1898 4910 illi
1923 4856 2108 4926 ipsius,

531 4955 616 5009 cui
641 4954 750 5024 jam
781 4951 1051 5024 respondi.
1084 4951 1230 5005 Illam
1257 4950 1449 5020 quippe
1474 4948 1684 5016 scripsit
1708 4947 1773 5002 ad
1800 4961 1943 5011 suos,
1975 4947 2112 5000 sicut

530 5060 631 5116 ego
660 5046 794 5099 hanc
823 5043 889 5099 ad
919 5057 1012 5097 vos
1037 5060 1050 5096 :
1073 5042 1157 5097 cui
1187 5042 1230 5094 si
1260 5041 1383 5095 velit
1406 5040 1566 5094 etiam
1597 5039 1710 5110 ipse
1737 5038 2070 5109 reSpondeat.

601 5134 826 5191 CAPUT
868 5134 930 5188 ll.
952 5163 1024 5175 --
1041 5133 1096 5186 2.
1119 5132 1353 5199 Quaestio
1379 5140 1525 5186 certe
1549 5132 1685 5185 inter
1708 5144 1804 5184 nos
1831 5140 2072 5185 versatur
2093 5171 2109 5195 ,

531 5225 632 5283 Ubi
662 5226 730 5280 sit
758 5223 1027 5291 Ecclesia;
1053 5233 1228 5279 utrum
1254 5222 1392 5293 apud
1418 5236 1536 5288 nos,
1563 5236 1628 5275 an
1654 5219 1791 5289 apud
1817 5221 1954 5274 illos.
1983 5220 2112 5288 Qum

535 5321 713 5390 utique
742 5331 848 5373 una
873 5324 993 5384 est,
1022 5331 1181 5387 quam
1206 5314 1435 5384 majores
1463 5313 1632 5368 nostri
1657 5311 1980 5368 Catholicam
2009 5325 2108 5366 no-

2209 1856 2478 1909 minarunt
2506 1897 2518 1917 ,
2555 1865 2612 1909 ut
2648 1871 2711 1910 ex
2745 1858 2858 1926 ipso
2889 1859 3103 1913 nomine
3132 1861 3514 1924 ostenderent,
3547 1863 3665 1931 quia
3693 1877 3776 1929 per

2210 1957 2376 2002 totum
2408 1959 2507 2002 ρει.
2537 1949 2838 2003 Secundum
2869 1961 3033 2005 totum
3062 1954 3224 2018 enim,
3255 1954 3357 2007 καθ’
3379 1955 3486 2011 ὅ).ον
3510 1969 3682 2023 grmcc
3709 1954 3779 2006 di-

2206 2037 2362 2092 citur.
2411 2039 2739 2092 [lare-autem
2780 2040 3014 2096 Ecclesia
3047 2058 3239 2112 corpus
3277 2043 3473 2099 Christi
3503 2054 3586 2098 est
3609 2087 3622 2105 ,
3655 2044 3778 2098 sicut

2206 2128 2495 2196 Apostolus
2536 2129 2662 2184 dicit
2693 2148 2706 2184 :
2741 2129 2845 2185 Pro
2883 2149 3094 2202 corpore
3129 2135 3258 2202 ejus,
3300 2150 3412 2202 quis
3445 2146 3516 2187 est
3567 2136 3780 2188 Ecclesia

2207 2215 2424 2289 (Coloss.
2451 2233 2490 2283 ι,
2517 2218 2630 2289 24).
2661 2219 2811 2274 Unde
2839 2223 3018 2290 utique
3046 2223 3381 2277 manifestum
3413 2234 3513 2287 est,
3550 2241 3669 2279 eum
3698 2227 3776 2295 qni

2206 2323 2311 2362 non
2342 2319 2423 2364 est
2451 2310 2503 2363 in
2535 2310 2789 2365 membris
2813 2311 3032 2377 Christi,
3063 2313 3405 2367 christiauam
3432 2315 3661 2370 salutem
3690 2315 3780 2368 ha-

2206 2400 2333 2455 bere
2363 2417 2468 2456 non
2492 2417 2665 2470 posse.
2691 2403 2923 2458 Membra
2946 2420 3072 2459 vero
3093 2403 3287 2460 Christi
3313 2421 3406 2474 per
3426 2406 3644 2461 unitatis
3664 2407 3782 2460 cha-

2205 2494 2417 2550 ritatem
2458 2496 2558 2550 sibi
2596 2497 2949 2566 copulantur,
2993 2505 3048 2552 et
3087 2512 3180 2565 per
3218 2498 3462 2552 eamdem
3503 2500 3662 2567 capiti
3693 2514 3783 2552 suo
3834 2488 3839 2492 ’

2205 2583 2496 2651 cohaerent,
2523 2587 2662 2656 quod
2689 2595 2773 2642 est
2794 2587 3034 2642 Christus
3054 2587 3230 2643 Jesus.
3253 2588 3444 2643 Totum
3468 2589 3629 2659 igitur
3649 2589 3782 2658 quod

2207 2677 2554 2731 annuntiatur
2576 2676 2642 2732 de
2666 2675 2896 2745 Christo,
2920 2689 3078 2748 caput
3098 2689 3149 2732 ct
3169 2694 3362 2748 corpus
3383 2689 3464 2734 est
3488 2698 3500 2732 :
3526 2689 3683 2750 caput
3704 2687 3785 2736 est

2207 2769 2321 2838 ipse
2360 2769 2659 2838 unigenitus
2695 2769 2848 2823 Jesus
2885 2766 3127 2824 Christus
3167 2769 3330 2824 Filius
3370 2771 3462 2826 Dei
3503 2773 3644 2836 vivi,
3685 2773 3790 2841 ipse

2205 2857 2426 2912 salvator
2456 2859 2678 2928 corporis
2704 2857 2915 2929 (Ep/ws.
2951 2873 3014 2925 v,
3041 2858 3132 2926 ‘25)
3154 2903 3166 2921 ,
3197 2861 3285 2929 qui
3311 2871 3538 2914 mortuus
3567 2871 3639 2916 est
3669 2878 3788 2929 pro-

2207 2959 2317 3020 pter
2339 2947 2520 3003 delicta
2546 2958 2715 3003 nostra
2739 2989 2754 3015 ,
2781 2959 2830 3003 et
2856 2953 3125 3004 resurrexit
3153 2963 3357 3022 propter
3371 2953 3793 3022 justi/irationem

2206 3047 2425 3092 nostram
2460 3037 2631 3108 (Rom.
2659 3053 2714 3093 Iv
2737 3081 2751 3103 ,
2776 3039 2867 3109 25)
2899 3055 3130 3110 :corpus
3157 3042 3272 3110 ejus
3301 3042 3565 3110 Ecclesia,
3596 3043 3665 3098 de
3693 3058 3792 3111 qua

2192 3129 2418 3193 'dicitnr,
2450 3141 2506 3182 ut
2532 3131 2782 3184 exhiberet
2809 3131 2902 3185 sibi
2931 3131 3205 3202 glariosam
3236 3132 3536 3201 Ecclesiam,
3570 3152 3676 3189 non
3706 3135 3798 3189 hac

2206 3220 2398 3273 bentem
2442 3221 2713 3284 uinculum,
2758 3231 2844 3275 aut
2890 3239 3088 3293 rugam,
3135 3233 3223 3277 aut
3266 3225 3458 3295 aliquid
3497 3224 3798 3297 hujusmodi

2212 3311 2424 3381 (ΕρΙιεε.
2454 3328 2504 3375 v,
2533 3312 2649 3382 27).
2682 3312 2822 3368 Inter
2845 3328 2944 3369 nos
2968 3323 3143 3369 autem
3170 3323 3224 3370 et
3246 3316 3545 3370 Denatistas
3571 3317 3801 3386 quaestio

2215 3412 2316 3464 est,
2349 3403 2438 3456 ubi
2469 3404 2537 3456 sit
2565 3403 2664 3458 hoc
2692 3418 2906 3472 corpus,
2935 3405 2986 3459 id
3017 3414 3118 3468 est,
3151 3406 3240 3459 ubi
3273 3407 3342 3460 sit
3368 3407 3630 3460 Ecclesia.
3664 3405 3803 3473 Quid

2213 3507 2340 3562 ergo
2366 3493 2552 3546 facturi
2580 3495 2804 3547 sumus?
2829 3495 2879 3546 in
2909 3495 3086 3548 verbis
3113 3495 3308 3548 nostris
3333 3510 3450 3549 eam
3475 3495 3764 3564 qumsituri
3784 3534 3798 3559 ,

2207 3598 2274 3636 an
2307 3584 2359 3638 in
2393 3583 2566 3636 verbis
2595 3583 2781 3651 capitis
2810 3584 2927 3649 sui,
2960 3583 3168 3637 Domini
3200 3585 3366 3637 nostri
3393 3583 3518 3638 Jesn
3551 3584 3808 3640 Christi?

2210 3674 2346 3730 Puto
2389 3673 2530 3744 quod
2573 3675 2622 3727 in
2665 3673 2804 3728 illius
2845 3674 3020 3743 potius
3047 3673 3222 3728 verbis
3257 3689 3375 3728 eam
3413 3689 3674 3743 quaerere
3714 3676 3806 3731 de.

2210 3767 2417 3830 bemus,
2447 3766 2534 3836 qui
2565 3767 2761 3821 veritas
2787 3777 2889 3832 est,
2917 3775 2970 3820 et
2998 3765 3196 3836 optime
3225 3767 3370 3820 novit
3395 3782 3599 3836 corpus
3626 3786 3808 3824 suum.

2212 3859 2368 3913 Novit
2396 3859 2537 3914 enim
2572 3856 2825 3912 Dominus
2845 3859 2929 3928 qui
2957 3868 3072 3912 sunt
3098 3861 3207 3928 ejus
3235 3858 3302 3929 (ll
3330 3857 3460 3912 Tim.
3493 3875 3556 3925 ιι,
3590 3861 3716 3930 19).

2281 3951 2335 4003 ‘5.
2375 3949 2504 4014 Qua:
2541 3948 2648 4002 sint
2685 3956 2860 4002 autem
2897 3949 3056 4003 verba
3093 3957 3268 4002 nostra
3290 3990 3305 4013 ,
3348 3949 3402 4003 in
3442 3950 3651 4018 quibus
3693 3967 3811 4007 eam

2209 4039 2374 4109 quaari
2404 4054 2510 4092 non
2538 4048 2774 4107 oportet,
2807 4038 3086 4105 advertite,
3114 4048 3168 4094 et
3187 4038 3362 4094 videte
3386 4040 3546 4093 etiam
3581 4041 3658 4095 ibi
3687 4041 3811 4110 quid

2212 4129 2420 4185 intersit
2456 4133 2595 4185 inter
2628 4140 2808 4186 nostra
2849 4131 3008 4186 verba
3044 4141 3098 4186 et
3142 4131 3351 4185 illorum
3383 4149 3396 4185 :
3430 4142 3483 4186 ct
3524 4141 3719 4188 tamen
3763 4135 3814 4188 in

2211 4221 2389 4276 verbis
2431 4222 2630 4278 nostris
2677 4223 2968 4277 Ecclesiam
3008 4221 3171 4290 qumri
3213 4222 3482 4278 nolumus.
3531 4223 3814 4293 Quidquid

2212 4312 2364 4367 nobis
2395 4313 2620 4368 invicem
2649 4312 2948 4382 obiicimus,
2982 4312 3048 4365 de
3079 4312 3360 4367 traditione
3385 4313 3644 4369 codicum
3677 4316 3817 4370 divi-

2211 4419 2400 4459 norum
2421 4445 2435 4470 ,
2467 4404 2534 4458 de
2565 4403 2987 4468 thuriﬁcatione,
3018 4403 3085 4458 de
3119 4406 3617 4473 persecutionibus,
3649 4409 3817 4462 verba

2213 4503 2392 4548 nostra
2428 4503 2572 4548 sunt.
2615 4493 2681 4547 Et
2711 4493 2763 4547 in
2797 4494 2986 4548 talibus
3014 4494 3226 4563 quidem
3257 4510 3354 4549 nos
3381 4495 3524 4550 hunc
3558 4507 3820 4553 tenemus

2214 4583 2460 4646 modum,
2503 4593 2559 4638 ut
2595 4585 2678 4638 vel
2717 4595 2939 4653 utraque
2975 4599 3094 4640 vera
3135 4601 3255 4641 esse
3290 4586 3662 4656 deputentur.
3707 4589 3821 4642 sive

2212 4691 2331 4745 quze
2360 4691 2387 4728 a
2426 4675 2598 4740 nobis,
2627 4676 2739 4730 sive
2764 4690 2883 4746 quas
2909 4675 2976 4729 ab
3003 4675 3128 4745 ipsis
3158 4675 3425 4742 dicuntur,
3458 4679 3550 4732 vel
3583 4688 3824 4749 utraque

2214 4766 2367 4831 falsa,
2397 4767 2478 4822 vel
2508 4777 2685 4820 nostra
2715 4782 2836 4821 vera
2867 4776 2923 4822 et
2950 4782 3044 4821 sua
3075 4767 3226 4832 falsa,
3261 4769 3343 4824 vel
3376 4779 3566 4824 nostra
3600 4771 3740 4827 falsa
3770 4782 3822 4826 et

2215 4873 2307 4913 sua
2334 4875 2478 4914 vera.
2507 4858 2575 4912 Et
2601 4859 2651 4912 in
2679 4859 2762 4914 bis
2787 4860 3034 4914 omnibus
3056 4861 3259 4915 nullum
3280 4863 3481 4917 crimen
3511 4879 3648 4920 esse
3673 4865 3826 4920 orbis

2215 4949 2526 5015 christiani,
2573 4951 2654 5004 cui
2696 4965 2794 5003 nos
2830 4952 3286 5006 communicamus
3309 4991 3326 5018 ,
3357 4955 3737 5011 ostendimus.
3768 4957 3826 5012 Si

2216 5042 2356 5097 enim
2383 5056 2502 5096 vera
2530 5049 2652 5095 sunt
2677 5042 2896 5095 crimina
2924 5051 2976 5096 et
3001 5058 3120 5111 qua:
3146 5058 3173 5095 a
3202 5043 3354 5097 nobis
3380 5042 3430 5097 in
3456 5045 3587 5100 illos
3616 5054 3677 5102 et
3702 5061 3825 5116 quae

2217 5134 2284 5187 ab
2310 5133 2439 5202 ipsis
2472 5133 2522 5186 in
2545 5146 2642 5186 nos
2660 5131 2927 5197 dicuntur,
2951 5132 3205 5187 faciamus
3227 5133 3366 5203 quod
3388 5134 3462 5187 ait
3485 5137 3827 5205 Apostolus.

2219 5223 2477 5276 Donantes
2497 5221 2881 5294 nobismetipsis,
2908 5223 3036 5277 sicut
3055 5232 3101 5276 et
3121 5222 3260 5278 Deus
3286 5224 3337 5276 in
3362 5223 3578 5280 Christo
3607 5227 3831 5281 donavit

2219 5313 2362 5367 nobis
2391 5311 2606 5385 (Ephes.
2650 5328 2738 5379 Iv,
2778 5313 2872 5382 32)
2913 5332 2926 5368 :
2964 5322 3021 5369 ut
3048 5315 3262 5385 maligni
3299 5315 3578 5382 homines.
3615 5334 3728 5375 nec
3755 5320 3832 5373 illi

1698 5418 1982 5459 ADIONITIO
2017 5419 2098 5457 PP.
2139 5418 2616 5459 BENEDICTINORUI.

589 5505 731 5572 Uber
748 5503 817 5556 de
839 5503 1028 5572 Unitate
1059 5499 1296 5572 Ecclesia
1325 5501 1589 5572 castigatus
1622 5496 1751 5572 olim.
1777 5510 1864 5558 per
1885 5495 2946 5572 ittovanieqsesescollatione‘tgndovieasis
2974 5499 3301 5562 manusaipti,
3337 5506 3390 5548 et
3417 5510 3558 5548 nunc
3598 5515 3700 5564 per
3742 5515 3838 5553 nos

533 5566 825 5616 emendatus
847 5571 924 5614 est
943 5563 1109 5612 denuo
1131 5575 1194 5612 ex
1221 5563 1406 5610 veteris
1427 5556 1605 5610 codicis
1635 5556 1962 5614 Floriacensis,
1996 5570 2052 5606 ac
2077 5556 2340 5607 editionum
2367 5567 2461 5606 Am.
2482 5564 2554 5606 Er.
2575 5565 2628 5607 et
2649 5565 2757 5607 Lov.
2784 5558 3012 5608 lectione.

614 5649 1123 5724 Comparavimus
1150 5653 1451 5725 prwterea
1477 5662 1574 5703 eas
1607 5659 1806 5702 omnes
1836 5639 2136 5700 editiones
2160 5638 2346 5700 initio
2377 5640 2544 5699 Retr.
2568 5645 2624 5697 et
2641 5638 2954 5713 Confess.,
2977 5649 3121 5703 tom.
3151 5643 3208 5716 1,
3236 5647 3648 5703 memoratas.
3697 5643 3789 5707 ll.
