4066 6200
309 315 426 370 393

309 423 406 490 qui
439 423 578 478 forte
608 423 820 478 luerunt
849 426 928 480 vel
956 435 1080 482 sntit
1106 427 1242 495 apud
1272 441 1369 480 nos
1391 466 1405 492 ,
1434 443 1532 481 nec
1554 429 1641 498 qui
1674 429 1754 484 vel
1785 430 1900 484 fue-

607 313 879 370 CONTRA
937 309 1351 372 DONATSSTAS
1403 316 1754 385 EPISTULA,
1799 333 1966 374 veroo
2009 321 2091 373 lli;
2152 321 2446 381 UNITATE
2489 327 2838 387 ISCCLESl/E
2873 332 3071 392 LIBER
3115 337 3310 396 UNUS.

3493 345 3598 401 39’s

2016 446 2236 500 nerent;
2269 439 2504 494 restabat
2532 444 2711 512 utique
2744 455 2801 498 ut
2827 449 3060 518 episcopi
3086 454 3422 510 transmarini
3444 497 3459 522 ,
3489 475 3590 529 qua

315 524 448 567 runt
481 514 566 568 vel
609 524 733 568 sunt
773 514 911 586 apud
953 516 1092 579 illos,
1126 517 1414 586 impediant
1440 519 1782 574 concordiam
1813 537 1906 574 110-
1948 554 1980 588 ο
2014 538 2134 590 pars
2181 525 2412 582 maxima
2455 514 3137 596 diliuudebatur—Ecclesize
3174 514 3478 615 catholicas,
3507 514 3598 603 'tle

304 612 483 657 stram
509 613 565 659 et
592 603 857 660 vinculum
885 607 1050 675 pacis,
1080 622 1186 661 uno
1208 623 1390 662 eorum
1416 609 1617 665 scelere
1639 621 1901 676 correcto,

307 695 459 764 quod
489 711 547 750 se
583 695 780 751 frustra
817 707 1200 768 separaverunt
1226 700 1294 755 ab
1324 701 1524 756 unitate
1561 702 1709 758 orbis
1734 711 1906 758 terra-

306 803 459 851 rum,
483 801 605 842 eum
631 790 761 844 tales
784 789 1060 845 haberent.
1085 790 1140 846 Si
1163 800 1340 846 autem
1363 801 1583 866 utraque
1606 792 1736 846 falsa
1755 802 1902 861 sunt,

306 879 427 932 sive
458 895 575 948 qua:
607 893 704 933 nos
735 881 856 941 illis,
889 880 1000 936 sive
1024 896 1144 951 qua:
1171 881 1243 935 illi
1269 883 1424 938 nobis
1450 883 1811 952 objiciuntch
1836 883 1904 940 de

308 968 600 1022 traditione
620 1009 635 1033 ,
669 969 750 1023 vel
781 968 848 1024 de
883 970 1250 1040 persecutione
1277 971 1673 1038 innocentium;
1705 974 1899 1028 nullam

308 1059 474 1113 video
503 1060 610 1114 litis
637 1075 870 1126 causam,
903 1061 1002 1116 niSI
1030 1063 1152 1133 quia
1182 1072 1444 1118 estcausa
1473 1073 1528 1118 ut
1553 1065 1628 1118 illi
1654 1078 1713 1120 se
1735 1065 1905 1125 corti-

259 1193 264 1198 .
301 1161 452 1220 gant,
485 1153 573 1222 qui
600 1165 659 1205 se
685 1152 800 1207 sine
824 1167 983 1207 causa
1010 1163 1408 1222 separaverunt.
1437 1154 1589 1220 Quod
1615 1154 1658 1208 si
1687 1168 1786 1210 nos
1812 1171 1899 1210 ve-

303 1257 371 1296 ra
396 1243 644 1309 dicimus,
675 1245 922 1316 quoniam
949 1245 1106 1300 Gesta
1134 1263 1251 1316 qua:
1277 1246 1613 1314 proferimus,
1636 1256 1690 1302 et
1712 1248 1901 1302 litteris

305 1331 651 1402 Imperatoris
673 1335 738 1388 ad
761 1343 915 1405 quem
943 1345 1141 1392 tuncet
1164 1339 1334 1406 primo
1353 1339 1747 1408 scripseruntet
1766 1349 1902 1410 post-

303 1427 527 1480 modum
572 1429 1012 1497 appcllaverunt,
1054 1439 1107 1484 et
1150 1431 1309 1484 totius
1348 1431 1492 1485 orbis
1526 1433 1898 1487 communione

303 1519 620 1584 ﬁrmamus;
652 1535 770 1589 qum
798 1530 975 1574 autem
1003 1520 1303 1586 illi,dicunt,
1334 1521 1453 1576 ideo
1479 1521 1608 1576 falsa
1635 1537 1753 1576 esse
1777 1537 1899 1577 con-

245 1618 252 1624 ‘
302 1609 615 1674 vincuntur,
642 1611 762 1679 quia
788 1611 914 1680 ipsis
942 1611 1286 1680 temporibus,
1316 1627 1437 1665 cum
1463 1612 1648 1667 eadem
1673 1616 1896 1682 quatstio

303 1711 635 1767 versaretur,
661 1699 904 1755 obtinere
923 1716 1135 1755 causam
1162 1716 1311 1756 suam
1335 1702 1553 1758 minimc
1575 1713 1890 1772 potuerunt:

303 1792 477 1860 major
520 1791 577 1846 in
609 1793 686 1847 eis
725 1802 944 1862 apparet
984 1793 1255 1864 sacrilega:
1284 1794 1637 1850 animositatis
1667 1795 1812 1850 furor
1839 1805 1894 1851 et

299 1883 606 1938 animarum
633 1883 996 1939 innocentium
1023 1886 1344 1953 persecutio,
1370 1900 1529 1961 quam
1551 1887 1600 1946 si
1618 1887 1735 1946 solo
1753 1885 1895 1946 schi-

300 1975 489 2029 smatis
529 1975 754 2030 crimine
796 1983 1119 2032 tenerentur.
1155 1976 1222 2034 Et
1261 1978 1350 2035 illa
1379 1980 1591 2050 quidem
1621 1981 1887 2049 tribuant,

301 2081 409 2120 non
441 2066 711 2137 omnibus,
739 2065 836 2126 sed
862 2070 1054 2141 quibus
1085 2070 1352 2126 voluerint
1375 2087 1630 2138 suorum,
1661 2071 1889 2127 schisma

301 2169 482 2216 tamen
511 2161 716 2216 crimen
741 2165 825 2215 est
854 2161 1112 2215 omnium.
1144 2161 1312 2216 Porro
1337 2162 1379 2217 si
1405 2162 1628 2216 crimina
1653 2162 1891 2218 traditio-

300 2254 388 2308 nis
418 2264 472 2309 et
505 2255 888 2323 persecutionis
929 2269 1053 2308 vera
1097 2254 1280 2308 volunt
1307 2269 1426 2309 esse
1453 2269 1572 2323 qua:
1595 2255 1881 2324 objiciunt,

295 2355 356 2400 et
384 2345 514 2400 falsa
543 2361 662 2414 qum
691 2344 1013 2414 objiciuntur
1037 2360 1066 2399 a
1099 2346 1251 2399 nobis
1274 2387 1288 2409 ,
1315 2361 1417 2400 nec
1443 2346 1521 2400 sic
1546 2356 1834 2417 purgantur
1857 2364 1885 2401 a

293 2435 524 2492 crimine
547 2435 870 2491 schismatis.
895 2435 978 2491 Ad
1001 2436 1258 2505 quosdam
1282 2436 1477 2506 quippe
1503 2437 1590 2491 illa
1619 2438 1885 2507 pertinere

294 2521 548 2598 possunt,
575 2542 678 2582 non
701 2526 768 2582 ad
794 2527 1098 2582 universum
1119 2527 1304 2582 orbem
1325 2527 1694 2583 christianum.
1715 2529 1884 2597 Quem

291 2617 342 2673 si
361 2618 680 2687 contagione
703 2617 903 2687 perisse
919 2618 1276 2684 arbitrantur;
1299 2619 1485 2673 omitto
1506 2618 1703 2682 dicere,
1725 2635 1883 2690 quam

294 2710 459 2764 multa
491 2709 661 2762 sancti
695 2710 835 2764 bono
862 2710 1007 2779 pacis
1033 2709 1193 2764 etiam
1219 2707 1428 2778 cognita
1457 2708 1597 2763 mala
1623 2709 1677 2764 in
1706 2708 1882 2764 homi-

294 2816 422 2855 num
445 2801 862 2870 congregatione
884 2799 1225 2856 toleravcrint
1248 2816 1262 2852 :
1287 2799 1414 2854 illud
1436 2799 1575 2866 dico,
1599 2800 1686 2856 isti
1706 2810 1882 2856 osten-

293 2891 439 2956 dant,
467 2891 740 2962 quomodo
763 2906 948 2947 eorum
975 2893 1291 2963 contagione
1313 2907 1420 2946 non
1448 2892 1725 2962 perierint,
1749 2908 1880 2962 quos

293 2985 583 3054 sacrilegos
613 2985 961 3040 incestatores
990 2995 1318 3042 consecratae
1356 2985 1624 3055 pudicitia:
1661 2985 1880 3042 femina-

293 3091 408 3130 rum
435 3075 576 3130 inter
601 3090 660 3130 se
687 3075 854 3132 latere
878 3076 962 3131 vel
993 3075 1208 3131 latuisse
1232 3117 1247 3142 ,
1290 3077 1370 3130 vel
1400 3075 1560 3130 modo
1589 3076 1833 3132 nesciunt
1859 3118 1873 3142 ,

294 3167 374 3223 vel
411 3167 701 3238 aliquando
737 3169 1063 3223 nescierunt.
1096 3167 1340 3223 Profecto
1366 3168 1556 3222 dicturi
1583 3178 1745 3236 sunt,
1777 3171 1878 3226 hoc

291 3263 406 3331 ipso
435 3278 498 3318 se
529 3278 634 3316 non
662 3261 1050 3316 contaminatos
1076 3260 1217 3330 quod
1248 3261 1572 3315 nescierunt.
1599 3260 1876 3328 Quomodo

290 3367 416 3422 ergo
443 3351 836 3406 contaminatus
863 3360 947 3406 est
972 3350 1138 3415 orbis,
1171 3349 1258 3418 qui
1290 3349 1459 3404 nescit
1485 3350 1658 3404 adhuc
1684 3363 1751 3404 an
1782 3366 1876 3406 ve-

289 3461 346 3499 ra
378 3446 486 3499 sint
515 3446 612 3498 ista
644 3461 760 3514 qua:
787 3442 1078 3498 dicuntur?
1109 3442 1359 3497 Putemus
1389 3441 1540 3496 nobis
1569 3442 1729 3497 modo
1756 3457 1876 3512 pro-

288 3535 406 3590 bata
431 3577 446 3599 ,
481 3535 641 3590 modo
667 3535 1034 3590 demonstrata
1063 3551 1076 3588 :
1103 3533 1227 3603 quid
1257 3533 1464 3604 agimus
1499 3534 1566 3590 de
1602 3543 1680 3589 tot
1704 3536 1847 3604 genti

290 3625 430 3680 bus?
473 3626 798 3680 Deseruntur
836 3625 1156 3687 nescientes,
1201 3639 1328 3695 ergo
1368 3624 1686 3679 deseruntur
1718 3625 1872 3682 inno-

287 3727 471 3771 centes
496 3734 510 3769 :
537 3724 593 3770 et
619 3731 739 3770 cum
779 3715 907 3769 illud
935 3715 1003 3769 sit
1030 3715 1232 3769 nullum
1269 3715 1470 3769 crimen
1502 3715 1738 3781 illorum,
1773 3716 1874 3770 hoc

287 3822 408 3862 esse
457 3807 642 3876 incipit
693 3806 1158 3861 sceleratissimum
1213 3816 1472 3860 nostrum.
1522 3807 1604 3860 An
1656 3821 1873 3862 currere

287 3900 632 3964 debenuts,et
659 3914 752 3954 eos
778 3899 972 3954 docere
1002 3897 1142 3968 quod
1173 3899 1370 3953 scimus
1390 3898 1413 3950 ?
1433 3897 1623 3968 thuid
1651 3898 1789 3954 hoc?
1815 3899 1872 3956 Si

289 3999 344 4045 nt
385 3992 700 4045 innocentes
743 3991 880 4054 sint;
914 3991 1227 4045 innocentes
1265 3997 1389 4043 sunt
1423 3990 1581 4045 etiam
1617 3989 1742 4044 dum
1775 4007 1869 4046 ne-

285 4083 477 4136 sciunt.
525 4081 640 4136 Non
682 4081 823 4136 enim
861 4079 1138 4135 malefacta
1181 4079 1454 4134 hominum
1483 4080 1869 4150 cognoscendo,

287 4174 379 4228 sed
416 4172 642 4242 cognitis
681 4187 786 4226 non
825 4171 1238 4236 consentiendo,
1277 4170 1346 4226 de
1381 4171 1658 4240 incognitis
1688 4183 1869 4228 autem

288 4279 392 4318 non
425 4274 627 4318 temere
659 4263 949 4332 judicando
973 4306 986 4328 ,
1029 4263 1384 4318 innocentiam
1414 4262 1760 4327 custodimus.
1793 4267 1872 4317 Ac

289 4373 382 4427 per
423 4356 524 4410 hoc
548 4397 562 4418 ,
602 4365 660 4410 ut
690 4355 795 4409 dixi
821 4395 836 4421 ,
870 4355 1125 4410 innocens
1155 4365 1236 4408 est
1264 4353 1408 4408 orbis
1439 4365 1700 4408 terrarum
1724 4395 1740 4419 ,
1778 4357 1868 4424 qui

287 4447 507 4501 crimina
546 4461 669 4516 qutc
705 4448 772 4499 ab
816 4445 930 4500 istis
966 4446 1018 4500 in
1059 4445 1318 4515 quosdam
1349 4445 1629 4510 dicuntur,
1658 4446 1866 4502 etiamsi

288 4555 412 4594 vera
450 4540 733 4605 dicuntur,
776 4540 1000 4608 ignorat.
1041 4539 1124 4593 Ab
1163 4537 1244 4593 his
1283 4547 1456 4593 autem
1500 4539 1869 4596 innocentibus

287 4631 376 4700 qtti
405 4645 462 4683 se
491 4631 634 4699 ipsos
661 4639 1070 4699 separaverunt,
1103 4629 1290 4688 eodem
1321 4628 1435 4698 ipso
1461 4631 1686 4685 crimine
1710 4645 1865 4700 sepa-

291 4722 508 4775 ratiouis
549 4733 605 4776 et
648 4720 951 4777 schismatis
1001 4721 1356 4775 innocentiam
1402 4720 1786 4788 perdiderunt:
1815 4730 1871 4777 et

291 4814 448 4866 modo
465 4828 562 4868 nos
579 4811 794 4877 docent,
815 4827 937 4867 vera
965 4826 1024 4867 se
1053 4811 1230 4867 dicere
1249 4811 1300 4865 in
1323 4810 1600 4880 quosdam,
1618 4821 1676 4866 ut
1703 4813 1770 4867 ab
1791 4815 1870 4869 eis

289 4919 388 4959 nos
407 4913 657 4974 separent
675 4905 727 4958 in
751 4918 886 4973 quos
908 4919 1010 4957 nou
1036 4902 1232 4956 habent
1251 4917 1374 4957 vera
1397 4917 1513 4972 qua:
1529 4902 1738 4957 dicant‘
1767 4903 1864 4974 ((1).

357 5000 411 5051 4.
454 4998 564 5052 1100
591 4997 731 5052 enim
749 4997 827 5051 eis
853 4995 979 5050 dicit
1006 4993 1150 5048 orbis
1177 5005 1462 5064 terrarum,
1485 4993 1625 5062 quod
1652 4995 1866 5064 quidem

287 5107 533 5143 sermone
563 5090 930 5145 brevissimum
961 5097 1063 5150 est,
1095 5087 1188 5142 sed
1222 5086 1645 5140 robustissimum
1671 5087 1866 5140 verita-

287 5193 356 5236 te.
391 5182 499 5235 ΑΜ
531 5197 721 5250 nempe
742 5181 879 5235 inter
901 5195 959 5234 se
979 5179 1213 5247 episcopi
1244 5176 1590 5247 conﬂigebant
1613 5194 1625 5230 :
1646 5180 1691 5232 si
1721 5177 1869 5233 linire

286 5275 424 5326 inter
447 5289 504 5327 se
529 5273 770 5328 obortam
802 5271 1188 5326 dissensionem
1215 5285 1318 5324 non
1347 5279 1589 5340 pateram
1614 5313 1627 5337 ,
1656 5281 1715 5326 ut
1757 5272 1868 5326 sive

287 5382 382 5433 per
408 5365 748 5420 concordiam
773 5365 1080 5436 compositis
1099 5404 1114 5430 ,
1146 5365 1258 5419 sive
1281 5362 1580 5438 degradatis
1611 5365 1697 5434 qui
1735 5366 1870 5419 male

285 5457 692 5521 contenderent,
717 5453 768 5510 hi
795 5457 883 5527 qui
907 5457 1098 5510 bonam
1121 5470 1332 5511 causam
1363 5453 1628 5509 habebant
1651 5455 1702 5510 in
1722 5470 1869 5511 com-

293 5547 545 5600 munione
566 5546 709 5600 orbis
737 5555 998 5601 terrarum
1023 5562 1115 5616 per
1135 5545 1350 5600 unitatis
1372 5545 1635 5599 vinculum
1664 5560 1868 5614 perma-

350 5658 368 5685 ⁸
403 5655 538 5715 Editl,
568 5656 747 5706 dicunt
772 5657 940 5707 Melius
969 5657 1278 5706 Floriacensis
1305 5663 1404 5714 315.,
1432 5656 1614 5707 dicunt.

310 5716 530 5826 ,(ιέιςίο,
555 5728 722 5766 contra
743 5721 943 5768 Litteras
965 5719 1197 5774 Petiliani,
1227 5717 1310 5767 lib.
1339 5719 1390 5776 1,
1411 5731 1547 5780 capp.
1575 5717 1652 5776 2i,
1677 5717 1752 5777 9.2,
1782 5731 1863 5766 nn.

311 5787 357 5826 ο.
452 5790 467 5826 :
492 5785 544 5826 et
562 5777 646 5826 lib.
671 5781 718 5826 ’5.
735 5789 879 5826 ‘cann.
902 5780 982 5826 58.
999 5781 1077 5826 59.
1103 5793 1180 5826 ttn.
1208 5781 1287 5826 70.
1310 5781 1384 5826 7l.

277 5771 467 5839 23,14;
492 5771 544 5827 et
562 5777 646 5842 lib.
671 5781 718 5838 ’5,
735 5789 879 5842 ‘capp.
902 5780 982 5839 58,
999 5781 1077 5835 59,
1103 5771 1287 5839 1111⁷70,
1310 5771 1384 5827 71.

562 5841 843 5907 ΡΑτιιοῐ..
879 5849 1096 5912 XLIII.

2011 615 2260 672 Afrorum
2307 619 2630 692 collegarum
2671 626 3093 688 dissensionibus
3131 634 3463 706 judicarent,
3493 642 3596 696 illis
3664 653 3670 660 '

2010 706 2256 764 videlicet
2293 711 2610 770 instantibus
2637 720 2651 749 ³
2681 721 2771 788 qui
2815 722 3014 778 crimen
3047 727 3199 782 malm
3239 729 3595 789 ordinationis

2009 797 2124 853 aliis
2153 798 2496 870 objiciebant.
2528 806 2638 862 Hoc
2660 810 2704 863 si
2732 809 2928 868 factum
2953 831 3056 870 non
3083 827 3185 885 est,
3213 820 3366 890 culpa
3403 837 3588 882 eorum

2007 907 2091 994 est
2114 915 2142 954 a
2173 902 2365 971 quibus
2392 905 2508 960 ﬁeri
2537 908 2737 975 debuit,
2762 927 2866 968 non
2892 914 3038 970 orbis
3059 925 3340 991 terrarum,
3366 927 3456 994 qui
3482 941 3588 980 non

2006 989 2072 1044 ad
2099 1007 2158 1046 se
2189 995 2386 1062 perlata
2409 999 2648 1054 nescivit.
2675 1000 2729 1056 Si
2757 1014 2932 1059 autem
2959 1005 3156 1062 factum
3183 1021 3286 1079 est,
3316 989 3440 1084 quid
3465 1031 3588 1085 pec-

2005 1093 2260 1138 caverunt
2300 1087 2642 1145 ecclesiastici
2683 1092 2926 1162 judices,
2972 1097 3062 1168 qui
3109 1101 3328 1158 crimina
3378 1106 3586 1161 etiamsi

2004 1185 2127 1226 vera
2150 1185 2202 1228 et
2224 1175 2292 1230 ad
2319 1191 2378 1232 se
2393 1179 2584 1247 delata,
2609 1182 2709 1238 sibi
2736 1191 2912 1241 tamen
2936 1202 3042 1246 non
3069 1193 3309 1261 probata,
3333 1195 3589 1253 damnare

2005 1264 2148 1318 nullo
2176 1268 2334 1322 modo
2355 1269 2654 1328 debebant?
2678 1274 2944 1350 Numquid
2974 1299 3066 1338 eos
3092 1285 3218 1340 mali
3240 1287 3477 1356 polluere
3500 1277 3587 1359 po-

2003 1361 2204 1422 terant,
2231 1361 2320 1428 qui
2360 1362 2439 1416 eis
2479 1364 2808 1426 manifestari
2851 1388 2954 1428 non
3003 1378 3286 1444 poterant?
3322 1376 3379 1432 Si
3408 1390 3586 1435 autem

2001 1446 2320 1504 tnanifestati
2348 1461 2474 1508 sunt
2497 1453 2596 1525 cis,
2629 1471 2683 1514 et
2708 1460 2884 1531 aliqua
2915 1465 2998 1518 vel
3034 1466 3257 1534 segnitia
3288 1468 3367 1521 vel
3405 1473 3584 1522 conni-

2000 1538 2174 1593 ventia
2196 1541 2216 1571 ²
2247 1542 2378 1599 tales
2403 1557 2436 1602 a
2464 1553 2838 1608 communione
2875 1571 3151 1613 removere
3181 1558 3498 1626 noluerunt,
3529 1571 3586 1616 et

1999 1641 2252 1696 perverso
2274 1631 2476 1706 judicio
2521 1652 2617 1710 pro
2660 1642 2738 1696 eis
2776 1644 2935 1698 etiam
2966 1645 3211 1701 dixerunt
3248 1652 3578 1705 sententias:

1996 1717 2123 1790 quid
2150 1728 2389 1794 peccavit
2411 1728 2558 1784 orbis
2585 1739 2866 1802 terrarum,
2890 1737 2978 1806 qui
3007 1752 3220 1793 causam
3248 1741 3388 1795 illam
3412 1743 3584 1798 malos

1991 1808 2202 1878 indices
2227 1815 2472 1876 habuisse
2501 1823 2760 1887 nescivit,
2791 1834 2846 1880 et
2885 1839 2978 1882 eos
3004 1830 3143 1883 male
3179 1831 3444 1899 judicasse
3471 1850 3576 1890 non

1993 1903 2220 1958 credidit
2243 1904 2286 1973 ⁸,
2319 1907 2383 1962 de
2409 1911 2600 1979 quibus
2624 1913 2863 1982 judicare
2902 1931 3008 1971 non
3037 1921 3244 1987 potuit?
3265 1921 3411 1977 Sicut
3433 1928 3575 1979 enim

1994 2007 2208 2049 reorum
2235 1997 2429 2065 scelus,
2456 2002 2500 2056 si
2521 2002 2920 2072 judiccs'latuit,
2950 2023 3054 2063 non
3081 2025 3176 2064 eos
3225 2013 3407 2081 utique
3441 2029 3574 2069 con-

1995 2085 2269 2175 tamiuavit
2293 2106 2306 2143 :
2331 2091 2409 2146 sic
2428 2101 2482 2147 et
2504 2094 2740 2162 judicum
2768 2098 2963 2166 scelus,
2993 2100 3037 2154 si
3059 2101 3270 2172 aliquod
3300 2102 3420 2170 fuit,
3449 2107 3572 2175 quia

1992 2174 2174 2229 orbem
2199 2186 2458 2235 terrarum
2482 2183 2653 2250 latuit,
2676 2201 2796 2241 eum
2825 2187 3058 2258 profecto
3078 2194 3439 2248 contaminare
3467 2174 3571 2250 non

1991 2265 2180 2332 potuit.
2222 2269 2313 2324 llis
2348 2271 2507 2342 igitur
2535 2274 2907 2332 innocentibus
2936 2279 3249 2336 innocenter
3278 2288 3572 2339 conuuuni-

1991 2369 2173 2411 cantus
2197 2358 2236 2426 ⁸,
2263 2362 2521 2434 hodieque
2546 2367 2844 2425 nescientes
2859 2387 2977 2441 qua:
3003 2380 3127 2428 tunc
3146 2383 3261 2430 acta
3281 2376 3408 2431 sint.
3431 2378 3573 2446 Qua-

1991 2459 2206 2537 propter
2245 2454 2452 2511 etiamsi
2495 2474 2616 2514 vera
2655 2473 2775 2517 esse
2817 2477 2936 2533 qum
2975 2465 3026 2519 in
3069 2469 3324 2537 quosdam
3352 2468 3567 2535 dicunt,

1991 2535 2147 2594 hodie
2177 2539 2539 2615 didicerimus,
2572 2550 2715 2605 nulla
2751 2566 2908 2609 causa
2939 2563 3020 2610 est
3049 2535 3144 2612 cur
3171 2557 3240 2612 ab
3271 2559 3567 2616 innocenti-

1989 2623 2090 2682 bus
2131 2631 2222 2699 qui
2270 2633 2384 2690 barc
2418 2640 2664 2696 nesciunt
2689 2645 3002 2701 recedamus
3022 2689 3035 2713 ,
3065 2657 3119 2703 et
3149 2658 3477 2708 transeamus
3501 2652 3567 2708 ad

1987 2731 2100 2781 etis,
2124 2721 2211 2790 qui
2238 2735 2517 2795 propterea
2543 2733 2765 2788 crimine
2789 2735 3093 2794 schismatis
3108 2755 3294 2796 omnes
3314 2742 3565 2812 implicati

1987 2818 2146 2876 sunt,
2174 2813 2295 2880 quia
2325 2815 2374 2868 id
2404 2817 2640 2874 iecerunt
2665 2824 2805 2891 quod
2851 2840 2949 2880 nos
2998 2828 3171 2883 facere
3213 2829 3472 2898 suadent,
3508 2844 3566 2886 ut

1986 2913 2091 2953 non
2146 2905 2390 2974 exemplo
2447 2909 2819 2978 Apostolorum
2874 2916 3160 2973 toleremus
3203 2920 3408 2987 malos,
3468 2925 3564 2978 sed

1983 2993 2228 3062 exemplo
2249 2993 2618 3055 hereticorum
2637 3001 2947 3060 deseramus
2967 3007 3152 3062 bonos.
3181 3008 3285 3065 Sed
3311 3011 3564 3066 faciamus

1982 3080 2166 3137 orbein
2197 3094 2478 3155 terrarum,
2507 3094 2647 3162 quod
2678 3094 2795 3150 ﬁeri
2828 3113 2932 3152 non
2957 3108 3159 3168 potest,
3194 3100 3350 3158 hodie
3377 3105 3558 3160 nobis-

1982 3186 2101 3226 cum
2129 3175 2196 3229 ad
2219 3176 2471 3248 liquidum
2497 3197 2652 3251 posse
2670 3198 2992 3255 cognoscere
3021 3203 3143 3245 vera
3170 3207 3289 3248 esse
3310 3204 3563 3263 quorum-

1981 3263 2102 3318 dam
2135 3269 2336 3326 scelera
2359 3314 2374 3337 ,
2404 3289 2538 3343 quos
2567 3275 2653 3331 isti
2678 3278 3026 3335 criminantur
3052 3300 3064 3335 :
3088 3285 3342 3353 numquid
3369 3301 3434 3341 ex
3463 3286 3562 3342 hoc

1982 3354 2318 3445 innocentior
2339 3361 2452 3418 ﬁeri
2473 3369 2687 3435 poterit,
2713 3383 2870 3439 quam
2897 3382 3011 3426 erat
3034 3385 3318 3445 antequam
3345 3381 3560 3433 nosset?
3639 3397 3643 3401 τ

1981 3444 2128 3502 Sicut
2151 3451 2291 3505 enim
2318 3467 2413 3508 eos
2440 3457 2704 3512 maculare
2734 3475 2840 3515 non
2865 3470 3106 3531 poterant
3132 3444 3380 3536 incogniti
3411 3470 3557 3535 mali,

1979 3539 2184 3596 etiamsi
2215 3542 2388 3598 adhuc
2417 3545 2469 3599 in
2498 3546 2594 3602 hac
2621 3549 2723 3604 vita
2749 3561 2962 3618 essent;
3005 3553 3076 3608 ita
3104 3555 3194 3624 qui
3219 3555 3328 3625 jam
3367 3571 3431 3612 ex
3462 3557 3562 3614 Irae

1978 3630 2086 3684 vita
2114 3631 2463 3702 cmigrarunt,
2487 3638 2646 3692 etiam
2670 3641 2864 3711 cogniti
2888 3644 3154 3701 maculare
3183 3659 3287 3700 non
3319 3661 3558 3716 possunt.

1975 3719 2032 3775 Si
2062 3736 2191 3792 ergo
2236 3725 2356 3780 talis
2401 3736 2666 3784 estcausa
2708 3741 2886 3786 nostra
2935 3735 2986 3788 in
3028 3736 3206 3791 verbis
3249 3739 3444 3792 nostris
3490 3741 3560 3794 de

1976 3814 2326 3881 quorumdam
2352 3818 2680 3886 criminibus,
2707 3839 2824 3889 qua:
2844 3825 3062 3880 alternis
3084 3829 3236 3883 nobis
3253 3829 3554 3898 objicinms,

1978 3910 2036 3955 ut
2065 3909 2170 3957 tam
2199 3903 2388 3959 invicta
2409 3906 2498 3973 sit,
2526 3908 2734 3964 etiamsi
2764 3910 2892 3966 falsa
2920 3928 3042 3969 esse
3067 3931 3184 3984 quae
3208 3917 3267 3970 iu
3297 3919 3555 3988 quosdam

1979 3991 2187 4047 illorum
2231 3993 2457 4051 dicimus
2479 4037 2494 4062 ,
2541 4009 2594 4052 et
2624 4015 2748 4054 vera
2783 4015 2902 4057 esse
2928 4017 3048 4072 quae
3091 4005 3143 4060 in
3169 4008 3425 4076 quosdam
3457 4026 3556 4065 no-

1976 4090 2145 4137 strum
2173 4083 2376 4153 dicunt,
2408 4085 2564 4144 hodie
2591 4104 2995 4160 cognoscamus,
3024 4095 3149 4164 quid
3176 4097 3373 4153 habent
3413 4103 3555 4169 quod

1976 4173 2363 4243 respondeant;
2392 4179 2505 4234 sive
2535 4180 2624 4234 illa
2656 4182 2832 4251 potius
2857 4198 2981 4238 vera
3027 4187 3134 4242 sint
3160 4204 3278 4257 quze
3305 4206 3400 4244 nos
3427 4192 3558 4246 dici-

1977 4278 2116 4330 mus,
2143 4273 2196 4355 01
2226 4265 2354 4321 falsa
2379 4284 2496 4338 qua:
2519 4270 2720 4339 dicunt,
2749 4272 2865 4328 sive
2886 4286 3108 4347 utraque
3133 4277 3263 4334 falsa
3289 4280 3414 4347 sint,
3441 4283 3556 4338 sive

1977 4365 2203 4426 utraque
2225 4371 2346 4412 vera
2391 4361 2526 4426 sint;
2567 4363 2991 4435 quandoquidem
3034 4377 3087 4424 et
3133 4371 3231 4440 ipsi
3275 4373 3556 4430 vincuntur

1977 4444 2047 4498 ibi
2071 4487 2084 4510 ,
2114 4446 2256 4515 quod
2285 4449 2453 4502 solum
2486 4451 2619 4505 votis
2646 4455 2892 4510 omnibus
2915 4456 3016 4513 sibi
3045 4467 3102 4513 ut
3137 4461 3406 4529 credatur,
3457 4480 3556 4518 ex-

1976 4537 2196 4603 eptant?

2047 4626 2270 4682 CAPUT
2300 4627 2380 4681 111.
2406 4661 2475 4668 -
2495 4630 2546 4684 5.
2587 4631 2712 4699 Sed,
2740 4645 2793 4688 ut
2814 4635 2992 4693 dicere
3017 4653 3304 4710 coeperam,
3330 4657 3434 4699 non
3452 4661 3555 4701 att--

1975 4711 2222 4783 diamus,
2252 4719 2374 4773 Ihec
2400 4721 2566 4784 dicis,
2614 4723 2726 4780 haec
2763 4726 2919 4791 dico;
2949 4730 3044 4784 sed
3083 4732 3394 4801 audiamus,
3428 4735 3554 4792 Haac

1974 4810 2099 4865 dicit
2127 4812 2398 4868 Dominus.
2449 4815 2581 4870 Sunt
2621 4829 2766 4874 certe
2811 4821 2954 4877 Libri
2997 4823 3289 4891 dominici,
3323 4842 3553 4897 quorum

1975 4905 2272 4958 auctoritati
2313 4905 2523 4976 utrique
2563 4915 2926 4966 consentimus
2946 4955 2960 4979 ,
2990 4915 3201 4985 utrique
3229 4917 3468 4972 cedimus
3494 4919 3515 4950 ⁸
3556 4960 3571 4985 ,

1976 4997 2186 5066 utrique
2210 4997 2468 5053 servimus
2486 5017 2499 5054 :
2519 4999 2586 5054 ibi
2617 5016 2915 5072 qua-ramus
2943 5006 3254 5076 Ecclesiam,
3283 5011 3353 5065 ibi
3378 5011 3556 5067 discu-

1977 5090 2168 5144 tiamus
2191 5105 2404 5145 causam
2433 5101 2688 5150 nostram.
2721 5096 2815 5150 llic
2842 5097 2976 5154 forte
3015 5100 3206 5157 dicturi
3233 5113 3356 5157 sunt
3381 5121 3394 5157 :
3417 5103 3553 5170 Quid

1974 5180 2168 5247 qumris
2195 5182 2246 5234 in
2279 5181 2450 5239 Libris
2481 5199 2614 5254 quos
2651 5187 2867 5252 ignibus
2895 5191 3196 5246 tradidisti?
3222 5193 3299 5246 Ad
3333 5193 3433 5248 hoc
3461 5211 3551 5250 re-

1976 5273 2232 5341 spondeo,
2261 5273 2395 5342 Quid
2426 5276 2580 5331 times
2607 5293 2672 5332 ne
2700 5279 2942 5348 legantur
2969 5283 3050 5336 isti
3083 5282 3260 5350 Libri,
3288 5287 3331 5338 si
3363 5301 3456 5340 eos
3482 5287 3548 5340 ab

2042 5387 2055 5417 ι
2091 5386 2401 5437 FloriacenSts
2421 5389 2596 5448 codex,
2629 5391 2876 5441 stantibus.

2039 5450 2057 5479 ³
2092 5455 2138 5496 tn
2164 5449 2323 5503 editis,
2349 5451 2417 5498 uti
2441 5453 2614 5520 lassim
2640 5453 2684 5500 in
2709 5457 2918 5517 antiquis
2940 5455 3077 5507 libris
3101 5470 3205 5519 pro,
3225 5456 3545 5519 cortniveutia;

2039 5511 2202 5558 rintuut
2230 5518 2320 5558 cst.
2344 5509 2620 5558 tto/uirentia.

1974 5521 2202 5570 εει-19111111
2230 5521 2320 5567 cst,
2344 5521 2620 5563 cquIFctttm.

2039 5573 2058 5635 ξ
2093 5569 2402 5635 1101111001ιεὶ8
2439 5573 2611 5635 codex,
2649 5575 3028 5635 beneiudicasse
3050 5579 3276 5630 credidit.

2039 5631 2060 5660 ⁸
2093 5634 2165 5680 sic
2187 5633 2511 5703 νισι-1110011815.
2538 5631 2616 5685 Ms.
2651 5647 2705 5686 Al
2732 5631 2822 5697 tiri,
2850 5631 3316 5691 comitatis-abimus.
3362 5650 3456 5690 Am.
3500 5655 3553 5694 et

1977 5700 2106 5749 l.ov.,
2130 5700 2590 5747 conmmm‘cart‘mus.

2043 5755 2064 5786 ⁸
2096 5763 2144 5803 In
2169 5757 2380 5818 excusis,
2399 5758 2657 5810 credimus.

2879 5847 3121 5924 (Treize
3144 5853 3178 5926 λ
