4024 6196
289 321 386 379 897

289 437 415 507 pleni
442 435 561 489 estis
584 435 836 505 hypocrisi
866 443 910 488 et
930 434 1194 505 iniquitate
1224 432 1437 507 (Matth.
1465 434 1721 499 xxtn,?.7,
1745 432 1862 499 9.8).

289 530 407 584 llmc
430 528 543 583 sive
565 528 615 582 in
644 528 761 581 illos
784 542 812 581 a
850 528 1003 581 nobis
1021 568 1037 593 ,
1063 528 1177 582 sive
1200 527 1269 582 ab
1284 527 1365 582 eis
1384 527 1436 582 in
1467 541 1565 581 nos
1593 528 1860 591 dicantur,

287 619 385 672 nisi
423 618 571 686 prius
616 616 877 687 probetur
921 616 1380 673 manifestissimis
1405 615 1743 672 documentis
1771 616 1862 685 qui

285 716 407 775 sint,
434 710 526 780 qui
551 724 675 764 cum
710 709 818 763 sint
846 708 1055 779 injusti,
1076 708 1253 778 justas
1276 723 1338 766 se
1382 722 1504 764 esse
1531 707 1862 778 conﬁngant,

283 800 612 856 conviciante
635 801 802 869 magis
834 798 1051 855 levitate
1082 814 1240 870 quam
1262 799 1618 855 convincente
1645 798 1866 853 veritate

285 891 414 954 dici,
441 891 565 961 quis
601 889 947 946 mediocriter
997 904 1162 945 sanus
1193 889 1442 960 ignoret?
1470 889 1641 944 Aliter
1665 886 1865 959 quippe

284 984 370 1039 illa
395 983 649 1039 Dominus
669 983 722 1037 iit
745 981 1045 1037 Phariszeos
1066 981 1282 1053 dicebat
1302 989 1555 1052 tanquam
1583 979 1860 1044 Dominus,

284 1076 332 1130 id
359 1083 440 1131 est
466 1075 709 1145 cognitor
733 1072 932 1137 cordis,
954 1081 1009 1127 et
1035 1074 1388 1127 humanorum
1414 1070 1654 1127 omnium
1676 1083 1863 1125 secre-

282 1178 450 1222 torum
488 1176 547 1222 et
575 1165 724 1221 testis
749 1172 806 1221 et
839 1163 1001 1233 juilex
1036 1181 1051 1216 :
1089 1178 1189 1218 nos
1215 1172 1394 1219 autem
1429 1161 1579 1233 prius
1603 1160 1861 1218 debemus

283 1256 516 1312 invenire
543 1264 599 1311 et
623 1254 910 1312 ostendere
933 1254 1059 1324 quid
1088 1266 1395 1325 arguamus,
1427 1266 1496 1309 ue
1538 1250 1639 1323 ipsi
1682 1249 1863 1322 potius

276 1348 588 1419 gravissimo
628 1347 855 1403 crimine
904 1346 1111 1401 insana:
1165 1344 1509 1413 temeritatis,
1544 1346 1855 1414 arguamur.

275 1440 433 1506 Sane,
463 1439 509 1492 si
553 1446 677 1492 ante
728 1437 1009 1493 docuerint
1064 1451 1163 1490 nos
1188 1435 1322 1491 tales
1341 1448 1481 1501 esse,
1516 1448 1853 1505 nequaquam

276 1542 529 1584 recusare
574 1526 835 1582 debemus
886 1526 1081 1581 talibus
1107 1535 1414 1581 sanctarum
1462 1524 1858 1593 Scripturarum

273 1620 452 1679 uerbis
478 1633 576 1675 nos
618 1618 940 1688 reprehendi
965 1621 1126 1688 atque
1154 1617 1430 1673 contundi.
1460 1617 1537 1673 Ita
1560 1616 1608 1672 si
1639 1632 1738 1671 nos
1766 1630 1863 1672 eos

274 1712 406 1767 tales
437 1724 559 1767 esse
585 1709 946 1775 docuerimus,
978 1708 1084 1765 erit
1111 1707 1358 1765 similiter
1385 1709 1439 1764 in
1466 1716 1731 1778 potestate
1758 1723 1861 1762 no-

271 1812 403 1868 stra,
452 1801 645 1871 quibus
671 1799 956 1856 dominicis
1008 1798 1465 1870 increpationibus
1491 1799 1600 1871 jam
1632 1800 1858 1856 demon-

269 1905 469 1950 stratos
498 1893 876 1964 convictosque
906 1891 1182 1948 feriamus.

332 2005 387 2060 9.
432 2004 523 2060 Sic
545 2012 600 2060 et
625 2003 711 2059 illa
738 2003 949 2058 interim
974 2003 1284 2074 seponenda
1307 2013 1431 2060 sunt
1452 2045 1467 2069 ,
1491 2017 1611 2074 qum
1631 2003 1858 2060 obscure

265 2097 436 2167 νομὴε
466 2104 521 2152 et
567 2096 848 2167 ﬁgurarum
892 2095 1239 2151 velaminibus
1269 2087 1503 2152 involuta
1523 2139 1535 2162 ,
1566 2106 1621 2153 et
1663 2111 1857 2153 secun-

262 2192 385 2244 dum
439 2203 573 2255 nos,
628 2197 683 2243 et
720 2188 1018 2265 secundum
1064 2187 1183 2243 illos
1225 2199 1451 2258 possunt
1492 2189 1853 2260 interpretari.

264 2280 354 2335 Est
405 2279 620 2350 quidem
666 2290 944 2334 acutorum
976 2281 995 2312 ⁸
1041 2278 1312 2334 hominum
1354 2278 1649 2350 diiudicare
1698 2289 1857 2351 atque

259 2371 601 2435 discernere,
645 2371 764 2441 quis
791 2385 854 2426 ea
901 2369 1230 2440 probabilius
1272 2370 1652 2441 interpretetur
1697 2388 1711 2425 :
1758 2371 1854 2427 sed

259 2460 512 2515 nolumus
542 2461 593 2514 in
621 2461 718 2514 has
738 2460 1072 2531 ingeniorum
1092 2460 1483 2528 contentiones,
1509 2460 1561 2515 in
1582 2474 1643 2515 ea
1669 2475 1852 2527 causa,

256 2566 372 2622 qua:
402 2550 639 2620 populos
664 2557 810 2604 tenet
828 2549 871 2615 ',
902 2557 1137 2603 nostram
1167 2549 1583 2620 diSputatiouetn
1610 2551 1853 2605 commit-

255 2651 390 2698 tere.
421 2639 564 2695 Nulli
612 2648 863 2695 nostrum‘
896 2638 1114 2694 dubium
1162 2648 1245 2695 est
1277 2681 1293 2708 ,
1339 2653 1440 2711 per
1484 2655 1663 2695 arcam
1705 2640 1849 2708 Noe,

256 2735 401 2790 salva
456 2748 635 2787 rerum
663 2744 929 2802 gestarant
963 2731 1099 2796 ﬁde,
1147 2741 1209 2787 ut
1252 2731 1444 2788 deletis
1486 2733 1856 2804 peccatoribus

257 2828 451 2882 domus
488 2825 616 2895 justi
661 2838 692 2878 a
734 2824 933 2892 diluvio
973 2823 1308 2890 liberaretur,
1362 2824 1522 2880 etiam
1562 2823 1853 2881 Ecclesiam

259 2920 421 2975 fuisse
451 2918 748 2989 ﬁguratam.
777 2916 906 2983 Quze
925 2916 1060 2970 forte
1085 2914 1304 2970 humani
1329 2915 1524 2986 ingenii
1545 2916 1852 2985 conjectura

259 3011 548 3071 videretur,
598 3008 698 3062 nisi
731 3008 831 3062 hoc
877 3007 1065 3063 Petrus
1109 3007 1382 3076 apostolus
1410 3008 1462 3062 in
1492 3007 1714 3078 epistola
1757 3023 1851 3064 sua

259 3103 456 3157 diceret
488 3098 530 3172 (l
560 3098 696 3154 Petr.
727 3114 782 3154 ιιι
811 3139 825 3164 ,
844 3097 934 3164 20,
964 3098 1076 3169 Ἡ).
1104 3096 1212 3154 Sed
1242 3097 1382 3169 quod
1412 3096 1503 3153 ille
1528 3097 1602 3155 ibi
1632 3113 1739 3154 non
1767 3099 1850 3155 di-

259 3193 360 3258 xit,
407 3191 453 3246 si
484 3190 603 3261 quis
628 3198 868 3245 nostrum
917 3188 1088 3252 dicat,
1120 3197 1409 3258 propterea
1433 3197 1625 3245 cuncta
1648 3189 1851 3245 anima-

259 3285 381 3338 lium
417 3296 613 3355 genera
657 3282 726 3338 ibi
775 3281 973 3347 fuisse,
1024 3282 1147 3352 quia
1198 3281 1253 3336 in
1305 3280 1556 3337 omnibus
1603 3282 1850 3353 gentibus

261 3376 432 3430 futura
479 3373 930 3444 praenuntiabatur
970 3372 1249 3441 Ecclesia,
1294 3371 1523 3429 fortasse
1563 3372 1850 3429 Donatistis

258 3469 395 3523 aliud
426 3466 669 3521 videatur
694 3506 709 3532 ,
750 3474 803 3520 ct
832 3464 988 3521 aliter
1035 3464 1137 3520 hoc
1184 3464 1523 3534 interpretari
1548 3463 1733 3519 velint.
1765 3464 1851 3522 Si-

259 3559 456 3612 militcr
480 3567 534 3612 et
554 3557 676 3628 -ipsi
705 3554 903 3626 aliquid
933 3557 1158 3611 obscure
1188 3563 1242 3610 et
1286 3555 1537 3629 ambigue
1578 3557 1806 3627 positum
1829 3600 1844 3622 ,

258 3651 298 3704 si
327 3663 428 3719 pro
454 3662 547 3703 sua
575 3647 835 3703 sententia
878 3647 1316 3717 interpretentur,
1350 3647 1395 3701 si
1437 3646 1592 3702 nobis
1620 3656 1798 3718 pateat
1821 3648 1842 3680 ³

259 3741 395 3796 aliud
426 3740 548 3813 inde
569 3740 745 3795 dicere
771 3738 914 3811 quod
940 3753 1036 3809 pro
1063 3738 1217 3794 nobis
1238 3747 1411 3806 sonat,
1438 3739 1557 3809 quis
1577 3741 1679 3795 erit
1702 3740 1847 3794 ﬁnis?

258 3835 385 3890 Nam
415 3834 628 3905 quidam
655 3848 839 3888 eorum
867 3832 1147 3902 episcopus
1166 3873 1180 3897 ,
1212 3847 1332 3887 cum
1360 3830 1448 3886 hic
1473 3832 1611 3901 apud
1641 3831 1845 3901 Hippo-

209 3906 223 3913 -
259 3942 406 3992 nem,
438 3927 575 3982 sicut
607 3924 934 3987 audivimus,
974 3938 1279 3979 sermonem
1308 3923 1361 3977 in
1391 3922 1588 3992 populo
1618 3923 1844 3987 faceret,

258 4018 385 4072 dixit
424 4016 665 4072 eamdem
696 4030 873 4070 arcam
898 4014 1011 4070 Noe
1038 4013 1156 4092 ideo
1199 4013 1566 4089 bituminatam
1597 4013 1850 4069 intrinse-

259 4123 346 4163 cus
364 4151 379 4176 ,
408 4124 480 4165 ne
503 4123 694 4178 aquam
716 4108 982 4167 emitteret
1001 4121 1150 4160 suam
1170 4121 1184 4171 ;
1217 4104 1336 4160 ideo
1357 4113 1535 4160 autem
1565 4104 1725 4159 etiam
1746 4118 1845 4160 ex-

261 4202 532 4264 trinsecus,
558 4214 625 4255 ne
643 4199 949 4254 admitteret
964 4196 1215 4251 alienam.
1235 4195 1313 4251 Ad
1337 4194 1440 4251 hoc
1463 4196 1645 4266 utique
1668 4195 1847 4251 valere

262 4272 425 4346 voluit
472 4290 610 4346 hanc
671 4290 1197 4361 interpretationem,
1270 4302 1338 4343 ne
1396 4287 1705 4375 Baptismus
1758 4288 1843 4344 vel

261 4393 401 4435 extra
429 4380 725 4437 Ecclesiam
779 4394 936 4449 posse
962 4379 1114 4434 exire
1139 4376 1423 4445 credatur,
1467 4378 1551 4432 vel
1576 4377 1666 4449 qui
1694 4387 1845 4434 extra

261 4471 407 4527 datus
432 4472 589 4528 fuerit
610 4514 624 4539 ,
653 4480 983 4542 acceptetur.
1012 4469 1172 4525 Visus
1203 4478 1287 4524 est
1321 4467 1520 4539 aliquid
1549 4467 1729 4525 dicere
1747 4511 1762 4536 ,
1790 4480 1847 4526 et

262 4565 599 4618 acclamatum
642 4570 725 4618 est
763 4562 830 4617 ab
858 4562 937 4618 eis
975 4556 1063 4631 qui
1112 4559 1340 4614 libenter
1382 4559 1699 4627 audiebant,
1748 4574 1846 4617 nec

262 4652 533 4724 diligenter
575 4652 643 4709 de
675 4654 755 4708 bis
797 4667 917 4723 qua:
943 4648 1222 4706 audierant
1246 4650 1566 4721 cogitabant,
1591 4659 1670 4718 ut,
1702 4651 1843 4721 quod

261 4756 369 4801 erat
396 4747 550 4803 facile
567 4788 584 4815 ,
613 4745 955 4803 adverterent
984 4742 1097 4800 ﬁeri
1126 4757 1230 4798 non
1256 4757 1412 4813 posse
1436 4752 1492 4797 ut
1511 4744 1843 4799 extrinsecus

259 4836 493 4893 admittat
521 4851 712 4909 aquam
752 4849 1013 4907 compago
1057 4834 1361 4906 lignorum,
1411 4834 1456 4888 si
1498 4849 1605 4889 non
1650 4833 1845 4890 emittit

258 4929 569 4986 intrinsecus
618 4946 634 4984 :
683 4928 727 4983 si
774 4936 950 4982 autem
994 4923 1063 4981 ab
1107 4939 1172 4981 ea
1218 4932 1367 4995 parte
1410 4939 1531 4995 quia
1573 4925 1714 4980 intus
1759 4935 1841 4981 est

256 5023 469 5089 emittit,
498 5036 831 5092 consequens
857 5033 978 5074 esse
1005 5029 1059 5073 ιι
1086 5016 1153 5072 ab
1180 5030 1242 5072 ea
1267 5015 1427 5071 etiam
1453 5030 1574 5087 qua?
1599 5024 1681 5070 est
1710 5014 1841 5073 foris

255 5114 508 5170 admittat.
531 5112 637 5171 Sed
669 5112 770 5168 etsi
807 5111 909 5168 boc
929 5109 997 5166 de
1018 5117 1297 5179 compacto
1321 5108 1464 5179 ligno
1485 5123 1672 5164 verum
1697 5119 1841 5165 esset

254 5206 389 5275 quod
423 5206 513 5261 ille
541 5205 716 5269 dixit,
760 5204 880 5275 quis
911 5216 995 5256 me
1025 5200 1336 5272 prohiberet
1361 5198 1428 5255 de
1448 5213 1567 5253 arca
1593 5214 1656 5254 cx
1684 5207 1837 5253 utra-

253 5310 351 5363 que
372 5304 518 5365 parte
543 5294 849 5351 bituminata
869 5335 884 5360 ,
912 5292 957 5346 si
987 5292 1196 5362 possein
1210 5289 1418 5361 aliquid
1450 5288 1594 5345 aliud
1619 5288 1800 5345 dicere
1818 5332 1833 5357 ,

254 5395 308 5441 ut
366 5389 624 5444 incertum
669 5394 813 5443 esset
859 5383 986 5456 quid
1037 5383 1264 5445 horum,
1309 5381 1392 5436 vel
1425 5379 1551 5450 quid
1610 5377 1835 5435 fortasse

252 5479 385 5533 aliud
402 5480 611 5535 tertium
632 5495 720 5535 res
746 5478 831 5533 illa
852 5477 1175 5549 signiﬁcaret
1193 5475 1217 5530 ?
1238 5473 1416 5544 Neque
1438 5473 1579 5530 enim
1603 5472 1833 5529 absurde

240 5654 275 5683 "
312 5657 331 5730 ἶ
363 5664 413 5730 1"
435 5662 857 5730 Est-iwvlsmma
971 5722 1008 5730 -_

312 5721 332 5750 ⁸
363 5726 425 5779 Ita
440 5713 752 5769 Floriacensis
772 5718 942 5768 codex.
962 5722 1015 5767 At
1039 5714 1176 5776 editi,
1199 5726 1345 5777 qm
1364 5713 1568 5779 populus
1592 5718 1730 5764 tenet.

312 5780 330 5805 ³
363 5778 498 5843 Alias,
521 5782 725 5844 placeat.
793 5786 847 5828 st.

1181 290 1350 377 me.
1379 319 1467 375 oc
1506 316 1802 375 UNITATE
1845 316 2203 376 acccesnta
2245 322 2445 379 musa
2490 323 2686 382 usus.

1975 433 2190 499 dicitur,
2210 449 2297 492 aut
2321 455 2425 494 nun
2446 442 2605 496 etiam
2631 443 2797 497 multo
2822 445 3164 513 probabilius,
3181 461 3277 517 per
3297 448 3561 519 Niceten,

1973 532 2097 599 quia
2149 531 2440 589 violentum
2485 535 2670 605 gluten
2715 546 2770 593 et
2841 554 2928 593 res
2974 539 3392 601 ferventisssitna
3441 556 3561 613 est,

1974 620 2324 691 signiﬁcatam
2367 639 2488 681 esse
2516 626 2850 707 charitatem.
2895 629 3051 688 Unde
3084 633 3241 689 enim
3270 635 3467 693 dicitur
3506 637 3563 694 in

1973 711 2218 781 Pssimo,
2247 714 2572 787 Agglutinata
2595 729 2669 773 est
2694 721 2864 774 animo
2887 739 3000 776 mea
3025 733 3136 794 post
3161 732 3208 778 te
3229 724 3401 798 (Psal.
3424 744 3559 798 uit,

1972 801 2032 873 9)
2053 844 2070 871 ,
2097 804 2198 859 nisi
2226 804 2632 877 ﬂagrantissima
2658 810 3119 883 cbaritate?Qute,
3137 817 3388 888 quoniam
3419 836 3561 891 pra:—

1972 901 2186 965 ccptum
2225 906 2340 963 est,
2373 908 2430 954 ut
2456 899 2525 954 sit
2554 901 2709 957 nobis
2761 903 2814 958 in
2864 904 3095 961 invicem
3141 916 3195 962 et
3241 908 3294 963 in
3338 924 3559 976 omnes,

1975 985 2097 1077 ideo
2122 997 2177 1043 et
2206 989 2348 1045 intus
2373 999 2429 1046 et
2457 992 2586 1048 foris
2610 1008 2732 1050 arca
2763 995 3098 1054 bituminata.
3127 1003 3236 1057 Aut
3262 1015 3411 1061 certe
3434 1006 3561 1077 quia

1972 1076 2226 1167 scriptum
2257 1088 2369 1147 est,
2402 1081 2636 1139 Charitas
2663 1086 2834 1140 omnia
2862 1088 3087 1160 tolerat(
3116 1089 3135 1144 1
3166 1090 3285 1147 Cor.
3315 1109 3429 1163 xm,
3456 1076 3512 1167 7)
3539 1114 3556 1151 :

1971 1165 2055 1223 vis
2081 1167 2193 1237 ipsa
2218 1169 2513 1226 tolerantia:
2536 1180 2693 1228 tenax
2726 1177 2941 1232 unitatis
2971 1194 3067 1248 per
3093 1180 3329 1239 bitumen
3356 1165 3562 1257 signiﬁ-

1971 1268 2088 1312 cata
2113 1266 2214 1327 est,
2236 1275 2344 1331 quo
2359 1261 2480 1317 ideo
2495 1264 2638 1321 intus
2659 1273 2714 1321 ct
2732 1267 2860 1324 foris
2876 1283 3000 1326 arca
3022 1271 3150 1326 illita
3166 1276 3394 1346 est,quia
3416 1277 3561 1334 intus

1970 1360 2022 1406 et
2037 1351 2164 1407 loris
2184 1353 2309 1408 mali
2333 1354 2592 1412 tolerandi
2608 1368 2756 1424 sunt,
2777 1375 2847 1415 ne
2862 1362 3011 1432 pacis
3022 1377 3283 1437 compago
3296 1365 3557 1426 solvatur.

1972 1440 2028 1495 lu
2063 1442 2161 1498 hac
2186 1458 2315 1515 ergo
2342 1445 2702 1518 disputatione
2726 1460 2908 1507 nostra
2948 1467 3228 1523 parcamus
3254 1457 3446 1515 talibus
3470 1459 3556 1517 in-

1971 1536 2461 1607 terpretationibus,
2489 1549 2544 1594 et
2571 1549 2815 1612 apertum
2838 1544 3036 1615 aliquid
3058 1562 3165 1618 quo
3189 1551 3560 1610 manifestetur

1970 1625 2204 1681 Ecclesia
2234 1631 2591 1701 requiramus.

1988 1750 1992 1754 Α
2042 1718 2129 1776 t0.
2158 1719 2360 1792 Nempe
2387 1723 2643 1794 scriptum
2665 1735 2750 1782 est
2775 1728 2827 1783 in
2855 1729 2993 1785 libro
3010 1731 3249 1801 judicum
3279 1750 3296 1789 :
3336 1733 3405 1791 Et
3426 1735 3559 1793 dixit

1969 1808 2171 1865 (ἐρείσθη
2194 1812 2263 1865 ad
2288 1813 2560 1869 Dominum
2584 1833 2604 1871 :
2635 1817 2888 1886 Quoniam
2917 1832 2971 1875 tu
2994 1823 3188 1877 salvum
3211 1826 3368 1897 facies
3392 1823 3558 1885 Israel

1966 1899 2018 1952 in
2043 1915 2195 1954 manu
2221 1917 2332 1956 mea
2354 1945 2370 1970 ,
2400 1905 2823 1974 quemadmodum
2842 1908 3037 1965 locutus
3058 1927 3151 1977 es;
3173 1929 3289 1969 ecce
3303 1931 3398 1988 ego
3422 1933 3558 1986 pono

1966 1989 2124 2045 vellus
2152 1991 2286 2046 laute
2333 1994 2387 2048 in
2420 2011 2560 2062 area,
2591 2005 2640 2050 el
2680 1999 2726 2053 si
2768 2002 2933 2070 factus
2958 2003 3111 2073 fuerit
3144 2019 3229 2061 ros
3271 2006 3327 2061 in
3353 2008 3554 2075 vellere,

1964 2079 2018 2133 in
2063 2097 2264 2136 onmem
2303 2097 2421 2137 vero
2446 2094 2632 2139 terram
2657 2087 2879 2152 siccitas,
2907 2091 3064 2146 sciam
3091 2094 3332 2157 quoniam
3358 2097 3556 2152 mtuum

1965 2171 2094 2242 facis
2114 2174 2169 2226 in
2196 2188 2351 2228 manu
2376 2191 2488 2230 mea
2512 2174 2712 2246 Israel,
2743 2179 2875 2235 sicut
2918 2186 3115 2247 locutus
3143 2202 3216 2241 es.
3249 2186 3319 2241 Et
3360 2189 3555 2259 factum

1963 2270 2039 2317 est
2060 2264 2134 2318 sic
2160 2279 2180 2319 :
2197 2275 2244 2319 et
2270 2265 2497 2322 diluculo
2516 2269 2740 2340 vigilavit
2759 2270 2962 2328 Gedeon
2985 2275 3038 2330 in
3060 2278 3336 2334 crastinum
3356 2322 3370 2346 ,
3397 2290 3447 2336 et
3464 2299 3554 2337 ea:-

1963 2355 2145 2424 pressit
2188 2357 2385 2426 uellus;
2411 2370 2461 2415 et
2487 2360 2773 2418 decucurrit
2793 2379 2881 2420 ros
2903 2364 2969 2420 de
2994 2367 3187 2423 uellere
3203 2371 3354 2441 plena
3392 2373 3553 2442 pelvis

1961 2460 2109 2517 aqua
2128 2487 2143 2502 .
2173 2446 2240 2503 Et
2276 2449 2406 2505 dixit
2424 2449 2631 2508 Gedeon
2661 2455 2731 2508 ad
2770 2454 3042 2513 Dominum
3069 2475 3090 2516 :
3130 2460 3253 2517 Non
3298 2464 3551 2522 irascatur

1962 2538 2106 2607 furor
2131 2547 2249 2596 tuus
2266 2542 2320 2596 in
2345 2559 2480 2611 rue,-
2499 2542 2741 2614 Domine,
2778 2556 2825 2603 et
2858 2549 3039 2621 loquar
3079 2553 3249 2609 adhuc
3282 2558 3468 2624 semel,
3502 2569 3551 2615 et

1963 2630 2160 2684 tentabo
2185 2632 2352 2687 adhuc
2379 2636 2532 2689 semel
2576 2636 2631 2690 in
2658 2636 2858 2693 vellere.
2891 2637 3014 2695 Fiat
3039 2642 3239 2699 siccitas
3275 2645 3331 2700 in
3370 2648 3550 2704 vellere

1962 2729 2157 2776 tantum
2172 2763 2187 2788 ,
2210 2724 2264 2778 in
2292 2740 2491 2779 onmem
2517 2737 2685 2783 autem
2709 2737 2896 2801 terram
2933 2733 3025 2800 ﬁat
3053 2750 3156 2788 ros.
3180 2734 3259 2790 Et
3269 2738 3388 2809 fecit
3414 2738 3549 2795 Deus

1960 2812 2035 2865 sic
2063 2813 2115 2866 in
2140 2823 2286 2869 nocte
2308 2814 2402 2869 illa
2419 2856 2435 2882 ,
2474 2825 2523 2870 et
2540 2820 2681 2888 facta
2712 2828 2783 2874 est
2800 2820 3002 2875 siccitas
3027 2823 3080 2876 in
3106 2824 3289 2882 vellere
3313 2838 3507 2885 tantum
3528 2872 3545 2893 ,

1958 2921 2112 2975 super
2157 2921 2356 2961 onmem
2388 2916 2558 2963 autent
2600 2918 2785 2964 terram
2825 2927 2910 2966 ros
2953 2911 3151 2985 (Judic.
3201 2931 3287 2982 γι,
3328 2918 3546 2993 5640).

1958 2994 2074 3049 Non
2106 2996 2261 3051 video
2289 2997 2418 3068 quid
2449 2997 2537 3054 hic
2561 3000 2704 3055 aliud
2730 2999 3013 3071 ﬁguratum
3043 3013 3099 3060 et
3137 3008 3545 3076 prtenuntiatum

1959 3087 2066 3154 sit,
2100 3088 2202 3142 nisi
2231 3098 2288 3141 ut
2329 3103 2510 3145 aream
2539 3090 2895 3162 intelligamus
2916 3094 3103 3150 orbem
3135 3106 3392 3154 terrarum
3413 3143 3431 3167 ,
3462 3101 3547 3159 lo-

1954 3192 2078 3233 cum
2103 3187 2278 3234 autem
2307 3180 2516 3237 velleris
2542 3183 2791 3253 populum
2821 3184 3006 3241 lsrael.
3033 3187 3287 3247 Novimus
3311 3192 3455 3249 enim
3478 3194 3547 3250 il-

1957 3271 2059 3325 lam
2100 3271 2367 3342 quondam
2411 3282 2624 3343 gentem
2665 3274 2832 3331 divini
2871 3281 3192 3336 sacramenti
3222 3283 3394 3353 gratia
3426 3294 3545 3341 tan-

1956 3378 2114 3433 quam
2143 3366 2346 3422 cmlesti
2371 3382 2493 3422 rore
2523 3373 2823 3439 perfusam;
2854 3370 3008 3443 cujus
3026 3376 3279 3432 'muneris
3304 3392 3402 3449 per
3424 3395 3547 3447 om-

1956 3472 2050 3513 nes
2078 3458 2129 3512 in
2157 3458 2380 3514 circuitu
2400 3467 2606 3530 gentes,
2624 3463 2748 3533 quia
2771 3477 2838 3518 eo
2857 3464 3143 3533 carebant,
3163 3475 3414 3540 tanquam
3434 3471 3543 3528 sie-

1954 3550 2087 3605 citas
2131 3560 2268 3606 erat.
2328 3552 2453 3607 Erat
2506 3563 2683 3609 autem
2732 3555 2872 3626 apud
2940 3558 3089 3615 illum
3134 3560 3389 3633 populum
3443 3563 3546 3621 hoc

1954 3656 2147 3698 munus
2179 3645 2228 3699 in
2260 3644 2489 3710 vellere,
2521 3645 2572 3701 id
2594 3647 2749 3702 estin
2780 3650 3055 3707 velamine
3071 3660 3126 3707 et
3152 3655 3301 3723 quasi
3323 3653 3378 3711 in
3403 3656 3547 3712 nube

1954 3734 2144 3788 secreti
2172 3735 2208 3799 ¹,
2235 3736 2356 3804 quia
2388 3737 2621 3790 nondum
2654 3738 2825 3793 fuerat
2853 3741 3164 3796 revelatum.
3193 3744 3344 3799 Nunc
3363 3753 3542 3800 autem

1953 3823 2196 3877 videmus
2223 3824 2409 3877 orbem
2442 3834 2701 3879 terrarum
2728 3828 2840 3895 jam
2882 3831 3115 3885 revelato
3158 3847 3284 3888 rore
3311 3834 3544 3905 saginari

1955 3927 2051 3981 per
2098 3912 2439 3982 Evangelium
2482 3914 2692 3970 Domini
2736 3919 2902 3972 nostri
2948 3919 3074 3974 Jcsu
3119 3920 3349 3990 Christi,
3398 3928 3543 3994 quod

1955 4013 2078 4058 tunc
2106 4004 2156 4059 in
2188 4003 2278 4059 illo
2305 4003 2539 4075 tegmine
2566 4006 2891 4077 ﬁgurabatur
2923 4027 2935 4062 :
2986 4010 3127 4065 illam
3160 4028 3287 4069 vero
3326 4024 3542 4085 gentem

1953 4097 2152 4152 amisso
2177 4095 2480 4153 sacerdotio
2507 4099 2650 4170 quod
2684 4098 2949 4169 habebat,
2983 4104 3105 4172 quia
3149 4103 3202 4158 in
3248 4102 3543 4175 Scripturis

1954 4204 2060 4244 non
2083 4189 2331 4262 intelligit
2353 4189 2623 4247 Christum
2648 4233 2664 4256 ,
2694 4200 2945 4263 tanquam
2976 4195 3027 4249 in
3055 4197 3200 4251 sicco
3225 4196 3423 4258 vellere
3448 4212 3543 4255 re-

1952 4274 2239 4336 mansisse?
2256 4279 2367 4337 Nec
2385 4282 2439 4337 in
2468 4282 2664 4339 talibus
2691 4293 2867 4339 tamen
2894 4300 3076 4341 rerum
3100 4286 3286 4358 ﬁguris
3306 4328 3321 4355 ,
3352 4302 3542 4360 quam-

1951 4373 2031 4426 vis
2058 4386 2166 4426 non
2192 4371 2404 4427 videam
2450 4372 2577 4442 quid
2607 4373 2696 4429 hic
2722 4373 2866 4430 aliud
2916 4377 3083 4447 possit
3130 4377 3388 4452 intelligi,
3416 4381 3544 4437 volo

1951 4478 2253 4535 quaeramus
2298 4463 2609 4520 Ecclesiatn.
2642 4466 2871 4523 Prorsus
2898 4484 3017 4538 qua:
3043 4468 3268 4541 alicujus
3310 4471 3395 4528 vel
3421 4474 3541 4527 talis

1952 4555 2404 4626 interpretationis
2434 4557 2707 4627 indigent,
2759 4560 2972 4614 interim
3001 4572 3325 4631 seponamus
3369 4579 3386 4620 :
3432 4580 3538 4620 non

1951 4646 2073 4717 quia
2102 4646 2233 4703 falsa
2282 4660 2440 4716 sunt,
2472 4665 2590 4719 qua:
2636 4650 2737 4706 hoc
2766 4651 2927 4707 modo
2967 4652 3036 4709 de
3066 4650 3257 4711 talibus
3287 4664 3538 4727 tanquam

1952 4738 2241 4793 involucris
2270 4740 2672 4811 interpretando
2701 4742 3022 4813 solvuntur;
3068 4746 3162 4803 sed
3192 4749 3315 4819 quia
3344 4749 3431 4807 vel
3456 4752 3541 4806 in-

1950 4837 2237 4899 terpretem
2282 4840 2560 4902 quaerunt,
2589 4834 2715 4889 nolo
2758 4833 2810 4890 in
2841 4835 2920 4890 eis
2945 4846 3126 4893 nostra
3157 4837 3366 4911 ingenia
3392 4830 3541 4897 com-

1950 4929 2235 4990 parentur;
2268 4922 2363 4977 sed
2391 4934 2570 4992 aperta
2598 4925 2796 4982 veritas
2814 4927 3037 4993 clamet,
3067 4928 3268 4996 luceat,
3300 4931 3353 4987 in
3382 4934 3539 4990 obtu-

1948 5019 2090 5069 ratas
2114 5027 2272 5069 aures
2297 5014 2585 5088 irrumpat,
2633 5016 3079 5075 dissimulantium
3107 5022 3295 5080 ocuios
3341 5022 3496 5080 feriat
3528 5041 3543 5090 ;

1947 5121 2107 5162 nemo
2157 5108 2209 5162 in
2239 5109 2318 5165 eis
2360 5110 2578 5165 latebris
2632 5121 2837 5182 quaerat
2893 5114 3037 5170 falsa:
3093 5133 3203 5173 sua:
3252 5122 3537 5175 sententias

1948 5200 2155 5267 locum,
2207 5216 2421 5258 omnem
2465 5214 2715 5259 conatum
2756 5207 3155 5266 contradicendi
3199 5209 3540 5279 confundat,

1943 5308 2154 5348 ontnem
2184 5292 2411 5350 frontem
2441 5294 2762 5366 impudentis
2787 5296 2970 5353 elidat.

2013 5383 2239 5440 CAPUT
2274 5384 2356 5438 Vl.
2392 5388 2573 5443 ——ll.
2606 5386 2652 5443 Ο
2690 5387 3014 5458 Donatisuc,
3059 5388 3309 5448 Genesim
3349 5391 3530 5465 legite.

1944 5474 2047 5531 Per
2070 5477 2421 5546 memetipsum
2438 5467 2647 5548 jttravi',
2669 5478 2791 5534 dicit
2835 5478 3121 5547 Dominus,
3152 5480 3374 5554 Propter
3395 5487 3531 5555 quod

1941 5567 2103 5640 fecisti
2125 5569 2324 5623 verbum
2351 5569 2445 5623 hoc
2470 5611 2486 5636 ,
2515 5580 2561 5623 et
2587 5586 2686 5626 non
2716 5572 2983 5643 pepercisti
3006 5572 3117 5642 ﬁlio
3143 5581 3231 5627 tua
3277 5576 3523 5633 amantis-

2003 5770 2019 5801 ι
2055 5769 2365 5820 Floriacensis
2387 5770 2563 5835 codex,
2586 5777 2631 5823 et
2651 5770 2788 5848 (μεσῂ
2808 5769 2954 5823 nubes
2984 5771 3173 5826 secreti.
