4024 6196
426 328 544 385 ’599

383 494 385 497 ,
445 465 570 501 anno
597 454 796 515 prapter
815 456 892 493 me
914 480 926 502 ,
954 438 1050 490 nisi
1081 433 1370 487 benedicens
1399 429 1701 483 'benedicam
1740 436 1783 479 te
1808 466 1821 490 ,
1862 432 1905 476 et
1934 423 2027 474 im-

455 541 638 604 plendo
665 531 880 603 implebo
898 544 1068 583 semen
1110 536 1247 579 tuum
1292 533 1529 592 tanquam
1579 519 1751 574 stellas
1788 517 1900 571 caeli
1923 556 1936 576 .
1986 524 2031 567 et

450 642 685 701 tanquam
713 638 916 677 arenam
941 634 1052 689 qua:
1070 633 1213 672 secus
1241 630 1381 668 oram
1410 612 1562 666 maris
1592 620 1664 663 est
1684 651 1698 675 ,
1737 618 1782 662 et
1814 606 2027 661 fueredi-

452 697 557 773 tate'
581 712 847 785 possidebit
871 726 1039 765 semen
1083 718 1222 760 tuum
1261 704 1486 758 civitates
1535 698 1939 754 aduersariorum
1970 697 1984 725 ¹
2014 735 2030 759 ,

453 822 499 864 et
518 806 866 864 benedicentur
893 802 945 856 in
973 801 1160 855 semine
1180 808 1266 852 tuo
1291 811 1462 850 omnes
1491 802 1665 862 gentes
1708 799 1855 844 tcrrte
1873 827 1889 853 ,
1915 787 2033 857 quia

455 898 706 955 obaudisti
732 912 897 950 uocem
920 908 1083 947 meam
1108 888 1259 961 (Gen.
1285 902 1417 952 ml,
1450 883 1652 953 lli-I8).
1676 879 1810 950 Quid
1831 880 1896 936 ad
1922 879 2035 932 lucc

410 1010 419 1017 ί
454 990 663 1047 dicitis?
685 986 1084 1043 AnJutlieorum
1112 979 1386 1035 nobiseum
1419 974 1773 1047 perversitate
1815 978 2033 1025 conten.

456 1085 581 1138 ditis
605 1124 618 1147 ,
648 1089 706 1135 ut
732 1080 918 1134 dicatis
945 1078 997 1130 in
1019 1075 1134 1128 solo
1158 1070 1355 1143 populo
1382 1076 1508 1124 nato
1534 1083 1596 1121 cx
1625 1080 1783 1121 carne
1806 1062 2035 1117 Abrahae

460 1173 855 1244 intelligendum
892 1184 1074 1225 semen
1118 1162 1391 1222 Abrabcc?
1438 1159 1544 1216 Sed
1593 1156 1762 1214 Judmi
1818 1154 2037 1210 Paulum

459 1267 755 1337 apostolum
784 1279 890 1319 non
934 1262 1114 1331 legunt
1162 1257 1214 1311 iu
1246 1252 1544 1326 synagogis
1572 1248 1683 1306 suis
1702 1290 1717 1316 ,
1759 1262 1918 1319 quem
1946 1259 2039 1300 vos

463 1360 631 1431 legitis
660 1358 711 1412 in
732 1351 1114 1412 conventiculis
1143 1348 1351 1405 vestris.
1384 1343 1522 1412 Quid
1546 1356 1673 1413 ergo
1700 1340 1842 1395 dicat
1894 1338 2038 1431 Apo-

460 1428 659 1512 stolus,
694 1446 985 1501 audiamus.
1025 1439 1326 1508 Quaerimus
1351 1436 1494 1491 enim
1530 1434 1659 1502 jam,
1690 1428 2041 1502 quemadmo-

462 1541 591 1594 dum
616 1534 1012 1605 intelligendum
1053 1530 1122 1585 sit
1161 1542 1343 1583 semen
1382 1523 1631 1580 Abrahae.
1663 1520 1870 1576 Fratres
1894 1559 1911 1585 ,
1957 1519 2041 1574 in-

464 1631 602 1699 quit,
634 1627 907 1682 secundum
934 1621 1185 1677 hominem
1212 1618 1324 1673 dico
1350 1659 1364 1682 ,
1399 1626 1563 1670 tamen
1593 1612 1809 1668 hominis
1852 1610 2044 1678 con/ir-

466 1731 654 1775 matum
683 1725 1028 1773 testamentum
1050 1727 1193 1768 nemo
1217 1710 1417 1764 irritum
1446 1707 1566 1779 facit
1592 1746 1607 1771 ,
1638 1715 1725 1759 aut
1756 1702 2047 1773 superordi—

386 1856 389 1859 .
466 1820 573 1862 not.
610 1808 825 1863 Abralna
866 1805 1016 1858 dicta:
1050 1810 1165 1857 sunt
1204 1799 1558 1868 promissiones
1598 1804 1643 1849 et
1688 1793 1866 1848 semini
1915 1792 2041 1862 ejus.

474 1900 591 1954 Non
620 1897 771 1962 dicit,
809 1894 872 1950 Et
899 1892 1167 1949 seminibus
1190 1931 1206 1955 ,
1238 1898 1477 1960 tanquam
1504 1887 1557 1939 in
1586 1885 1795 1947 multis;
1821 1882 1907 1936 sed
1936 1892 2048 1935 tan-

460 2008 621 2062 quam
644 1991 697 2043 in
721 2005 821 2045 uno
846 2029 861 2051 ,
894 1985 957 2040 Et
981 1983 1158 2041 semini
1189 1992 1306 2047 tuo,
1333 1979 1466 2051 quod
1491 1988 1562 2032 est
1597 1976 1823 2031 Christus
1852 1973 2044 2046 (Galat.

473 2100 526 2153 Ill
546 2125 560 2145 .
593 2082 660 2137 15
678 2121 694 2146 ,
721 2077 829 2150 16).
859 2076 998 2132 Ecce
1020 2076 1072 2131 in
1092 2088 1198 2143 quo
1217 2071 1422 2127 semine
1457 2067 1841 2123 benedicuntur
1864 2076 2049 2119 omnes

471 2185 673 2246 gentes.
705 2174 839 2227 Ecce
868 2175 1240 2227 testamentum
1264 2164 1361 2220 Dei
1386 2181 1399 2218 :
1424 2161 1629 2233 aperite
1665 2173 1840 2214 aures.
1870 2155 2049 2212 "omi-

472 2269 549 2321 nis
571 2308 585 2330 ,
619 2265 847 2335 inquit,e
864 2261 1215 2335 confirmatum
1256 2262 1608 2311 testamentum
1658 2266 1803 2307 nemo
1851 2249 2051 2303 irritum

477 2358 627 2429 facit,
658 2334 743 2408 aut
768 2350 1140 2421 superordinat.
1163 2334 1337 2415 Quare
1357 2343 1671 2401 vosirritum
1700 2340 1869 2396 facitis
1885 2345 2048 2394 testa-

474 2455 712 2503 mentum
748 2443 834 2497 liei
859 2439 1110 2505 ,dicendo
1148 2451 1247 2493 nec
1289 2438 1340 2490 in
1380 2432 1628 2489 omnibus
1663 2429 1907 2500 gentibus
1935 2442 2054 2484 esse

474 2536 816 2605 completum,
845 2542 900 2586 ct
923 2530 1145 2599 periisse
1165 2527 1276 2598 jam
1301 2524 1369 2581 de
1387 2521 1634 2595 gentibus
1650 2521 1702 2576 in
1730 2519 1922 2590 quibus
1940 2526 2054 2573 erat

476 2643 657 2693 semen
696 2623 966 2680 Διπαιιωῖ
1006 2621 1183 2687 Quare
1228 2614 1650 2689 superordinatis
1695 2610 1954 2678 dicendo,
2000 2612 2053 2666 in

478 2718 635 2773 nullis
661 2716 815 2772 terris
838 2711 1105 2768 lncredem
1128 2722 1442 2780 permanere
1477 2705 1748 2762 Christum
1770 2746 1785 2770 ,
1826 2703 1928 2758 nisi
1965 2701 2053 2757 ubi

386 2808 387 2811 “
479 2810 645 2877 potuit
676 2803 1010 2861 coluercdem
1043 2800 1243 2857 habere
1274 2798 1576 2854 Donatum?
1606 2796 1719 2851 Non
1761 2794 2056 2850 invidemus

478 2899 633 2953 alicui
670 2917 681 2949 :
714 2894 872 2965 legite
905 2892 1059 2949 nobis
1088 2892 1191 2948 hoc
1228 2891 1295 2945 de
1339 2888 1513 2959 Lege,
1553 2887 1620 2943 de
1650 2884 1963 2957 l’rnphetis,
1987 2881 2057 2938 de

462 2992 731 3053 ~l'salinis,
775 2988 845 3044 de
872 2988 987 3056 ipso
1012 2983 1330 3054 Evangelio,
1359 2982 1428 3037 de
1455 2978 1762 3051 apostolicis
1794 2976 2007 3033 Litteris
2038 2992 2051 3029 :

478 3083 635 3149 legite
660 3121 673 3141 ,
703 3090 756 3133 ct
787 3076 1089 3139 credimus;
1138 3074 1277 3127 sicut
1321 3085 1419 3126 nos
1444 3070 1598 3125 vobis
1627 3069 1852 3139 legimus
1884 3076 1938 3122 et
1986 3066 2057 3122 de

477 3170 672 3225 Genesi
693 3176 747 3223 et
769 3164 1121 3235 de~Apostolo
1140 3204 1153 3227 ,
1176 3162 1298 3232 quia
1322 3162 1373 3216 in
1399 3160 1605 3216 semine
1631 3156 1883 3228 Abram,
1915 3156 2057 3230 quod

478 3271 561 3316 est
588 3259 862 3323 Christus,
884 3254 1268 3312 benedicuntur
1292 3266 1476 3308 omnes
1497 3258 1703 3322 gentes.

547 3357 633 3413 12.
665 3348 856 3411 Audite
887 3347 990 3409 hoc
1030 3345 1168 3406 idem
1194 3352 1568 3405 testamentum
1598 3341 1664 3396 ad
1713 3340 1858 3397 Isaac
1896 3339 2057 3396 etiam

390 3450 391 3453 “
480 3448 647 3503 lilium
680 3445 928 3501 Abralne.
960 3441 1122 3497 Facta
1151 3449 1223 3495 est
1264 3447 1432 3495 autem
1470 3435 1628 3507 [ames
1665 3448 1816 3505 super
1841 3439 2055 3502 terram,

481 3549 660 3609 praeter
691 3540 873 3608 [amem
912 3550 1026 3605 qua:
1057 3542 1170 3587 ante
1209 3533 1345 3601 facta
1383 3539 1453 3584 est
1480 3530 1531 3582 in
1562 3537 1783 3598 tempore
1820 3526 2055 3580 Abrahae.

479 3631 613 3685 Abiit
642 3637 806 3683 autem
828 3625 978 3680 Isaac
1007 3623 1075 3677 ad
1104 3621 1386 3675 Abimelech
1419 3635 1587 3689 regem
1626 3615 2011 3671 Philistinorutn
2037 3616 2057 3647 ³

479 3724 530 3774 in
560 3719 751 3775 (ieram
773 3735 792 3770 :
814 3725 859 3770 et
878 3715 1116 3786 apparuit
1138 3713 1214 3767 illi
1242 3710 1487 3764 Dominus
1505 3750 1520 3775 ,
1547 3718 1593 3761 et
1622 3708 1747 3762 dixit
1768 3749 1780 3772 ,
1808 3704 1932 3760 Noli
1974 3706 2060 3759 de-

479 3832 547 3869 sct
564 3814 717 3868 ndere
740 3811 793 3865 in
815 3808 1099 3880 ﬂigi/ptum
1122 3848 1136 3868 ,
1160 3804 1330 3858 habita
1359 3813 1527 3856 autem
1556 3801 1610 3854 in
1641 3811 1772 3854 terra
1798 3814 1946 3869 quant
1974 3798 2059 3851 tibi

480 3907 654 3959 dixero
679 3944 692 3970 ,
719 3911 769 3956 et
791 3901 962 3956 habita
988 3898 1039 3952 in
1065 3907 1196 3950 terra
1227 3896 1322 3948 hac
1346 3935 1359 3960 ,
1385 3904 1429 3948 et
1455 3908 1536 3948 ero
1559 3902 1719 3945 tecum
1744 3932 1757 3956 ,
1782 3898 1828 3942 ct
1858 3888 2061 3943 benedi-

480 4012 589 4049 cant
620 4004 685 4048 te.
718 3990 827 4046 Tibi
869 3990 1001 4044 enim
1046 3997 1090 4041 et
1143 3985 1320 4039 semini
1360 3992 1443 4037 tuo
1471 3982 1602 4036 dabo
1629 3996 1826 4035 omnem
1872 3988 2060 4033 terram

481 4089 655 4142 hanc:
702 4096 747 4139 ct
787 4093 1003 4141 statuam
1044 4077 1409 4150 jusjurandum
1469 4084 1664 4140 tecum,
1723 4072 1856 4142 quod
1889 4072 2063 4142 juravi

480 4178 736 4235 Abraham
775 4175 907 4244 patri
945 4185 1031 4226 tuo
1067 4188 1083 4225 :
1114 4180 1159 4224 et
1185 4167 1439 4240 ampliabo
1466 4182 1630 4222 semen
1658 4174 1796 4217 tuum
1827 4173 2064 4233 tanquam

482 4269 651 4323 stellas
673 4266 782 4320 coeli
808 4282 824 4329 ;
849 4272 893 4317 ct
922 4262 1051 4316 dabo
1094 4261 1180 4313 tibi
1225 4269 1271 4313 et
1309 4258 1488 4312 semini
1517 4261 1602 4310 tuo
1640 4270 1835 4309 omnem
1879 4264 2065 4308 terram

483 4363 611 4412 hanc
639 4374 657 4411 :
686 4366 732 4410 et
754 4354 1114 4408 benedicentur
1136 4353 1190 4404 in
1208 4351 1393 4405 semine
1420 4360 1505 4403 tuo
1527 4364 1695 4404 onmes
1715 4357 1881 4418 gentes
1896 4357 2059 4411 tet-rw,

484 4464 575 4517 pro
602 4447 679 4498 his
698 4459 809 4511 qua:
825 4441 1082 4497 obaudivit
1105 4439 1361 4493 Abraham
1387 4451 1527 4508 pater
1550 4449 1664 4491 tuus
1694 4452 2059 4499 uocemmeam,

484 4549 528 4590 et
554 4536 761 4590 servavit
788 4542 1037 4603 praecepta
1059 4545 1196 4593 mea,
1230 4538 1274 4582 et
1292 4530 1520 4601 justitias
1544 4543 1705 4591 meas,
1752 4536 1798 4580 et
1839 4526 2063 4594 legitima

487 4646 595 4683 inea
630 4624 779 4701 (Gen.
834 4639 1003 4691 xui,
1047 4622 1185 4695 1-5).
1226 4620 1564 4691 Πθδνοιιᾶοιθ
1608 4620 1674 4674 ad
1720 4620 1837 4673 ista.
1867 4620 2059 4674 Semen

485 4720 679 4789 quippe
708 4716 969 4772 Abraham
996 4757 1007 4778 ,
1040 4714 1141 4768 hoc
1169 4713 1307 4768 idem
1334 4727 1515 4767 semen
1544 4721 1627 4767 cst
1652 4720 1702 4766 et
1735 4710 1895 4776 Isaac,
1921 4711 2064 4782 quod

486 4820 567 4864 est
590 4809 850 4863 Christus.
880 4804 1156 4875 Quomodo
1179 4804 1323 4858 enim
1348 4803 1554 4858 venerit
1573 4801 1814 4857 Christus
1834 4817 1896 4856 ex
1930 4801 2065 4856 tribu

486 4899 618 4956 .luda
648 4901 698 4954 in
713 4915 872 4954 carne
899 4913 992 4967 per
1012 4896 1293 4969 virginem,
1322 4895 1439 4965 quis
1467 4909 1679 4965 quoquo
1708 4894 1867 4947 modo
1910 4892 2067 4947 Chri-

487 4992 689 5047 stianus
721 4989 957 5061 ignorat?

560 5084 648 5138 15.
684 5080 876 5135 Audite
926 5081 1027 5132 hoc
1059 5080 1199 5132 idem
1247 5086 1621 5132 testamentum
1675 5080 1740 5129 ad
1767 5077 1952 5132 Jacob.
2002 5077 2066 5131 Et

488 5174 607 5227 exiit
632 5172 791 5227 Jacob
815 5189 845 5223 u
872 5180 1023 5241 puteo.
1038 5169 1328 5240 iurationis,
1356 5178 1400 5221 et
1426 5170 1677 5238 profectus
1725 5178 1795 5221 est
1824 5169 1875 5221 in
1901 5166 2065 5225 Char-

487 5284 597 5321 ram
621 5308 635 5331 ,
675 5276 722 5319 et
769 5264 964 5317 devenit
1003 5264 1058 5315 in
1104 5262 1269 5316 locum
1294 5301 1307 5323 ,
1352 5271 1397 5315 et
1435 5261 1664 5314 dormivit
1701 5260 1752 5313 in
1794 5259 1901 5314 loco
1938 5260 2063 5324 illo,

485 5359 722 5429 quoniam
759 5354 881 5410 solis
906 5369 1113 5408 occasus
1138 5362 1245 5407 erat
1275 5369 1289 5405 :
1330 5362 1375 5406 et
1399 5353 1611 5421 sumpsit
1651 5351 1867 5422 lapidem
1898 5369 1961 5406 ea:
1988 5352 2065 5404 la-

489 5450 686 5518 pidibus
714 5448 809 5501 loci
831 5487 845 5508 ,
890 5455 937 5498 et
968 5445 1133 5513 pasuit
1163 5444 1227 5497 nd
1263 5455 1413 5511 caput
1452 5459 1627 5506 suum,
1661 5451 1703 5495 et
1744 5442 1973 5495 dormivit
2014 5442 2065 5494 in

550 5637 563 5660 ι
602 5630 737 5684 aditi,
762 5619 1150 5677 aduersariorum
1174 5630 1374 5673 tuorum.
1406 5623 1565 5681 Abest,
1591 5628 1795 5678 tuarum,
1829 5634 1853 5669 a
1891 5620 2066 5671 Floria.

486 5691 617 5737 censi
634 5690 802 5751 codice
826 5697 873 5737 ct
894 5700 920 5736 a
945 5699 1106 5751 grzeco
1121 5692 1245 5751 ιξκ.

548 5751 568 5777 ⁸
601 5750 671 5797 sic
694 5745 1011 5813 manuscripti.
1040 5757 1091 5798 at
1112 5749 1245 5809 editi,
1268 5745 1637 5796 Paltestiiwrum.

1514 310 1803 367 'CONTRA
1846 304 2265 362 DONATISTAS
2304 307 2649 371 EPISTULA,

3608 310 3719 363 £00

2138 426 2243 477 loco
2270 425 2375 478 illo.
2422 425 2485 477 Et
2526 424 2678 478 risum
2721 424 2838 476 uidit
2862 464 2875 488 ,
2917 433 2962 476 et
3000 440 3107 477 ecce
3130 426 3267 477 scala
3304 426 3523 478 stabilita
3560 445 3717 495 super

2137 527 2355 579 terram,
2396 516 2536 583 cujus
2571 527 2720 583 caput
2751 514 3056 582 pertingebat
3091 516 3159 567 ad
3195 516 3402 581 ctutum,
3444 528 3493 571 et
3532 518 3717 589 Angeli

2140 603 2231 656 Dei
2259 604 2588 658 ascendebant
2610 613 2656 656 et
2682 603 3037 658 descendebant
3062 622 3149 673 per
3173 607 3316 658 illaut
3344 622 3361 659 :
3398 616 3443 660 et
3468 606 3719 663 Dominus

2136 696 2445 749 incumbebat
2482 712 2632 761 super
2661 696 2803 750 illam
2829 737 2843 761 ,
2887 707 2934 749 et
2963 696 3122 760 dixit,
3166 696 3276 767 Ego
3312 715 3424 753 sum
3463 698 3712 755 Dominus

2137 784 2275 840 Deus
2302 787 2555 841 Abraham
2586 788 2741 854 patris
2760 787 2863 853 tui,
2891 796 2936 839 et
2979 785 3111 840 Deus
3138 786 3308 842 Isaac.
3353 789 3477 844 Noli
3506 793 3678 846 timere
3702 813 3720 857 ;

2139 887 2322 931 terram
2360 879 2411 932 in
2449 895 2549 947 qua
2590 888 2644 932 tu
2670 878 2859 933 dormis
2879 895 3029 948 super
3051 896 3195 944 eam,
3238 881 3327 935 tibi
3363 882 3493 935 dabo
3521 900 3632 938 eam
3670 898 3722 938 et

2139 973 2315 1026 semini
2350 983 2453 1026 tuo.
2496 972 2561 1027 Et
2598 973 2691 1027 erit
2716 988 2884 1026 semen
2922 982 3060 1025 tuum
3088 974 3218 1027 sicut
3261 992 3415 1029 arena
3458 986 3630 1041 terrm,
3671 990 3725 1031 ct

2140 1065 2554 1133 multiplicabitur
2578 1079 2733 1135 supra
2762 1081 2901 1119 mare
2922 1107 2938 1130 ,
2965 1075 3011 1119 et
3031 1067 3085 1119 in
3118 1067 3344 1136 Africum
3362 1078 3455 1132 ,κει
3480 1069 3533 1122 in
3560 1070 3722 1139 Aqui-

2144 1159 2306 1214 lonem
2326 1202 2338 1223 ,
2370 1170 2412 1213 et
2429 1158 2497 1212 ad
2526 1159 2801 1214 Orientem.
2835 1159 2901 1213 Et
2925 1160 3274 1214 benedicentur
3309 1161 3363 1214 in
3382 1170 3616 1218 teomnes
3628 1165 3692 1216 tri
3710 1197 3725 1206 ς

2143 1252 2231 1306 bus
2258 1261 2436 1317 terrm,
2459 1262 2505 1306 et
2534 1252 2585 1305 in
2609 1252 2796 1306 semine
2821 1262 2924 1304 tuo.
2951 1248 3018 1304 Et
3037 1268 3148 1305 ecce
3168 1268 3258 1322 ego
3286 1270 3397 1306 sum
3444 1264 3604 1306 tecum
3632 1271 3725 1307 cu-

2145 1344 2363 1397 stodiens
2390 1354 2435 1397 te
2472 1344 2522 1397 in
2549 1344 2686 1397 omni
2708 1342 2788 1396 uia
2821 1358 3129 1413 quacumque
3170 1344 3265 1397 ibis
3288 1385 3303 1406 ,
3344 1354 3391 1397 et
3416 1345 3654 1397 reducant
3678 1356 3726 1399 te

2147 1437 2197 1489 in
2226 1446 2409 1490 terram
2433 1435 2561 1488 hanc
2588 1450 2607 1488 :
2634 1436 2751 1503 quia
2768 1450 2867 1489 non
2889 1444 2937 1489 te
2960 1436 3323 1505 derelinquam,
3356 1436 3512 1489 donec
3537 1438 3724 1507 faciam

2147 1526 2315 1581 omnia
2353 1542 2465 1595 qua:
2499 1536 2662 1579 tecum
2701 1528 2897 1581 locutus
2925 1543 3034 1580 sum
3072 1526 3225 1596 (Gen.
3268 1543 3439 1582 xxvm
3464 1568 3479 1591 ,
3512 1528 3722 1597 10-15).

2150 1618 2289 1673 Ecce
2330 1618 2414 1673 cui
2452 1618 2791 1687 promissioni
2835 1618 3115 1681 resistitis,
3150 1632 3283 1671 .ecee
3311 1633 3469 1687 quam
3511 1617 3725 1672 ﬁrmum

2151 1717 2523 1765 testamentum
2543 1709 2749 1764 irritum
2770 1708 2962 1763 facitis.
2995 1709 3129 1763 Dicit
3159 1708 3329 1772 Deus,
3360 1707 3480 1762 Non
3510 1718 3558 1764 te
3579 1709 3728 1762 dere-

2152 1800 2402 1869 linquam,
2432 1800 2591 1853 donec
2614 1800 2801 1869 faciam
2829 1800 2998 1853 omnia
3026 1814 3137 1868 quae
3170 1807 3331 1852 tecum
3353 1801 3548 1853 locutus
3576 1817 3688 1853 sum
3710 1815 3729 1854 :

2150 1901 2206 1948 et
2230 1907 2325 1947 vos
2346 1892 2710 1948 contradicitis
2731 1933 2745 1956 ,
2777 1892 3016 1947 dicentes
3054 1902 3111 1946 ut
3147 1891 3297 1945 vobis
3323 1888 3501 1962 potius
3542 1892 3733 1947 creda-

2153 1997 2271 2037 mus
2289 1981 2541 2053 quidquid
2568 1982 2807 2045 criminis
2830 1982 3061 2052 ohjicttis
3089 1983 3268 2051 ignoto
3302 1992 3355 2037 et
3397 1983 3577 2051 ignaro
3612 1984 3729 2037 orbi

2154 2084 2448 2137 terrarum;
2480 2073 2588 2129 Deo
2615 2082 2794 2128 autem
2820 2072 3014 2128 dicenti
3041 2114 3055 2133 ,
3092 2071 3213 2126 Non
3249 2073 3530 2143 relinquant
3569 2074 3730 2127 donec

2156 2165 2339 2234 faciam
2362 2202 2380 2229 ,
2410 2178 2513 2218 non
2545 2162 2847 2218 credamus.

2226 2254 2312 2309 14.
2354 2252 2533 2324 Legite
2560 2253 2713 2308 nobis
2741 2252 2808 2308 de
2836 2252 3121 2322 Scripturts
3147 2252 3413 2308 canonicis
3439 2268 3531 2308 eos
3566 2254 3733 2308 tradi—

2154 2342 2299 2401 disse
2323 2343 2530 2399 divinos
2556 2343 2770 2400 codices
2786 2385 2801 2408 ,
2834 2358 2968 2413 quos
2991 2343 3304 2398 nominatim
3329 2343 3622 2407 accusatis;
3653 2343 3736 2398 le-

2155 2437 2263 2507 gite
2287 2444 2392 2490 tam
2422 2444 2634 2505 aperta,
2662 2449 2820 2505 quam
2847 2444 2970 2489 sunt
2999 2435 3096 2489 ista
3122 2450 3239 2505 qua:
3268 2434 3416 2489 vobis
3442 2434 3509 2489 de
3541 2435 3740 2490 Genesi

2158 2526 2400 2597 legimus.
2430 2526 2544 2581 Non
2573 2541 2601 2578 τι
2631 2526 2783 2581 vobis
2816 2527 3105 2596 quaerimus
3134 2526 3258 2596 quid
3295 2525 3428 2596 lapis
3456 2528 3544 2581 ille
3570 2528 3741 2598 signi-

2161 2616 2302 2680 ﬁcet,
2330 2631 2486 2686 quem
2513 2615 2678 2671 Jacoh
2703 2614 2801 2670 sibi
2830 2615 2896 2671 ad
2921 2626 3079 2686 caput
3104 2616 3279 2687 posuit
3306 2632 3425 2672 cum
3452 2617 3741 2683 dormiret;

2158 2708 2284 2780 quid
2309 2708 2451 2765 scala
2482 2706 2710 2763 stabilita
2737 2722 2895 2779 super
2922 2716 3152 2773 terram,
3183 2708 3334 2778 cujus
3359 2718 3516 2778 caput
3542 2710 3743 2779 pertin-

2159 2799 2317 2872 gebat
2341 2800 2405 2855 ad
2431 2800 2661 2865 caelum;
2689 2799 2814 2871 quid
2845 2800 3030 2870 Angeli
3072 2798 3165 2855 Dei
3189 2801 3535 2855 ascendentes
3564 2810 3616 2854 ct
3641 2801 3744 2856 dc-

2159 2890 2473 2946 scendcntcs
2496 2905 2589 2959 per
2616 2890 2778 2945 illam.
2802 2889 3097 2960 Requirant
3126 2890 3224 2944 ista
3255 2892 3619 2960 prudentiores
3657 2901 3744 2945 at-

2159 2997 2264 3051 que
2291 2981 2584 3046 doctiores,
2613 2990 2666 3037 et
2705 2980 2757 3035 in
2796 2981 2989 3052 populo
3034 2990 3217 3051 pacato
3261 2983 3609 3054 eloquuntur,
3652 2985 3749 3038 ubi

2162 3089 2266 3127 non
2309 3072 2578 3142 obstrepat
2621 3073 2861 3144 improba
2898 3073 3275 3134 contradictio,
3315 3075 3383 3129 de
3418 3075 3749 3130 obscuritate

2161 3165 2478 3219 sacramenti
2501 3175 2554 3218 ct
2574 3164 2853 3234 aenigmate
2872 3163 3112 3218 lectionis
3131 3179 3343 3218 armans
3364 3165 3746 3234 impudentiam

2160 3271 2332 3312 suam.
2363 3256 2478 3312 Non
2506 3256 2698 3312 desunt
2725 3256 2883 3313 corda
2910 3257 3175 3324 ﬁdelium,
3211 3272 3329 3327 qua:
3361 3268 3752 3315 commemoret

2162 3347 2419 3404 Dominus
2447 3363 2514 3402 ex
2540 3347 2828 3419 Evangelia
2846 3388 2862 3415 ,
2902 3348 2988 3403 ubi
3017 3347 3121 3414 ait,
3152 3364 3272 3402 cum
3299 3348 3514 3403 vidisset
3537 3348 3751 3404 lsracli~

2163 3448 2269 3496 taut
2299 3439 2351 3497 in
2377 3453 2482 3514 quo
2512 3439 2665 3495 dolus
2694 3453 2797 3494 non
2825 3446 2939 3494 erat
2959 3479 2973 3502 ,
3002 3440 3126 3510 quia
3152 3438 3317 3494 Jacob
3354 3439 3442 3508 qui
3482 3439 3577 3493 bas
3614 3440 3755 3496 vidit

2163 3535 2334 3590 scalas
2353 3577 2366 3600 ,
2398 3537 2509 3605 ipse
2542 3534 2713 3591 dictus
2742 3540 2824 3591 est
2847 3531 3010 3590 Israel
3036 3549 3048 3585 :
3080 3547 3185 3587 non
3213 3532 3399 3587 desunt
3425 3547 3586 3603 ergo,
3612 3548 3755 3603 quos

2166 3629 2285 3684 inde
2314 3629 2427 3698 ipse
2453 3637 2837 3683 commemoret
2870 3626 3157 3690 Dominus;
3187 3624 3256 3680 ibi
3288 3624 3483 3695 quippe
3517 3626 3622 3690 ait,
3658 3623 3753 3678 Vi-

2165 3720 2340 3775 debitis
2377 3720 2812 3789 calum‘apertum
2833 3760 2847 3783 ,
2879 3727 2935 3775 et
2966 3718 3182 3788 Angelos
3224 3715 3313 3769 Dei
3350 3716 3676 3769 ascendentes
3706 3726 3757 3769 et

2166 3810 2518 3865 descendentes
2546 3826 2695 3879 super
2721 3808 2767 3863 F
2770 3810 2912 3863 ilium
2934 3808 3150 3862 hominis
3178 3806 3353 3877 (Joan.
3376 3806 3526 3867 1.47,
3555 3806 3672 3874 5|),
3701 3806 3755 3861 id

2165 3909 2269 3966 est,
2291 3908 2452 3969 super
2471 3914 2652 3954 semen
2679 3898 2925 3963 Abrahm,
2955 3898 3007 3952 in
3033 3912 3138 3967 quo
3161 3896 3540 3952 benedicuntur
3561 3912 3756 3950 omnes

2164 4000 2369 4062 gentes.
2398 3989 2503 4045 Sed
2531 3990 2644 4044 hinc
2672 4004 2777 4044 non
2806 3988 3015 4043 inculco
3036 3987 3423 4044 recusantibus.
3453 3987 3586 4042 Ecce
3605 3987 3754 4054 quod

2166 4081 2344 4136 audite
2368 4099 2379 4135 :
2411 4080 2522 4134 Erit
2544 4097 2710 4135 semen
2739 4090 2879 4134 tuum
2906 4081 3029 4134 sicut
3054 4096 3210 4133 arena
3237 4089 3400 4143 teme,
3430 4088 3475 4130 et
3505 4078 3757 4147 nmltipli-

2164 4174 2357 4226 cabitur
2382 4188 2536 4241 supra
2562 4187 2718 4238 mare,
2750 4180 2795 4225 et
2824 4172 2875 4223 in
2904 4170 3164 4239 Africum,
3192 4180 3236 4224 et
3266 4171 3318 4223 in
3343 4168 3638 4238 Aquilonem
3662 4210 3677 4233 ,
3708 4179 3756 4221 ct

2166 4266 2220 4318 in
2247 4264 2501 4320 Orientem
2529 4280 2546 4317 :
2576 4275 2622 4318 et
2652 4262 3004 4316 benedicentur
3032 4263 3085 4316 in
3115 4272 3163 4316 te
3190 4277 3358 4315 onmes
3388 4260 3542 4315 tribus
3582 4269 3752 4321 terra’,

2169 4367 2213 4411 et
2242 4358 2295 4409 in
2321 4357 2508 4411 semine
2537 4365 2640 4408 tuo.
2678 4355 2805 4411 Date
2845 4353 2972 4408 tnihi
3009 4354 3144 4408 hanc
3175 4353 3496 4416 Ecclesium,
3526 4351 3571 4404 si
3610 4351 3756 4419 apud

2170 4463 2263 4499 vos
2288 4457 2369 4501 est
2397 4464 2408 4500 :
2441 4446 2703 4501 ostendite
2732 4461 2827 4500 vos
2862 4444 3255 4501 communicare
3300 4443 3544 4496 omnibus
3581 4442 3757 4511 genti-

2172 4540 2287 4603 bus,
2321 4554 2451 4608 quas
2473 4539 2580 4606 jam
2612 4538 2851 4592 videmus
2883 4542 2932 4590 in
2966 4537 3066 4591 hoc
3090 4537 3293 4592 semine
3327 4533 3585 4590 benedici.
3622 4533 3756 4587 Date

2174 4630 2327 4693 hanc,
2356 4640 2443 4682 aut
2471 4628 2647 4684 furore
2676 4629 2917 4698 deposito
2945 4627 3189 4697 accipite,
3217 4641 3321 4680 non
3353 4641 3383 4680 a
3411 4640 3497 4680 me
3519 4666 3534 4688 ,
3565 4623 3659 4678 sed
3687 4625 3758 4677 ab

2172 4722 2261 4774 illo
2289 4721 2403 4791 ipso
2433 4721 2482 4775 in
2514 4736 2620 4791 quo
2652 4719 3034 4775 benedicuntur
3076 4732 3262 4772 omnes
3294 4725 3499 4785 gentes.
3535 4713 3658 4768 Hsec
3689 4713 3759 4768 de

2174 4813 2344 4882 primo
2388 4812 2541 4883 chis
2588 4813 2721 4867 libro
2768 4824 3216 4867 commemorasse
3263 4807 3566 4862 suffecerit:
3601 4806 3759 4874 plura

2176 4905 2508 4959 innotescent
2546 4905 2658 4958 sine
2700 4903 2855 4971 impia
2887 4901 3227 4956 centcntioue
3267 4909 3317 4954 et
3354 4913 3476 4954 cum
3506 4898 3590 4967 pia
3616 4895 3759 4949 dile-

2173 4998 2347 5051 ctione
2377 4995 2690 5066 legentibus.

2242 5087 2467 5144 CAPUT
2499 5084 2604 5141 Vll.
2630 5114 2699 5125 ——
2728 5086 2811 5139 15.
2845 5083 2980 5152 Quid
3013 5085 3062 5137 in
3088 5082 3388 5151 Prophetis,
3412 5094 3567 5151 quam
3592 5080 3760 5132 multa

2173 5192 2222 5236 et
2254 5196 2408 5249 quam
2440 5178 2719 5233 manifesta
2747 5186 2869 5230 sunt
2899 5175 3200 5229 testimonia
3233 5172 3485 5228 Ecclesia:
3518 5185 3611 5239 per
3634 5185 3759 5223 om-

2174 5288 2267 5325 ucs
2294 5280 2474 5341 gentes
2503 5278 2615 5324 toto
2645 5277 2903 5326 terrarum
2940 5266 3069 5320 orbe
3114 5263 3356 5319 dilfusm?
3400 5261 3548 5316 Unde
3591 5274 3763 5329 pauca

2171 5361 2620 5428 commemorabo,
2654 5360 2801 5431 plura
2830 5359 3138 5427 relinquens
3165 5356 3273 5409 otio
3304 5352 3593 5422 diligentia:
3634 5366 3761 5403 cum

2176 5454 2267 5508 Dei
2294 5454 2481 5521 timore
2504 5450 2822 5522 legentibus.
2851 5448 3188 5518 Accipiamus
3215 5461 3309 5514 per
3334 5458 3395 5496 os
3420 5443 3564 5495 lsain‘
3588 5440 3763 5494 sancti

2172 5545 2345 5598 divina
2374 5556 2651 5613 responsa,
2680 5550 2733 5596 ct
2757 5542 2872 5609 ejus
2899 5553 2990 5592 ora
3022 5548 3270 5605 tanquam
3303 5535 3391 5587 Dci
3419 5547 3525 5584 orat
3546 5531 3630 5583 ula
3654 5530 3765 5582 sci-

2174 5638 2443 5690 scitemur.
2474 5634 2674 5689 Silcant
2701 5633 3047 5684 humanarum
3078 5625 3477 5681 contentionum
3517 5622 3764 5673 animosa

2175 5744 2223 5786 cl
2246 5729 2537 5799 perniciosa
2560 5726 2847 5781 Certamina
2873 5740 2883 5775 :
2910 5721 3224 5776 inclinemus
3245 5732 3425 5772 aurem
3455 5714 3617 5767 verbo
3640 5712 3765 5764 Dei.
