4066 6200
210 398 308 453 Μ

211 512 365 568 Dicat
386 509 550 565 Isaias
572 508 659 564 ubi
682 508 971 564 Ecclesium
991 518 1226 563 sanctam
1251 510 1361 564 Deo
1383 508 1649 564 revelaute
1675 522 1808 575 pne-

210 602 425 666 viderit,
455 611 514 655 ut
537 603 590 655 in
620 598 795 654 verbis
822 596 994 654 futura
1022 600 1248 655 dicentis
1274 600 1382 669 jam
1411 615 1554 654 nunc
1576 614 1808 669 prteseu-

212 696 283 749 tia
309 693 606 750 videmnus.
638 690 852 761 chleta
875 702 968 757 est,
1004 692 1192 762 inquit,
1224 693 1456 746 universa
1483 700 1617 746 terra
1643 701 1695 744 ut
1719 708 1808 744 co-

215 795 423 858 gnoscat
455 768 847 857 Dominumhut
872 801 1003 851 aqua
1033 784 1191 838 ntulta
1217 784 1409 854 aperiat
1435 793 1591 841 mare.
1625 782 1694 837 Et
1717 784 1811 837 erit

213 879 266 931 in
295 876 389 929 illa
416 875 501 930 die
526 874 680 929 radix
705 875 880 938 Jesse,
912 882 956 928 et
994 874 1081 944 qui
1120 884 1351 945 exsurget
1385 874 1688 943 principium
1717 875 1810 927 Ita-

217 969 328 1023 bere
352 968 408 1021 in
432 964 698 1033 nationes,
725 966 778 1020 in
796 981 911 1019 eum
948 975 1118 1036 gentes
1146 966 1420 1035 sperabunt
1474 963 1627 1038 (Isai.
1659 980 1713 1019 XI
1734 1005 1748 1029 ,
1777 965 1810 1021 9

215 1068 259 1113 et
289 1056 396 1130 10).
441 1056 691 1112 [Iudicem
716 1056 868 1111 Jesse
884 1056 1154 1112 Christum
1182 1072 1302 1115 esse
1330 1073 1393 1113 ex
1419 1058 1623 1113 semine
1646 1057 1809 1113 David

217 1148 511 1206 secundum
534 1137 752 1204 carnem
784 1159 997 1211 natum,
1026 1147 1200 1202 nullus
1234 1163 1447 1218 quoquo
1479 1148 1639 1202 modo
1663 1147 1807 1204 chri-

217 1242 425 1297 stianus
452 1241 659 1310 ignorat
687 1255 701 1293 :
729 1247 783 1293 et
808 1239 853 1293 si
881 1237 1246 1294 contentiosus
1272 1248 1373 1302 est,
1404 1253 1525 1293 cum
1554 1238 1809 1310 Apostoln

218 1332 537 1396 contendat,
576 1331 666 1402 qui
705 1330 806 1386 hoc
843 1330 1143 1385 testimonio
1182 1331 1234 1385 in
1267 1329 1479 1385 Litteris
1507 1331 1618 1384 suis
1647 1331 1810 1385 utitur

220 1425 392 1497 (Rom.
429 1438 533 1488 xv,
578 1422 688 1493 12).
738 1420 866 1476 Item
912 1421 1043 1476 dicit
1091 1439 1105 1478 :
1144 1419 1452 1477 Genninabit
1497 1432 1542 1475 ct
1583 1422 1808 1492 ﬂorescet

220 1515 415 1581 Israel,
447 1524 496 1569 ct
523 1513 795 1585 replebitur
831 1511 965 1568 orbis
1008 1522 1256 1567 terrarum
1297 1516 1465 1584 fructu
1504 1514 1613 1582 ejus
1652 1511 1805 1583 (Isai.

220 1623 391 1674 unt,
418 1607 497 1675 6).
539 1606 701 1662 Israel
731 1620 925 1675 netnpc
952 1605 1093 1661 illius
1123 1604 1220 1660 fuit
1242 1602 1420 1670 Isaac,
1450 1618 1615 1674 nepos
1635 1605 1808 1659 Abra-

222 1701 362 1769 ham,
385 1702 471 1756 cui
492 1698 814 1771 promissqu
836 1706 919 1754 est
937 1698 1076 1769 quod
1100 1698 1153 1753 in
1176 1698 1376 1753 semine
1396 1697 1511 1766 ejus
1532 1695 1810 1759 benedice-

221 1801 399 1849 rentur
426 1807 617 1849 omnes
652 1803 840 1864 gentes
869 1810 883 1846 :
915 1792 1057 1869 quod
1103 1806 1291 1848 semen
1332 1790 1602 1847 Christum
1643 1790 1809 1846 inter-

223 1893 455 1954 pretatur
482 1884 794 1955 Apostolus.
825 1884 977 1940 Venit
1013 1896 1189 1939 autem
1220 1884 1462 1939 Christus
1498 1898 1563 1939 ex
1604 1883 1810 1939 semine

223 1974 485 2030 Abraham
517 1991 611 2047 per
634 1974 782 2037 Isaac
819 1984 872 2032 et
914 1991 1008 2045 per
1036 1975 1194 2030 Israel
1218 2018 1231 2040 ,
1261 1983 1317 2030 et
1359 1974 1642 2044 deinceps,
1671 1975 1810 2030 sicut

224 2069 592 2136 generationes
616 2067 682 2122 ad
712 2077 888 2122 ortum
915 2067 1112 2123 Christi
1136 2067 1461 2138 pertinentes
1484 2065 1809 2137 evangelista

225 2159 454 2214 contexit
498 2158 712 2231 (Matth.
752 2159 815 2231 ι).
858 2159 961 2227 Qui
987 2175 1117 2228 ergo
1144 2158 1257 2215 vult
1291 2168 1478 2214 contra
1513 2158 1804 2229 disputare,

226 2250 549 2304 contradicat
571 2249 877 2320 Evangelio,
908 2258 1065 2319 neget
1091 2265 1158 2305 ex
1181 2249 1386 2305 semine
1410 2248 1570 2305 lsracl
1601 2249 1809 2303 venisse

227 2339 485 2396 Christum
504 2380 519 2404 ,
552 2349 610 2396 ut
642 2341 807 2412 possit
834 2356 1027 2412 negare
1055 2341 1197 2412 quod
1226 2339 1391 2398 Isaias
1414 2340 1577 2406 dicit,
1604 2339 1809 2395 Genui-

229 2435 357 2489 uabit
396 2445 445 2489 et
494 2436 727 2505 ﬂorescet
772 2433 973 2498 Israel,
1005 2445 1051 2489 et
1090 2434 1359 2503 replebitur
1400 2434 1534 2489 orbis
1562 2444 1810 2488 terrarum

230 2532 386 2597 {ructu
418 2527 549 2597 ejus.
581 2526 707 2581 Item
733 2526 899 2581 dicit:
924 2523 1034 2596 Ego
1057 2524 1195 2579 Deus
1220 2526 1430 2593 primus,
1458 2534 1507 2601 et
1525 2524 1579 2579 in
1599 2525 1676 2579 Itis
1700 2540 1811 2595 qtae

230 2619 485 2673 advenient
514 2634 604 2689 ego
632 2635 766 2673 sum.
809 2616 1054 2673 Viderunt
1084 2627 1254 2687 gentes
1273 2658 1288 2682 ,
1315 2626 1363 2672 et
1391 2618 1660 2672 timuerunt
1686 2618 1811 2686 ﬁnes

232 2721 368 2764 terra
409 2710 564 2772 llsai.
595 2725 681 2764 xu
701 2748 717 2774 ,
745 2710 801 2777 tl,
831 2708 911 2779 5).
960 2708 1072 2764 Hoc
1109 2717 1191 2763 est
1219 2708 1360 2779 quod
1389 2709 1511 2763 alihi
1542 2708 1811 2778 Scriptura

232 2800 367 2865 dicit,
406 2799 613 2855 Primus
639 2811 686 2853 et
714 2800 1011 2854 novissimus
1042 2798 1224 2868 (Apoc.
1254 2814 1360 2855 χχιι
1389 2840 1405 2863 ,
1436 2796 1558 2869 15),
1601 2806 1658 2853 ιιι
1685 2799 1751 2853 sit
1779 2821 1815 2853 α

234 2902 284 2944 et
303 2914 359 2954 α,
385 2906 508 2962 qua
532 2900 658 2946 sunt
683 2890 874 2945 littera:
902 2890 954 2944 in
982 2884 1135 2960 signo
1158 2886 1356 2944 Christi
1378 2888 1625 2943 ontnihus
1651 2899 1810 2944 notae.

235 2983 330 3036 Pro
349 2997 414 3037 eo
434 2982 582 3037 enim
607 2980 747 3055 quod
774 2981 845 3036 ibi
867 2990 971 3047 est,
1001 2982 1323 3046 nouissimus,
1354 2980 1437 3036 hic
1459 2983 1687 3051 positum
1708 2990 1811 3047 est,

234 3074 348 3127 etin
375 3074 455 3126 Itis
481 3087 596 3142 gate
619 3073 882 3127 advenient
909 3088 1000 3143 ego
1026 3087 1159 3126 sum.
1190 3071 1323 3127 lluic
1345 3087 1474 3142 ergo
1502 3071 1815 3127 manifesta.

235 3167 358 3219 tioui
385 3164 792 3233 contradicunt,
824 3164 913 3232 qui
945 3163 1133 3218 nolunt
1160 3161 1416 3229 credere,
1446 3163 1554 3217 into
1592 3163 1681 3233 qui
1713 3179 1812 3219 no-

236 3256 344 3311 lunt
379 3256 489 3323 jam
538 3254 718 3309 videre
759 3254 1014 3324 compleri
1057 3254 1198 3323 quod
1247 3254 1484 3322 sequitur
1518 3271 1529 3302 τ
1575 3253 1815 3309 l'itlerunt

234 3355 436 3416 gentes;
461 3357 509 3399 et
539 3346 810 3399 tinmerunt
837 3346 963 3415 ﬁnes
993 3352 1159 3401 teme.
1180 3343 1319 3403 Item
1350 3344 1507 3413 paulo
1533 3353 1651 3414 post
1678 3363 1692 3398 :
1720 3343 1815 3397 Ja-

234 3438 318 3490 (ob
344 3453 471 3506 puer
494 3438 952 3506 meus,‘suscipiont
974 3435 1155 3500 illum;
1179 3434 1346 3490 Israel
1368 3436 1573 3501 electus,
1599 3436 1815 3506 suscepit

235 3546 340 3581 cum
365 3530 541 3583 animo
567 3544 696 3583 mea.
729 3528 860 3583 Dedi
888 3528 1141 3598 Spiritum
1168 3544 1331 3582 meum
1369 3528 1419 3582 in
1445 3528 1588 3582 illum
1625 3543 1644 3581 :
1663 3528 1813 3598 judi-

236 3621 361 3675 cium
390 3619 620 3692 gentibus
646 3622 884 3691 proferet.
918 3620 1039 3674 Non
1078 3619 1347 3686 clamabit,
1387 3635 1547 3691 neque
1582 3620 1811 3686 cessabit,

237 3728 387 3780 neque
404 3714 638 3767 audietur
659 3713 785 3783 foris
806 3729 902 3768 eoa:
920 3714 1050 3784 eius.
1073 3712 1385 3768 Arundinem
1403 3723 1694 3783 quassatam
1715 3730 1815 3768 non

235 3805 532 3874 confringet,
562 3813 607 3858 et
636 3804 828 3874 lignum
861 3803 1116 3875 funtigans
1142 3820 1243 3858 non
1264 3805 1565 3875 exstinguet,
1591 3804 1680 3859 sed
1701 3821 1814 3858 cum

236 3896 433 3948 seritur
458 3893 679 3965 proferet
698 3894 973 3965 judicium.
1000 3893 1320 3967 Refulgebit,
1358 3905 1405 3951 et
1447 3912 1548 3950 non
1582 3896 1813 3968 confrin-

234 3998 392 4058 getur,
423 3990 582 4043 donec
609 3992 764 4058 ponat
785 3990 837 4044 in
861 3998 994 4044 terra
1010 3990 1268 4061 judicium
1294 4006 1314 4043 :
1337 3989 1465 4044 etin
1482 3989 1683 4044 nomine
1704 3990 1819 4057 eius

234 4089 397 4149 gentes
422 4079 695 4149 sperabunt
723 4077 878 4150 (Isai.
905 4095 1032 4143 χιιι,
1062 4079 1198 4150 I4).
1225 4079 1338 4136 Hoc
1365 4079 1722 4136 testimonium
1747 4078 1815 4137 dc

232 4170 445 4227 Christo
486 4171 885 4243 intelligendum
906 4211 927 4239 ,
954 4182 1007 4227 et
1038 4171 1090 4227 in
1122 4172 1411 4244 Evangelio
1442 4172 1671 4243 positum
1708 4183 1811 4229 est.

234 4258 330 4327 Qui
355 4260 517 4317 audet
534 4301 552 4327 ,
583 4262 912 4317 contradicat
936 4279 950 4317 :
978 4263 1065 4333 qui
1093 4272 1271 4319 autem
1299 4277 1405 4319 non
1429 4261 1610 4330 audet,
1636 4272 1816 4332 speret

235 4350 287 4403 in
309 4365 430 4406 eum
457 4366 579 4406 cum
606 4352 853 4423 gentibus
874 4394 888 4416 ,
917 4363 972 4409 et
1006 4354 1074 4409 al)
1113 4354 1314 4409 unitate
1349 4354 1583 4426 gentium
1613 4354 1665 4410 iu
1692 4371 1813 4410 eum

232 4443 555 4510 sperantium
580 4458 687 4499 non
713 4442 963 4511 recedat;
992 4452 1084 4501 aut
1105 4445 1153 4501 si
1178 4454 1491 4514 recesserat,
1519 4445 1817 4513 redeatﬁtc

232 4541 432 4600 pereat.
586 4571 611 4593 .

304 4626 387 4682 I0.
430 4625 559 4681 Item
600 4625 730 4683 dicit
766 4626 968 4683 Isaias:
1004 4626 1068 4682 Et
1094 4644 1229 4682 nunc
1261 4628 1333 4683 sic
1358 4627 1481 4685 dicit
1509 4628 1759 4684 Dominus
1792 4644 1813 4683 :

234 4716 331 4783 Qui
358 4717 508 4787 ﬁnxit
538 4735 618 4773 me
639 4720 693 4773 in
721 4727 864 4774 utero
889 4736 1084 4775 servum
1109 4719 1227 4787 sibi,
1253 4729 1311 4773 ut
1334 4736 1628 4801 congregem
1650 4721 1815 4779 Iacob

232 4817 276 4859 et
302 4807 467 4864 Israel
505 4810 575 4863 ad
611 4828 761 4877 eum;
798 4812 1217 4882 appropinqwa
1244 4813 1410 4875 illum,
1457 4825 1505 4868 et
1532 4817 1827 4885 Itonorabor

230 4914 398 4952 coram
434 4898 654 4971 Domino
682 4902 730 4965 ',
764 4910 809 4955 et
852 4900 991 4957 Deus
1036 4920 1175 4959 meus
1216 4904 1310 4956 erit
1356 4904 1480 4958 milii
1522 4906 1699 4958 virtus.
1750 4905 1815 4960 h't

225 4990 355 5047 dicit
391 4992 516 5046 nti/ti
541 5009 560 5047 :
591 4991 879 5049 Maximum
908 4995 997 5049 tibi
1035 4996 1128 5051 erit
1158 4994 1286 5063 hoc,
1318 4997 1486 5051 vocari
1528 5009 1576 5053 te
1604 5014 1814 5067 puerum

227 5098 414 5149 mm,
458 5094 515 5139 ut
558 5086 837 5142 constituas
879 5087 1039 5143 tribus
1077 5085 1274 5153 Iacob,
1319 5097 1367 5143 et
1415 5089 1604 5159 prolem
1650 5088 1817 5144 Israel

223 5183 507 5230 convertas.
540 5172 609 5228 Et
636 5176 780 5247 posui
802 5188 857 5231 te
879 5177 932 5231 in
962 5186 1314 5232 testamentum
1342 5180 1537 5249 generis
1568 5179 1620 5233 in
1651 5178 1815 5234 lucrm

224 5266 483 5333 gentium,
513 5276 568 5320 ut
605 5267 676 5320 sis
714 5267 854 5323 salus
894 5282 1052 5337 usque
1087 5270 1157 5323 ad
1185 5270 1312 5339 ﬁnes
1340 5280 1505 5326 terrte.
1556 5271 1622 5325 Et
1657 5274 1814 5342 paulo

225 5366 387 5427 post:
429 5357 522 5415 Sic
563 5358 728 5425 dicit,
779 5358 984 5429 inquit,
1018 5359 1267 5416 Dominus
1316 5359 1482 5417 Israel
1510 5378 1528 5415 :
1572 5361 1814 5432 Tempore

220 5448 489 5515 aptissimo
517 5451 757 5506 exaudiui
785 5462 862 5515 te,
897 5462 945 5506 et
969 5452 1021 5504 in
1047 5452 1129 5506 die
1151 5444 1329 5508 salutis
1354 5454 1528 5523 σεσιιυί
1554 5464 1619 5509 te.
1651 5453 1811 5511 Certe

220 5535 320 5591 ista
362 5540 527 5595 verba
574 5556 696 5595 cum
754 5553 1228 5599 corumemorasset
1269 5545 1542 5614 apostolus
1590 5545 1807 5611 Paulus,

283 5695 299 5723 ¹
336 5699 389 5742 tn
410 5692 698 5763 flor-incensi
723 5700 829 5763 διες,
850 5701 896 5745 et
921 5696 1083 5747 Israel.
1113 5695 1183 5746 ..δά
1205 5710 1315 5748 eum
1336 5697 1743 5763 appropinquatio,
1767 5708 1813 5763 ct

208 5753 462 5823 (rorant—atto
482 5769 647 5823 rerum
671 5759 878 5823 fortuna.
894 5764 940 5805 lu
952 5771 1113 5819 graeco
1134 5765 1238 5808 LXX
1257 5770 1350 5822 est,
1367 5753 1805 5821 's'tma'clttbe'somai,

202 5815 297 5867 Itai
314 5817 683 5867 .tuxtttttésoutui
706 5818 927 5873 attention
947 5815 1139 5877 iturum.

1066 410 1237 450 vetuo
1264 394 1350 449 DF.
1393 391 1690 450 UNITATE
1734 389 2091 451 ECCLESIE
2129 392 2334 451 LIBER
2376 390 2579 454 UNUS.

3397 404 3504 463 ιω

1918 506 2128 561 nonnisi
2174 508 2227 562 in
2274 508 2592 565 Christianis
2643 509 2873 566 ostendit
2925 511 3155 583 Impleri.
3205 511 3501 573 Contlexuit

1918 597 2059 653 cuitu
2084 595 2268 653 dicens
2295 616 2308 652 :
2339 597 2470 654 Ecce
2494 616 2626 655 nunc
2653 610 2848 672 tentpus
2874 602 3200 675 acceptabilc,
3229 620 3340 660 ecce
3366 622 3501 663 nunc

1916 688 2022 741 dies
2050 688 2229 743 salutis
2255 688 2338 761 (II
2364 687 2483 745 Cor.
2512 706 2586 756 γι,
2612 690 2691 763 2).
2724 692 3016 749 Audiamus
3039 709 3167 765 ergo
3193 695 3318 767 quid
3340 695 3502 753 Isaias

1917 780 2166 851 adiungat
2195 800 2208 835 :
2240 780 2373 838 Dedi
2399 792 2466 850 te,
2498 782 2689 854 inquit,
2721 785 2774 840 in
2803 793 3155 843 testamentum
3179 789 3421 860 gentium,
3450 790 3500 842 ut

1914 868 2109 924 incolas
2156 880 2362 939 terram,
2408 881 2457 927 et
2503 874 2761 944 possideas
2792 875 3135 932 luereditatem
3180 878 3385 934 deserti.
3438 881 3502 933 lit

1918 959 2246 1033 interpositis
2293 962 2484 1019 deinde
2526 967 2815 1033 connectit,
2858 978 2911 1022 et
2949 956 3078 1023 dicit
3115 988 3128 1023 :
3176 968 3306 1024 Ecce
3349 971 3435 1023 isti
3470 990 3500 1022 ιι

1914 1054 2189 1125 longinquo
2215 1056 2446 1122 venient;
2487 1058 2541 1111 Iti
2576 1069 2745 1113 autem
2769 1059 2830 1113 ab
2859 1062 3093 1130 aquilone
3121 1074 3168 1117 ct
3202 1066 3330 1117 mari
3356 1080 3370 1128 ;
3412 1067 3531 1118 alii.

1915 1156 2078 1200 autem
2105 1163 2169 1201 ea:
2195 1156 2328 1203 terra
2357 1148 2649 1205 Persarum.
2681 1152 2918 1216 Exsulta,
2948 1153 3147 1224 coelum,
3173 1166 3215 1210 ct
3244 1157 3294 1210 in
3327 1157 3502 1211 lwzitia

1915 1248 2048 1304 esto,
2084 1249 2219 1294 terra
2253 1258 2270 1295 :
2306 1241 2534 1297 emittant
2578 1253 2768 1298 montes
2803 1245 3219 1314 jucunditatem;
3266 1251 3500 1314 quoniam

1916 1331 2143 1384 misertus
2173 1341 2245 1386 est
2290 1330 2429 1386 Deus
2474 1335 2650 1403 pOpuli
2696 1336 2807 1402 sui,
2845 1347 2891 1388 et
2939 1337 3155 1392 humiles
3203 1338 3377 1408 populi
3426 1341 3502 1392 sui

1914 1421 2163 1476 allocutus
2191 1432 2282 1477 est.
2330 1422 2469 1479 Dixit
2495 1437 2663 1479 autem
2691 1426 2818 1481 Sion
2849 1444 2868 1482 .'
2897 1427 3177 1498 Detulit/uit
3215 1447 3293 1484 nte
3322 1429 3496 1484 Denti-

1914 1528 2028 1572 nus,
2072 1523 2119 1566 et
2148 1512 2284 1582 Deus
2316 1515 2500 1569 oblitus
2528 1527 2602 1571 est
2646 1519 2761 1572 mei.
2815 1516 3079 1590 Numquid
3120 1522 3284 1591 capiet
3324 1524 3502 1575 oblivio

1917 1605 2173 1659 mulierem
2210 1606 2307 1675 ﬁlii
2348 1607 2449 1671 sui,
2498 1610 2572 1662 vel
2611 1619 2772 1679 potest
2814 1610 2927 1678 fieri
2970 1620 3025 1663 ut
3070 1627 3169 1664 non
3208 1613 3501 1665 misereatur

1914 1694 2046 1765 [etus
2072 1697 2199 1750 uteri
2221 1698 2346 1752 sui?
2393 1698 2545 1752 Nunc
2581 1715 2695 1754 ecce
2719 1710 2766 1754 et
2804 1701 2850 1754 si
2889 1700 3032 1755 illam
3074 1701 3256 1756 oblirio
3283 1705 3498 1768 habebit,

1916 1802 1995 1841 me
2022 1795 2188 1842 tamen
2215 1787 2287 1842 tui
2312 1788 2453 1844 nullo
2479 1790 2628 1843 modo
2657 1789 2838 1843 oblivio
2861 1791 3047 1859 capiet,
3078 1792 3197 1845 dicit
3231 1791 3497 1847 Dominus.

1916 1877 2051 1932 Ecce
2073 1894 2228 1947 super
2257 1896 2435 1934 manus
2462 1896 2597 1935 meas
2626 1881 2869 1950 descripsi
2908 1890 3021 1935 tuos
3051 1898 3240 1947 muros,
3286 1884 3337 1936 in
3377 1900 3502 1939 con.-
3555 1932 3559 1939 .
3656 1914 3663 1921 ~

1915 1980 2088 2041 specta
2118 1970 2270 2025 etiam
2295 1987 2403 2026 meo
2428 1988 2481 2026 es
2507 1972 2559 2025 in
2586 1983 2898 2039 perpetuum,
2930 1981 2979 2026 et
3003 1972 3138 2027 brevi
3172 1974 3502 2042 (ediﬁcabcris

1915 2062 1977 2117 ab
2006 2062 2085 2116 Itis
2110 2079 2142 2114 a
2171 2062 2352 2134 quibus
2378 2078 2548 2117 crersa
2572 2079 2646 2116 es.
2688 2061 2820 2117 Cum
2851 2063 3007 2132 igitur
3040 2080 3132 2132 per
3155 2063 3501 2133 tutostolieatn

1914 2170 2098 2210 vocem
2132 2169 2237 2209 non
2283 2156 2521 2210 siuamnr
2557 2154 2657 2225 hoc
2685 2155 2751 2211 de
2796 2157 2990 2226 populo
3035 2157 3363 2224 Διιιιιυυτιιιιι,
3405 2161 3501 2214 sed

1915 2245 1982 2302 de
2007 2245 2432 2302 Christianorum
2460 2247 2785 2317 intelligere,
2811 2248 2938 2318 quid
2969 2248 3291 2305 intellecturi
3320 2264 3503 2305 sumus

1917 2339 1970 2394 in
1994 2354 2063 2395 eo
2085 2338 2227 2410 quod
2251 2340 2326 2393 ait
2350 2338 2451 2394 hoc
2477 2339 2593 2394 luco
2621 2338 2780 2395 Isaias
2797 2381 2812 2406 ,
2840 2338 2903 2394 Et
2922 2338 3059 2395 brevi
3080 2340 3414 2410 a'diﬁcaberis
3438 2344 3504 2395 ab

1916 2431 1996 2485 Itis
2023 2446 2055 2484 a
2095 2431 2276 2501 quibus
2317 2445 2488 2485 etcrsa
2524 2448 2576 2490 es
2594 2448 2616 2498 ;
2657 2431 2757 2486 nisi
2802 2446 2956 2502 rech
2999 2439 3156 2487 terra:
3198 2433 3288 2502 qui
3331 2432 3503 2502 primo

1917 2523 2375 2594 persequebantur
2404 2524 2693 2580 Ecclesium
2715 2566 2731 2592 ,
2760 2533 2881 2594 post
2907 2524 3182 2594 adjuturos
3208 2540 3327 2581 eam
3356 2535 3505 2581 tanto

1917 2623 2042 2670 ante
2067 2614 2426 2685 prtedictum?
2466 2610 2573 2671 Sed
2602 2615 2724 2687 quia
2769 2615 2918 2670 multi
2960 2631 3149 2673 eorum
3186 2614 3238 2671 iu
3268 2615 3378 2671 suis
3396 2615 3503 2671 ini-

1917 2705 2207 2777 quitatibus
2246 2706 2489 2762 morituri
2517 2717 2705 2774 erant,
2749 2708 2990 2779 adjuugit
3027 2717 3086 2762 et
3126 2708 3295 2765 dicit:
3329 2707 3397 2763 Et
3420 2711 3506 2780 qui

1918 2798 2269 2859 desolatterunt
2311 2809 2391 2864 te,
2433 2799 2691 2856 discedent
2731 2818 2764 2855 a
2800 2810 2867 2856 te.
2912 2801 3112 2857 Deinde
3152 2803 3275 2872 quia
3317 2818 3507 2859 omnes

1918 2871 2102 2958 [tentes
2147 2888 2565 2961 adjungerentur
2603 2890 2895 2958 Ecclesite,
2943 2871 3183 2962 sequitur
3230 2902 3286 2949 et
3329 2893 3502 2950 dicit:

1920 2978 2261 3051 Circutmpice
2284 2980 2467 3051 ubi)“
2494 2982 2655 3037 oculis
2682 2983 2783 3038 tuis
2802 3025 2819 3049 ,
2849 2992 2894 3037 et
2928 2984 3039 3040 ride
3065 2984 3344 3043 universos.
3383 2982 3506 3040 Vino

1920 3086 2043 3142 ego,
2074 3072 2195 3125 dicit
2223 3071 2474 3127 Dominus
2503 3087 2522 3128 :
2547 3089 2719 3128 omnes
2744 3073 2836 3129 Itos
2874 3074 3054 3129 indues
3081 3085 3155 3142 te,
3188 3085 3234 3128 et
3270 3074 3507 3145 dispones

1919 3182 2004 3223 eos
2027 3176 2082 3220 ut
2110 3176 2463 3223 ornamentum
2491 3180 2633 3222 nocte
2659 3176 2872 3238 nuptae;
2910 3167 3151 3239 quoniam
3177 3182 3289 3234 qua:
3312 3166 3509 3223 deserta

1921 3259 2127 3329 {uerunt
2152 3256 2205 3310 in
2234 3265 2301 3319 te,
2327 3265 2376 3311 et
2405 3266 2642 3326 corrupta
2672 3266 2720 3310 et
2747 3256 2980 3326 delapsa,
3026 3273 3161 3311 nunc
3198 3257 3252 3312 in
3285 3257 3508 3312 maxime

1878 3415 1888 3424 ’
1918 3355 2123 3403 arcturo
2151 3356 2298 3401 erunt
2337 3362 2427 3416 per
2467 3361 2553 3400 eos
2579 3346 2665 3417 qui
2702 3355 3079 3400 commorantur
3120 3346 3232 3401 istic
3258 3362 3278 3401 .'
3303 3347 3451 3418 longe
3475 3364 3508 3400 a

1919 3445 1968 3489 te
2003 3436 2303 3507 eﬂiciantur,
2346 3436 2433 3506 qui
2478 3446 2526 3490 te
2568 3437 2951 3491 transvorabant
2973 3437 3015 3490 ⁸.
3061 3434 3244 3492 Dicent
3285 3438 3509 3524 Cllltlt‘ltt

1918 3544 2069 3583 aures
2096 3538 2210 3583 tuas
2234 3528 2333 3597 ﬁlii
2360 3528 2435 3582 tui
2459 3542 2583 3599 quos
2605 3528 2876 3586 amiserasi
2915 3528 3163 3598 Augustin
3188 3528 3332 3583 nobis
3355 3540 3428 3584 est
3454 3530 3507 3583 in

1916 3620 2016 3676 isto
2044 3621 2154 3675 loco
2174 3661 2191 3689 ,
2227 3620 2382 3692 facito
2409 3620 2578 3691 itaque
2619 3621 2761 3676 uobis
2789 3623 3102 3677 etiamnunc
3132 3621 3297 3676 locant
3323 3623 3376 3676 in
3406 3640 3507 3695 quo

1918 3727 2306 3766 commoremur.
2329 3709 2408 3766 Tu
2436 3727 2551 3766 vero
2575 3711 2710 3767 dices
2736 3712 2789 3766 in
2813 3713 2964 3767 corde
2991 3726 3076 3767 tuo
3099 3730 3117 3768 :
3148 3713 3273 3781 Quis
3300 3730 3509 3784 genera-

1918 3804 1987 3858 uit
2015 3803 2141 3857 mihi
2171 3800 2314 3865 istos,
2345 3818 2458 3856 cum
2485 3803 2644 3856 sciam
2674 3819 2779 3858 esse
2806 3820 2885 3857 me
2910 3804 3017 3858 sine
3043 3804 3167 3873 [iliis
3195 3816 3239 3858 et
3267 3805 3509 3858 viduam?

1923 3894 2062 3962 Quis.
2075 3909 2196 3966 ergo
2221 3893 2344 3949 istos
2369 3892 2599 3948 educauit
2638 3893 2763 3947 mihi
2782 3892 2809 3947 1’
2857 3893 2965 3965 Ego
2994 3896 3126 3948 enim
3153 3895 3389 3948 derelicta
3431 3895 3509 3966 {ui

1919 3984 2060 4051 sola,
2089 3983 2143 4037 Ιιὶ
2168 3993 2340 4039 autent
2382 3982 2506 4038 mihi
2546 3983 2642 4037 ubi
2675 3983 2865 4038 erant?
2912 3982 3002 4039 Sic
3049 3983 3166 4037 dicit
3210 3981 3458 4038 Dominus
3489 4000 3509 4038 :

1919 4073 2056 4130 Ecce
2099 4075 2275 4130 tollam
2316 4074 2370 4130 in
2412 4074 2645 4129 nationes
2692 4089 2871 4128 manus
2915 4088 3073 4139 meas,
3123 4082 3169 4126 et
3213 4073 3267 4127 in
3311 4072 3508 4128 insulas

1919 4166 2121 4238 signum
2162 4181 2348 4232 meum,
2386 4175 2432 4220 et
2473 4166 2727 4220 adducant
2771 4165 2905 4234 [ilics
2948 4173 3060 4220 tuos
3104 4166 3155 4220 in
3193 4165 3329 4230 sinu,
3372 4166 3508 4235 ﬁlias

1921 4260 2074 4314 etiam
2101 4269 2214 4315 tuas
2259 4275 2413 4331 super
2460 4259 2697 4314 humeros
2745 4258 3057 4335 portabunt:
3086 4267 3133 4313 et
3174 4268 3321 4315 erunt
3369 4275 3508 4331 rcges

1916 4351 2218 4406 educatores
2256 4351 2404 4406 vestri
2429 4367 2444 4417 ;
2490 4364 2605 4421 qua:
2630 4359 2811 4404 autem.
2830 4348 3137 4420 principales
3165 4359 3311 4411 sunt,
3344 4351 3507 4404 nutri‘

1921 4457 2002 4496 εει
2029 4451 2241 4507 uestrte,
2272 4457 2426 4513 super
2471 4450 2656 4494 terram
2697 4440 3008 4495 declinantes
3046 4440 3228 4511 facient
3265 4441 3506 4512 depreca-

1921 4534 2107 4588 buntur
2135 4542 2216 4600 te,
2245 4543 2292 4587 et
2328 4531 2537 4602 vestigia
2560 4530 2744 4602 pedum
2788 4541 2990 4584 tuorum
3017 4531 3239 4603 elingent
3260 4570 3278 4597 ,
3306 4540 3354 4586 et
3384 4532 3507 4585 scies

1919 4625 2159 4695 quoniam
2183 4642 2275 4696 ego
2295 4623 2682 4691 Dominus,,uec
2707 4622 2961 4679 erubesces
2988 4621 3036 4693 (1
3043 4624 3120 4677 sai
3130 4670 3131 4673 η
3164 4638 3305 4689 xux,
3331 4622 3505 4689 523).

1922 4717 1989 4773 Et
2014 4715 2173 4787 paulo
2199 4724 2317 4786 post
2344 4713 2619 4786 adjungit,
2656 4722 2713 4770 et
2737 4713 2869 4770 dicit
2897 4731 2910 4767 :
2939 4711 3125 4767 Audite
3153 4727 3268 4776 me;
3310 4712 3505 4772 audite.

1921 4808 2140 4880 populus
2170 4822 2346 4870 meus;
2385 4823 2526 4879 reges
2547 4823 2766 4876 quoque,
2797 4806 3040 4861 intendite
3063 4806 3190 4859 mitti
3210 4822 3229 4870 ;
3268 4807 3509 4885 quoniatn

1920 4899 2005 4954 lex
2029 4915 2063 4953 a
2087 4914 2167 4953 me
2191 4897 2409 4968 prodiet,
2438 4905 2483 4951 et
2497 4897 2756 4967 judicium
2787 4912 2951 4950 nteant
2979 4895 3030 4949 in
3063 4895 3224 4949 lucem
3254 4895 3504 4966 gentibus.

1921 4991 2308 5062 Appropinun
2350 4998 2547 5042 mature
2579 4987 2783 5060 justitia
2823 5002 2955 5053 mea,
2983 4996 3028 5039 et
3074 4984 3300 5041 salutare
3340 5001 3505 5039 meum

1921 5081 2299 5152 proﬁciscetur,
2333 5089 2378 5133 et
2416 5080 2467 5133 in
2510 5078 2717 5133 brae/tio
2745 5094 2854 5132 meo
2893 5086 3062 5148 gentes
3104 5077 3364 5132 salvantur
3391 5073 3502 5148 (Id.

1920 5189 1992 5240 ιι,
2017 5174 2073 5241 4,
2099 5172 2180 5244 5).
2218 5171 2294 5228 De
2319 5171 2425 5227 hoc
2444 5171 2663 5226 brachio
2687 5169 2992 5238 Scripturas
3030 5168 3352 5239 apostolicas
3378 5184 3507 5224 cun-

1919 5265 2178 5321 sulamus.
2208 5264 2342 5320 Cum
2372 5264 2515 5319 enim
2556 5261 2828 5333 apostolus
2872 5260 3068 5317 Paulus
3104 5260 3172 5317 de
3199 5259 3506 5317 Iudarorum

1922 5355 2238 5413 infidelitate
2260 5354 2500 5424 ejusdem
2531 5353 2803 5425 propheta:
2831 5352 3191 5408 testimonium
3220 5350 3505 5423 posuisset.

1919 5448 2060 5517 quod
2086 5449 2166 5503 eis
2188 5445 2433 5502 Christus
2474 5461 2580 5501 non
2609 5445 2765 5501 luerit
2808 5443 3073 5501 revelatus
3098 5484 3112 5508 ,
3147 5444 3249 5499 hoc
3287 5443 3461 5513 posuit
3491 5461 3502 5497 :

1921 5541 2048 5609 Quis
2087 5538 2300 5593 credidit
2327 5538 2526 5593 auditui
2568 5537 2780 5594 nostro?
2819 5546 2867 5591 et
2893 5534 3156 5591 brachium
3186 5533 3385 5589 Domini
3427 5536 3506 5587 cui

1982 5702 1997 5730 ι
2035 5698 2170 5756 min,
2188 5697 2269 5760 qui
2305 5664 2675 5747 commoratum.
2701 5692 2784 5745 Isti
2796 5706 2825 5760 _e
2848 5692 2985 5760 longe
3004 5707 3034 5742 ιι
3050 5698 3095 5742 te
3110 5686 3399 5756 efﬁciuntur,
3425 5689 3511 5760 qui

1917 5768 1961 5810 te
1997 5755 2377 5810 transrofabunt.
2413 5760 2713 5821 Castigautur
2752 5755 2812 5806 ad
2855 5755 3208 5807 Vltriaccusem
3247 5755 3517 5808 meum}:

1919 5832 2067 5888 num-
