4066 6200
563 379 666 437 ωδ

563 496 829 548 revelatum
860 503 928 545 est
955 491 1129 562 (Rom.
1165 506 1219 551 χ,
1257 487 1356 552 16;
1391 485 1516 542 lsai.
1548 501 1671 553 LIII,
1702 484 1798 554 i)?
1839 483 2040 538 Deinde
2080 482 2131 536 in

561 587 1005 656 consequentibus
1047 584 1288 654 adjungit
1316 582 1480 638 Isaias
1511 591 1565 637 et
1600 580 1727 635 dicit
1758 598 1770 634 :
1804 579 2090 647 Erumpunt
2123 580 2138 609 ¹

563 681 734 735 laetitia
770 679 921 733 sintul
958 679 1151 732 deserta
1175 677 1498 740 Jerusalem,
1542 673 1778 743 quoniam
1809 673 2039 727 misertus
2069 681 2143 724 est

559 773 690 840 ejus,
733 781 780 825 et
817 771 945 825 eruit
972 768 1290 835 Jerusalem,
1337 777 1383 821 ct
1427 765 1691 837 patefaciet
1727 762 1976 816 Dominus
2021 762 2140 814 bra—

559 864 728 916 citium
768 879 916 917 suum
957 872 1188 916 sanctum
1229 861 1281 914 in
1325 869 1591 928 conspectu
1629 857 1975 910 universarum
2016 872 2139 925 gen-

559 956 722 1019 tium,
775 963 821 1008 et
866 953 1097 1008 uidebunt
1146 968 1317 1005 omnes
1364 950 1594 1004 nationes
1641 964 1799 1020 usque
1849 945 1917 999 ad
1963 944 2141 998 ultima

563 1058 712 1099 terra:
734 1046 756 1076 ¹
782 1045 996 1100 salutem
1020 1061 1132 1114 quia
1156 1059 1187 1097 a
1215 1042 1316 1096 Deo
1346 1051 1418 1095 est
1449 1039 1601 1113 (Isai.
1633 1055 1701 1094 ιιι
1719 1079 1733 1102 ,
1762 1038 1796 1094 9
1816 1080 1830 1103 ,
1860 1038 1979 1108 10).
2013 1037 2142 1103 Quis

561 1147 668 1191 tam
695 1138 908 1204 surdus,
931 1137 1050 1207 quis
1073 1144 1176 1191 tam
1202 1136 1443 1199 demens,
1467 1132 1586 1205 quis
1613 1143 1716 1187 tam
1743 1141 1920 1187 mente
1944 1145 2138 1196 carens,

565 1237 621 1281 ut
647 1227 668 1259 ³
698 1227 778 1282 his
821 1236 929 1282 tam
958 1226 1294 1282 evidentibus
1324 1223 1637 1280 testimoniis
1675 1223 2034 1292 obloquatur?

633 1319 720 1372 17.
762 1317 868 1374 Sed
909 1318 976 1373 ad
1019 1317 1381 1372 manifestiora
1421 1315 1716 1371 veniamus.
1763 1313 1920 1370 Certe
1962 1327 2142 1368 saera-

562 1410 792 1464 tissimas
846 1411 1057 1480 nuptias
1107 1410 1158 1463 in
1217 1409 1507 1474 Scripturis
1555 1407 1836 1470 novimus;
1885 1419 2138 1474 Sponsum

558 1507 614 1552 et
655 1513 927 1568 sp0nsatn,
973 1499 1240 1553 Christum
1273 1509 1322 1552 et
1358 1497 1672 1552 Ecclesium.
1710 1495 2004 1565 Utrumque
2043 1494 2138 1548 de-

557 1588 743 1644 scribit
785 1589 985 1654 lsaias,
1037 1605 1103 1642 ne
1150 1588 1285 1666 furte
1325 1589 1377 1642 in
1419 1603 1605 1642 eorum
1652 1587 1828 1657 aliquo
1877 1588 2139 1647 erremus,

558 1679 699 1750 quod
729 1681 812 1735 cui
856 1681 1129 1744 acciderit,
1177 1692 1460 1750 utrumque
1504 1678 1717 1732 amittit.
1762 1677 1895 1744 Quia
1936 1678 2002 1732 de
2042 1678 2143 1730 hoc

558 1769 809 1840 cunjugio
850 1769 900 1824 in
953 1779 1290 1824 sacramento
1339 1769 1537 1824 dictum
1579 1780 1700 1835 εει,
1741 1767 1881 1823 sicut
1919 1777 2142 1821 testatur

557 1859 866 1928 Apostolus,
899 1859 1062 1913 Erunt
1087 1860 1187 1914 duo
1215 1860 1267 1912 in
1294 1876 1446 1914 carne
1472 1875 1573 1912 una
1597 1858 1813 1928 (Ephes.
1836 1873 1886 1923 v,
1913 1857 2025 1929 5i).
2054 1858 2142 1911 Sic

559 1965 688 2023 ergo
717 1951 864 2022 prior
901 1952 1013 2020 ipse
1042 1951 1406 2006 describitur:
1436 1961 1555 2019 post
1583 1950 1746 2005 multa
1789 1964 1907 2019 qua:
1945 1948 2012 2002 de
2050 1947 2142 2001 illo

557 2044 631 2096 ita
671 2042 800 2098 dicit
837 2042 1034 2105 Isaias,
1079 2050 1135 2095 ut
1175 2051 1228 2096 et
1271 2040 1371 2110 ipsi
1411 2041 1778 2095 obmutescunt
1822 2037 2030 2101 Judmi;
2075 2053 2142 2092 ne

557 2138 771 2206 longum
798 2135 869 2190 sit
893 2134 1068 2189 omnia
1092 2136 1410 2198 memorare,
1434 2131 1538 2204 hoc
1561 2130 1834 2202 paululum
1858 2129 2138 2185 advertite.

555 2227 625 2282 Et
654 2237 859 2299 peccata
879 2268 894 2292 ,
924 2227 1125 2297 inquit,
1154 2242 1324 2281 eorum
1362 2226 1471 2295 ipse
1499 2223 1750 2295 portabit,
1779 2223 1892 2279 ideo
1923 2221 2142 2278 hwredi-

555 2329 658 2373 tate
682 2319 958 2391 possidebit
986 2318 1192 2383 multos,
1219 2327 1268 2373 et
1291 2317 1501 2388 fortium
1532 2317 1778 2388 partietur
1801 2315 1988 2385 spolia,
2023 2332 2142 2386 pro.

558 2417 668 2478 pter
707 2409 843 2480 quod
884 2409 1072 2463 tradita
1102 2417 1174 2464 est
1216 2409 1269 2462 in
1298 2418 1508 2463 mortem
1551 2403 1723 2462 animi:
1765 2409 1894 2477 ejus,
1933 2417 1981 2461 et
2014 2408 2143 2470 inter

554 2501 754 2571 iniquos
792 2500 1062 2570 deputatus
1105 2511 1211 2564 est,
1241 2509 1288 2554 et
1312 2495 1422 2569 ipse
1444 2508 1648 2571 peccata
1684 2499 1959 2552 ntultorum
1985 2499 2137 2552 susti-

556 2591 690 2660 nuit,
734 2599 783 2647 et
827 2599 1038 2661 propter
1080 2591 1369 2662 iniquitates
1407 2601 1605 2646 nostras
1634 2589 1850 2645 traditus
1885 2600 1956 2644 est
1986 2588 2138 2662 (lsai.

555 2698 680 2750 Lm,
712 2683 772 2738 it
795 2681 984 2757 etii).
1034 2683 1159 2739 "330
1185 2681 1252 2738 de
1283 2682 1508 2738 Domino
1537 2690 1720 2736 nostro
1763 2680 1889 2735 Jesu
1929 2679 2142 2735 Christo

555 2783 702 2829 tanto
743 2783 867 2830 ante
915 2773 1166 2842 prtedicta
1213 2781 1269 2830 et
1317 2771 1627 2843 prophetata
1680 2770 1917 2826 fatentini
1947 2768 1990 2825 ⁸.
2046 2769 2140 2826 llic

553 2879 684 2934 ergo
715 2877 946 2934 Sponsus
987 2862 1172 2934 utquid
1211 2861 1437 2918 traditus
1462 2869 1545 2917 est
1577 2859 1642 2916 ad
1683 2869 1930 2926 mortem,
1956 2859 2140 2929 utquid

554 2954 696 3008 inter
724 2953 936 3024 iniquos
963 2951 1251 3022 deputatus
1283 2960 1366 3007 est
1404 2959 1547 3006 tanta
1585 2949 1882 3004 humilitate
1918 2948 2140 3004 celsitu-

551 3045 704 3114 dinis
741 3045 896 3100 suae?
955 3043 1091 3112 Quid
1155 3043 1301 3114 egit,
1342 3042 1468 3113 quid
1519 3042 1842 3112 acquisivit?
1895 3041 2024 3108 Quis
2068 3041 2139 3096 ita

552 3134 751 3190 surdus
783 3143 886 3200 est,
926 3143 985 3188 ut
1025 3134 1142 3188 haec
1182 3149 1286 3188 non
1328 3131 1550 3189 audiat?
1587 3132 1708 3202 quis
1742 3131 1814 3186 ita
1853 3133 2072 3187 obtusus
2094 3132 2137 3197 ⁸,

557 3237 616 3284 ut
658 3243 764 3284 non
809 3227 1116 3299 intelligat?
1155 3226 1276 3295 quis
1318 3226 1388 3280 ita
1435 3239 1630 3290 carens,
1673 3233 1733 3280 ut
1773 3240 1879 3280 non
1920 3225 2140 3280 videat?

558 3321 705 3385 Ideo,
734 3321 924 3392 inquit,
957 3321 1065 3390 ipse
1091 3319 1385 3374 haereditate
1408 3316 1678 3390 possidebit
1703 3317 1889 3373 multos
1907 3359 1922 3383 ,
1951 3326 1997 3370 et
2029 3316 2140 3386 for-

553 3415 680 3467 tium
708 3414 953 3483 partietur
975 3411 1160 3478 spolia,
1192 3419 1395 3481 propter
1419 3409 1553 3479 quod
1580 3408 1766 3463 tradita
1796 3417 1867 3462 est
1908 3409 1960 3461 in
2001 3424 2139 3461 mor-

557 3514 656 3558 tem
687 3503 861 3557 anima
902 3502 1014 3573 ejus
1058 3511 1106 3556 et
1148 3501 1282 3570 inter
1316 3500 1516 3568 iniquos
1557 3499 1826 3570 deputatus
1865 3506 1957 3552 est.
2002 3499 2137 3566 Quid

556 3607 659 3660 est,
702 3595 958 3659 hzeretiei,
991 3593 1132 3665 quod
1157 3593 1224 3649 de
1268 3593 1532 3662 paucitate
1559 3591 1881 3661 gloriamini,
1923 3591 1967 3646 si
2014 3605 2139 3661 pro-

555 3700 739 3761 ptcrea
769 3688 1024 3742 Dominus
1049 3686 1207 3744 Jesus
1236 3685 1477 3742 Christus
1518 3683 1743 3740 traditus
1781 3693 1863 3738 est
1900 3683 1966 3739 ad
1997 3698 2141 3738 mor-

556 3795 686 3845 tem,
726 3790 782 3836 ut
809 3779 1120 3836 hzereditatc
1156 3779 1357 3834 multos
1391 3776 1735 3848 possideret?
1775 3776 1844 3832 Et
1884 3775 1974 3847 qui
2015 3784 2140 3831 sunt

556 3873 610 3927 hi
650 3871 824 3940 multi,
865 3871 947 3925 vel
988 3885 1145 3941 quam
1183 3869 1290 3925 late
1327 3877 1590 3940 occltpant
1624 3877 1856 3935 terram;
1896 3881 2016 3938 quas
2053 3879 2140 3922 se—

553 3971 790 4033 quuntur
827 3961 1127 4016 audiamus.

628 4057 714 4111 ts.
753 4055 1110 4110 Prmnuntiato
1140 4068 1340 4124 sponso
1373 4061 1426 4108 et
1462 4065 1747 4122 expresso.
1787 4047 2042 4122 procedat
2079 4059 2140 4106 et

552 4161 750 4215 sponsa
778 4146 830 4200 iu
862 4144 1040 4200 verbis
1072 4145 1217 4199 Isaia:
1248 4162 1260 4199 :
1295 4145 1535 4214 legamus
1559 4157 1677 4198 eam
1707 4142 1761 4198 in
1792 4141 2014 4198 veritate
2043 4155 2138 4211 pa-

553 4241 797 4310 ginarum
820 4247 1145 4304 sanctarum,
1172 4246 1226 4292 et
1247 4251 1597 4307 agnoscamus
1620 4233 1674 4290 in
1695 4234 1826 4289 orbe
1851 4244 2136 4290 terrarum.

559 4331 670 4384 Ilnc
696 4329 1055 4384 testimonium
1077 4328 1145 4382 de
1169 4339 1351 4382 sancta
1383 4326 1620 4382 Ecclesia
1646 4324 1956 4395 praedictum
1977 4325 2140 4379 etiam

558 4420 755 4475 Paulus
781 4418 1054 4489 apostolus
1091 4418 1284 4488 posuit.
1323 4418 1438 4473 Non
1477 4425 1561 4472 est
1597 4431 1704 4487 quo
1731 4414 1895 4485 fugiat
1917 4422 2142 4470 conten-

559 4514 692 4566 tiosa
707 4509 1072 4582 tergiversatio
1085 4508 1475 4564 hzereticorum.
1490 4507 1708 4573 Laetare,
1726 4507 1928 4573 sterilis,
1945 4506 2138 4576 inquit,

555 4619 669 4671 qua!
694 4619 794 4655 non
830 4601 968 4670 paris
983 4619 1004 4667 ;
1030 4617 1237 4672 erumpe
1263 4609 1310 4654 et
1333 4600 1558 4655 exclama
1580 4638 1594 4666 ,
1619 4614 1733 4668 qua!
1758 4615 1858 4651 non
1886 4598 2141 4667 parturis;

555 4695 793 4764 quoniam
824 4694 969 4748 mulli
996 4695 1092 4764 ﬁlii
1119 4694 1344 4756 deserta,
1374 4692 1536 4762 magis
1560 4708 1711 4762 quam
1730 4691 1839 4762 ejus
1858 4706 1972 4760 quae
1997 4689 2142 4743 habet

560 4789 722 4841 cirum
752 4785 946 4859 (Colat.
973 4803 1044 4848 tv,
1067 4786 1182 4857 ‘27).
1215 4785 1310 4842 Ubi
1341 4792 1444 4851 est,
1472 4785 1718 4853 inquam,
1747 4781 1889 4853 quod
1919 4780 1986 4837 de
2007 4796 2141 4851 pan-

558 4880 718 4934 citate
755 4877 1091 4950 gloriamini?
1121 4876 1306 4931 Nonne
1336 4875 1420 4930 isti
1465 4883 1588 4929 sunt
1614 4873 1764 4928 multi
1787 4913 1802 4935 ,
1842 4870 1911 4926 de
1951 4871 2144 4940 quibus

561 4971 718 5042 paulo
746 4981 870 5026 ante
898 4971 1097 5026 dictum
1126 4978 1236 5034 est,
1266 4967 1394 5022 Ideo
1419 4967 1526 5037 ipse
1559 4965 1850 5022 hwreditate
1879 4962 2146 5034 possidebit

561 5061 785 5117 multos?
811 5060 943 5117 Nam
971 5076 1089 5130 qua:
1127 5068 1210 5114 est
1244 5057 1526 5112 lurreditas
1568 5055 1683 5124 ejus
1704 5096 1718 5120 ,
1764 5055 1864 5110 nisi
1904 5053 2144 5108 Ecclesia

561 5155 720 5224 ejus?
746 5153 920 5220 Multi,
952 5152 1142 5223 inquit,
1175 5151 1270 5221 ﬁlii
1293 5149 1520 5217 deserta,
1549 5147 1708 5219 magis
1729 5163 1880 5218 quam
1903 5147 2011 5218 ejus
2033 5160 2147 5216 qua:

623 5313 638 5342 ί
676 5309 814 5366 Fditi,
837 5313 1074 5368 erumpat.
1102 5312 1155 5355 Αι
1181 5305 1495 5368 Floriaccnsis
1539 5302 1717 5363 codex,
1747 5307 2001 5365 erumpant
2024 5312 2042 5351 :
2063 5314 2148 5351 re-

561 5374 715 5423 fertur
737 5364 813 5429 ad,
839 5364 1060 5428 deserta;
1086 5381 1266 5429 graece,
1292 5374 1340 5415 ta
1363 5364 1540 5417 erému.

626 5437 648 5465 ¹
682 5428 1000 5480 ῐτιοτὶιιερηείε
1020 5428 1195 5488 codex,
1217 5428 1385 5478 intima
1405 5434 1568 5478 terrae.

624 5496 643 5526 ³
681 5505 778 5542 sm.
807 5500 854 5541 et
878 5485 1190 5539 Floriaceusis
1227 5491 1381 5539 codex
1413 5496 1591 5539 carent
1630 5485 1878 5550 particula,
1918 5491 2004 5550 ut_:_
2039 5498 2150 5548 qua:

562 5557 757 5616 quidem
783 5555 924 5603 isthic
943 5551 1059 5617 nihil
1073 5559 1256 5617 nocet:
1284 5551 1371 5616 sed
1395 5550 1518 5600 infra
1543 5546 1894 5617 m<i_\'et‘btltn,
1929 5546 2150 5617 obloqua:

562 5609 676 5678 tur;
717 5627 973 5678 perperam
997 5612 1212 5678 additum
1233 5609 1391 5678 luerat
1426 5617 1474 5678 in
1503 5609 1712 5678 esensis,
1750 5609 1856 5678 nisi
1879 5609 1962 5671 qui
2001 5609 2151 5658 nescit

564 5676 676 5737 quill
701 5673 936 5737 loquetur.
965 5673 1092 5736 quod
1116 5687 1143 5722 a
1165 5675 1450 5737 Floriacensi
1478 5675 1730 5733 manuscri;
1753 5681 1799 5722 to
1818 5673 1970 5720 abest.

625 5741 643 5768 ι
677 5735 1264 5798 βὶςῖιιονίερςειῖιδὶςοοᾱεκ.
1284 5744 1338 5786 At
1362 5737 1493 5797 editi,
1524 5738 1746 5798 fatemur.

625 5799 644 5831 ³
681 5803 728 5846 ω
775 5806 898 5856 mss,
921 5797 1160 5847 obtunsus.

1626 367 1896 425 coxrus
1943 338 2360 424 nonutsrss
2397 368 2771 436 EPISTOLA,
2827 349 2838 356 ”
3736 374 3822 429 an

2259 481 2404 538 habet
2447 485 2654 539 uirum:
2693 485 3024 559 Synagngatn
3073 485 3274 538 scilicet
3311 484 3614 546 Judtconnn
3651 487 3818 546 volens

2256 577 2474 649 intelligi
2503 582 2675 635 virum
2703 581 2983 637 habentem
3005 625 3019 649 ,
3048 585 3297 654 quoniam
3324 596 3603 654 acceperat
3639 586 3813 654 legem.

2256 670 2388 725 llinc
2409 671 2518 739 jam
2553 682 2729 742 potest
2755 672 3032 743 dijudicari
3061 674 3203 744 quod
3230 674 3476 729 dicimus.
3508 675 3814 744 Compareut

2255 760 2339 814 isti
2367 761 2756 827 multitudinem
2786 779 2934 818 suam
2968 765 3018 818 in
3047 764 3190 820 Ai‘ris
3221 765 3303 819 vel
3335 765 3385 818 in
3434 765 3608 821 Africa
3633 770 3815 822 consti-

2254 860 2442 918 tutam,
2472 868 2592 908 cum
2624 855 2962 910 multitudine
2997 855 3304 920 ludat-orum
3335 872 3428 926 per
3455 872 3641 912 omnes
3667 867 3817 913 terras

2252 958 2590 1016 quacumque
2614 946 2840 1015 dispersi
2873 956 3015 1014 sunt,
3046 959 3100 1002 et
3129 947 3343 1003 videant
3369 964 3529 1019 quant
3558 949 3662 1003 sint
3689 950 3737 1004 in
3767 951 3818 1004 il-

2253 1034 2424 1091 lorum
2468 1041 2868 1109 comparatione
2909 1040 3234 1110 paucissimi.
3277 1040 3559 1108 Quomodo
3604 1056 3726 1110 ergo
3760 1043 3819 1096 de

2251 1140 2309 1180 sc
2339 1125 2536 1181 dictum
2561 1128 2928 1198 assignabunt,
2955 1129 3108 1184 Multi
3133 1130 3228 1199 ﬁlii
3249 1130 3475 1196 desertae,
3505 1131 3663 1201 magis
3683 1148 3816 1199 quam

2250 1220 2360 1288 ejus
2397 1237 2508 1289 qua:
2537 1221 2684 1276 habet
2718 1223 2916 1277 virum?
2954 1223 3159 1278 Rursus
3183 1233 3497 1292 comparent
3540 1222 3817 1276 multitudi-

2251 1323 2374 1364 nem
2413 1310 2833 1367 Christianormn
2879 1328 2974 1382 per
3007 1328 3196 1368 omnes
3230 1321 3448 1383 gentes,
3497 1313 3686 1382 quibus
3723 1329 3819 1366 non.

2250 1404 2672 1468 communicant,
2700 1413 2754 1458 et
2783 1405 2994 1460 videant
3021 1420 3177 1476 quam
3211 1405 3360 1474 pauci
3389 1405 3497 1458 sint
3535 1405 3588 1459 in
3615 1418 3810 1474 compa-

2251 1494 2456 1549 ratione
2487 1509 2674 1550 omues
2701 1495 2905 1560 Judtei;
2951 1505 3004 1550 et
3045 1496 3258 1552 tandem
3303 1495 3588 1566 aliquando
3635 1495 3811 1550 intelli-

2249 1596 2377 1654 gant
2419 1586 2470 1640 in
2515 1587 2750 1642 Ecclesia
2778 1589 3040 1643 catholica
3083 1597 3196 1656 toto
3233 1587 3362 1646 orbe
3405 1587 3635 1652 dill‘usa,
3677 1588 3816 1642 istam

2251 1676 2579 1747 prOphetiant
2603 1694 2722 1734 esse
2743 1683 3062 1749 completam
3090 1698 3102 1733 :
3134 1679 3286 1733 Multi
3309 1681 3400 1749 ﬁlii
3423 1679 3651 1745 desertae,
3675 1682 3819 1750 magis

2248 1784 2397 1836 quam
2425 1770 2536 1837 eius
2562 1786 2672 1839 qua:
2708 1770 2855 1824 habet
2896 1771 3075 1825 virum.
3117 1770 3222 1825 Sed
3264 1771 3347 1825 cui
3394 1771 3609 1825 habenti
3662 1771 3820 1824 virum

2250 1857 2364 1914 hinc
2403 1857 2612 1915 deserta
2649 1861 2865 1931 praelata
2908 1861 3065 1917 fuerit
3100 1862 3155 1916 in
3195 1861 3531 1917 multitudine
3571 1862 3815 1925 filiorum,

2248 1952 2317 2006 sit
2349 1951 2651 2017 obscurum,
2682 1955 2749 2008 sit
2777 1955 2829 2008 in
2857 1956 3139 2024 :enigmate
3165 1972 3177 2007 :
3210 1955 3346 2010 hanc
3373 1963 3549 2010 tamen
3574 1970 3694 2010 esse
3721 1955 3808 2009 Ec-

2248 2042 2466 2098 clesium
2511 2045 2742 2110 Christi,
2775 2046 2842 2101 de
2881 2061 2986 2116 qua
3024 2045 3225 2101 dictum
3268 2055 3382 2110 est,
3432 2044 3587 2099 Multi
3629 2045 3824 2113 ﬁliidc-

2248 2143 2410 2199 serue,
2445 2135 2605 2207 magis
2630 2153 2781 2206 quam
2809 2137 2918 2207 ejus
2937 2153 3051 2206 qua:
3075 2137 3221 2190 habet
3245 2137 3426 2197 virum.
3455 2137 3696 2207 quisquis
3713 2151 3824 2191 cum

2249 2226 2482 2288 tradicit.
2515 2242 2619 2280 non
2644 2227 2794 2294 mihi,
2821 2228 2917 2283 sed
2943 2227 3199 2298 Apostolo
3225 2228 3561 2283 contradicit.

2324 2318 2410 2374 t9.
2443 2317 2598 2374 Unde
2624 2327 2802 2374 autem
2834 2319 3028 2374 multos
3055 2319 3191 2373 ﬁlios
3219 2329 3363 2373 esset
3392 2320 3670 2385 habitura,
3701 2334 3824 2373 con-

2247 2422 2533 2480 sequenter
2560 2410 2828 2480 adjttngit,
2861 2419 2914 2465 et
2939 2411 3051 2465 ait:
3083 2409 3229 2464 Dixit
3271 2411 3402 2465 enim
3431 2410 3704 2474 Dominus,
3737 2409 3826 2461 Di-

2249 2499 2352 2553 lata
2380 2499 2546 2554 locnm
2585 2501 2895 2555 tabernaculi
2925 2503 2998 2555 tui
3027 2512 3073 2554 et
3106 2503 3121 2534 ⁸
3153 2503 3387 2555 aularunt
3420 2512 3660 2565 tuarum;
3703 2503 3824 2571 ﬁge,

2249 2590 2355 2645 noli
2384 2607 2619 2659 parcere,
2651 2591 2828 2663 longos
2857 2596 2938 2664 [ac
2979 2593 3233 2662 funiculos
3271 2602 3416 2656 tuos,
3461 2602 3505 2646 et
3547 2593 3696 2661 palos
3721 2601 3830 2644 tuos

2247 2683 2525 2751 δουβτ-ητα,
2572 2683 2818 2737 adhuc-in
2849 2683 3080 2737 dextram
3115 2694 3162 2736 et
3215 2684 3267 2737 in
3291 2683 3547 2737 sinistram
3584 2681 3831 2736 extende:

2248 2783 2292 2828 et
2316 2790 2484 2829 semen
2511 2785 2651 2828 tuum
2675 2784 2846 2846 gentes
2871 2775 3158 2846 possidebit,
3192 2783 3239 2829 et
3260 2775 3480 2828 ciuitates
3509 2774 3734 2828 desertas
3759 2773 3837 2825 ἔοι-ν

2247 2863 2515 2920 habitabis.
2549 2863 2632 2919 Ne
2655 2867 2848 2931 timeas,
2880 2867 3114 2935 quoniam
3142 2864 3453 2934 prazvalebis,
3477 2880 3637 2933 neque
3662 2881 3834 2918 verea-

2246 2958 2318 3012 ris
2341 2958 2477 3028 quod
2505 2959 2809 3013 detestabilis
2833 2959 3006 3028 fueris.
3041 2958 3402 3029 Confusionem
3438 2968 3683 3012 teternam
3713 2957 3839 3011 obli-

2245 3050 2467 3116 visceris,
2499 3051 2788 3121 ignominiae
2812 3050 3068 3104 viduitatis
3093 3061 3192 3104 tua:
3213 3067 3312 3104 non
3333 3051 3431 3105 eris
3454 3067 3647 3103 memor
3671 3066 3690 3102 :
3714 3065 3838 3119 quo-

2247 3141 2383 3194 niam
2411 3156 2502 3212 ego
2531 3139 2779 3195 Dominus
2805 3142 2891 3212 qui
2917 3142 3048 3212 facio
3077 3151 3142 3205 te,
3172 3139 3424 3195 Dominus
3453 3157 3635 3195 nomen
3662 3142 3759 3205 illi,
3794 3148 3839 3193 et

2245 3235 2331 3304 qui
2359 3233 2586 3288 liberavit
2623 3244 2698 3300 te,
2734 3234 2868 3288 Deus
2910 3233 3076 3288 Israel
3100 3235 3345 3289 universa:
3373 3243 3518 3288 terra:
3552 3233 3836 3286 vocabitur.

2247 3325 2402 3395 (lsai.
2438 3341 2544 3393 Liv,
2577 3325 2716 3398 1-5).
2765 3326 2903 3382 Ecce
2931 3341 3206 3398 quousque
3230 3326 3377 3395 jussu
3417 3333 3501 3378 est
3541 3323 3841 3398 extendere

2247 3417 2533 3483 fnniculos,
2563 3416 2735 3472 donec
2760 3417 2899 3472 Deus
2929 3416 3045 3486 ejus
3070 3415 3228 3471 Israel
3262 3417 3524 3470 universa:
3557 3423 3727 3469 terra:
3752 3429 3843 3467 vn—

2245 3521 2416 3563 cetur.
2451 3508 2523 3563 De
2549 3509 2636 3562 illa
2661 3509 2856 3579 quippe
2889 3517 2944 3565 et
2973 3510 3019 3563 ei
3051 3507 3247 3562 dicitur
3271 3508 3378 3562 alio
3405 3509 3522 3563 loco
3551 3523 3653 3577 per
3693 3521 3842 3562 eum—

2245 3599 2366 3653 dctn
2397 3598 2708 3668 prOplIctam
2735 3617 2747 3652 :
2784 3597 3002 3668 Propter
3029 3599 3156 3652 Sion
3183 3614 3282 3651 non
3325 3598 3515 3663 tacebo,
3545 3609 3598 3652 et
3635 3609 3845 3669 propter

2243 3687 2527 3745 Jerusalem
2555 3707 2654 3744 non
2678 3691 2948 3759 quiescam,
2978 3690 3134 3744 donec
3163 3689 3369 3758 prodeat
3404 3689 3532 3743 sicut
3563 3688 3671 3742 lux
3693 3688 3845 3761 justi-

2246 3783 2318 3835 tia
2341 3798 2483 3850 mea;
2507 3781 2722 3836 saluatio
2750 3792 2917 3834 autent
2941 3797 3051 3835 mea
3076 3781 3205 3835 sicut
3232 3780 3401 3852 facula
3429 3779 3654 3845 ardebit,
3697 3791 3747 3835 et
3771 3781 3846 3832 vi-

2247 3873 2433 3929 debunt
2462 3890 2632 3930 omnes
2662 3883 2830 3946 gentes
2860 3874 3115 3945 justitiam
3146 3883 3318 3938 tuam,
3349 3881 3395 3927 et
3421 3889 3562 3943 reges
3593 3877 3846 3928 honorem

2248 3976 2390 4019 tuum
2420 3981 2440 4020 :
2477 3974 2524 4019 et
2563 3964 2756 4031 vocabit
2797 3975 2844 4019 te
2869 3965 3069 4018 nomine
3095 3973 3182 4016 tuo
3221 3978 3380 4028 novo,
3409 3963 3545 4032 quod
3590 3962 3848 4016 Dominus

2246 4058 2438 4111 vocavit
2465 4055 2627 4120 illud;
2658 4065 2703 4110 et
2732 4056 2830 4109 eris
2855 4071 3041 4110 corona
3070 4053 3459 4118 pulchritudinis
3487 4054 3538 4105 in
3561 4063 3849 4123 conspectu

2250 4148 2474 4211 Domini,
2505 4155 2550 4200 et
2579 4146 2817 4200 diadema
2842 4146 2983 4217 regni
3019 4146 3072 4199 in
3098 4161 3249 4198 manu
3273 4143 3365 4196 Dei
3391 4144 3500 4209 tui;
3525 4153 3573 4198 et
3594 4145 3724 4215 jam
3750 4161 3852 4197 non

2246 4239 2501 4294 vocaberis
2529 4238 2770 4292 derelicta
2788 4281 2800 4302 ,
2829 4248 2876 4292 et
2903 4247 3036 4290 terra
3079 4246 3166 4289 tua
3193 4252 3293 4288 non
3324 4235 3583 4289 vocabitur
3617 4236 3848 4288 deserta.

2248 4329 2328 4384 Tu
2355 4331 2486 4383 enim
2516 4329 2767 4382 vocaberis
2795 4328 3024 4381 uoluntas
3049 4343 3187 4392 mea,
3227 4336 3271 4380 et
3299 4336 3432 4380 terra
3457 4336 3540 4378 tua
3571 4327 3720 4381 orbis
3748 4336 3853 4379 ter-

2247 4415 2421 4475 rtirum
2464 4417 2572 4489 (Id.
2615 4434 2749 4482 an,
2785 4417 2924 4487 1-4).
2969 4416 3107 4483 Quid
3144 4416 3247 4472 dici
3289 4416 3632 4471 manifestius
3672 4418 3854 4470 adhuc

2249 4512 2562 4582 exigendum
2591 4511 2710 4566 est?
2749 4511 2886 4565 Ecce
2922 4526 2988 4564 ex
3015 4526 3124 4565 uno
3150 4509 3406 4580 propheta
3433 4526 3597 4580 quam
3634 4511 3816 4566 multa
3837 4552 3854 4576 ,

2249 4619 2408 4674 quam
2435 4603 2614 4658 clara!
2643 4611 2696 4658 et
2723 4611 2898 4657 tanien
2930 4602 3194 4656 resistitur
3213 4611 3267 4656 et
3291 4601 3712 4666 contradicitur,
3745 4617 3853 4656 nor

2248 4697 2493 4764 cuiquam
2527 4678 2761 4758 homini,
2792 4694 2884 4748 sed
2920 4693 3134 4762 Spiritui
3171 4693 3291 4757 Dei,
3334 4703 3383 4747 et
3415 4692 3860 4749 evidentissimm

2252 4789 2481 4842 veritati.
2516 4787 2580 4841 Et
2607 4796 2782 4842 tamen
2809 4787 2876 4840 ab
2915 4787 2994 4840 eis
3028 4787 3117 4855 qui
3149 4785 3366 4843 nomine
3393 4787 3705 4842 christiano
3739 4789 3859 4857 glo-

2252 4880 2378 4934 riari
2414 4879 2620 4942 volunt,
2663 4877 2843 4946 gloria:
2865 4876 3065 4932 ChriSti
3094 4877 3257 4946 ipsius
3285 4877 3579 4944 invidetur,
3609 4895 3686 4934 ne
3716 4880 3820 4932 ista
3844 4917 3860 4941 ,

2251 4986 2370 5040 qua:
2407 4977 2554 5023 tanto
2582 4975 2705 5021 ante
2731 4966 2798 5021 de
2837 4967 2926 5021 illo
2955 4964 3303 5036 praenuntiata
3344 4976 3504 5032 sunt,
3547 4969 3866 5024 credantur

2254 5059 2485 5130 impleri,
2511 5075 2632 5114 cum
2656 5058 2766 5128 jam
2793 5073 2900 5112 non
2932 5060 3372 5128 przenuntiantur,
3406 5058 3502 5115 sed
3537 5061 3868 5116 ostendun-

2256 5163 2359 5216 tur,
2395 5151 2658 5214 videntur,
2687 5158 2956 5204 tenentur.
2983 5148 3233 5205 Jamvero
3256 5150 3301 5204 si
3328 5149 3398 5206 de
3421 5150 3691 5206 omnibus
3727 5153 3872 5207 Pro-

2256 5243 2429 5314 phetis
2471 5241 2723 5297 Ecclesia:
2773 5241 3144 5312 przcsignatae,
3193 5257 3352 5311 quam
3395 5242 3531 5297 sicut
3579 5242 3873 5314 legimus,

2254 5336 2543 5398 cernimus,
2573 5333 2874 5388 testimonia
2903 5333 3156 5402 colligere
3187 5333 3238 5386 in
3265 5333 3404 5388 hanc
3434 5347 3602 5387 unam
3640 5335 3877 5404 Episto-

2257 5427 2363 5481 lam
2381 5425 2573 5490 velim;
2600 5438 2788 5477 vereor
2815 5409 2879 5478 ne
2901 5425 3012 5493 ipse
3040 5423 3220 5478 videar
3242 5423 3482 5492 judicare
3507 5426 3697 5493 pauca
3723 5440 3876 5493 esse,

2325 5606 2338 5636 ι
2377 5604 2699 5653 Lovanieuses
2737 5599 3156 5661 adjecerunthic,
3189 5598 3367 5661 pelles,
3423 5603 3630 5661 tametsi
3688 5615 3792 5652 nec
3835 5605 3883 5651 in

2259 5665 2594 5726 manuscriptis
2629 5663 2905 5726 reperiatur
2923 5675 2944 5726 :_
2964 5669 3016 5710 et
3039 5660 3157 5719 loco,
3182 5657 3435 5720 natarum;
3459 5657 3757 5726 legcndutn
3781 5677 3888 5726 pu-

2261 5736 2381 5785 tant,
2405 5721 2828 5783 animarumﬁvel,
2862 5721 3142 5773 anlteorum.
3169 5730 3342 5785 Graece
3378 5730 3469 5785 est,
3510 5721 3602 5772 lén
3649 5724 3885 5778 cubuit)».

2262 5784 2378 5842 vide
2401 5789 2483 5839 lib.
2513 5786 2569 5836 18
2594 5786 2658 5836 de
2680 5787 2878 5835 civitate
2902 5786 3002 5846 Dei,
3030 5797 3134 5848 cap.
3157 5784 3234 5834 ‘29.
