4066 6200
302 376 412 434 6ῦό

307 505 430 562 qua:
456 497 562 543 tam
593 482 759 539 multa
788 490 933 547 sunt,
975 488 1029 533 ut
1068 494 1132 532 ex
1179 481 1280 531 isto
1310 464 1429 530 solo
1473 476 1603 529 Isaia
1623 477 1674 528 si
1705 472 1887 528 omnia

310 593 637 649 congregare
680 572 907 639 vellem,
957 568 1172 625 modum
1220 566 1384 622 debiti
1434 565 1695 620 sermonis
1734 579 1894 618 exce-

311 672 519 729 delicato

383 758 607 815 CAPUT
635 754 768 811 \‘lll.
800 783 868 795 -—
896 752 986 808 20.
1028 750 1144 806 iam
1185 763 1311 818 ergo
1358 761 1518 817 pauca
1562 745 1627 798 de
1674 742 1896 799 Psalmis

313 850 592 906 audiamus
616 889 632 910 ,
662 853 814 900 tanto.
833 851 957 900 ante
983 826 1239 905 cantata?
1266 830 1326 891 "et
1353 847 1492 890 nunc
1510 833 1617 905 jam
1642 832 1895 899 compleri

311 957 433 998 cum
480 952 675 1009 magno
717 935 909 1007 gaudio
936 932 1229 988 videamus.
1276 928 1341 983 Et
1387 927 1533 996 prius
1564 925 1690 979 illud
1723 925 1894 993 ipsum

313 1032 453 1104 quod
502 1030 793 1086 Petilianus
836 1027 889 1081 in
940 1022 1173 1094 Epistula
1218 1035 1310 1075 sua
1336 1032 1441 1088 quo
1471 1032 1563 1072 ore
1607 1015 1894 1086 posuerit‘

314 1124 497 1180 nescio
532 1165 546 1187 ,
613 1118 833 1174 audiant
860 1126 932 1172 et.
947 1114 1206 1186 judicent.
1251 1110 1495 1164 Dominus
1522 1107 1648 1162 dixit
1685 1106 1752 1160 ad
1778 1123 1897 1160 me:

319 1216 481 1268 l-‘ilius
512 1228 650 1266 utens
676 1226 727 1264 es
754 1220 837 1273 tu;
869 1223 959 1278 ego
984 1204 1133 1258 ltodie
1153 1202 1302 1274 genui
1329 1211 1394 1254 te.
1432 1197 1639 1253 Postulo
1668 1214 1699 1251 a
1728 1214 1825 1264 me,
1852 1207 1899 1251 et

315 1304 443 1359 dabo
486 1301 576 1356 tibi
621 1309 793 1369 gentes
840 1295 1180 1350 Itan-editatem
1223 1301 1362 1345 tuam
1384 1331 1399 1355 ,
1446 1298 1489 1342 et
1539 1287 1898 1357 possessionem

314 1407 451 1447 tuam
478 1392 608 1461 ﬁnes
653 1401 800 1443 terrte
828 1384 998 1457 (Psal.
1028 1400 1083 1450 ιι,
1116 1383 1170 1449 7,
1203 1381 1283 1450 8).
1327 1379 1456 1448 Quis
1483 1379 1625 1433 enim
1655 1377 1897 1432 christia-

318 1501 418 1545 ltus
444 1497 678 1554 unquam
704 1477 961 1536 dubitavit
983 1476 1083 1530 hoc
1102 1474 1168 1528 de
1187 1472 1401 1528 Christo
1420 1484 1542 1526 esse
1561 1468 1895 1539 praedictum,

318 1586 408 1629 aut
432 1576 570 1628 hanc
596 1570 965 1627 hmreditatem
992 1564 1135 1621 aliud
1166 1578 1323 1635 quam
1352 1562 1644 1617 Ecclesium
1671 1574 1790 1616 esse
1819 1560 1901 1614 in-

320 1663 557 1722 tellexit?
600 1663 666 1717 Et
709 1660 829 1732 quia
873 1659 1041 1713 bonos
1079 1665 1134 1712 et
1173 1655 1342 1710 tnalus
1377 1652 1515 1708 intra
1538 1651 1730 1706 eadem
1764 1650 1898 1706 retia

320 1757 786 1814 Sacramentorum
811 1758 927 1805 erat
955 1746 1198 1802 habitura
1220 1787 1234 1810 ,
1282 1742 1444 1814 Reges
1473 1756 1586 1804 eos,
1620 1741 1816 1810 inquit,
1848 1740 1898 1792 in

322 1848 458 1917 uirga
486 1848 679 1916 ferrea,
713 1850 951 1910 tanquam
992 1852 1078 1890 vas
1105 1835 1251 1906 ﬁguli
1289 1841 1510 1887 conteres
1551 1847 1653 1885 eos.
1701 1829 1900 1884 Eadem

322 1938 514 2007 quippe
544 1934 695 1988 lirma
722 1943 772 2007 et
803 1927 1073 1985 inﬂexibili
1096 1925 1301 1998 justitia
1323 1923 1446 1979 boui
1475 1931 1745 1993 reguntur,
1776 1921 1901 1973 mali

323 2034 690 2083 ωιιιετιιιιιιιν.

392 2120 482 2173 2|.
513 2117 648 2186 Quis
674 2124 781 2169 tam
819 2112 1005 2169 devius
1036 2119 1091 2167 et
1115 2107 1375 2166 absurdus
1401 2115 1486 2162 est
1512 2121 1540 2159 a
1570 2105 1761 2160 divinis
1793 2105 1904 2159 elo.

325 2210 494 2281 quiis,
524 2208 618 2279 qui
659 2222 763 2261 non
792 2205 963 2275 ipsum
994 2199 1339 2271 Evangelium
1369 2195 1718 2267 recognoscat
1738 2236 1752 2259 ,
1782 2210 1901 2251 cum

326 2309 566 2355 cantatur
595 2299 684 2353 ille
710 2295 946 2368 psalmus
973 2292 1063 2350 ubi
1091 2291 1345 2362 scriptum
1377 2298 1480 2353 est,
1515 2286 1561 2341 ιε’
1561 2286 1774 2343 oderunt
1798 2303 1905 2342 ma-

328 2407 421 2446 nus
448 2407 585 2444 meas
608 2399 655 2444 et
694 2386 845 2459 pedes
887 2400 1050 2450 meos,
1094 2382 1536 2436 dinutnerauerunt
1579 2377 1750 2432 omnia
1791 2393 1905 2432 ossa

328 2499 452 2537 mea.
487 2480 602 2552 Ipsi
627 2496 740 2535 vero
768 2476 1207 2533 consideraverunt
1233 2480 1279 2527 et
1306 2479 1674 2542 conspexerunt
1699 2485 1798 2534 me,
1825 2468 1906 2522 di-

326 2575 541 2630 uiserunt
560 2571 653 2627 sibi
673 2570 961 2625 vestimenta
987 2581 1118 2631 mea,
1141 2573 1188 2620 et
1206 2580 1355 2634 super
1375 2562 1717 2616 vestimentum
1740 2576 1905 2613 meum

329 2668 568 2724 miserunt
597 2672 780 2719 sortem
807 2659 1120 2731 (Psal.,xn,
1160 2657 1351 2723 1749;
1382 2654 1571 2709 Matth.
1600 2668 1783 2719 xxvn,
1813 2650 1902 2717 50,

327 2772 374 2817 et
411 2757 567 2812 Joan.
611 2770 703 2810 xxx
730 2796 742 2822 ,
771 2751 901 2824 ελεγι
929 2748 1154 2818 Quando
1198 2747 1358 2802 etiam
1404 2760 1526 2801 cum
1568 2743 1672 2801 hoc
1713 2742 1905 2799 laetum

335 2848 673 2921 Evangelista
716 2850 991 2906 narraret,
1022 2839 1178 2912 hujus
1224 2836 1510 2895 testimonii
1549 2849 1756 2892 memor
1787 2833 1903 2889 luit.

330 2940 463 3010 Quid
484 2948 664 2994 autem
691 2934 849 3004 hujus
873 2932 1048 2990 crucis
1074 2934 1264 3001 pretio,
1289 2926 1416 2999 quid
1449 2934 1607 2982 tanta:
1631 2923 1908 2982 celsitudi-

332 3032 414 3085 nis
439 3040 584 3086 tanta
626 3025 922 3083 humilitate
942 3064 957 3089 ,
989 3020 1117 3093 quid
1147 3020 1237 3075 illo
1281 3016 1720 3074 innocentissimo
1747 3023 1802 3070 et
1828 3013 1910 3069 di-

333 3122 455 3178 vino
479 3117 741 3190 sanguine
786 3121 1152 3184 comparatum
1198 3118 1316 3177 est,
1368 3107 1471 3162 nisi
1515 3106 1658 3178 quod
1702 3105 1812 3162 illic
1855 3105 1907 3159 in

330 3210 784 3284 consequentibus
806 3206 998 3263 dicitur
1022 3223 1035 3259 :
1065 3201 1615 3264 Commemorabuntur,
1640 3206 1689 3254 et
1707 3212 1913 3252 conuer-

335 3314 499 3361 tentur
525 3304 595 3358 ad
617 3301 893 3357 Dominum
919 3296 1135 3353 uniuersi
1152 3295 1277 3366 ﬁnes
1302 3305 1448 3349 terra:
1463 3310 1482 3359 ;
1499 3302 1545 3346 et
1558 3289 1840 3347 adorabunt
1860 3289 1912 3343 in

330 3408 604 3470 conspectu
623 3397 730 3468 ejus
759 3395 1002 3449 universa
1026 3389 1207 3462 patria:
1233 3388 1456 3461 gentium
1481 3403 1500 3441 :
1539 3386 1777 3458 quoniam
1806 3383 1913 3439 Do-

330 3493 456 3548 mini
502 3500 575 3546 est
618 3503 826 3559 regnum
846 3526 863 3551 ,
894 3495 943 3540 et
977 3485 1086 3552 ipse
1127 3478 1465 3537 dominabitur
1488 3477 1709 3551 gentium
1741 3474 1913 3546 (Psal.

332 3601 457 3648 ut,
487 3582 587 3645 28,
628 3577 756 3649 29)?
805 3576 991 3632 Nonne
1035 3571 1320 3644 Apostolus
1363 3568 1432 3625 de
1476 3564 1915 3640 prtedicatoribus

333 3676 467 3744 Novi
492 3666 823 3743 Testamenti
851 3667 1053 3722 dictum
1077 3662 1325 3734 esposuit
1348 3660 1487 3731 quod
1514 3658 1770 3729 scriptum
1796 3662 1910 3720 est.

334 3764 405 3819 In
431 3778 628 3818 omnem
654 3771 838 3815 terram
864 3756 1013 3812 exivit
1040 3770 1194 3809 sonus
1225 3768 1426 3816 eorum,
1454 3758 1501 3804 et
1529 3750 1582 3803 in
1619 3748 1746 3817 ﬁnes
1782 3746 1916 3800 orbis

335 3866 483 3910 terra:
509 3851 657 3908 verba
692 3844 866 3905 eorum
906 3845 1081 3920 (Rom.
1114 3859 1169 3907 χ,
1203 3842 1303 3904 l8;
1339 3839 1483 3895 Psttl.
1512 3852 1636 3894 xvm
1657 3876 1673 3903 ,
1701 3836 1796 3907 5)?
1838 3834 1917 3891 De

335 3961 447 4015 quo
477 3942 585 3998 alio
623 3940 723 3996 nisi
763 3937 832 3994 de
877 3935 1089 3993 Christo
1125 3932 1437 4002 intelligitur
1468 3947 1482 3984 :
1533 3926 1673 3982 Deus
1710 3929 1918 3980 deorum

341 4037 590 4095 Dominus
612 4035 809 4087 locutus
830 4037 925 4095 est,
949 4036 994 4081 et
1014 4026 1201 4082 uocauit
1225 4033 1409 4077 terram
1435 4037 1467 4074 a
1487 4019 1613 4074 solis
1631 4024 1743 4072 ortu
1765 4030 1920 4085 usque

337 4131 408 4181 ad
433 4138 707 4188 occasum;
735 4136 797 4175 ea;
826 4119 953 4174 Sion
977 4116 1167 4188 species
1205 4114 1398 4168 decoris
1424 4113 1533 4181 ejus
1561 4107 1729 4189 (Psal.
1762 4121 1915 4171 ms,

340 4222 396 4277 Ι.
428 4217 524 4288 3)?
551 4214 737 4286 Cujus,
767 4199 868 4267 nisi
893 4208 1092 4266 Christi
1123 4223 1224 4262 Vox
1256 4214 1371 4269 est,
1405 4202 1633 4258 Dormivi
1652 4200 1920 4257 conturba-

341 4311 466 4364 tus?
495 4308 559 4363 Et
585 4305 729 4363 unde
754 4302 1123 4368 conturbatus,
1155 4298 1393 4370 sequitur
1418 4306 1473 4352 et
1500 4295 1647 4361 dicit,
1679 4292 1804 4348 Filii
1824 4292 1919 4346 lto-

340 4402 532 4455 ntinttnt
559 4399 734 4453 dentes
760 4410 934 4451 eorum
966 4408 1110 4447 arma
1133 4401 1189 4445 et.
1214 4391 1442 4462 sagitta,
1469 4398 1516 4443 et
1549 4386 1725 4458 lingua
1751 4400 1922 4439 eorum

342 4491 596 4546 maduere
619 4496 769 4542 acuta
790 4502 811 4541 :
834 4498 1061 4556 quorum
1084 4481 1185 4536 nisi
1211 4494 1394 4537 eorum
1420 4477 1508 4548 qui
1535 4475 1919 4540 clamaveruut,

342 4580 627 4651 Cruciﬁge,
655 4576 895 4647 cruciﬁge
922 4571 1074 4645 (Luc.
1104 4586 1232 4628 χχιιι
1251 4610 1266 4636 ,
1304 4567 1439 4641 21)?
1470 4564 1665 4636 thuid
1706 4563 1809 4619 hoc
1838 4573 1923 4619 tu-

343 4672 495 4729 tum?
536 4670 636 4726 Cui
688 4667 869 4732 bono,
915 4664 999 4720 cui
1046 4659 1233 4717 lucro?
1282 4657 1415 4713 Audi
1464 4654 1589 4727 quid
1630 4661 1918 4724 sequatur:

346 4760 592 4817 Exaltare
615 4773 770 4827 super
796 4755 946 4813 ctelos
964 4794 996 4821 ,_
1028 4751 1169 4808 Deus
1191 4791 1206 4818 ,
1247 4759 1293 4811 et
1336 4763 1488 4818 super
1515 4753 1925 4801 ontneutterram

340 4855 507 4927 gloria
536 4863 623 4908 tua
649 4849 820 4921 (Psal.
851 4862 957 4914 LVI,
989 4846 1044 4909 5,
1098 4845 1131 4899 6
1150 4843 1192 4915 ).
1225 4842 1361 4898 Ecce
1386 4838 1551 4900 habes
1574 4837 1846 4894 Christum
1873 4834 1924 4889 in

342 4947 592 5017 passione
638 4940 904 5003 dormisse
927 4980 944 5007 ,
993 4945 1050 4994 et
1101 4932 1496 4993 resurrectione
1546 4944 1710 5002 super
1761 4928 1928 4985 caelos

337 5037 675 5097 ascendisse.
701 5034 768 5088 Et
790 5029 1119 5101 undegloria
1142 5027 1258 5099 ejus
1275 5039 1440 5096 super
1460 5037 1673 5080 omnem
1697 5030 1893 5076 terram
1910 5061 1925 5087 ,

342 5127 450 5184 nisi
489 5126 613 5198 quia
665 5123 904 5183 Ecclesia
934 5116 1051 5190 ejus
1088 5133 1191 5190 per.
1225 5129 1439 5173 omnem
1467 5111 1699 5169 terram?
1742 5110 1799 5167 ln
1847 5109 1929 5165 his

343 5219 555 5279 duabus
583 5213 863 5272 sententiis
898 5208 1230 5267 brevissimis
1249 5249 1264 5276 ,
1295 5221 1426 5272 vos,
1455 5201 1689 5259 lueretici
1712 5242 1728 5267 ,
1761 5208 1928 5255 totum

342 5309 493 5385 quod
520 5310 661 5371 inter
688 5320 787 5361 nos
812 5304 986 5376 agitur
1010 5301 1300 5371 interrogo.
1332 5295 1597 5362 Exaltare,
1627 5293 1818 5364 inquit,
1844 5309 1929 5348 su-

345 5423 444 5477 per
484 5408 657 5474 stelas,
679 5406 842 5469 Deus,
881 5413 930 5458 et
968 5417 1122 5473 super
1158 5410 1355 5452 onmem
1399 5401 1585 5449 terram
1626 5389 1792 5462 gloria
1821 5398 1927 5443 tua.

342 5497 459 5553 Cur
485 5497 767 5552 Dominum
797 5493 1064 5552 Christum
1094 5489 1382 5545 exaltatum
1408 5498 1570 5553 super
1599 5480 1765 5536 etelos
1798 5494 1935 5549 pra:-

346 5588 574 5655 dicatis,
620 5597 676 5643 et
721 5585 836 5656 ejus
880 5584 1062 5656 gloria:
1108 5594 1269 5650 super
1318 5590 1529 5632 omnem
1580 5582 1772 5629 terram
1828 5585 1932 5626 non

344 5676 798 5735 communicatis?

425 5774 631 5833 [ποιέω.
652 5782 801 5837 quare
828 5766 1055 5835 posuerit.

1191 378 1359 419 \‘ULCO
1399 362 1483 416 DE
1526 360 1822 417 UNlTATE
1864 356 2208 417 liCCLESUE
2248 366 2451 422 LIBER
2494 368 2693 426 UNUS.

3477 373 3577 429 468

2071 476 2158 531 ‘22.
2194 480 2434 538 Psalmus
2466 486 2884 556 septuagesiutus
2924 484 3217 558 primusiu
3254 488 3580 545 Salatuouent

2003 568 2239 624 titulatur
2264 589 2274 624 :
2308 573 2402 626 sed
2432 576 2552 644 quia
2583 576 2654 630 ita
2680 576 2825 631 dicta.
2846 586 2971 632 sunt
2998 594 3125 648 qua:
3145 579 3197 633 in
3226 579 3371 634 illum
3401 597 3577 650 regem

2003 661 2370 729 temporalem,
2394 675 2446 718 et
2476 675 2655 734 postea
2676 668 2912 737 graviter
2934 678 3263 737 peccantem,
3292 672 3579 725 ρωποιιίιό

2004 767 2109 805 non
2140 764 2395 821 possunt,
2445 758 2605 812 etiam
2634 771 2819 814 contra
2868 760 3011 829 ipsos
3034 759 3248 816 Jttdaeos
3276 761 3341 815 tle
3365 760 3579 817 Christo

2002 855 2120 897 esse
2149 843 2399 910 prmdieta
2425 845 2768 903 invictissime
2792 849 3169 906 delenduutur.
3200 849 3384 906 Nullus
3404 863 3579 907 autem

2006 933 2105 987 hoc
2118 932 2441 992 Christianus
2462 934 2802 1009 negat.'Talia
2822 942 2963 996 enim
2982 941 3117 997 dicta
3139 953 3280 1009 sunt,
3304 943 3370 998 de
3392 945 3582 1014 quibus

2004 1022 2230 1079 dubitari
2276 1042 2379 1080 non
2421 1030 2625 1098 possit,
2659 1030 2799 1099 quod
2845 1031 2910 1086 ad
2953 1028 3222 1088 Christum
3262 1020 3577 1104 pertineant.

2006 1116 2077 1170 Ibi
2104 1118 2264 1173 etiam
2287 1119 2533 1176 dicuntur
2560 1122 2703 1188 haec,
2736 1124 2824 1177 ubi
2861 1135 3175 1195 agnoscatur
3204 1127 3437 1191 Ecclesia
3473 1135 3583 1181 toto

2004 1208 2143 1275 urbe,
2160 1207 2347 1282 giliusa
2364 1253 2377 1273 ,
2407 1212 2652 1269 omnibus
2681 1214 2839 1269 etiam
2862 1215 3073 1285 regibus
3100 1214 3313 1271 Christo
3337 1218 3583 1286 subjuga.

2007 1300 2072 1353 tis
2101 1295 2177 1373 (α)
2204 1299 2304 1355 :Et
2333 1300 2690 1369 dominabitur,
2722 1303 2912 1376 inquit,
2942 1322 2973 1359 a
2998 1307 3125 1359 mari
3148 1321 3303 1376 usque
3331 1307 3399 1359 ad
3424 1323 3579 1369 mure,

2003 1399 2047 1442 et
2082 1406 2112 1442 a
2151 1391 2358 1460 ﬂumine
2382 1408 2538 1461 usque
2569 1394 2638 1447 ad
2675 1394 2912 1450 terminos
2946 1395 3078 1450 orbis
3106 1407 3270 1450 teme.
3299 1397 3337 1450 A
3369 1396 3589 1451 ﬂumine

2007 1482 2184 1551 utique
2212 1483 2444 1540 ubieum
2471 1483 2701 1555 Spiritus
2739 1495 2953 1541 sanctus
2980 1487 3032 1541 in
3066 1486 3327 1541 columba:
3367 1488 3579 1557 specie.

2006 1582 2058 1627 et
2085 1589 2183 1631 vox
2219 1574 2287 1630 de
2334 1576 2471 1633 casio
2515 1576 2886 1635 manifestavit.
2937 1577 3136 1633 Deinde
3179 1580 3455 1649 sequitur:
3487 1580 3584 1633 Cu-

2005 1680 2115 1718 ram
2143 1665 2233 1720 illo
2255 1667 2483 1721 decident
2508 1666 2809 1738 .Etltiopes,
2843 1678 2887 1723 et
2920 1669 3108 1723 inimici
3133 1671 3239 1735 eius
3265 1680 3449 1724 terram
3487 1672 3581 1723 liu-

2004 1766 2139 1825 gent.
2177 1756 2335 1830 Reges
2371 1756 2582 1814 TItttrs'is
2610 1769 2654 1813 et
2691 1760 2871 1814 insqu
2900 1777 3109 1814 munera
3150 1758 3360 1827 offerent
3389 1802 3400 1823 ,
3446 1778 3584 1831 reges

2008 1851 2229 1904 Arabum
2253 1860 2297 1904 et
2327 1851 2464 1908 Saba
2486 1852 2618 1906 dona
2639 1854 2907 1907 adducent.
2942 1851 3009 1907 Et
3034 1853 3313 1908 adorabunt
3336 1872 3447 1908 eum
3478 1872 3585 1909 om—

2008 1957 2093 1995 nes
2131 1958 2271 2013 reges
2306 1942 2322 1973 ¹
2343 1984 2356 2007 ,
2391 1957 2560 1997 omnes
2593 1953 2762 2012 gentes
2800 1945 3013 1998 servient
3036 1945 3100 1998 ei.
3138 1944 3199 1998 Et
3231 1945 3383 2014 paulo
3417 1957 3533 2015 post
3568 1964 3581 2003 :

2010 2028 2073 2082 Et
2094 2029 2445 2085 benedicentur
2469 2032 2521 2085 in
2547 2048 2605 2085 eo
2624 2048 2796 2087 omnes
2819 2031 2974 2087 tribus
2995 2043 3142 2087 terrae
3160 2075 3173 2101 ,
3207 2050 3377 2088 omnes
3416 2047 3585 2105 gentes

2007 2124 2554 2192 magniﬁcabunt-eum.
2601 2122 2901 2179 Benedictus
2945 2124 3188 2179 Dominus
3225 2125 3359 2181 Deus
3386 2124 3550 2180 Israel
3568 2167 3582 2185 .

2006 2215 2244 2286 quifecit
2289 2214 2537 2269 mirabilia
2576 2214 2735 2271 solus.
2766 2214 2833 2270 Et
2874 2216 3183 2271 benedictum
3209 2233 3388 2270 nomen
3412 2217 3587 2287 gloria:

2008 2308 2118 2377 ejus
2146 2306 2197 2360 in
2242 2315 2483 2360 teternum
2514 2314 2560 2360 et
2600 2307 2654 2360 in
2698 2306 2937 2361 sarculum
2982 2307 3173 2361 steculi.
3216 2305 3282 2360 Et
3318 2307 3588 2375 replebitur

2008 2398 2170 2470 gloria
2190 2398 2296 2467 ejus
2320 2398 2482 2452 omnis
2503 2407 2656 2452 terra.
2688 2395 2827 2462 Fiat,
2852 2398 2963 2466 ﬁat.
2992 2396 3066 2453 Ite
3091 2412 3250 2460 nunc,
3279 2397 3581 2460 Donatisttc,

2010 2498 2063 2544 et
2088 2488 2314 2544 clamate
2344 2507 2356 2543 :
2383 2488 2497 2543 Non
2528 2488 2620 2543 liat
2640 2532 2653 2554 ,
2679 2503 2783 2543 non
2814 2489 2922 2543 ﬁat.
2964 2488 3099 2544 Vicit
3127 2504 3220 2544 vos
3252 2489 3342 2544 Dei
3368 2489 3587 2544 verbum

2009 2578 2192 2634 dicens
2221 2597 2234 2634 :
2266 2578 2406 2647 Fiat,
2445 2579 2556 2649 ﬁat.
2601 2579 2740 2635 Ecce
2768 2577 3100 2635 manifestata
3148 2589 3230 2635 est
3271 2578 3325 2635 in
3368 2572 3590 2636 "salmis
3631 2582 3641 2591 ’

1996 2668 2251 2725 'Ecclesia
2295 2678 2405 2725 toto
2448 2670 2577 2725 orbe
2630 2669 2816 2726 dill’usa
2842 2712 2857 2739 ,
2906 2684 3067 2740 super
3103 2685 3260 2741 quam
3309 2671 3591 2741 requiescit

2009 2759 2176 2829 gloria
2206 2760 2342 2830 regis
2362 2759 2496 2829 ejus.
2525 2759 2674 2816 Unde
2701 2769 2754 2814 et
2785 2758 2895 2828 ipsa
2918 2760 3101 2831 regina
3125 2769 3209 2815 est
3232 2775 3425 2829 sponsa
3452 2760 3586 2829 ejus,

2010 2849 2078 2905 de
2118 2865 2221 2920 qua
2268 2850 2316 2905 ei
2364 2848 2558 2904 dicitur
2588 2851 2638 2903 in
2682 2849 3091 2920 quadragesimo
3119 2858 3310 2921 quarto
3338 2850 3540 2919 psalmo
3574 2870 3586 2903 ;

2009 2942 2181 2997 Astitit
2219 2941 2394 3013 regina
2435 2959 2467 2994 a
2508 2940 2698 2995 dextris
2723 2941 2855 3007 tuis,
2888 2941 2939 2994 in
2984 2942 3162 2997 vestitu
3190 2940 3459 3005 deaurato,
3492 2942 3593 2994 cir-

2011 3032 2308 3086 cttmamicta
2335 3032 2590 3086 uarietate.
2639 3030 2707 3086 Et
2747 3029 2814 3086 ad
2845 3045 2961 3086 eam
2996 3031 3161 3100 ipsam
3209 3030 3591 3085 exhortandam

2013 3124 2265 3180 Continuo
2284 3122 2495 3179 divinus
2514 3136 2695 3178 sermo
2721 3121 2966 3192 dirigitur
2997 3139 3010 3175 :
3043 3119 3197 3186 Audi,
3223 3120 3331 3189 ﬁlia
3348 3161 3364 3188 ,
3386 3131 3429 3174 et
3458 3121 3589 3187 vide,

2014 3228 2059 3272 et
2084 3216 2276 3272 inclina
2309 3231 2486 3271 aurem
2511 3222 2682 3279 tuam,
2704 3224 2760 3268 et
2790 3213 3077 3268 obliviscere
3116 3212 3360 3282 populum
3383 3223 3520 3266 tuum
3548 3225 3595 3266 et

2015 3310 2223 3364 domum
2266 3308 2424 3378 patris
2467 3307 2582 3374 tui;
2636 3306 2874 3377 quoniam
2921 3304 3202 3372 concupivit
3251 3319 3340 3356 rea:
3381 3305 3594 3374 speciem

2015 3412 2177 3465 suam,
2206 3400 2326 3472 quia
2352 3400 2460 3470 ipse
2481 3408 2554 3454 est
2584 3397 2722 3453 Deus
2750 3407 2885 3451 tuus.
2918 3395 3186 3450 Attendite
3209 3394 3347 3449 unde
3374 3398 3597 3464 corperit

2016 3493 2211 3563 alloqui
2240 3505 2489 3563 sponsam
2516 3487 2713 3545 Christi
2741 3488 2917 3544 divina
2960 3485 3234 3559 prophetia
3271 3504 3284 3539 :
3314 3485 3444 3539 Audi
3465 3527 3479 3551 ,
3511 3486 3595 3540 iu-

2017 3583 2163 3656 quit,
2192 3583 2302 3653 ﬁlia
2324 3623 2340 3649 ,
2367 3589 2412 3636 et
2446 3580 2576 3636 vide.
2606 3579 2712 3635 Vos
2740 3586 2926 3634 autem
2960 3594 3059 3633 nec
3086 3578 3274 3634 audire
3298 3576 3456 3633 vultis
3484 3577 3598 3633 hzee

2019 3673 2297 3745 prtedicta,
2317 3687 2416 3727 nec
2443 3671 2622 3726 videre
2646 3671 2910 3740 completa
2938 3687 2951 3724 :
2976 3678 3031 3724 et
3053 3677 3227 3724 tamen
3256 3676 3309 3722 et
3330 3667 3526 3723 auditis
3544 3679 3599 3722 et

2019 3763 2210 3819 videtis
2236 3761 2406 3817 inviti.
2434 3759 2627 3835 Audite
2645 3775 2775 3831 ergo
2792 3759 3104 3830 quidpaulo
3145 3766 3261 3829 post
3281 3759 3330 3814 ei
3356 3758 3552 3813 dicitur
3583 3780 3594 3811 :

2019 3853 2199 3909 audite
2223 3852 2324 3908 hoc
2360 3867 2423 3908 es
2457 3851 2645 3921 pagina
2686 3850 2864 3905 divina
2889 3850 3158 3921 quomodo
3179 3851 3594 3919 praenuntietur,

2022 3952 2075 4000 et
2095 3942 2269 3998 videte
2301 3942 2353 3996 iu
2373 3940 2517 3997 omni
2546 3948 2685 3995 terra
2707 3937 2977 4010 quomodo
3005 3938 3353 4008 complentur.
3387 3937 3490 3992 Pro
3511 3956 3604 4009 pa-

2023 4033 2180 4089 tribus
2208 4032 2306 4087 tuis
2330 4073 2345 4098 ,
2379 4030 2584 4101 inquit,
2630 4030 2735 4084 nati
2759 4038 2875 4084 sunt
2900 4027 2989 4084 tibi
3034 4028 3130 4098 ﬁlii
3152 4069 3166 4091 ,
3205 4029 3477 4084 constitues
3518 4046 3602 4084 eos

2024 4124 2274 4195 principes
2318 4138 2471 4192 super
2495 4136 2693 4176 omnem
2735 4129 2941 4176 terram.
2966 4117 3137 4188 Quam
3188 4117 3353 4173 multa
3385 4129 3603 4190 printer-

2024 4229 2142 4271 eam
2176 4213 2244 4270 de
2284 4212 2385 4268 hac
2411 4227 2469 4268 re
2496 4208 2799 4266 testimonia
2825 4208 3240 4280 Seripturarum,
3274 4217 3491 4273 norunt,
3511 4211 3602 4279 qui

2024 4305 2239 4379 legunt;
2260 4311 2316 4361 et
2337 4317 2437 4374 ego
2461 4300 2585 4357 novi
2602 4342 2617 4367 ,
2648 4299 2742 4356 sed
2764 4315 2991 4356 onerare
3019 4299 3307 4370 Epistulam
3336 4298 3462 4355 nolo
3481 4340 3496 4365 ,
3517 4299 3603 4355 cui

2023 4395 2333 4468 responderi
2358 4394 2556 4463 ﬂagito.

2094 4485 2324 4543 CAPUT
2362 4483 2452 4540 IX.
2481 4513 2551 4524 —
2574 4483 2664 4541 23.
2692 4482 2827 4552 Quid
2854 4483 2919 4538 ad
2961 4483 3076 4539 haec
3098 4482 3290 4539 dicturi
3318 4492 3446 4539 sunt
3481 4499 3601 4555 qua:

2027 4576 2440 4635 commemoravi
2462 4592 2524 4630 ex
2560 4575 2722 4647 Lege,
2749 4583 2804 4631 et
2837 4574 3137 4645 Pt-ophctis,
3159 4584 3213 4629 et
3248 4574 3472 4631 Psalmis
3494 4616 3515 4639 ,
3538 4575 3606 4628 de

2027 4668 2227 4725 Christi
2258 4666 2498 4723 Ecclesia
2518 4709 2532 4730 ,
2562 4681 2683 4738 quae
2712 4674 2823 4720 tuto
2850 4667 2981 4721 urbe
3014 4663 3347 4732 didunditur,
3375 4666 3459 4721 cui
3490 4681 3604 4719 nta-

2029 4761 2145 4821 lunt
2162 4774 2457 4831 repugnare
2472 4758 2730 4830 perversi,
2749 4773 2907 4829 quam
2931 4757 3326 4813 communicare
3335 4757 3561 4813 correcti
3584 4756 3608 4807 ?

2029 4851 2188 4922 Quid,
2220 4852 2458 4923 inquam,
2487 4849 2680 4907 dicturi
2701 4858 2845 4914 sunt,
2870 4859 3044 4903 utrum
3069 4848 3182 4903 lucc
3203 4847 3336 4902 falsa
3365 4862 3507 4914 esse,
3537 4862 3608 4901 an

2030 4946 2296 5001 obscura?
2323 4942 2431 5001 Sed
2453 4943 2583 4999 falsa
2605 4957 2726 4998 esse
2755 4958 2858 4996 non
2884 4938 3083 4997 audent
3102 4939 3283 4996 dicere
3312 4956 3325 4995 :
3351 4955 3609 5013 premun»

2034 5048 2119 5094 tur
2142 5038 2286 5095 enim
2316 5035 2458 5092 mole
2484 5042 2645 5089 Lauta:
2663 5032 3013 5088 auctoritatis.
3036 5029 3161 5087 llaec
3180 5045 3310 5101 ergo
3335 5045 3457 5084 cum
3482 5044 3609 5084 vera

2033 5144 2153 5186 esse
2191 5129 2473 5191 fateantur,
2505 5124 2708 5197 impleri
2745 5138 2849 5178 non
2882 5137 3038 5193 posse
3062 5121 3388 5178 contendunt
3416 5136 3431 5173 :
3460 5119 3611 5190 quasi

2034 5220 2175 5276 aliud
2198 5220 2267 5275 sit
2292 5216 2624 5290 prophetiam
2650 5214 2883 5271 crimine
2899 5213 3143 5287 lalsitatis
3163 5227 3386 5284 arguere
3408 5250 3424 5275 ,
3450 5226 3612 5281 quam

2036 5312 2213 5370 dicere
2236 5324 2251 5376 ;
2278 5326 2397 5382 qua:
2425 5306 2795 5381 praenuntiavit
2818 5349 2833 5373 ,
2866 5324 2969 5361 nun
3003 5321 3159 5378 posse
3188 5304 3467 5374 compleri.
3496 5303 3614 5359 Hoc

2036 5410 2120 5461 est
2136 5403 2277 5458 enim
2298 5400 2475 5456 dicere
2501 5414 2605 5453 non
2631 5413 2750 5455 esse
2777 5398 3130 5469 prophetiam,
3148 5395 3241 5453 sed
3265 5396 3437 5466 potius
3454 5410 3610 5464 pseu-

2037 5493 2459 5567 doprophetiam.
2491 5492 2702 5547 Etcum
2727 5490 3004 5562 qucesieris
3024 5491 3091 5544 ab
3114 5490 3209 5554 eis,
3238 5504 3333 5545 cur
3362 5485 3478 5542 inec
3503 5487 3611 5542 im-

2104 5631 2119 5661 ι
2156 5627 2269 5677 ιτΔὶιί
2294 5625 2491 5687 addunt,
2515 5622 2835 5688 terrte;quod
2865 5636 2894 5673 a
2917 5621 3198 5672 Floriacensi
3240 5624 3319 5670 its.
3362 5619 3523 5679 abest.
3563 5627 3652 5679 et,

2041 5704 2067 5742 ³
2090 5696 2433 5816 iis.
2461 5749 2514 5799 17
2537 5747 2601 5799 de
2626 5748 2822 5798 civitate
2848 5747 2951 5809 Dei,
2974 5756 3080 5809 cap.
3102 5743 3164 5794 θ..
