4066 6200
385 347 483 403 ΜΠ

389 464 519 529 pleri
544 478 647 517 non
679 461 913 531 possint;
946 454 1267 525 respondent
1299 471 1311 504 :
1358 454 1489 518 Quia
1517 452 1738 502 homines
1764 444 1962 499 nolunt.

390 556 514 609 Cum
534 553 737 607 arbitrio
753 552 936 620 quippe
953 548 1126 611 libero,
1145 548 1404 615 inquiunt,
1431 544 1578 596 homo
1599 549 1792 593 creatus
1807 548 1899 590 est.
1925 547 1969 587 ct

389 647 431 697 si
449 643 572 701 vult,
591 640 809 702 credit_in
830 638 1117 699 Christum;
1137 636 1295 689 sinon
1318 634 1443 694 uult,
1469 648 1567 685 non
1585 630 1739 683 credit
1760 644 1778 681 :
1796 628 1839 681 si
1868 627 1972 679 vult

394 740 665 801 perseverat
694 731 746 782 in
773 746 830 782 eo
853 727 989 799 quod
1014 726 1205 791 credit;
1232 726 1275 779 si
1313 741 1415 777 non
1438 723 1540 776 vult
1563 764 1576 784 ,
1610 737 1713 773 nou
1744 732 1969 786 perseve-

394 832 488 875 rat.
522 821 585 874 Et
612 821 724 874 ideo
748 837 861 872 cum
895 819 1120 887 cupisset
1156 834 1244 886 per
1267 815 1436 870 orbem
1464 822 1713 867 terrarum
1755 822 1973 863 crescere

398 912 623 967 Ecclesia
643 953 657 976 ,
690 914 954 965 noluerunt
998 909 1220 963 homines
1252 921 1563 977 perseverare
1590 945 1603 968 ,
1635 913 1678 956 et
1708 901 1885 970 defecit
1912 916 1973 952 ex

395 1006 622 1060 omnibus
650 1005 878 1075 gentibus
904 1003 1177 1056 christiana
1204 1001 1381 1069 religio
1406 1007 1670 1075 ,"e'rcepta
1698 1003 1837 1063 parte
1865 992 1971 1045 Do-

396 1096 521 1150 nati.
554 1095 714 1161 Quasi
743 1109 868 1148 vero
898 1094 1148 1147 nescierit
1184 1092 1411 1160 Spiritus
1444 1090 1534 1143 Dei
1566 1086 1769 1141 futuras
1798 1084 1973 1138 homi-

398 1202 522 1239 num
548 1185 869 1239 voluntates.
906 1183 1034 1248 Quis
1065 1182 1168 1236 hoc
1208 1181 1576 1235 insanissimus
1605 1175 1838 1231 dixerit?
1868 1175 1975 1229 Cur

398 1291 526 1344 ergo
554 1290 659 1329 non
691 1275 791 1329 hoc
814 1274 986 1343 potius
1016 1272 1400 1340 przenuntiavit.
1426 1268 1568 1339 quod
1598 1267 1665 1322 de
1692 1264 1976 1319 voluntati-

402 1368 498 1420 bus
531 1366 803 1419 hominum
831 1363 1030 1417 sciebat
1057 1361 1330 1415 futurum?
1356 1360 1468 1414 line
1494 1359 1636 1413 enim
1678 1356 1835 1409 modo
1873 1369 1978 1422 quo

402 1458 484 1510 isti
529 1466 711 1524 putant
759 1456 871 1508 haec
894 1470 1012 1508 esse
1038 1453 1287 1523 prmdicta
1310 1494 1324 1517 ,
1365 1450 1601 1520 quisquis
1628 1447 1852 1502 voluerit
1882 1460 1979 1515 po—

403 1558 504 1601 test
529 1564 648 1601 esse
678 1548 958 1616 propheta,
999 1555 1055 1598 ut
1096 1561 1214 1599 eum
1246 1561 1305 1598 ea
1338 1560 1455 1613 quae
1496 1541 1832 1612 prtedixerit,
1881 1539 1979 1592 im-

405 1640 543 1708 pleta
571 1622 916 1699 nouluerint,
958 1637 1314 1706 respondeat,
1351 1636 1603 1689 llomiues
1646 1634 1932 1686 noluerunt
1963 1646 1975 1682 :

404 1732 575 1785 libero
602 1730 746 1785 enim
774 1729 1295 1809 arbitrio‘cluistiaui
1324 1736 1465 1781 sunt.
1500 1726 1609 1780 Hoc
1636 1724 1793 1779 modo
1824 1730 1977 1791 pulc-

404 1830 484 1875 rat
514 1821 700 1890 aliquis
729 1819 1051 1889 prophetare
1091 1819 1356 1874 Christum
1389 1832 1494 1871 non
1524 1816 1575 1869 in
1602 1831 1761 1869 cruce
1796 1828 1981 1883 passu-

402 1928 541 1972 rum,
570 1910 663 1964 sed
691 1909 864 1979 gladio
888 1910 1201 1963 moriturum
1225 1925 1239 1973 ;
1264 1916 1320 1962 ut
1339 1923 1458 1961 cum
1486 1907 1639 1961 aliter
1667 1905 1858 1959 factum
1890 1918 1979 1957 es-

403 2009 522 2062 set,
552 1999 932 2069 responderet,
961 1999 1098 2065 Quid
1137 2013 1235 2069 ego
1267 1998 1405 2052 feci?
1436 1997 1691 2051 Homines
1721 1996 1771 2049 in
1816 1994 1979 2049 libero

405 2092 624 2146 arbitrio
645 2090 922 2145 constituti
952 2092 1236 2145 noluerunt
1261 2089 1310 2145 ei
1338 2089 1509 2145 facere
1535 2087 1675 2158 quod
1705 2101 1803 2152 ego
1830 2101 1969 2156 prte-

403 2182 675 2244 dixeram,
707 2190 761 2236 et
787 2182 885 2235 hoc
914 2182 1153 2237 fecerunt
1181 2180 1322 2250 quod
1371 2179 1468 2247 ipsi
1512 2179 1808 2231 voluerunt.
1851 2174 1967 2231 Jam

404 2273 487 2326 cui
523 2286 629 2327 non
668 2281 933 2335 occurrat,
980 2286 1139 2341 quam
1187 2270 1353 2324 multa
1393 2270 1495 2324 isto
1540 2267 1698 2322 modo
1739 2274 1983 2336 poterant

405 2362 707 2432 prephetari
726 2402 741 2427 ,
775 2362 859 2417 vel
884 2362 1043 2417 etiam
1073 2369 1301 2430 possunt
1340 2377 1368 2415 a
1396 2359 1718 2431 quibuslibet
1748 2357 1981 2413 homini-

407 2454 543 2508 bus?
566 2453 698 2521 Quis
722 2453 863 2508 enim
898 2452 1216 2509 dubitaverit
1248 2452 1388 2522 quod
1418 2451 1582 2507 Judas
1606 2450 1875 2505 Christum
1895 2491 1909 2515 ,
1936 2451 1981 2505 si

407 2544 660 2600 voluisset
685 2546 735 2610 ί,
764 2557 867 2597 ιιοιι
899 2544 1081 2614 utique
1114 2543 1418 2599 tradidisset
1448 2561 1461 2597 :
1489 2550 1543 2597 et
1574 2542 1784 2607 Petrus,
1813 2542 1858 2596 si
1889 2555 1987 2597 vo-

411 2636 611 2702 luisset,
646 2644 727 2693 ter
752 2639 1030 2693 Dominum
1059 2653 1165 2692 non
1198 2635 1485 2706 negasset?
1515 2634 1619 2690 Sed
1648 2634 1770 2689 ideo
1794 2634 1886 2688 fuit
1912 2633 1982 2689 de

409 2728 520 2780 istis
547 2737 689 2782 certa
722 2729 1011 2799 prrrdictio,
1036 2732 1154 2800 quia
1182 2737 1235 2783 et
1260 2730 1400 2783 Deus
1428 2728 1586 2782 etiam
1618 2725 1821 2781 futuras
1840 2740 1981 2796 prte-

412 2818 553 2873 videt
578 2819 895 2874 voluntates.

468 2908 707 2968 CAPUT
745 2913 812 2967 Χ.
838 2944 908 2953 -
934 2913 1023 2968 24.
1055 2913 1433 2969 Verumtamen
1456 2927 1758 2982 quanquam
1790 2910 1905 2965 hare
1930 2918 1985 2966 et

410 3002 573 3057 tardis
617 3004 867 3059 cordibus
917 3014 1166 3073 pateant,
1215 3004 1491 3058 audiamus
1544 3003 1665 3057 hinc
1712 3011 1767 3058 et
1818 3002 1985 3071 ipsius

414 3091 569 3145 Verbi
604 3106 790 3148 vocem
834 3108 929 3147 ore
967 3094 1195 3162 propriae
1242 3094 1417 3147 carnis
1453 3107 1781 3162 expressam.
1826 3090 1985 3148 Certe

408 3196 530 3235 eum
558 3191 676 3249 post
704 3184 1150 3238 resurrectionem
1190 3184 1453 3253 praeberet
1488 3199 1547 3238 se
1586 3184 1745 3239 etiam
1772 3192 1988 3240 contre-

410 3273 658 3326 ctandum
700 3283 861 3342 atque
892 3273 1210 3344 palpandum
1248 3274 1489 3328 manibus
1523 3274 1877 3331 dubitanlium
1906 3275 1989 3330 di-

409 3365 754 3434 scipulorum,
778 3377 827 3422 et
857 3383 976 3422 cum
999 3369 1291 3438 accepisset
1319 3383 1498 3422 coram
1526 3368 1648 3433 illis,
1680 3376 1734 3423 et
1764 3367 1990 3424 manda.

411 3466 587 3511 casset
615 3458 753 3526 quod
784 3459 834 3513 ci
875 3468 1252 3527 perrexerant,
1293 3458 1425 3514 dixit
1453 3460 1531 3514 eis
1564 3478 1577 3512 :
1615 3458 1708 3513 Isti
1732 3467 1849 3513 sunt
1876 3476 1984 3514 ser-

409 3563 584 3601 mones
611 3564 737 3617 quos
762 3548 957 3602 locutus
993 3566 1103 3603 sum
1138 3550 1205 3601 ad
1232 3565 1319 3603 vos
1341 3591 1355 3616 ,
1386 3566 1499 3602 cum
1527 3550 1695 3603 adhuc
1720 3566 1877 3605 essem
1900 3566 1988 3603 vo-

410 3638 623 3703 biscum,
650 3639 767 3708 quia
792 3640 1050 3708 oportebat
1076 3639 1341 3709 adimpleri
1361 3640 1529 3694 omnia
1560 3641 1747 3712 scripta
1774 3642 1827 3695 in
1856 3640 1988 3712 Lege

413 3728 610 3800 Moysi,
642 3739 690 3783 et
721 3729 989 3800 PrOphetis
1008 3772 1024 3797 ,
1065 3741 1111 3785 et
1153 3729 1374 3785 Psalmis
1403 3730 1466 3784 de
1497 3748 1593 3785 me.
1642 3732 1717 3787 De
1754 3746 1860 3801 quo
1888 3748 1954 3786 au

412 3828 541 3885 tem,
568 3820 667 3876 nisi
702 3820 771 3876 de
807 3821 898 3876 illo
942 3822 1139 3891 scripta
1178 3831 1320 3886 sunt,
1344 3838 1461 3892 quae
1482 3837 1579 3878 nos
1604 3838 1818 3893 qttoq'm
1838 3837 1987 3878 com-

416 3912 831 3966 memoravimus
856 3928 919 3968 ex
950 3912 1179 3982 che,et
1204 3913 1573 3983 Prophetis,ct
1602 3914 1847 3981 Psalmis,
1876 3914 1986 3969 sic-

413 4012 471 4056 ut
517 4018 611 4073 per
670 4004 874 4074 singula
917 4005 1315 4061 demonstravi?
1355 4006 1487 4061 Cum
1532 4021 1659 4074 ergo
1700 4009 1811 4077 ipse
1844 4007 1987 4061 dicat

409 4098 501 4167 qui
535 4097 739 4153 Veritas
767 4107 848 4153 est
896 4097 1074 4169 (Joan.
1115 4115 1201 4153 xtv
1225 4140 1241 4162 ,
1282 4098 1377 4169 6),
1427 4098 1697 4167 Oportebat
1722 4099 1990 4169 adimpleri

413 4190 619 4251 omnia;
645 4190 912 4259 quomodo
934 4190 1018 4243 isti
1046 4200 1261 4259 negant,
1287 4189 1386 4242 nisi
1408 4189 1527 4258 quia
1556 4187 1765 4241 veritati
1791 4188 1990 4244 inimici

414 4282 582 4335 sunt?
623 4282 677 4336 Si
708 4290 885 4335 autem
918 4281 1142 4335 obscura
1172 4296 1291 4336 esse
1324 4280 1503 4337 adhuc
1531 4282 1740 4346 dicant,
1773 4290 1826 4335 et
1867 4282 1990 4336 hinc

416 4371 586 4438 ipsum
620 4378 778 4439 caput
823 4369 1100 4424 audiamus
1137 4369 1469 4425 verissimum
1509 4370 1989 4426 demonstratorem

412 4462 655 4532 corporis
683 4462 786 4514 sui.
814 4460 945 4514 Cum
968 4460 1109 4515 enim
1131 4460 1376 4528 dixisset,
1399 4463 1518 4531 quia
1543 4462 1799 4531 Oportebat
1827 4462 1991 4515 adiut-

415 4554 541 4621 τιιαὶ
582 4554 753 4607 omnia
795 4552 985 4622 scripta
1022 4553 1074 4607 in
1121 4551 1254 4624 Lege
1298 4552 1487 4624 Moysi,
1518 4562 1565 4606 et
1610 4552 1902 4623 Prophctis,
1946 4562 1993 4606 et

420 4644 641 4699 Psalmis
670 4645 731 4697 de
769 4661 882 4711 me;
924 4654 1171 4715 tanquam
1208 4660 1567 4716 qua‘rercmus
1613 4654 1786 4699 utrum
1830 4646 1879 4699 in
1925 4660 1990 4700 co

416 4734 554 4805 quod
586 4736 736 4799 dixit,
770 4738 832 4789 (lc!
858 4753 966 4803 me,
1007 4736 1113 4791 illic
1146 4735 1483 4805 intelligenda
1526 4746 1671 4792 esset
1703 4736 1937 4790 Ecclesia
1967 4777 1980 4799 ,

417 4840 631 4895 propter
653 4827 700 4880 id
730 4828 869 4897 quod
897 4829 1152 4897 scriptum
1185 4836 1284 4889 est,
1320 4825 1485 4880 Erunt
1511 4826 1611 4881 duo
1636 4826 1687 4880 in
1714 4843 1865 4881 carne
1890 4844 1991 4881 una

415 4919 567 4983 (Cea.
597 4936 655 4983 ιι,
677 4919 804 4991 24);
834 4928 889 4974 ιιι
910 4936 1014 4974 non
1037 4921 1209 4973 solum
1228 4919 1294 4973 de
1314 4917 1506 4989 capite,
1537 4933 1718 4974 verum
1740 4920 1898 4975 etiam
1922 4918 1990 4973 de

413 5026 636 5081 corpore
677 5023 821 5065 certa
865 5011 1042 5064 divina
1090 5011 1301 5065 oracula
1347 5002 1692 5077 teneremus,
1750 5012 1989 5081 sequitur

416 5102 745 5170 Evangelista
773 5111 827 5157 et
853 5101 980 5156 dicit
1016 5119 1027 5153 :
1064 5099 1204 5154 Tunc
1232 5102 1427 5169 aperuit
1455 5102 1558 5155 illis
1586 5119 1811 5165 sensum,
1835 5113 1888 5156 ut
1912 5103 1992 5155 in-

413 5196 686 5265 telligerent
719 5194 1035 5263 Scripturas,
1076 5203 1119 5245 et
1147 5193 1275 5245 dixit
1299 5193 1401 5247 illis
1433 5208 1449 5245 :
1480 5193 1733 5259 Quoniam
1765 5194 1836 5246 sic
1867 5193 1995 5246 scri-

414 5297 559 5355 ptum
587 5296 658 5340 est
679 5329 693 5351 ,
726 5297 771 5339 et
797 5288 869 5338 sic
894 5285 1153 5353 oportebat
1175 5283 1428 5337 Christum
1456 5286 1561 5354 pati
1578 5324 1592 5349 ,
1642 5295 1687 5336 et
1733 5300 1995 5353 resurgere

418 5395 449 5428 a
475 5378 849 5431 mortuis-tertia
880 5376 978 5427 die.
1007 5375 1101 5428 ilic
1123 5377 1293 5444 ipsum
1320 5385 1478 5444 Caput
1499 5375 1819 5437 Ostenditur,
1850 5373 1991 5444 quod

415 5470 572 5523 etiam
610 5484 668 5523 se
697 5468 939 5521 mamlius
975 5466 1352 5536 discipulorum
1400 5466 1620 5545 pra'buit
1660 5476 1994 5522 contrectan-

454 5754 459 5761 .
482 5698 494 5723 ⁸
535 5694 839 5801 I-llts'taceusis
864 5698 1016 5747 uidex
1040 5687 1114 5745 hic
1140 5703 1188 5745 et
1208 5695 1345 5758 iu’ra,
1363 5696 1481 5749 loco.
1504 5697 1543 5747 si
1570 5696 1806 5758 t‘oluissct,
1825 5697 1987 5757 habet,

454 5768 460 5803 ι
485 5765 545 5802 no
566 5764 721 5803 uisset.

418 5766 460 5803 81.
485 5765 721 5803 natutsset.

1467 330 1740 388 CONTRA
1778 318 2203 383 DONATISTAS
2244 314 2623 383 EI’lS'IOLA,‘

3555 324 3661 377 ωδ

2080 438 2223 490 dum.
2256 437 2386 491 Vide
2409 440 2853 509 quemadmodum
2882 440 2948 493 de
2968 456 3194 510 corpore
3220 442 3489 512 adiungat,
3514 449 3659 513 quod

2080 539 2157 580 est
2191 527 2450 594 Ecclesia,
2478 539 2533 582 ut
2559 544 2655 584 nos
2684 545 2780 583 nec
2808 531 2857 583 in
2881 547 3099 600 sponso,
3134 549 3231 587 nec
3263 534 3313 587 in
3344 549 3538 603 sponsa
3568 551 3660 588 er-

2081 634 2198 671 rare
2225 619 2513 687 permittat.
2551 619 2615 672 Et
2640 622 2943 689 praedicari,
2990 623 3156 691 inquit
3181 666 3196 689 ,
3236 624 3288 676 in
3319 627 3519 679 nomine
3549 628 3666 695 ejus

2082 712 2439 775 paenitentiam,
2463 722 2509 763 et
2532 713 2867 766 remissionem
2893 724 3207 783 peccatorum
3234 732 3323 784 per
3346 734 3513 769 omnes
3539 734 3667 786 gen-

2082 813 2190 863 tes,
2236 803 2588 871 incipientibus
2619 806 2681 856 ab
2724 803 3009 859 Jerusalem
3051 805 3201 875 (an.
3248 823 3397 872 sxw,
3440 809 3661 873 44-47).

2080 893 2214 960 Quid
2257 893 2354 947 hac
2384 910 2513 949 voce
2540 896 2800 960 veracius,
2835 897 2959 966 quid
2992 897 3241 961 divinius,
3282 900 3410 968 quid
3440 901 3665 953 ιιιτιιιίἷρλ-

2081 983 2251 1035 stius?
2278 983 2358 1038 Me
2388 985 2526 1054 piget
2555 1000 2671 1039 eam
2694 985 3070 1041 commendare
3098 988 3270 1041 verbis
3296 990 3448 1054 meis,
3471 1000 3525 1042 et
3556 989 3667 1043 Ιιςιι-

2084 1076 2275 1130 reticos
2300 1091 2403 1130 nou
2433 1077 2589 1145 pudet
2615 1093 2733 1133 eam
2764 1094 3072 1149 oppugnare
3100 1080 3271 1135 verbis
3296 1081 3427 1135 suis.

2152 1164 2241 1219 25.
2289 1165 2469 1220 Dicant
2498 1182 2562 1224 ea
2591 1168 2891 1222 testimonia
2918 1209 2933 1235 ,
2963 1184 3082 1240 qua:
3112 1170 3260 1239 posui
3289 1169 3356 1226 de
3384 1170 3526 1242 Lege
3551 1214 3564 1234 ,
3617 1182 3671 1225 et

2084 1254 2387 1324 Prophetis,
2415 1266 2467 1310 et
2500 1256 2747 1322 Psalmis,
2775 1259 3001 1313 obscura
3027 1274 3147 1315 esse
3186 1271 3240 1316 et
3276 1262 3496 1332 ﬁgurate
3521 1264 3666 1319 dicta

2083 1344 2242 1397 etiam
2280 1345 2433 1399 aliter
2463 1360 2620 1415 posse
2650 1348 2867 1417 intelligi
2892 1366 2905 1413 ;
2935 1364 3233 1419 quanquam
3265 1362 3314 1405 et
3348 1353 3398 1406 iu
3426 1354 3504 1408 eis
3532 1368 3665 1423 cge-

2086 1436 2182 1489 rim
2226 1449 2480 1506 quantum
2513 1440 2680 1506 potui,
2715 1449 2769 1493 ut
2799 1456 2894 1495 nec
2937 1442 3036 1496 hoc
3064 1445 3290 1497 amb-ant
3317 1445 3491 1499 dicore
3524 1464 3537 1497 :
3565 1447 3665 1501 sed

2086 1543 2210 1584 ecce
2240 1529 2438 1584 dicant.
2468 1530 2729 1602 Numquid
2774 1544 2826 1588 et
2875 1533 2974 1588 hoc
3018 1536 3244 1591 obscure
3288 1537 3482 1591 dictum
3511 1580 3524 1599 ,
3571 1550 3669 1593 aut

2085 1622 2381 1692 mnigmatis
2426 1624 2729 1679 velamento
2776 1628 3132 1682 inumbratum
3184 1640 3304 1695 est,
3355 1632 3496 1700 quod
3550 1633 3669 1701 ipse

2086 1711 2327 1767 Christus
2352 1713 2491 1769 dixit
2522 1732 2533 1766 :
2570 1714 2701 1782 Quia
2729 1717 2801 1770 sic
2831 1719 3071 1787 scriptum
3102 1730 3206 1781 est,
3236 1731 3280 1773 et
3307 1725 3379 1775 sic
3406 1725 3668 1791 Oportebat

2086 1800 2342 1880 Christum
2382 1805 2509 1873 pati,
2554 1817 2597 1859 et
2623 1823 2883 1877 resurgere
2919 1811 3063 1862 tertia
3099 1811 3200 1875 die,
3228 1822 3275 1865 et
3316 1812 3586 1880 praedicari
3614 1815 3669 1867 in

2086 1878 2287 1948 nomine
2334 1896 2442 1965 ejus
2487 1898 2823 1964 paenitentiam
2874 1909 2918 1952 et
2962 1902 3303 1954 remissionem
3349 1913 3669 1970 peccatorum

2087 2000 2176 2054 per
2199 2001 2369 2039 omnes
2386 1997 2574 2056 gentes,
2593 1988 2942 2058 incipientibus
2965 1992 3026 2042 ab
3045 1990 3371 2046 Jerusalem?
3396 1993 3450 2046 Si
3473 1993 3670 2048 obscu-

2085 2090 2203 2129 rum
2251 2084 2352 2140 est,
2403 2076 2630 2131 Dormivi
2676 2080 3039 2145 conturbatus;
3080 2082 3331 2150 numquid
3380 2083 3667 2139 obscurum

2089 2176 2191 2230 est,
2221 2169 2338 2237 quia
2368 2168 2623 2237 Oportebat
2659 2169 2913 2225 Christum
2949 2173 3099 2239 pati?
3122 2174 3174 2227 Si
3219 2173 3504 2229 obscurum
3542 2185 3626 2229 est
3651 2218 3665 2239 ,

2088 2256 2336 2313 Exaltare
2360 2276 2509 2329 super
2536 2262 2715 2323 cwlos,
2749 2260 2921 2326 Deus;
2952 2263 3205 2333 numquid
3232 2265 3515 2321 obscurum
3541 2276 3625 2320 est
3650 2309 3666 2332 ,

2087 2357 2133 2402 et
2158 2364 2413 2419 resurgere
2442 2351 2586 2403 tertia
2611 2350 2731 2406 die?
2759 2352 2812 2408 Si
2838 2353 3121 2408 obscurum
3149 2364 3249 2422 est,
3275 2356 3445 2425 Super
3470 2372 3671 2411 onmem

2092 2449 2277 2493 terram
2305 2441 2470 2511 gloria
2499 2451 2587 2497 tua
2614 2442 2784 2512 (Psal.
2816 2461 2903 2499 LVI
2924 2488 2938 2510 ,
2966 2447 3019 2510 5,
3048 2447 3141 2516 6);
3168 2449 3427 2519 numquid
3468 2451 3668 2505 obscu-

2088 2544 2206 2584 rum
2248 2540 2350 2597 est,
2380 2542 2427 2586 et
2453 2534 2721 2602 praedicari
2754 2536 2807 2589 in
2848 2539 3049 2592 nomine
3082 2540 3191 2609 ejus
3229 2543 3591 2619 paenitentiam,
3621 2552 3672 2597 et

2087 2620 2430 2675 remissionem
2466 2635 2783 2692 peccatorum
2821 2644 2911 2697 per
2948 2645 3119 2683 omnes
3147 2634 3357 2701 gentes?
3387 2633 3441 2687 Si
3472 2634 3669 2688 obscu.

2089 2726 2206 2765 rum
2227 2720 2330 2777 est,
2359 2711 2499 2768 Deus
2532 2715 2744 2771 deorum
2769 2715 3016 2774 Dominus
3043 2720 3241 2775 locutus
3266 2733 3340 2776 est
3359 2765 3372 2787 ,
3402 2735 3448 2775 et
3477 2733 3671 2781 eorum

2088 2808 2292 2869 terram,
2316 2820 2350 2857 a
2369 2805 2491 2860 solis
2514 2816 2629 2860 ortu
2649 2824 2805 2877 usque
2822 2810 2891 2862 ad
2904 2826 3137 2865 occasum
3154 2827 3175 2876 ,°
3197 2814 3450 2883 numquid
3477 2815 3672 2870 obscu-

2091 2910 2207 2949 rum
2234 2906 2353 2963 est,
2392 2908 2439 2951 et
2470 2900 2736 2968 pranlicari
2760 2902 2813 2955 in
2857 2904 3058 2958 nomine
3098 2906 3207 2975 ejus
3235 2908 3577 2975 paenitentiam
3623 2918 3670 2962 et

2088 2990 2432 3043 remissionem
2474 3000 2789 3059 peccatorum
2829 3010 2918 3062 per
2950 3011 3122 3049 omnes
3160 3006 3329 3066 gentes
3350 2999 3375 3053 7
3399 2999 3486 3053 Sic
3523 3000 3668 3053 enim

2090 3088 2231 3135 terra
2268 3090 2453 3136 vocata
2498 3091 2582 3137 est
2625 3099 2651 3136 a
2702 3084 2831 3139 solis
2877 3095 2998 3141 ortu
3049 3103 3217 3155 usque
3260 3090 3325 3143 ad
3375 3105 3623 3144 occasum
3654 3132 3667 3153 ,

2088 3172 2539 3242 quemadmodum
2581 3175 2695 3246 ipse
2723 3177 2830 3243 ait,
2860 3177 2983 3233 Non
3014 3182 3123 3235 veni
3150 3197 3329 3236 uocare
3352 3185 3513 3255 iustos
3532 3226 3546 3249 ,
3576 3190 3672 3238 sed

2090 3274 2374 3335 peccatores
2416 3267 2469 3320 in
2500 3269 2839 3343 paenitentiam
2884 3269 3090 3343 (Matth.
3125 3288 3174 3327 IX
3197 3314 3211 3338 ,
3254 3274 3365 3345 i3).
3397 3274 3450 3330 Si
3477 3275 3674 3331 obscu-

2090 3371 2207 3411 rum
2236 3365 2338 3423 est,
2374 3355 2460 3413 Ea:
2490 3358 2617 3415 Sion
2638 3363 2825 3431 species
2845 3363 3043 3419 decoris
3070 3366 3178 3434 ejus
3206 3365 3376 3435 (Psal.
3399 3383 3519 3422 χιιι
3537 3409 3551 3432 ,
3599 3370 3624 3423 1
3653 3412 3670 3437 ,

2089 3446 2177 3516 2);
2211 3448 2464 3518 numquid
2507 3452 2792 3505 obscurum
2832 3462 2935 3519 est,
2966 3455 3319 3524 incipientibus
3353 3458 3415 3510 ab
3454 3457 3673 3512 Jerusa-

2093 3537 2231 3591 lem?
2258 3538 2373 3607 Ipsa
2410 3548 2493 3594 est
2530 3542 2671 3595 enim
2707 3541 2833 3596 Sion
2882 3559 3001 3612 qua:
3042 3544 3357 3601 Jerusalem.
3398 3548 3505 3603 Sed
3545 3550 3678 3619 qttid

2091 3627 2159 3682 ad
2185 3629 2310 3683 me?
2342 3629 2528 3683 Dicant
2555 3646 2617 3686 ea
2644 3647 2762 3700 qua:
2788 3634 2939 3701 posui
2967 3633 3033 3689 de
3073 3635 3233 3705 Lege;
3265 3646 3319 3691 et
3353 3638 3674 3708 Pmpbetis,

2092 3727 2147 3773 et
2174 3719 2417 3785 Psalmis,
2446 3736 2550 3775 non
2573 3723 2841 3791 pertinere
2870 3724 2935 3778 ad
2963 3724 3078 3781 hare
3108 3727 3266 3783 verba
3290 3728 3523 3794 Domini,
3551 3748 3678 3800 quas

2094 3810 2146 3865 in
2174 3811 2461 3882 Evangelia
2497 3814 2743 3883 leguntur
2772 3833 2785 3869 :
2820 3830 2923 3869 non
2950 3832 3080 3872 euro
3101 3860 3115 3883 ,
3147 3834 3244 3874 nec
3273 3820 3485 3875 resisto.
3514 3823 3677 3879 Certe

2096 3910 2273 3957 tamen
2316 3902 2417 3956 nisi
2457 3903 2509 3958 in
2554 3904 2714 3976 Lege,
2761 3917 2815 3961 et
2859 3907 3157 3978 PrOphetis,
3198 3919 3249 3964 et
3298 3911 3524 3969 Psalmis
3571 3914 3675 3971 hoc

2096 3994 2405 4063 pra‘dictum
2454 4007 2616 4062 esset,
2667 3999 2778 4053 sive
2825 3999 2877 4054 in
2918 4000 2996 4055 eis
3043 4003 3360 4058 testimoniis
3403 4021 3521 4074 qua:
3559 4006 3676 4076 ipse

2095 4086 2333 4154 adhibui,
2358 4090 2469 4143 sive
2492 4090 2544 4142 in
2568 4090 2705 4157 aliis,
2740 4108 3071 4164 nequaquam
3113 4096 3335 4153 dixisset
3378 4099 3634 4156 Dominus
3658 4146 3672 4167 ,

2098 4178 2307 4248 Oportet
2337 4180 2535 4250 impleri
2560 4183 2727 4236 omnia
2750 4200 2865 4254 qua:
2888 4186 3076 4253 scripta
3101 4197 3218 4241 sunt
3248 4190 3300 4243 in
3330 4188 3461 4260 Lege
3482 4190 3672 4262 Moysi,

2094 4284 2141 4329 et
2168 4274 2436 4345 PrOphetis
2462 4287 2507 4331 et
2534 4277 2754 4331 Psalmis
2775 4279 2837 4332 de
2858 4295 2936 4332 me
2950 4296 2970 4332 :
2988 4297 3050 4335 ac
3072 4282 3262 4337 deinde
3282 4293 3469 4351 aperto
3489 4300 3675 4341 eorum

2095 4380 2257 4420 sensu
2287 4379 2341 4421 ut
2367 4367 2723 4436 intelligerent
2745 4368 3067 4437 Scripturas,
3091 4371 3307 4426 doceret
3330 4388 3391 4426 ea
3415 4373 3522 4443 ipsa
3554 4390 3678 4443 qua:

2096 4457 2163 4514 de
2194 4460 2283 4513 illo
2306 4461 2501 4529 scripta
2532 4470 2654 4514 sunt
2676 4461 2726 4515 iu
2754 4460 2913 4531 Lege,
2939 4471 2993 4516 et
3015 4463 3319 4535 PrOphetis,
3353 4474 3407 4519 et
3428 4466 3676 4530 Psalmis,

2097 4565 2163 4604 eo
2191 4550 2349 4604 modo
2379 4562 2435 4603 ut
2473 4551 2694 4616 diceret,
2730 4552 2981 4620 Quoniam
3008 4555 3081 4609 sic
3103 4556 3356 4625 scriptum
3386 4566 3459 4610 est
3484 4599 3496 4622 ,
3532 4568 3578 4609 et
3604 4560 3681 4610 sic

2097 4643 2352 4711 Oportebat
2378 4644 2630 4700 Christum
2668 4647 2773 4715 pati
2799 4656 2844 4700 et
2868 4662 3127 4718 resurgere
3152 4649 3297 4701 tertia
3330 4651 3411 4701 die
3438 4690 3453 4715 ,
3482 4660 3527 4703 et
3554 4666 3684 4718 pra-

2098 4735 2257 4789 dicari
2282 4736 2334 4789 in
2360 4736 2559 4790 nomine
2583 4738 2692 4807 ejus
2730 4738 3069 4806 paenitentiam
3104 4748 3151 4791 et
3189 4739 3535 4793 remissionem
3562 4757 3685 4807 pec-

2098 4839 2326 4883 catorum
2370 4843 2462 4897 per
2503 4844 2673 4881 omnes
2711 4837 2914 4898 gentes,
2960 4828 3314 4898 incipientibus
3354 4830 3415 4881 ab
3456 4828 3682 4884 Jerusa-

2099 4921 2214 4973 lem.
2247 4917 2359 4972 Non
2387 4932 2486 4988 ego
2515 4917 2771 4985 potuerim
2802 4918 2852 4971 in
2876 4916 3034 4987 Lege,
3062 4926 3116 4972 et
3137 4917 3437 4988 Prophetis,
3456 4919 3685 4973 etPsal-

2100 5014 2199 5068 mis
2247 5011 2361 5066 huc
2410 5012 2603 5081 scripta
2654 5024 2975 5080 cognoscere
3019 5029 3031 5064 :
3077 5011 3147 5065 ibi
3198 5021 3371 5066 tamen
3415 5011 3516 5066 hoc
3558 5027 3685 5067 csso

2100 5106 2353 5173 scriptum
2385 5104 2473 5158 ille
2500 5103 2625 5159 dicit
2654 5145 2666 5165 ,
2705 5102 2792 5173 qui
2824 5101 3032 5157 Veritas
3059 5114 3159 5158 est.
3202 5103 3308 5158 Sed
3335 5103 3437 5158 etsi
3466 5104 3580 5159 haec
3608 5104 3685 5160 ihi

2100 5195 2293 5261 scripta
2324 5210 2569 5250 essenon
2597 5193 2816 5259 diceret,
2850 5195 3027 5264 procul
3056 5194 3219 5249 dubio
3240 5194 3687 5251 sumceretChri—

2101 5286 2285 5340 stianis
2314 5283 2453 5355 quod
2482 5284 2725 5340 Christus
2748 5285 2858 5354 ipse
2876 5285 3098 5339 dixisset
3117 5327 3129 5347 ,
3160 5284 3689 5355 Oportere'prtedicari

2100 5379 2151 5430 in
2172 5377 2371 5431 nomine
2394 5392 2485 5430 suo
2524 5376 2859 5443 penitentiam
2886 5385 2931 5428 et
2975 5375 3315 5429 remissionem
3360 5384 3686 5443 peccatorum

2102 5488 2189 5538 per
2211 5486 2379 5523 omnes
2404 5478 2588 5538 gentes,
2639 5468 2987 5538 incipientibus
3021 5469 3083 5521 ab
3112 5466 3418 5523 Jerusalem.
3450 5468 3555 5524 Sed
3584 5468 3687 5521 du-

2103 5563 2330 5617 bitautcs
2350 5560 2635 5629 discipulos
2666 5576 2789 5613 suos
2819 5560 3057 5628 quamvis
3082 5569 3371 5630 conspecto
3397 5567 3451 5614 et
3471 5570 3691 5613 contre-

2102 5668 2242 5710 ctatu
2268 5657 2383 5724 ejus
2409 5669 2633 5722 corpore
2659 5696 2671 5710 .
2706 5652 2903 5718 maiore
2945 5653 3264 5705 documento
3289 5652 3686 5719 Scripturarum

2112 5748 2274 5802 voluit
2305 5746 2638 5812 conﬁrmare,
2665 5756 2819 5814 quam
2848 5745 2983 5814 quod
3015 5760 3070 5800 Si)
3095 5744 3204 5812 ipse
3238 5744 3498 5798 visibilem
3523 5753 3683 5812 atque
