4066 6200
297 391 405 449 409

302 503 623 575 palpabilem
643 502 943 557 mortalium
961 503 1202 555 sensibus
1219 498 1548 554 admovebat.
1575 500 1648 568 (α)
1671 499 1876 551 Tenea-

305 611 423 651 mus
445 611 574 664 ergo
601 594 890 649 Ecclesium
913 610 972 647 ex
999 609 1090 648 ore
1117 593 1324 648 Domini
1355 593 1705 661 designatum,
1740 591 1880 644 unde

303 698 539 758 emptura
567 728 581 750 ,
629 697 681 741 et
723 701 1000 757 quousque
1042 696 1358 754 perventura
1413 696 1587 746 esset;
1643 694 1882 750 emptura

303 781 506 836 scilicet
529 779 599 833 ab
625 777 941 841 Jerusalem,
973 786 1025 830 et
1052 787 1366 845 perventura
1390 777 1440 830 iu
1463 791 1648 830 omnes
1672 785 1879 844 gentes.

372 873 462 924 23.
495 871 592 925 Hie
608 870 718 937 jam
747 869 984 938 quisquis
1011 868 1237 932 dixerit,
1272 868 1566 922 Jerusalem
1604 883 1708 920 non
1740 867 1881 920 illam

301 962 560 1017 visibilem
589 961 858 1016 civitatem
903 960 1296 1030 intelligendam
1317 1001 1332 1022 ,
1367 960 1459 1015 sed
1489 945 1707 1028 ﬁgurate
1739 961 1882 1028 posi-

302 1063 431 1118 tum,
473 1062 530 1106 ut
559 1051 907 1120 spiritualiter
941 1051 1228 1120 accipiatur
1259 1060 1366 1104 tota
1399 1049 1633 1104 Ecclesia
1683 1060 1878 1103 a'lcrua

301 1144 352 1196 iu
383 1143 534 1198 ctelis
554 1184 570 1208 ,
608 1152 662 1196 et
691 1157 754 1197 ex
786 1151 934 1211 parte
965 1141 1017 1195 iu
1049 1142 1206 1196 terris
1233 1140 1546 1211 peregrina;
1592 1151 1764 1209 potest
1795 1140 1876 1193 di-

300 1249 423 1289 cere
447 1234 607 1288 etiam
637 1232 762 1290 illud
795 1233 1015 1302 ﬁgurate
1043 1232 1261 1296 dictum,
1296 1231 1428 1298 Quia
1457 1231 1714 1300 oportebat
1735 1230 1882 1284 Chri-

297 1335 429 1378 stum
449 1323 576 1393 pati,
607 1333 656 1377 et
679 1339 936 1391 resurgere
961 1323 1106 1376 tertia
1138 1323 1239 1376 die.
1285 1322 1435 1390 Quod
1461 1322 1701 1392 quisquis
1726 1322 1878 1376 dixe—

303 1416 388 1480 rit,
415 1430 514 1469 nec
539 1430 753 1484 quoquo
777 1415 936 1470 modo
963 1415 1284 1470 christianos
1311 1416 1584 1470 habendus
1606 1425 1704 1470 est.
1733 1414 1881 1470 Sicut

301 1520 429 1574 ergo
457 1505 588 1560 illud
614 1508 825 1575 proprie
846 1504 1075 1576 positum
1105 1518 1205 1568 est.
1231 1508 1298 1561 ita
1322 1517 1374 1562 et
1403 1507 1542 1577 quod
1572 1507 1878 1576 adjunctum

299 1605 382 1650 est
407 1596 472 1651 de
495 1597 735 1651 omnium
763 1599 998 1667 gentium
1039 1598 1270 1653 Ecclesia
1300 1598 1584 1667 incipiente
1623 1597 1690 1652 ab
1722 1597 1876 1652 Jeru-

299 1688 487 1742 salem.
533 1687 794 1757 Exposuit
824 1690 964 1743 enim
992 1690 1244 1744 Dominus
1270 1689 1384 1744 btec
1409 1688 1477 1744 de
1499 1693 1558 1744 Se
1593 1688 1733 1743 dicta
1760 1702 1880 1744 esse

299 1779 352 1833 in
382 1778 556 1848 Lege,
584 1789 638 1833 et
658 1779 936 1848 PrOphetis
955 1821 970 1845 ,
999 1788 1054 1835 et
1076 1779 1332 1834 Psalmis:
1363 1789 1418 1834 et
1440 1779 1622 1849 utique
1645 1780 1755 1847 ipsa
1780 1793 1876 1833 ex-

304 1869 498 1938 positio
537 1885 642 1923 non
682 1871 850 1938 potuit
895 1884 1016 1926 esse
1049 1869 1302 1940 ﬁgurata;
1331 1870 1562 1940 alioquin
1602 1885 1707 1924 non
1737 1879 1880 1924 esset

298 1960 578 2028 expositio.
625 1959 824 2015 Deinde
859 1975 980 2015 cum
1023 1959 1316 2016 Jerusalem
1363 1960 1580 2030 ﬁgurate
1625 1959 1791 2029 posita
1826 1967 1880 2013 et

300 2049 646 2118 spiritualiter
668 2051 931 2106 intellecta
954 2051 1251 2106 universam
1277 2051 1569 2105 Ecclesium
1591 2049 1875 2120 signiticet,

299 2143 567 2212 quomodo
596 2144 841 2198 universa
859 2145 1093 2200 Ecclesia
1123 2144 1307 2214 incipit
1324 2143 1391 2198 ab
1416 2144 1663 2198 universa
1689 2141 1874 2196 Eccle-

298 2234 395 2297 sia,
430 2241 676 2302 tanquam
706 2233 998 2288 Jerusalem
1028 2234 1323 2303 incipiatab
1343 2233 1637 2288 Jerusalem
1661 2233 1685 2286 ?
1711 2232 1878 2286 Mani-

296 2321 488 2378 festum
517 2331 599 2377 est
624 2338 750 2393 ergo
777 2324 987 2394 proprie
1009 2325 1235 2394 positum
1263 2323 1331 2380 de
1354 2323 1442 2378 illa
1471 2323 1704 2390 civitate,
1735 2323 1876 2378 unde

294 2415 451 2468 ctiam
473 2414 703 2484 etepisse
745 2415 1000 2484 probator
1024 2415 1262 2471 Ecclesia
1282 2456 1299 2480 ,
1327 2415 1488 2470 etiam
1519 2423 1676 2484 atque
1711 2414 1873 2468 etiam

294 2505 410 2574 ipso
436 2506 829 2570 manifestante,
850 2517 904 2562 et
930 2508 1128 2563 nullam
1149 2507 1459 2563 insidiarum
1489 2506 1742 2561 latebram
1761 2507 1873 2561 cal-

293 2598 480 2653 liditati
525 2598 790 2654 ltmreticze
832 2599 1187 2670 relinquente.
1235 2599 1324 2655 Sic
1365 2600 1509 2654 enim
1550 2599 1789 2668 sequitur
1820 2607 1875 2653 et

291 2693 418 2748 dicit
449 2711 462 2746 :
493 2692 560 2746 Et
587 2708 675 2746 vos
700 2693 881 2746 horum
916 2702 1098 2766 testes;
1137 2701 1185 2746 et
1213 2707 1303 2762 ego
1331 2692 1473 2746 mitto
1492 2691 1875 2761 promissionem

293 2801 450 2837 meum
475 2800 628 2851 super
649 2799 754 2836 vos.
805 2782 904 2836 Vos
936 2793 1102 2837 autem
1126 2782 1292 2836 sedete
1316 2783 1369 2836 in
1392 2782 1590 2836 civitate
1613 2781 1872 2852 quoadus-

291 2891 386 2936 que
411 2874 690 2950 induamini
719 2874 900 2928 virtute
930 2891 993 2927 ea;
1031 2874 1156 2928 alto.
1203 2870 1260 2927 in
1303 2889 1406 2942 qua
1452 2875 1634 2944 utique
1657 2874 1872 2932 civitate

291 2965 479 3020 sedere
512 2981 606 3021 eos
629 2964 783 3034 jussit
818 2965 1160 3034 quoadusque
1195 2965 1541 3020 induerentur
1583 2965 1778 3020 virtute
1805 2982 1870 3022 es

290 3059 418 3125 alto,
445 3057 495 3112 id
520 3067 638 3124 est,
679 3057 874 3126 Spiritu
907 3066 1110 3125 sancto,
1153 3073 1309 3128 quem
1334 3073 1395 3112 se
1430 3058 1714 3112 missurum
1753 3073 1873 3114 esse

297 3149 647 3219 promiserat,
676 3149 742 3202 ab
770 3164 830 3201 ca
859 3149 1070 3203 civitate
1091 3159 1384 3218 empturum
1412 3148 1654 3218 pra'dixit
1684 3150 1872 3206 Eccle-

294 3243 448 3296 siam.
477 3237 535 3296 Si
563 3250 740 3294 autem
779 3255 884 3292 non
923 3255 1038 3293 eam
1072 3248 1255 3308 putant
1280 3255 1400 3294 esse
1427 3240 1742 3305 Jerusalem,
1775 3258 1870 3294 an-

295 3332 440 3385 diaut
463 3329 605 3398 quod
635 3331 873 3398 sequitur
902 3348 914 3382 :
957 3328 1204 3383 Produxit
1233 3341 1401 3382 autem
1438 3330 1556 3385 illos
1598 3348 1754 3398 usque
1775 3329 1874 3385 Be—

295 3423 520 3474 thaniam
545 3462 562 3486 ,
605 3432 650 3475 et
679 3422 852 3474 levavit
895 3437 1074 3475 manus
1099 3437 1253 3486 suos,
1294 3431 1341 3475 et
1363 3423 1613 3476 benedixit
1638 3422 1770 3476 illos.
1805 3421 1872 3476 Et

294 3513 483 3580 factum
499 3521 574 3564 est
601 3527 714 3564 cum
741 3511 1067 3566 benedixisset
1086 3511 1221 3575 illos,
1249 3512 1476 3566 discessit
1491 3513 1554 3566 ab
1577 3514 1668 3566 eis.
1697 3511 1759 3566 Et
1775 3513 1873 3584 ipsi

293 3603 474 3656 reversi
501 3613 617 3656 sunt
648 3619 760 3656 cum
787 3603 976 3673 gaudio
995 3605 1248 3674 magnoin
1267 3603 1574 3671 Jerusalem,
1600 3615 1646 3660 et
1673 3609 1873 3675 fuerunt

292 3710 487 3764 semper
525 3696 580 3749 in
603 3696 789 3764 templo
817 3696 1082 3750 laudantes
1111 3695 1271 3750 Deum
1298 3695 1447 3766 (Luc.
1479 3698 1869 3768 xstv,.d8~55).

295 3786 431 3841 Ecce
462 3785 550 3840 ubi
590 3786 887 3842 ostenditur
928 3787 1012 3840 illa
1051 3787 1271 3854 civitas,
1315 3788 1366 3842 in
1407 3804 1508 3857 qua
1551 3803 1644 3843 eos
1679 3787 1874 3846 sclere

290 3876 465 3946 jussit,
496 3877 667 3931 donec
695 3877 1039 3931 iudoerentur
1059 3877 1251 3932 virtute
1270 3893 1334 3933 ex
1365 3878 1490 3934 alto.

361 3967 589 4024 CAPUT
636 3967 704 4022 XI
734 3968 831 4039 (b).
867 3998 935 4008 —
961 3970 1050 4023 27.
1083 3969 1148 4023 Et
1178 3968 1264 4023 hic
1291 3969 1503 4038 quidem
1529 3979 1659 4040 quot
1685 3969 1875 4024 diebus

292 4075 414 4114 cum
443 4059 522 4113 eis
558 4057 731 4124 fuerit,
765 4067 1104 4129 posteaquam
1131 4073 1191 4114 se
1219 4061 1395 4114 vivum
1423 4069 1543 4130 post
1571 4060 1872 4129 passionem

292 4166 443 4206 suam
489 4151 656 4205 oculis
695 4166 879 4205 eorum
927 4162 979 4205 et
1006 4151 1248 4206 manibus
1274 4151 1676 4213 demonstravit,
1726 4168 1865 4221 prze-

296 4242 599 4297 termissum
625 4251 742 4306 est;
773 4258 876 4296 non
897 4252 1074 4298 autem
1101 4252 1304 4299 tacetur
1322 4244 1375 4298 in
1403 4233 1623 4300 Actibus
1646 4247 1873 4316 Aposto-

297 4337 502 4396 lorum,
537 4333 623 4387 ubi
669 4349 856 4388 rursus
895 4335 1080 4390 eadem
1124 4336 1546 4392 manilestatione
1590 4336 1874 4392 verborum

294 4425 680 4480 dominicorum
714 4425 885 4480 futura
924 4441 1019 4496 per
1043 4426 1229 4483 orbem
1259 4437 1518 4482 terrarum
1548 4427 1874 4498 praenuntia-

296 4523 382 4568 tur
404 4516 638 4570 Ecclesia
663 4533 677 4568 :
705 4515 792 4571 ubi
819 4516 992 4571 nullus
1016 4517 1235 4572 omnino
1255 4517 1500 4573 dubitare
1520 4520 1874 4589 permittatur,

295 4607 398 4660 uisi
425 4607 514 4676 qui
535 4607 602 4662 de
617 4616 918 4662 sanctarum
941 4609 1331 4678 Scripturarum
1353 4609 1454 4664 ﬁde
1480 4609 1704 4675 dubitat,
1728 4611 1872 4666 illam

294 4713 416 4752 esse
434 4696 730 4759 Jerusalem
753 4699 1012 4754 visibilem
1033 4701 1320 4765 civitatem,
1345 4701 1486 4757 unde
1506 4703 1668 4772 cmpit
1695 4703 1878 4758 Eccle-

295 4790 376 4842 sia
408 4797 524 4858 post
549 4789 755 4845 Domini
773 4789 899 4846 Jesu
919 4790 1115 4846 Christi
1143 4793 1587 4848 resurrectionem
1613 4803 1667 4850 et
1690 4811 1877 4852 ascen-

291 4882 534 4948 sionem;
565 4897 664 4937 ncc
686 4881 828 4937 aliud
854 4899 974 4937 eum
1003 4883 1234 4939 voluisse
1261 4885 1566 4951 ostendere,
1599 4887 1698 4942 nisi
1723 4887 1879 4957 hujus

294 4984 456 5028 terrae
484 4974 618 5042 loca,
649 4973 791 5031 unde
823 4975 899 5030 illi
939 4975 1090 5031 daret
1132 4977 1358 5040 initium,
1389 4987 1442 5032 et
1465 4979 1733 5046 quomodo
1758 4996 1876 5036 eam

294 5081 394 5136 per
418 5076 603 5122 cuncta
636 5064 760 5122 inde
787 5065 1123 5123 diffunderet.
1152 5065 1241 5123 Sic
1264 5069 1405 5124 enim
1436 5071 1686 5139 scriptum
1716 5082 1798 5126 est
1827 5074 1876 5126 in

293 5157 517 5212 Actibus
542 5157 916 5228 Apostolorum
951 5178 964 5214 :
999 5158 1227 5213 Primum
1249 5160 1450 5230 quidem
1478 5177 1755 5218 sermonem
1784 5167 1881 5233 [cci

293 5249 362 5300 de
382 5248 630 5323 omnibus,
658 5266 688 5300 o
717 5247 1013 5318 Theophila,
1035 5266 1149 5320 qut:
1179 5253 1325 5320 erepit
1348 5251 1500 5306 Iesus
1525 5254 1692 5323 [acere
1719 5266 1767 5309 et
1789 5257 1879 5309 do-

293 5353 410 5390 cere
439 5355 592 5409 usque
624 5340 677 5393 in
722 5341 856 5394 diem
894 5356 992 5410 quo
1023 5341 1290 5410 Apostolos
1318 5343 1466 5414 elegit
1505 5361 1596 5412 per
1623 5344 1876 5413 Spiritum

292 5441 524 5484 sanctum
545 5473 562 5497 ,
607 5431 855 5485 mandans
879 5433 950 5486 cis
977 5431 1254 5501 praxhcare
1280 5431 1610 5504 Evangelia»:
1644 5452 1663 5490 :
1700 5437 1880 5506 quibus

294 5533 346 5576 et
370 5524 702 5593 manifestavit
733 5540 788 5578 se
816 5525 981 5593 ipsum
1007 5534 1117 5592 post
1147 5525 1431 5594 passionem
1459 5543 1604 5581 suam
1633 5528 1685 5580 in
1710 5530 1877 5583 multis

297 5613 476 5683 signis,
510 5631 599 5683 per
625 5616 732 5668 dies
753 5615 1088 5684 quadraginta
1117 5632 1370 5684 apparens
1409 5617 1498 5684 eis,
1530 5627 1576 5671 et
1617 5619 1878 5687 disputans

365 5726 438 5790 (tt)
475 5731 602 5790 Apud
625 5739 724 5778 Am.
747 5739 797 5779 et
817 5737 910 5786 F.r.,
935 5744 1036 5790 cap.
1070 5731 1140 5778 10.

369 5729 417 5778 la
475 5731 602 5790 Apud
625 5739 724 5778 Am.
747 5739 797 5779 et
817 5737 910 5786 F.r.,
935 5744 1036 5790 cap.
1070 5731 1140 5778 10.

369 5729 441 5853 (δὲ
474 5790 604 5844 Nulla
630 5792 708 5841 llic
741 5795 910 5841 divisio
937 5800 1062 5856 apud
1090 5805 1181 5842 Am.
1213 5800 1264 5845 et
1285 5801 1350 5844 Er.

1149 397 1319 442 νυισο
1359 383 1445 439 DE
1476 379 1770 440 UNI'l‘ATE
1812 378 2164 435 litICLESl/E
2208 381 2406 437 LIBER
2451 383 2646 440 UXUS.

3471 393 3576 450 ΗΟ

1989 491 2053 544 de
2075 509 2230 564 regno
2270 493 2382 547 Dei.
2429 494 2491 548 Et
2535 513 2647 549 cum
2676 507 3052 552 cuncersarctur
3074 515 3188 553 cum
3213 501 3301 565 ὼ,
3333 509 3570 574 prwcepit

1989 583 2060 636 eis
2086 600 2146 636 nc
2165 585 2474 639 discederent
2505 588 2565 639 ab
2592 587 2942 658 Jerosolymis,
2967 591 3053 644 sed
3081 603 3424 662 exspectarent
3450 614 3568 664 pro-

1989 675 2273 730 missionem
2299 678 2428 745 ejus,
2452 695 2600 746 quam
2621 679 2856 746 audistis,
2881 682 3057 750 inquit,
3082 700 3146 737 ea:
3170 701 3254 738 ore
3275 703 3402 740 meo.
3431 690 3566 752 Quin

1987 766 2212 823 Joannes
2233 770 2430 837 quidem
2459 773 2725 840 baptizavit
2749 791 2901 842 aqua,
2929 793 3013 829 eos
3033 788 3200 832 autem
3227 780 3425 848 Spiritu
3448 800 3565 834 sau-

1988 871 2065 912 rto
2086 861 2482 931 baptizcbimini,
2496 883 2639 934 quem
2658 877 2701 919 et
2728 849 2984 937 accepturi
2995 873 3109 924 estis
3130 889 3228 925 non
3255 884 3364 942 post
3387 876 3568 927 multos

1987 954 2079 1007 hos
2107 955 2232 1008 dies.
2255 954 2318 1007 At
2344 956 2420 1009 illi
2445 959 2645 1026 quidem
2671 962 3011 1015 convenientes
3033 965 3406 1034 interrogabant
3433 983 3566 1030 cum,

1987 1043 2204 1100 dicentes
2231 1063 2248 1099 :
2282 1045 2514 1112 Domine,
2545 1050 2590 1102 si
2630 1051 2682 1102 in
2720 1061 2940 1121 tempore
2973 1054 3066 1107 hoc
3103 1057 3328 1110 restitues
3363 1075 3571 1127 regnum

1989 1132 2192 1189 Israel?
2223 1137 2414 1202 Quibus
2441 1142 2747 1210 respondens
2778 1143 2904 1195 dixit
2934 1159 2952 1197 :
2978 1144 3098 1198 Non
3125 1157 3196 1199 est
3213 1161 3426 1200 vestrum
3445 1150 3570 1202 scire

1985 1236 2208 1297 tempora
2244 1230 2317 1282 rel
2347 1242 2596 1284 momenta
2615 1237 2654 1298 ³,
2681 1249 2796 1298 quae
2835 1233 2990 1288 Pater
3029 1238 3195 1304 posuit
3227 1237 3278 1290 in
3304 1255 3396 1292 sua
3423 1249 3569 1308 pote-

1985 1327 2146 1384 state;
2175 1322 2262 1374 sed
2301 1323 2556 1390 accipietis
2599 1325 2829 1377 virtutem
2881 1325 3105 1395 Spiritus
3144 1337 3303 1380 sancti
3331 1343 3568 1397 superve—

1985 1411 2200 1465 nientem
2227 1430 2278 1467 in
2307 1431 2416 1478 vos,
2450 1426 2496 1468 et
2525 1417 2660 1469 eritis
2694 1418 2816 1470 mihi
2850 1427 2996 1472 testes
3023 1419 3074 1470 in
3109 1420 3411 1483 Jerusalem,
3444 1432 3489 1473 et
3517 1423 3570 1474 in

1985 1512 2088 1554 tota
2105 1499 2312 1569 ludum,
2342 1515 2388 1556 et
2419 1504 2677 1568 Samaria,
2720 1517 2765 1560 et
2794 1524 2950 1577 usque
2970 1509 3019 1560 in
3045 1520 3195 1560 totum
3222 1521 3403 1562 terram
3427 1512 3563 1578 (εισι.

1985 1608 2022 1655 ι,
2058 1594 2191 1664 1-8).
2222 1594 2361 1650 Ecce
2385 1607 2436 1650 et
2466 1595 2550 1650 hic
2572 1597 2962 1652 manifestatum
2988 1606 3072 1652 est
3109 1599 3248 1653 unde
3290 1613 3524 1668 emptura
3549 1643 3562 1665 ,

1983 1693 2036 1740 et
2063 1701 2339 1756 quousque
2369 1699 2682 1756 perventura
2714 1700 2853 1744 esset
2885 1690 3136 1743 Ecclesia.

2052 1776 2142 1832 98.
2183 1776 2319 1844 Quid
2363 1778 2429 1833 ad
2460 1777 2572 1833 lucc
2603 1780 2782 1834 dicunt
2813 1781 2901 1850 qui
2931 1781 3251 1835 christianos
3287 1795 3348 1835 se
3377 1797 3565 1850 super-
3613 1763 3616 1768 I

1983 1866 2201 1924 bissime
2225 1867 2438 1934 dicunt,
2468 1881 2523 1925 et
2549 1870 2765 1926 Chrile
2793 1874 3128 1939 apertissime
3153 1873 3562 1926 contradicunt?

1981 1959 2090 2014 Nos
2143 1960 2280 2016 hanc
2321 1961 2610 2016 Ecclesium
2657 1973 2917 2024 tenemus,
2948 1972 3132 2018 contra
3184 1964 3313 2018 istas
3359 1965 3567 2018 divinas

1981 2064 2140 2105 voces
2170 2051 2339 2105 nullas
2366 2051 2623 2106 humanas
2645 2053 3044 2108 criminationes
3073 2053 3422 2108 admittimus.
3449 2054 3562 2107 lliu-

1982 2153 2073 2198 vet
2099 2143 2240 2199 enim
2269 2158 2366 2198 nos
2391 2144 2712 2214 plurimum,
2742 2145 2879 2214 quod
2923 2146 3176 2200 Dominus
3217 2156 3434 2211 noster,
3479 2145 3566 2200 cui

1981 2249 2085 2288 non
2136 2233 2356 2289 credere
2401 2234 2715 2304 sacrilegum
2763 2245 2816 2288 et
2867 2236 3083 2304 impium
3125 2246 3228 2299 est,
3259 2236 3564 2290 saevissimis

1979 2323 2157 2379 verbis
2181 2326 2312 2390 suis,
2353 2339 2471 2394 qua:
2510 2324 2692 2378 habuit
2735 2325 2786 2379 in
2819 2334 2978 2387 terra,
3011 2326 3126 2380 hmc
3157 2325 3434 2395 primitiva:
3463 2325 3565 2380 Ec-

1977 2418 2162 2474 clesia:
2186 2418 2504 2475 documenta
2550 2420 2782 2474 salubria
2826 2430 2881 2476 et
2925 2422 3210 2475 novissima
3257 2420 3560 2490 dereliquit.

1981 2509 2074 2564 llis
2099 2510 2238 2565 enim
2273 2511 2428 2564 dictis
2457 2526 2578 2564 mox
2623 2511 2862 2565 ascendit
2892 2511 2943 2564 in
2971 2513 3167 2566 coelum
3193 2531 3206 2542 ·
3242 2514 3564 2581 praemunire

1978 2602 2142 2656 voluit
2163 2617 2320 2657 aures
2347 2611 2555 2657 nostras
2579 2602 2836 2657 adversus
2860 2619 2975 2667 eos,
2999 2617 3132 2672 quos
3155 2602 3564 2672 procedentibus

1979 2694 2304 2763 temporibus
2327 2705 2734 2748 exsurrectoros
2773 2709 2892 2749 esse
2936 2694 3272 2764 prmdixerat,
3301 2702 3354 2748 et
3391 2693 3564 2748 dictu-

1976 2801 2088 2850 ros,
2121 2784 2253 2840 Ecce
2273 2787 2355 2839 hic
2383 2796 2454 2839 est
2477 2784 2728 2850 Christus,
2749 2802 2860 2840 ecce
2886 2787 2992 2839 illic
3019 2785 3231 2855 (Matth.
3262 2801 3414 2847 xxiv,
3442 2785 3558 2852 9.5).

1977 2878 2183 2947 Quibus
2214 2893 2282 2934 ne
2309 2879 2652 2934 crederemus
2693 2878 2986 2932 admonuit.
3020 2877 3128 2932 Nec
3157 2877 3262 2931 ulla
3292 2877 3446 2932 nobis
3469 2891 3564 2931 cx-

1975 2969 2180 3025 cusatio
2208 2978 2324 3036 est,
2365 2969 2408 3022 si
2448 2969 2832 3024 crediderimus
2857 2977 3042 3023 contra
3071 2983 3254 3021 vocem
3299 2968 3554 3036 pastoris,

1979 3071 2083 3114 tam
2109 3061 2327 3125 claram,
2353 3070 2458 3114 tam
2493 3071 2752 3130 apertam,
2787 3069 2891 3114 tam
2921 3058 3277 3118 manifesmm.
3322 3067 3378 3112 ut
3402 3074 3563 3113 nemo

1975 3153 2060 3208 vel
2087 3153 2309 3207 obtusus
2333 3161 2386 3206 et
2414 3152 2596 3206 tardus
2623 3151 2785 3206 corde
2813 3152 2976 3220 possit
3009 3150 3186 3205 dicere
3207 3192 3220 3208 .
3262 3149 3375 3205 Non
3404 3151 3563 3205 intel-

1975 3242 2102 3296 lexi.
2123 3242 2254 3310 Quis
2273 3243 2415 3297 enim
2444 3257 2550 3296 non
2588 3241 2865 3312 intelligat,
2891 3241 2982 3296 Sic
3021 3241 3281 3310 oportebat
3301 3240 3558 3294 Christum

1977 3333 2104 3402 poti,
2131 3341 2178 3386 et
2193 3348 2454 3402 resurgere
2478 3333 2626 3385 tertia
2655 3332 2755 3398 die,
2784 3341 2831 3386 et
2855 3331 3121 3401 prwdicari
3146 3332 3197 3383 in
3227 3333 3428 3385 nomine
3454 3333 3562 3401 ejus

1977 3423 2316 3494 paenitentiam
2341 3431 2390 3477 et
2415 3423 2756 3476 remissionem
2781 3432 3095 3490 peccatorum
3119 3438 3208 3492 per
3237 3437 3409 3474 omnes
3435 3438 3563 3490 gen-

1978 3524 2070 3578 tes,
2117 3511 2467 3583 iucipientibus
2510 3512 2572 3566 ab
2611 3512 2936 3566 Jerusalem?
2977 3511 3106 3579 Quis
3135 3527 3237 3564 non
3285 3511 3560 3580 intelligat,

1978 3605 2136 3660 Erilis
2177 3605 2300 3658 mihi
2337 3613 2486 3658 testes
2523 3604 2575 3657 in
2617 3602 2937 3678 Jerusalem,
2980 3613 3025 3656 et
3055 3604 3108 3656 in
3147 3611 3250 3656 tota
3278 3602 3486 3665 Indica,
3519 3617 3567 3654 ct

1979 3696 2241 3758 Samaria,
2266 3704 2313 3748 et
2339 3710 2494 3760 usque
2516 3695 2568 3748 in
2593 3679 2748 3747 totam
2769 3694 2989 3748 terram?
3016 3693 3064 3746 Il
3072 3696 3113 3747 is
3149 3695 3315 3756 dictis,
3344 3695 3564 3747 elevatus

1976 3792 2122 3850 est,ct
2134 3786 2286 3837 nubes
2298 3785 2513 3852 suscepit
2526 3793 2710 3848 eum,et
2723 3784 2951 3836 uiderunt
2963 3799 3077 3835 eum
3087 3792 3282 3836 euntem
3294 3782 3346 3834 in
3359 3782 3565 3835 cretum?

1977 3874 2115 3940 Quid
2142 3873 2244 3928 hoc
2282 3882 2386 3938 est,
2431 3873 2604 3941 rogo?
2641 3874 2774 3925 Cum
2804 3871 2968 3926 verba
3013 3871 3299 3926 novissima
3330 3871 3562 3924 hominis

1980 3963 2257 4019 morientis
2281 3961 2568 4018 audiuntur
2585 4003 2602 4029 ,
2631 3962 2751 4016 ituri
2778 3961 2843 4015 ad
2867 3960 3086 4022 inferos,
3109 3975 3266 4014 ιιυιιιο
3291 3974 3413 4013 eum
3437 3957 3570 4013 dicit

1979 4072 2102 4112 esse
2130 4055 2433 4118 mentitum,
2481 4063 2535 4109 et
2561 4055 2755 4124 impios
2793 4052 3062 4122 judicator
3089 4051 3282 4114 lueres,
3311 4051 3401 4121 qui
3431 4051 3569 4105 forte

1981 4149 2066 4203 illa
2111 4146 2496 4218 contempserit
2539 4165 2552 4200 :
2597 4145 2867 4218 quomodo
2908 4159 3036 4214 ergo
3077 4143 3390 4214 effugiemus
3431 4144 3564 4198 iram

1984 4241 2106 4307 Dei,
2135 4240 2178 4294 si
2201 4239 2284 4295 vel
2306 4255 2413 4301 non
2439 4238 2720 4295 credentes
2740 4278 2756 4303 ,
2785 4237 2870 4292 vel
2895 4246 3300 4291 contemnentes
3349 4236 3564 4305 repule-

1982 4333 2150 4388 rimus
2175 4331 2334 4386 verba
2358 4330 2678 4394 novissima,
2711 4339 2766 4383 ct
2793 4327 2933 4383 unici
2966 4327 3086 4382 Filii
3129 4328 3254 4392 Dei,
3299 4337 3354 4381 et
3399 4327 3567 4380 nostri

1983 4425 2194 4480 Domini
2221 4439 2286 4480 ae
2308 4423 2598 4479 Salvatoris
2613 4462 2628 4488 ,
2659 4431 2716 4477 et
2741 4422 2860 4477 ituri
2887 4421 2938 4475 in
2961 4421 3155 4476 celum
3179 4462 3194 4486 ,
3217 4429 3272 4475 et
3295 4420 3418 4476 inde
3441 4436 3570 4490 pro-

1983 4517 2211 4585 spectori
2241 4517 2361 4586 quis
2384 4530 2443 4567 ea
2474 4515 2720 4584 negligat,
2748 4514 2867 4584 quis
2896 4513 3178 4578 observet;
3209 4522 3262 4568 et
3290 4511 3413 4566 inde
3438 4529 3572 4568 vcn-

1985 4609 2109 4674 turi,
2139 4616 2196 4661 ut
2224 4607 2291 4662 de
2321 4607 2570 4661 omnibus
2596 4605 2794 4675 iudicet
2813 4605 2838 4658 ’ἶ
2871 4605 3051 4661 llabeo
3077 4605 3568 4660 manifestissimum

1985 4715 2166 4754 vocem
2191 4699 2418 4767 pastoris
2443 4698 2566 4760 mei,
2596 4697 3016 4752 commendantis
3045 4697 3170 4751 mihi
3197 4706 3252 4751 et
3279 4696 3398 4751 sine
3435 4697 3563 4750 ullis

1983 4789 2294 4860 ambagibus
2324 4789 2669 4858 expritneutis
2697 4788 2984 4842 Ecclesiam
3019 4804 3032 4840 :
3061 4785 3188 4841 mihi
3217 4786 3488 4856 imputabo
3519 4789 3568 4840 si

1984 4885 2052 4939 ab
2074 4883 2193 4955 ejus
2217 4899 2394 4955 grege,
2419 4883 2556 4951 quod
2581 4891 2663 4937 est
2685 4881 2795 4953 ipsa
2821 4881 3076 4946 Ecclesia,
3101 4895 3196 4949 per
3215 4881 3376 4934 verba
3397 4879 3538 4933 bomi
3556 4909 3570 4919 -

1987 4993 2113 5031 nutu
2139 4975 2318 5031 seduci
2345 4985 2502 5045 atque
2528 4976 2779 5029 aberrare
2808 4973 3056 5035 voluero;
3079 4987 3200 5026 cum
3228 4986 3313 5024 me
3341 4985 3568 5039 pra'scr-

1987 5072 2080 5124 tim
2125 5067 2459 5122 admonuerit
2509 5067 2713 5128 dicens,
2745 5065 2871 5130 Quae
2909 5075 3027 5120 sunt
3070 5079 3183 5117 oves
3227 5077 3368 5126 mem,
3399 5076 3569 5116 vocem

1987 5178 2147 5215 meam
2172 5160 2384 5213 audiunt
2409 5169 2455 5212 ct
2482 5167 2758 5228 sequuntur
2782 5172 2860 5210 me
2880 5154 3058 5225 (Joan.
3086 5171 3138 5221 ιι,
3159 5152 3273 5224 27).
3302 5151 3442 5206 Ecce
3465 5165 3566 5203 vos

1987 5256 2104 5322 ejus
2131 5253 2273 5307 clara
2301 5261 2354 5306 et
2379 5261 2561 5321 aperta
2596 5266 2610 5304 :
2640 5248 2740 5302 hac
2775 5247 2952 5302 audita
2980 5246 3069 5316 qui
3097 5261 3219 5302 eum
3251 5259 3356 5298 non
3386 5242 3566 5310 sequi-

1988 5355 2093 5408 tur,
2124 5343 2391 5414 quomodo
2431 5356 2490 5396 se
2535 5355 2688 5396 ovem
2719 5339 2835 5407 ejus
2877 5339 3056 5392 dicere
3099 5336 3356 5391 audebit?
3401 5334 3578 5387 Nemo.

1989 5437 2116 5491 tnilti
2140 5436 2315 5491 dicat:
2345 5434 2389 5489 Ο
2411 5432 2534 5503 quid
2561 5432 2692 5487 dixit
2717 5431 2971 5495 Donatus,
2995 5445 3028 5483 0
3049 5428 3172 5499 quid
3194 5427 3322 5481 dixit
3350 5425 3564 5478 l'atme-

1990 5532 2197 5593 uiauus,
2225 5537 2315 5585 aut
2345 5527 2559 5581 Pontius
2578 5565 2592 5588 ,
2623 5535 2714 5580 aut
2750 5524 2974 5594 quilibet
3003 5524 3210 5578 illortuu
3238 5521 3250 5572 !
3282 5519 3410 5585 Quia
3459 5531 3558 5571 nec

1989 5624 2263 5678 catholicis
2305 5620 2570 5690 episcopis
2614 5616 3051 5674 consentiendum
3083 5625 3196 5678 est,
3228 5611 3395 5667 sicubi
3434 5609 3569 5664 forte

2054 5738 2067 5765 ί
2107 5742 2152 5782 ιιι
2177 5732 2458 5780 Floriacensi
2485 5729 2649 5778 codice.
2685 5729 2844 5788 deest,
2874 5727 2948 5779 uel
2984 5733 3246 5786 momenta;
3287 5721 3419 5788 quod
3451 5717 3567 5770 alibi

1995 5798 2145 5846 omitti
2172 5793 2292 5844 solet
2319 5796 2364 5842 in
2393 5792 2737 5854 manuscrirtis.
2815 5816 2826 5832 ι
