4066 6200
431 391 526 448 ιιι

433 505 706 566 lalluntur,
741 511 792 552 ut
819 507 1004 552 contra
1035 495 1321 549 canonicas
1359 493 1449 548 Dei
1480 496 1784 563 Scripturas
1813 492 2009 562 aliquid

434 596 682 649 sentiant.
717 589 821 645 Sed
849 589 893 642 si
922 585 1184 641 custodito
1209 587 1222 616 ¹
1274 585 1491 639 unitatis
1517 595 1569 639 ct
1596 585 1870 640 charitatis
1900 586 2014 638 viu-

434 685 557 738 culo
585 685 637 735 in
669 681 769 734 hoc
800 677 1056 742 incidunt,
1089 676 1177 730 lict
1203 677 1255 729 in
1293 677 1371 730 eis
1413 676 1551 745 quod
1581 677 1866 744 Apostolus
1899 675 1971 727 ait
2005 692 2017 735 ;

440 777 499 830 la‘t
521 777 564 829 si
587 773 709 844 quid
729 774 873 828 aliter
901 771 1099 839 sapitis,
1124 771 1216 824 hoc
1236 786 1430 839 quoque
1461 769 1593 823 Deus
1615 768 1748 822 vobis
1786 767 2019 822 revelabit

434 863 872 934 (Phi_lipp.ut,15)
886 902 898 914 .
917 862 1032 916 Jam
1049 875 1176 916 vero
1190 861 1303 915 istae
1319 859 1510 913 divina:
1523 873 1679 913 voces
1693 858 1762 915 de
1772 857 2016 912 universa

446 957 700 1020 Ecclesia,
722 956 790 1008 ita
822 954 1114 1008 manifesta:
1134 961 1278 1014 sunt,
1293 960 1348 1004 ut
1363 961 1546 1005 contra
1560 965 1650 1005 eas
1665 950 1765 1004 nisi
1781 949 2016 1004 haeretici

435 1047 669 1101 animosa
687 1046 1034 1115 perversitate
1046 1051 1257 1099 διείρεο
1274 1043 1448 1098 lurore
1463 1043 1654 1096 latrare
1673 1057 1774 1095 non
1795 1042 2016 1111 possint.

504 1137 594 1192 9.9.
637 1138 741 1192 Sed
778 1135 1084 1205 prsidictam
1129 1134 1612 1190 demonstravimus
1644 1134 1932 1188 Ecclesiam
1969 1133 2018 1185 in

438 1232 601 1285 verbo
627 1231 718 1284 Dei
745 1245 942 1298 Sponso
963 1227 1097 1296 ejus,
1131 1228 1241 1282 sive
1267 1243 1356 1295 per
1386 1225 1600 1295 Legem,
1628 1236 1678 1278 et
1705 1225 2016 1294 Prophetas,

437 1331 490 1374 et
518 1321 778 1382 Psahnos,
813 1321 924 1373 sive
947 1333 1043 1387 per
1064 1333 1123 1372 os
1149 1318 1444 1386 proprium,
1484 1317 1549 1370 ab
1587 1316 1882 1371 Jerusalem
1913 1331 2022 1369 ca:-

440 1420 682 1480 pturam,
731 1419 786 1465 et
827 1418 1201 1478 perventuram
1255 1424 1420 1478 usque
1467 1406 1531 1460 ad
1580 1407 1835 1460 terminos
1878 1406 2022 1460 orbis

441 1511 596 1556 terra:
629 1519 640 1554 :
671 1499 937 1570 quomodo
984 1509 1159 1553 autem
1187 1500 1408 1567 cmperit
1434 1498 1498 1552 ab
1525 1497 1842 1561 Jerusalem,
1886 1505 1940 1551 et
1970 1497 2020 1551 in

439 1608 624 1647 omnes
651 1601 836 1662 gentes
863 1591 984 1646 inde
1009 1590 1198 1646 dill‘usa
1230 1589 1536 1655 lructilicct,
1565 1590 1615 1643 in
1645 1589 1832 1643 eodem
1859 1588 2020 1643 verbo

444 1685 532 1738 Dei
559 1685 717 1738 etiam
745 1699 840 1754 per
861 1683 1147 1752 Apostolos
1168 1683 1583 1744 demonstratur,
1608 1683 1744 1736 sicut
1765 1682 2018 1752 scriptum

438 1785 520 1828 est
549 1774 598 1828 in
632 1774 849 1828 Actibus
875 1773 1274 1844 Apostolorum,
1304 1773 1443 1842 quod
1476 1773 1584 1841 jam
1611 1772 2020 1828 commemoravi

437 1865 636 1919 dixisse
671 1866 982 1930 Dominum,
1029 1863 1187 1917 Eritis
1217 1865 1340 1916 mihi
1380 1872 1523 1916 testes
1547 1863 1599 1915 in
1627 1861 1910 1916 Jerusalem
1931 1903 1944 1925 ,
1978 1873 2023 1917 et

439 1957 491 2008 in
529 1966 631 2008 tota
660 1955 690 2007 J
699 1955 843 2009 udam
862 1997 874 2017 ,
906 1965 950 2009 et
984 1955 1250 2019 Samaria,
1287 1964 1331 2006 ct
1358 1970 1513 2023 usque
1551 1955 1602 2008 in
1633 1965 1786 2007 tatam
1816 1965 2020 2008 terram.

443 2046 643 2102 Deinde
658 2047 903 2116 sequitur
928 2063 938 2099 :
968 2045 1092 2101 llwc
1121 2064 1233 2101 cum
1254 2047 1480 2112 dixisset,
1505 2046 1782 2100 videntibus
1807 2047 1909 2100 illis
1925 2046 2025 2101 cle-

439 2151 582 2192 vattts
603 2150 695 2205 est,
724 2149 770 2192 et
797 2139 947 2193 nubes
970 2141 1186 2207 suscepit
1203 2156 1311 2191 cum
1334 2139 1395 2191 ab
1416 2138 1575 2191 oculis
1595 2153 1788 2191 eorum.
1824 2137 1887 2190 Et
1911 2154 2024 2191 cum

439 2236 750 2287 intuerentur
768 2235 820 2286 in
843 2233 1017 2286 malum
1045 2243 1242 2286 euntem
1271 2233 1435 2297 illum,
1467 2247 1578 2284 ecce
1603 2230 1703 2283 duo
1731 2231 1829 2284 viri
1851 2232 2024 2284 astite-

438 2335 552 2378 runt
574 2326 675 2378 illis
701 2327 752 2378 in
774 2335 903 2380 veste
923 2327 1161 2392 candida,
1185 2326 1270 2395 qui
1290 2335 1335 2378 et
1353 2325 1623 2378 dixerunt:
1665 2323 1768 2377 Viri
1794 2323 2016 2392 Galilwi,

437 2416 560 2483 quid
584 2417 726 2470 statis
755 2416 1072 2484 respicientes
1091 2418 1142 2469 in
1166 2415 1390 2469 caelum?
1417 2414 1522 2468 Iste
1540 2413 1690 2469 Jesus
1711 2415 1797 2485 qui
1822 2431 2020 2469 assum-

441 2517 555 2576 ptus
580 2517 651 2560 est
679 2507 870 2562 a'vobis
898 2509 948 2561 in
983 2507 1182 2572 caelum,
1213 2508 1284 2560 sic
1316 2507 1472 2560 veniet
1497 2506 1919 2574 quemadmodum
1946 2507 2021 2560 vi-

438 2599 584 2652 distis
608 2615 721 2651 eum
743 2608 942 2652 euntem
971 2599 1021 2652 in
1047 2599 1247 2652 caelum.
1272 2597 1413 2651 Tunc
1442 2597 1625 2651 reversi
1647 2607 1763 2650 sunt
1789 2598 1840 2650 in
1861 2596 2022 2651 Jeru-

439 2690 597 2741 salem
626 2706 656 2740 a
683 2700 851 2742 monte
877 2687 963 2756 qui
984 2697 1188 2742 vocatur
1211 2687 1407 2753 Eltvon,
1435 2687 1522 2757 qui
1544 2698 1621 2741 est
1637 2688 1788 2756 juxta
1817 2687 2024 2741 Jeroso-

439 2782 648 2848 lgmam,
677 2779 869 2832 sabbati
889 2779 1074 2834 habens
1093 2779 1204 2831 iter.
1239 2777 1302 2831 Et
1323 2795 1435 2830 cum
1457 2778 1763 2841 introissent,
1787 2777 2026 2831 ascende-

438 2879 556 2922 runt
603 2871 664 2935 in,
703 2871 987 2938 superiora,
1030 2869 1114 2922 ubi
1161 2879 1302 2922 erant
1331 2868 1699 2931 inhabitantes,
1752 2866 1936 2922 Petrus
1979 2879 2024 2922 et

437 2961 662 3018 Joannes
689 3009 700 3027 ,
733 2961 954 3017 Jacobus
979 2973 1024 3016 et
1061 2961 1288 3016 Andreas
1312 3003 1326 3027 ,
1379 2958 1650 3029 Philippus
1684 2972 1727 3014 et
1759 2958 1982 3014 Thomas
2007 3001 2020 3026 ,

441 3051 733 3105 Bartholam
753 3068 841 3105 eus
871 3063 918 3105 et
948 3051 1241 3116 Matthwus,
1273 3049 1495 3104 Jacobus
1520 3049 1740 3118 Alphwi,
1771 3058 1817 3104 et
1843 3048 2023 3104 Simon

439 3141 657 3208 zelotes,
691 3154 737 3196 et
775 3141 942 3197 ludas
978 3143 1178 3195 Jacobi.
1217 3140 1286 3194 Ili
1323 3157 1494 3194 omnes
1521 3149 1662 3194 erant
1702 3140 2024 3195 asservientes

441 3235 703 3288 unanimes
743 3235 960 3288 orationi
991 3250 1104 3287 cum
1147 3231 1436 3286 mulieribus
1473 3241 1520 3286 et
1561 3231 1758 3298 Maria,
1789 3247 1903 3298 qua:
1931 3231 2025 3302 fuit

445 3339 605 3380 mater
631 3325 769 3394 Jesu,
816 3335 859 3380 et
887 3326 1130 3395 fratribus
1159 3326 1288 3396 ejus.
1321 3323 1387 3378 In
1410 3325 1488 3378 his
1509 3332 1677 3376 autem
1702 3324 1878 3378 diebus
1912 3340 2026 3378 sur—

440 3435 562 3487 gens
593 3416 772 3471 Petrus
805 3419 856 3471 in
901 3416 1064 3470 medio
1089 3414 1484 3485 discipulorum,
1518 3413 1684 3476 dixit;
1714 3422 1821 3468 erat
1859 3422 2025 3466 autem

443 3508 586 3560 turba
618 3507 876 3560 hominum
919 3507 1116 3559 circiter
1153 3515 1350 3559 centum
1376 3504 1570 3575 viginti.
1604 3502 1808 3558 Deinde
1839 3519 2023 3557 narra-

446 3608 554 3662 tur,
598 3597 758 3652 Petro
801 3598 1023 3650 faciente
1053 3611 1358 3651 sermonem
1383 3638 1398 3661 ,
1425 3594 1876 3666 quemadmodum
1919 3595 2026 3649 Ma-

446 3690 584 3742 thias
615 3689 666 3741 in
693 3689 866 3742 larunt
895 3687 1043 3743 Judze
1068 3687 1339 3743 traditoris
1371 3688 1576 3743 Domini
1602 3688 1916 3759 subrogatus
1935 3689 2027 3743 sit.

447 3781 514 3833 Et
537 3789 656 3849 post
675 3780 790 3850 ejus
815 3780 1202 3834 ordinationem
1237 3779 1477 3849 sequitur
1501 3779 1773 3849 Scriptura
1799 3778 1980 3834 dicens
2011 3795 2024 3831 :

453 3873 514 3927 lit
539 3890 652 3926 cum
675 3873 1046 3943 complerentur
1075 3873 1182 3926 dies
1221 3871 1561 3936 Peutccostes,
1593 3881 1734 3926 erant
1759 3885 1930 3926 omnes
1958 3871 2030 3924 si-

446 3966 551 4018 nml
571 3965 620 4018 in
643 3967 833 4018 unum’
860 3980 879 4018 :
904 3974 949 4018 et
973 3967 1135 4035 factus
1157 3971 1227 4017 est
1249 3972 1450 4033 repente
1466 3962 1529 4017 de
1553 3963 1677 4017 coelo
1699 3979 1871 4028 sonus,
1897 3962 2028 4015 velut

445 4057 756 4110 decurrentis
791 4057 998 4127 spiritus
1037 4055 1367 4116 vehementis,
1409 4062 1457 4107 et
1489 4053 1697 4122 replevit
1737 4061 1892 4106 totum
1933 4052 2030 4104 do-

449 4164 600 4211 mum,
644 4147 726 4199 ubi
764 4155 905 4200 erant
932 4145 1192 4209 sedentes;
1222 4155 1270 4199 et
1314 4145 1432 4197 visa:
1455 4152 1568 4196 sunt
1610 4143 1712 4196 illis
1749 4141 2031 4196 distributa:

450 4239 638 4308 lingua:
663 4237 787 4290 velut
813 4237 946 4306 ignis
974 4251 993 4289 .'
1023 4236 1244 4290 consedit
1267 4246 1432 4288 autem
1453 4251 1606 4304 super
1632 4250 2030 4302 unumquemque

450 4346 642 4391 coram,
668 4338 713 4381 et
736 4327 911 4397 repleti
936 4335 1051 4381 sunt
1073 4343 1244 4380 omnes
1267 4325 1468 4396 Spiritu
1489 4333 1678 4387 sancto,
1706 4334 1754 4376 et
1777 4333 2029 4393 creperum

450 4420 586 4487 loqui
628 4418 780 4472 variis
816 4417 1035 4488 linguis,
1074 4425 1221 4486 prout
1260 4415 1487 4484 Spiritus
1516 4413 1664 4466 dabat
1706 4414 2032 4482 pronuntiare

449 4513 572 4564 illis.
611 4510 768 4562 Erant
801 4518 967 4562 autent
999 4507 1331 4562 inhabitantes
1355 4508 1409 4561 in
1431 4505 1720 4562 Jerusalem
1744 4505 1914 4559 λιιάωὶ
1939 4505 2032 4558 viri

452 4603 706 4674 religiosi’
723 4644 738 4669 ,
783 4619 846 4657 ea:
871 4602 1008 4656 ontni
1031 4609 1174 4672 gente
1195 4615 1306 4670 qua:
1330 4610 1401 4654 est
1422 4598 1514 4654 sub
1540 4599 1684 4654 caelo.
1710 4596 1932 4664 Cumque
1951 4602 2033 4669 [a-

449 4711 532 4749 cta
551 4703 678 4750 esset
703 4695 808 4749 Iuec
840 4709 955 4760 vox,
985 4693 1212 4748 convenit
1234 4691 1523 4753 multitudo,
1555 4707 1614 4745 ac
1645 4700 1806 4745 mente
1825 4692 2035 4762 confusa

451 4801 545 4854 cst,
569 4789 686 4858 quia
712 4786 943 4842 audiebat
964 4786 1305 4857 unusquisque
1325 4800 1497 4838 eorum
1516 4801 1608 4837 sua
1629 4783 1803 4853 lingua
1826 4783 2035 4853 laquea-

453 4890 525 4936 tes
551 4898 655 4935 eos.
685 4877 965 4948 Stupebant
997 4886 1168 4931 autem
1193 4884 1239 4930 et
1273 4874 1584 4929 mirabantur
1611 4874 1678 4928 ad
1711 4873 1927 4928 invicem
1955 4873 2034 4926 di-

451 4983 616 5025 centes
647 4987 667 5026 ε
690 4969 874 5024 Nonne
899 4985 1070 5024 omnes
1095 4967 1177 5022 isti
1203 4967 1288 5038 qui
1321 4967 1623 5036 loquuntur,
1658 4965 1858 5020 (ἰαιὶιωὶ
1881 4964 2037 5019 sunt?

457 5061 520 5116 Et
546 5063 794 5131 quomodo
831 5079 921 5116 nos
959 5060 1240 5114 audivimus
1276 5057 1612 5128 unusquisque
1653 5057 1912 5127 propriam
1940 5055 2040 5110 lin-

453 5175 626 5226 guam,
654 5157 704 5209 in
727 5172 825 5220 qua
846 5154 950 5207 nati
976 5152 1190 5206 sumus?
1216 5149 1418 5216 Parthi,
1443 5159 1488 5204 ct
1513 5148 1670 5213 Medi,
1701 5157 1747 5202 et
1780 5146 2033 5211 Elamittv,

452 5260 497 5303 et
517 5250 602 5320 qui
624 5246 904 5302 inhabitant
927 5243 1343 5311 MesOpotamiam
1359 5242 1390 5294 J
1401 5241 1552 5306 adici,
1575 5249 1621 5294 et
1639 5239 2033 5310 Cappadociam,

459 5343 701 5407 Pontum,
722 5349 768 5393 et
790 5339 982 5402 Asiam,
1008 5335 1381 5406 Phrygiamque
1397 5344 1441 5387 ct
1461 5332 1840 5404 Pamphyliam,
1865 5331 2037 5402 {Egyc

459 5446 618 5505 ptum,
646 5442 690 5488 et
721 5441 886 5501 partes
912 5429 1084 5500 Lgbia:
1113 5445 1225 5497 qua:
1252 5439 1366 5481 sunt
1397 5430 1462 5480 ad
1492 5425 1740 5498 Cyrenen,
1767 5435 1812 5480 et
1838 5426 1924 5495 qui
1947 5425 2040 5478 ad-

461 5536 697 5581 venerant
725 5523 960 5583 Romani,
984 5521 1252 5590 Judazique
1267 5529 1309 5573 et
1331 5521 1554 5586 advenat,
1575 5518 1826 5573 Cretenses
1849 5527 1894 5572 cl
1913 5519 2039 5571 Ara-

525 5641 540 5669 '
583 5638 706 5697 Apud
733 5644 857 5691 tov.,
881 5637 966 5684 scd
985 5632 1064 5697 qui
1090 5630 1338 5697 custodito.

523 5700 544 5728 ι
577 5691 710 5754 illiti,
735 5697 784 5745 in
822 5691 1005 5744 eodtm'
1023 5694 1141 5744 loco.
1170 5697 1233 5742 At'
1261 5691 1570 5742 Floriacensis
1593 5692 1765 5752 codex,
1792 5691 1839 5743 in
1881 5706 2039 5744 unum.

461 5765 624 5821 Graece
650 5768 742 5821 est,
767 5757 842 5816 epi
867 5764 913 5806 to
934 5765 1059 5805 mtto.
1196 5817 1204 5821 _
1259 5813 1267 5821 _
1329 5812 1384 5821 __
1444 5819 1449 5821 _
1535 5814 1562 5821 __
1606 5810 1616 5818 _
1678 5813 1688 5821 _

527 5817 548 5848 ³
579 5813 888 5867 ειυνὶειουέιδὶδ
911 5820 1084 5879 codex,
1109 5813 1268 5867 Juda'i
1294 5813 1384 5864 viri
1405 5819 1450 5864 et
1475 5813 1701 5878 religiosi.

1507 380 1774 437 CONTRA
1817 377 2239 436 DONATISTAS
2279 384 2628 457 EPISTOLA,

3602 400 3716 455 412

2133 498 2211 549 bes
2236 499 2506 554 audiebant
2537 505 2790 571 loquentes
2814 506 2928 559 illos
2958 508 3059 561 suis
3087 509 3271 578 linguis
3301 512 3557 580 magnalia
3592 512 3712 568 Dei.

2127 587 2410 658 Stupebant
2443 605 2609 648 autem
2651 606 2694 649 et
2735 597 3030 652 haesitabant
3080 601 3148 653 ad
3190 601 3402 656 invicem
3441 604 3662 659 dicentes
3693 621 3716 660 :

2130 679 2385 744 Quidnam
2414 687 2515 758 vult
2540 687 2633 739 hoc
2649 689 2791 742 esse?
2809 688 2908 742 Alii
2927 706 3039 744 vero
3057 692 3331 746 irridebant
3347 711 3448 760 eos,
3469 696 3716 753 dicentes:

2129 767 2261 831 Quia
2299 782 2460 826 musto
2507 776 2682 843 repleti
2726 787 2839 830 sunt
2873 779 2972 831 isti.
3017 780 3172 833 Stans
3216 799 3332 836 vero
3371 783 3551 838 Petrus
3597 803 3720 842 cum

2126 859 2356 913 undecim
2375 861 2656 929 discipulis,
2677 867 2880 920 elevavit
2906 883 3068 922 vocem
3085 887 3248 932 suam,
3267 883 3312 924 et
3331 874 3526 928 locatus
3543 887 3616 929 est
3636 881 3692 930 di
3713 907 3724 916 ε

2126 965 2239 1002 cens
2254 966 2272 1003 :
2293 948 2400 1004 Viri
2407 951 2447 1016 Ι
2452 954 2602 1020 udwi,
2631 966 2674 1010 et
2693 959 2910 1013 universi
2932 961 3017 1028 qui
3039 960 3272 1016 habitatis
3283 962 3315 1015 J
3325 967 3575 1020 erusalem
3585 1010 3596 1030 ,
3622 969 3686 1021 ho
3699 986 3732 1019 ι·

2127 1039 2261 1092 vobis
2279 1050 2451 1094 notum
2469 1043 2530 1096 sit
2553 1060 2569 1096 :
2589 1054 2644 1099 et
2667 1057 2880 1114 cartera,
2901 1050 3094 1118 quibus
3120 1064 3213 1104 eos
3240 1052 3623 1110 exhortabatur
3651 1060 3734 1110 ad

2130 1129 2306 1185 tidem.
2356 1133 2484 1200 Qua:
2525 1150 2644 1190 cum
2696 1140 3049 1204 terminasset,
3079 1144 3319 1209 sequitur
3345 1144 3616 1216 Scriptura
3649 1149 3732 1202 ita

2130 1237 2351 1276 narrans
2377 1242 2389 1276 :
2427 1223 2523 1278 His
2551 1226 2703 1296 igitur
2723 1229 2937 1295 auditis,
2965 1234 3248 1300 compuncti
3273 1245 3390 1288 sunt
3418 1239 3568 1290 corde
3589 1280 3601 1301 ,
3637 1241 3720 1290 di-

2128 1323 2290 1366 centes
2316 1315 2383 1366 ad
2412 1313 2622 1370 Petrum
2646 1327 2696 1370 et
2720 1319 2786 1370 ad
2817 1319 3082 1389 Apostolus
3113 1337 3132 1374 :
3163 1323 3297 1389 Quid
3323 1327 3563 1394 [acieinus
3583 1369 3596 1390 ,
3627 1330 3692 1379 i-ii
3719 1330 3735 1380 i

2129 1404 2356 1471 fratres?
2398 1405 2650 1461 Ostendite
2688 1409 2845 1462 nobis.
2896 1408 3078 1464 Petrus
3115 1425 3282 1467 autem
3321 1416 3447 1468 dixit
3486 1419 3556 1469 ad
3584 1436 3668 1471 eos
3705 1437 3726 1471 :

2132 1493 2482 1550 Paenitentiam
2530 1500 2693 1569 agite,
2732 1496 2780 1554 et
2820 1502 3098 1573 baptizatur
3136 1509 3474 1579 unusquisque
3499 1522 3725 1565 vestrum

2128 1583 2182 1636 in
2229 1586 2428 1642 nomine
2468 1588 2590 1643 Jesu
2630 1591 2816 1646 Christi
2843 1595 2895 1647 in
2925 1597 3263 1652 remissionem
3292 1613 3639 1670 peccatorum,
3671 1616 3727 1657 ct

2129 1678 2383 1748 accipietis
2423 1683 2641 1751 gratiam
2685 1683 2909 1755 Spiritus
2947 1689 3126 1742 sancti.
3167 1688 3316 1745 Vobis
3343 1701 3413 1746 est
3439 1695 3570 1747 enim
3601 1712 3730 1765 pro-

2130 1769 2328 1835 missio,
2359 1781 2403 1826 et
2423 1773 2544 1841 filiis
2568 1777 2758 1843 vestris,
2790 1789 2836 1832 et
2860 1781 3087 1834 omnibus
3115 1783 3201 1853 qui
3227 1783 3374 1854 longe
3400 1797 3536 1850 sunt,
3564 1804 3726 1856 quos-

2129 1878 2341 1930 cumque
2375 1867 2689 1922 advocaverit
2729 1869 2975 1925 Dominus
3007 1872 3141 1928 Deus
3169 1888 3353 1931 noster.
3386 1877 3449 1932 Et
3473 1881 3586 1933 aliis
3607 1885 3731 1951 qui—

2130 1953 2241 2007 dem
2269 1956 2426 2010 verbis
2451 1956 2685 2026 plurimis
2715 1962 3074 2029 testi/icabatur
3103 1966 3172 2020 eis
3195 1967 3362 2021 dicens
3391 1984 3407 2021 :
3437 1969 3729 2024 Salvamini

2130 2059 2160 2095 a
2202 2047 2521 2113 generatione
2567 2065 2723 2117 prava
2762 2052 2875 2104 hac.
2925 2052 3014 2108 Illi
3042 2073 3156 2109 vero
3184 2069 3379 2128 recepto
3410 2061 3553 2113 verba
3584 2062 3678 2114 hoc
3707 2105 3726 2126 ,

2129 2135 2478 2204 crediderunt,
2524 2150 2569 2192 et
2611 2141 2854 2212 baptizati
2887 2155 3019 2198 sunt.
3067 2144 3134 2199 Et
3169 2147 3383 2218 adjech
3405 2161 3520 2203 sunt
3548 2151 3599 2204 in
3627 2153 3728 2204 illa

2131 2223 2212 2277 die
2239 2225 2422 2280 animle
2446 2229 2642 2284 circiter
2667 2233 2764 2284 tria
2785 2233 2945 2286 millia
2975 2233 3110 2304 (Act.
3144 2251 3157 2290 ι
3185 2248 3230 2290 et
3258 2237 3336 2309 tt).
3369 2240 3502 2292 Ecce
3529 2256 3687 2308 quem
3705 2271 3728 2280 -

2130 2317 2417 2372 admodum
2457 2331 2630 2390 empta
2669 2332 2752 2376 est
2781 2325 2796 2355 ί
2845 2324 2914 2379 ab
2948 2325 3239 2382 Jerusalem
3263 2371 3277 2394 ,
3309 2329 3429 2385 inde
3455 2330 3586 2385 itura
3619 2333 3729 2387 Ec-

2129 2409 2290 2463 clesia
2332 2425 2427 2480 per
2469 2427 2657 2468 onmes
2699 2414 2905 2484 linguas
2947 2418 3130 2487 :quod
3158 2420 3315 2473 etiam
3345 2423 3727 2492 prarsignatuin

2129 2510 2212 2554 est
2247 2500 2298 2554 in
2339 2502 2450 2566 eis,
2481 2505 2570 2573 qui
2602 2503 2797 2560 ibidem
2823 2509 3092 2563 constituti
3120 2521 3340 2580 accepto
3367 2513 3562 2581 Spiritu
3589 2529 3727 2567 san-

2129 2600 2217 2645 cto
2239 2594 2427 2664 linguis
2449 2598 2693 2652 onmibus
2714 2610 2837 2654 sunt
2860 2600 3038 2655 locuti.

2201 2683 2289 2740 30.
2313 2683 2428 2740 Jam
2457 2701 2551 2755 per
2573 2689 2703 2743 alias
2725 2701 2909 2759 gentes
2933 2693 3377 2762 quemadmodum
3406 2697 3541 2761 ierit,
3570 2700 3726 2767 quml

2130 2776 2289 2832 etiam
2322 2778 2436 2848 ipse
2458 2780 2646 2836 Petrus
2671 2784 3026 2852 praedixerat,
3056 2787 3142 2841 ubi
3171 2787 3244 2841 ait
3267 2770 3468 2852 ,-Vabis
3494 2802 3563 2844 est
3594 2809 3688 2858 pro
3707 2823 3730 2833 -

2130 2868 2300 2922 missio
2321 2878 2365 2922 et
2391 2870 2511 2939 [iliis
2540 2873 2741 2939 vestris,
2772 2885 2816 2928 et
2841 2876 3070 2930 onmibus
3095 2879 3181 2949 qui
3213 2879 3357 2950 longe
3383 2893 3496 2934 sunt
3517 2923 3529 2943 ,
3557 2899 3725 2950 quos-

2129 2977 2340 3032 cumque
2387 2964 2699 3020 advocaverit
2741 2965 2986 3022 Dominus
3035 2969 3171 3024 Deus
3212 2982 3380 3025 uoster
3401 2989 3421 3036 ;
3459 2973 3723 3042 deinceps

2130 3052 2423 3108 videamus.
2451 3054 2744 3111 Narrantur
2772 3060 2912 3113 enim
2937 3075 3328 3131 consequenter
3347 3080 3427 3127 ea,
3453 3082 3566 3134 qua:
3593 3075 3734 3121 tunc

2128 3153 2276 3211 gesta
2319 3154 2443 3199 sunt
2477 3146 2827 3220 Jcrosolymis
2853 3165 3021 3221 usque
3047 3153 3111 3207 ad
3141 3154 3436 3222 passionem
3465 3155 3731 3225 Stephani

2129 3233 2338 3289 diaconi
2368 3255 2381 3290 :
2406 3237 2492 3293 ubi
2513 3238 2670 3293 etiam
2695 3241 2886 3296 Saulus
2906 3255 3356 3319 commemoratur
3377 3248 3732 3302 consentiens

2131 3326 2385 3381 occisioni
2403 3327 2538 3396 ejus.
2559 3329 2671 3398 Qua
2689 3333 2972 3402 completa,
2989 3334 3057 3389 ita
3071 3335 3262 3389 deinde
3280 3348 3521 3393 narratur
3537 3337 3738 3394 :Facm

2131 3429 2201 3472 cst
2222 3429 2388 3473 autent
2405 3422 2454 3474 iu
2472 3421 2560 3475 illa
2578 3423 2660 3476 die
2673 3427 2950 3494 persecutio
2972 3445 3154 3497 magna
3173 3430 3222 3480 in
3250 3428 3473 3483 Ecclesia
3491 3445 3738 3499 quwerat

2131 3509 2180 3561 in
2202 3508 2561 3579 Jcrosolgmis:
2579 3515 3070 3585 onmesquedispersi
3083 3529 3198 3570 sunt
3228 3518 3278 3571 in
3310 3520 3590 3589 regionibus
3615 3519 3734 3572 Ju—

2131 3599 2274 3664 dccw,
2289 3617 2337 3654 et
2354 3600 2621 3667 Samarice,
2636 3605 2851 3673 exceptis
2866 3604 3138 3673 Apostolis,
3156 3609 3242 3675 qui
3268 3621 3612 3663 remanserunt
3629 3610 3739 3665 Je—

2131 3694 2416 3762 rosolgmis.
2457 3693 2640 3749 Videte
2674 3695 3119 3764 quemadmodum
3147 3697 3732 3771 deincepsimplcatur,

2132 3782 2273 3853 quod
2304 3782 2660 3853 perordincm
2689 3783 2946 3840 Dominus
2971 3785 3178 3842 dixerat
3202 3829 3215 3850 ,
3241 3787 3399 3842 Eritis
3421 3791 3546 3844 mihi
3567 3802 3738 3849 testes

2135 3875 2185 3928 in
2211 3873 2499 3930 Jerusalem
2523 3917 2536 3940 ,
2563 3883 2611 3930 et
2637 3876 2690 3930 in
2719 3885 2826 3931 tota
2846 3875 3034 3933 Judtva
3059 3920 3073 3945 ,
3105 3889 3150 3933 et
3181 3880 3420 3934 Samaria
3445 3923 3459 3946 ,
3488 3891 3535 3935 et
3564 3899 3738 3952 usque

2134 3966 2188 4020 in
2247 3976 2402 4021 totam
2446 3976 2654 4027 terram.
2699 3967 2816 4022 Jam
2867 3967 2919 4023 in
2969 3967 3262 4024 Jerusalem
3309 3970 3508 4026 factum
3555 3985 3670 4028 erat
3715 3996 3728 4030 :

2135 4060 2459 4130 sequebatur
2489 4060 2540 4113 in
2568 4059 2751 4115 Judma
2777 4103 2792 4128 ,
2823 4071 2879 4116 et
2906 4061 3144 4117 Samaria
3170 4105 3184 4129 ,
3214 4072 3431 4135 prapter
3460 4065 3598 4135 quod
3643 4068 3732 4123 illi

2137 4151 2362 4222 dispersi
2393 4161 2519 4206 sunt
2547 4153 2599 4207 in
2626 4153 2931 4222 regionibus
2955 4154 3156 4210 Judane
3226 4165 3280 4210 ct.
3304 4155 3574 4212 Sumat-im.
3609 4159 3734 4216 Hoc

2137 4244 2280 4299 enim
2309 4242 2376 4298 de
2406 4244 2508 4300 illis
2539 4258 2663 4298 mox
2691 4244 2922 4300 dicitur:
2965 4246 3028 4300 At
3069 4248 3147 4301 illi
3182 4249 3267 4319 qui
3302 4249 3514 4321 dispersi
3554 4264 3729 4317 erant,

2138 4344 2451 4390 transeuntes
2505 4353 2593 4405 per
2641 4336 2864 4390 civitates
2910 4345 2956 4390 et
3010 4339 3219 4393 castella
3243 4381 3257 4405 ,
3313 4342 3732 4411 evangelizabant

2137 4425 2338 4480 verbum
2387 4425 2497 4480 Dei.
2551 4423 2685 4492 Quia
2731 4441 2858 4480 vero
2908 4427 3079 4483 ierant
3123 4438 3178 4484 ct
3220 4432 3494 4501 Apos:oli,
3539 4434 3731 4488 audito

2139 4515 2282 4585 quod
2325 4515 2617 4584 recepisset
2655 4513 2896 4572 Samaria
2934 4519 3152 4574 verbum
3197 4521 3328 4587 Dei,
3374 4523 3587 4592 quando
3626 4541 3731 4593 ιιι-ι·

2141 4606 2537 4675 impasitioncm
2593 4620 2780 4662 manus
2842 4623 3027 4663 eorum
3085 4621 3402 4681 acceperunt
3465 4612 3760 4682 Spiritum.

2140 4706 2382 4752 sanctum
2411 4737 2424 4761 ,
2475 4696 2546 4750 ita
2589 4695 2784 4753 dicitur
2828 4696 2897 4754 de
2944 4699 3104 4754 Petro
3150 4710 3204 4756 ct
3244 4701 3488 4756 Joanne:
3539 4702 3731 4757 Petrus

2140 4796 2310 4842 autem
2337 4796 2384 4841 et
2411 4786 2638 4842 Joannes
2667 4789 2920 4859 testiﬁcati
2948 4791 3148 4844 verbum
3186 4790 3387 4846 Domini
3408 4833 3424 4859 ,
3466 4793 3731 4848 rediebant
3756 4846 3759 4847 ,

2140 4877 2512 4950 Jerosolymam
2535 4918 2552 4943 ,
2585 4879 2849 4950 multisque
2867 4879 2988 4935 viris
3009 4879 3448 4936 Samaritanorum
3467 4886 3729 4954 evangelih

2145 4971 2326 5024 zabant
2353 4980 2686 5024 transeuntes.
2715 4970 2915 5027 Deinde
2941 4980 3185 5027 narratur
3210 4972 3278 5028 de
3303 4973 3396 5029 illo
3425 4974 3682 5029 Eunucho
3714 5019 3732 5040 ,

2145 5061 2234 5131 qui
2283 5061 2496 5116 rediens
2541 5059 2608 5113 ab
2649 5059 3035 5132 Jerosolymis,
3076 5080 3103 5114 a
3149 5061 3392 5133 Philippo
3431 5063 3732 5134 baptizatus

2145 5160 2227 5206 est
2256 5168 2269 5204 :
2299 5161 2353 5206 et
2378 5156 2441 5205 de
2469 5152 2584 5221 ipso
2611 5150 2854 5222 Philippo
2881 5153 3074 5207 dicitur
3098 5195 3112 5217 ,
3145 5155 3366 5223 Angelus
3401 5166 3594 5210 autem
3619 5158 3731 5212 Βο-

2146 5243 2268 5295 mini
2298 5243 2466 5310 rapuit
2507 5243 2803 5313 Philippum
2844 5243 2906 5296 ab
2948 5260 3006 5298 eo
3033 5286 3044 5308 ,
3093 5256 3140 5297 et
3187 5247 3406 5316 antplius
3451 5265 3552 5301 non
3610 5251 3742 5302 vidit

2145 5351 2255 5388 eum
2301 5333 2597 5388 Eunuchus.
2644 5333 2762 5388 Ibat
2800 5345 2968 5389 autem
2995 5336 3074 5388 via
3101 5353 3195 5390 sua
3224 5338 3491 5407 gaudens:
3524 5339 3736 5407 Philip-

2147 5444 2240 5495 pus
2265 5437 2433 5480 autem
2463 5427 2686 5480 inventus
2716 5436 2786 5481 est
2812 5429 3000 5482 venisse
3028 5428 3079 5481 in
3109 5429 3344 5484 Azotum.
3382 5429 3532 5486 Unde
3557 5448 3738 5486 rever-

2149 5531 2255 5575 tens
2279 5519 2646 5590 cvangelizabat
2669 5537 2758 5589 per
2783 5536 2953 5575 omnes
2979 5521 3200 5584 civitates
3224 5539 3380 5592 usque
3397 5523 3516 5576 dum
3545 5525 3740 5578 veniret

2149 5615 2199 5667 in
2227 5613 2509 5668 Catsaream
2540 5612 2694 5681 (Act.
2724 5629 2814 5667 vni
2840 5613 2880 5683 ).
2920 5612 3009 5668 Sic
3050 5628 3178 5682 ergo
3227 5614 3492 5670 invenitur
3534 5628 3590 5672 et
3633 5633 3735 5686 per

2149 5706 2344 5762 Judaere
2372 5713 2424 5758 ct
2452 5703 2705 5759 Samarim
2727 5705 2970 5761 civitates
2997 5705 3337 5776 praedicatum
3363 5707 3741 5779 Evangeliam.

2215 5819 2231 5849 ι
2269 5825 2370 5864 Am.
2397 5822 2448 5866 ct
2468 5814 2778 5865 Floriacensls
2798 5815 2972 5877 codex,
2997 5820 3202 5879 ereptum
3217 5821 3303 5868 est.
