4066 6200
374 414 476 472 ωδ

378 529 629 584 Restabat
668 543 795 598 ergo
835 538 889 580 ut
932 527 1305 596 prtedicaretur
1335 540 1399 578 ex
1442 521 1626 575 ordine
1660 519 1815 572 etiam
1860 531 1950 584 per

374 634 564 674 omnes
615 627 866 688 gentes,‘
901 620 1037 672 sicut
1091 616 1343 669 Dominus
1396 613 1640 674 dixerat,
1696 625 1849 678 usque
1903 608 1952 659 in

375 721 530 764 tolttm
562 720 764 762 (errant.
796 708 1027 763 Vocatur
1067 723 1194 776 ergo
1231 706 1420 762 Saulus
1457 704 1524 758 de
1561 704 1696 757 coelo
1722 744 1735 767 ,
1784 701 1838 754 ﬁt
1881 714 1948 754 ex

372 812 714 871 persecutore
743 801 1054 870 praedicator
1076 841 1091 866 ,
1124 809 1176 854 et
1202 799 1329 854 dicit
1371 797 1439 870 de
1477 797 1565 851 illo
1603 795 1859 849 Dominus
1885 791 1950 845 ad

374 892 633 946 Ananiam
669 910 680 944 :
741 890 878 945 Vade
901 932 916 954 ,
945 891 1182 960 quoniam
1207 905 1294 943 vas
1323 887 1576 941 electionis
1606 896 1676 938 est
1708 884 1826 936 mihi
1852 924 1866 948 ,
1898 892 1951 934 ut

373 993 532 1052 portet
578 999 758 1036 nomen
803 997 966 1035 meum
1009 997 1180 1041 coram
1220 979 1484 1050 gentibus,
1531 987 1575 1029 et
1624 974 1820 1045 regibus
1845 1013 1858 1035 ,
1905 982 1952 1025 et

373 1074 490 1142 ﬁliis
524 1071 690 1126 Israel
715 1071 1052 1142 ntagniﬁcari.
1086 1069 1198 1140 Ego
1225 1070 1356 1122 enim
1385 1066 1668 1121 monstrabo
1696 1066 1740 1118 ei
1763 1071 1951 1133 quanta

331 1159 338 1166 ”
371 1165 590 1232 patietur
625 1174 833 1233 propter
878 1179 1059 1217 nomen
1098 1178 1282 1216 meum.
1329 1160 1443 1216 Jam
1489 1160 1664 1228 itaque
1705 1168 1949 1212 tenemus

370 1253 666 1308 Ecclesiam
693 1270 744 1308 tu
781 1253 1078 1309 Jerusalem
1104 1294 1118 1317 ,
1165 1262 1219 1308 et
1252 1266 1347 1322 per
1386 1258 1550 1306 totam
1589 1249 1826 1304 Judteam
1852 1291 1864 1312 ,
1896 1256 1949 1302 et

367 1345 698 1402 Samariam.
745 1345 899 1403 Unde
943 1346 1278 1416 apertissime
1333 1345 1490 1414 paulo
1547 1351 1664 1412 post
1708 1341 1943 1396 dicitur:

372 1438 616 1494 Ecclesia:
635 1439 834 1507 quidem
862 1453 950 1506 per
975 1447 1129 1491 totant
1154 1435 1390 1491 Indicant
1416 1477 1429 1498 ,
1471 1444 1516 1490 et
1559 1433 1823 1487 Galilwam
1848 1474 1860 1496 ,
1900 1441 1949 1486 et

371 1528 659 1584 Samariam
685 1528 928 1582 habebant
955 1544 1127 1598 pacem
1152 1569 1167 1594 ,
1199 1528 1456 1581 instructa:
1480 1536 1528 1579 et
1555 1525 1868 1593 con/innata:
1896 1529 1947 1575 in

369 1623 546 1676 timore
571 1621 816 1686 Domini,
845 1631 894 1676 et
931 1622 1274 1675 consolatione
1315 1619 1476 1674 sancti
1522 1617 1748 1686 Spiritus
1782 1615 1946 1686 reple-

369 1713 546 1766 bantur
578 1711 708 1785 (Id.
740 1727 794 1766 ιι
818 1713 856 1782 ).
898 1712 1096 1767 Deinde
1129 1711 1310 1781 paucis
1341 1709 1670 1779 interpositis
1691 1748 1707 1773 ,
1739 1708 1948 1762 venitur

372 1804 437 1860 ad
464 1820 590 1859 eum
621 1804 796 1858 locum
821 1801 853 1867 ,’
879 1802 967 1858 ubi
1005 1801 1281 1857 Cornelius
1326 1801 1562 1855 centurio
1600 1797 1860 1863 credidit,
1894 1806 1947 1850 et

369 1910 488 1949 cum
531 1895 644 1949 suis
683 1893 978 1963 baptizatus
1026 1900 1147 1959 est,
1183 1893 1268 1962 qui
1309 1905 1495 1945 omnes
1531 1889 1756 1959 gentiles
1795 1897 1946 1942 erant

371 1985 748 2040 incircumcisi.
784 1983 935 2052 Quod
966 1967 1251 2052 antequam
1285 1981 1470 2042 ﬁeret.
1509 1980 1698 2035 Petrus
1735 1978 1864 2033 vidit
1891 1979 1942 2032 in

367 2075 733 2142 assumptione
760 2074 984 2138 mentis,
1019 2088 1138 2128 cum
1167 2079 1380 2136 oraret,
1423 2069 1619 2124 cretum
1661 2079 1900 2138 apertum
1925 2109 1940 2133 ,

371 2176 425 2221 et
451 2175 681 2236 quatuor
713 2165 876 2221 initiis
914 2164 1129 2234 ligatum
1157 2177 1248 2216 vas
1271 2161 1534 2232 quoddam
1567 2169 1813 2229 tanquam
1844 2158 1942 2212 lin-

371 2267 508 2311 teum
541 2255 816 2326 limpidum
840 2298 854 2322 ,
884 2256 936 2308 in
963 2270 1068 2325 quo
1096 2264 1210 2308 erat
1236 2268 1394 2308 omne
1429 2267 1598 2322 genus
1640 2249 1942 2321 quadrupe-

368 2347 490 2402 dum
517 2361 580 2402 ac
609 2347 837 2401 terarum
863 2386 878 2410 ,
901 2356 954 2401 et
975 2345 1246 2399 volucrum
1269 2343 1413 2402 cceli.
1440 2341 1507 2397 Et
1533 2341 1670 2396 facta
1694 2351 1774 2395 est
1799 2354 1899 2393 vox
1927 2357 1940 2390 -.

361 2436 519 2512 .I’etre
541 2480 556 2503 ,
585 2453 736 2507 surge
759 2478 773 2502 ,
801 2445 966 2490 macta
991 2477 1004 2500 ,
1035 2445 1079 2488 et
1105 2434 1373 2488 manduca.
1403 2433 1487 2486 Ait
1515 2443 1689 2486 autem
1713 2431 1902 2486 Petrus
1927 2448 1939 2482 :

370 2527 584 2584 Domine
605 2570 620 2593 ,
649 2545 904 2600 nunquam
931 2527 1229 2580 manducavi
1273 2542 1418 2580 omne
1454 2541 1715 2580 commune
1756 2534 1804 2580 et
1843 2525 1940 2577 int-

368 2621 629 2674 nutndum.
667 2620 733 2674 Et
763 2635 865 2673 vox
893 2633 1076 2673 rursus
1104 2617 1169 2672 ad
1199 2633 1319 2673 eum
1350 2635 1362 2670 :
1408 2617 1535 2683 Quae
1564 2615 1698 2670 Deus
1725 2616 1942 2668 munda-

366 2713 470 2777 sit,
511 2722 564 2764 tu
610 2710 897 2764 communia
932 2727 995 2764 ne
1038 2710 1246 2764 dixeris.
1286 2707 1438 2775 Quod
1478 2717 1656 2762 autem
1704 2722 1798 2776 per
1842 2705 1944 2761 hoc

371 2803 539 2856 visum
583 2810 770 2872 gentes
814 2800 1097 2857 creditura:
1133 2799 1442 2870 signiﬁcata:
1477 2799 1582 2852 sint
1606 2840 1621 2864 ,
1665 2814 1769 2851 non
1809 2812 1944 2866 OpltS

366 2905 444 2949 est
471 2901 530 2948 ut
557 2893 903 2964 conjiciamus
934 2912 945 2946 :
976 2893 1088 2962 ipse
1115 2890 1310 2963 quippe
1337 2891 1608 2960 apostolus
1654 2889 1754 2946 hoc
1780 2905 1937 2959 expo-

367 2985 442 3038 nit
471 2984 524 3038 in
572 2985 662 3038 illo
700 2997 824 3038 vase
850 2983 866 3015 ⁸
919 2982 1022 3038 sibi
1058 2981 1499 3037 demonstratum.
1532 2980 1666 3036 Cum
1696 2981 1837 3036 enim
1865 2980 1946 3034 in-

369 3088 584 3142 gressos
625 3081 772 3128 esset
808 3072 1022 3127 domum
1068 3071 1154 3126 ubi
1195 3083 1312 3126 erat
1346 3070 1630 3127 Cornelius
1652 3112 1667 3138 ,
1702 3079 1756 3126 et
1795 3070 1942 3125 tnulti

369 3165 778 3231 convenissent,
807 3164 940 3222 dixit
959 3163 1023 3218 ad
1044 3178 1138 3220 eos
1163 3182 1174 3217 :
1211 3162 1308 3216 Vos
1336 3162 1512 3218 melius
1537 3163 1674 3218 scitis
1693 3164 1944 3234 quomodo

367 3256 759 3312 abominandum
780 3265 847 3312 at
886 3257 990 3310 viro
1025 3255 1211 3310 Judteo
1236 3298 1250 3320 ,
1281 3255 1434 3325 jungi
1478 3263 1566 3308 aut
1607 3253 1844 3323 accedere
1877 3255 1944 3306 ad

367 3350 738 3419 alienigenam;
767 3347 854 3401 sed
882 3347 1007 3400 mihi
1047 3345 1186 3400 Deus
1211 3345 1424 3399 ostendit
1449 3386 1464 3410 ,
1493 3345 1690 3398 nullum
1717 3361 1942 3398 commu-

369 3457 478 3493 uent
506 3449 596 3492 aut
623 3439 940 3509 inquinatum
981 3437 1148 3490 dicere
1186 3436 1435 3490 hominem
1466 3432 1592 3505 (Id.
1621 3451 1650 3488 χ
1672 3435 1712 3505 ).
1744 3435 1817 3488 Ita
1845 3449 1942 3489 ex-

371 3531 543 3600 posuit
572 3530 716 3586 ilium
743 3544 928 3585 vocem
950 3570 965 3594 ,
999 3543 1157 3598 quam
1185 3527 1252 3582 de
1275 3527 1592 3582 animalibus
1620 3527 1672 3582 in
1713 3525 1805 3580 illo
1841 3526 1942 3579 Iin-

371 3633 456 3677 teo
483 3621 863 3676 demonstratis
889 3620 1167 3686 audierat,
1215 3619 1344 3684 Quae
1385 3617 1520 3673 Deus
1557 3618 1849 3682 mandavit,
1891 3627 1944 3670 tu

371 3729 430 3765 ne
455 3711 744 3765 communia
768 3712 973 3765 dixeris.
1003 3709 1120 3766 Iam
1148 3711 1232 3765 cui
1257 3726 1360 3764 non
1386 3717 1639 3778 appareat
1663 3751 1677 3774 ,
1703 3709 1793 3763 illo
1821 3723 1944 3763 vase

373 3804 724 3874 signiﬁcatum
766 3804 948 3858 orbem
993 3811 1251 3857 terrarum
1280 3843 1294 3866 ,
1327 3817 1447 3856 cum
1489 3801 1736 3856 omnibus
1779 3801 1948 3870 genti-

370 3895 509 3949 bus?
540 3895 694 3951 Unde
723 3895 882 3950 etiam
910 3903 1138 3965 quatuor
1161 3893 1324 3949 initiis
1351 3901 1467 3948 erat
1489 3892 1754 3962 alligatum
1781 3932 1794 3958 ,
1827 3908 1949 3959 pro-

371 3995 484 4054 pter
515 3985 825 4041 notissimas
861 3994 1089 4054 quatuor
1131 3993 1307 4055 partes
1331 4025 1345 4050 ,
1389 3981 1659 4038 Orientem
1700 3990 1755 4038 et
1796 3982 1947 4037 Occi-

370 4077 582 4132 dentem
609 4117 625 4143 ,
674 4079 926 4133 Austrum
971 4077 1420 4147 ct‘Aquilonem,
1471 4091 1604 4146 quas
1655 4076 1948 4146 turpissime

377 4157 648 4238 Scripiura
694 4167 1053 4223 commendat.
1106 4167 1355 4222 Jamvcro
1404 4166 1598 4221 Paulus
1644 4167 1837 4221 missus
1881 4166 1946 4219 ad

370 4272 594 4329 gentes,
638 4277 757 4332 qua:
799 4260 915 4316 loca
959 4259 1285 4315 circumierit
1330 4258 1684 4314 dissetninans
1725 4257 1946 4312 vcrbnut

374 4354 463 4409 Dei
490 4396 504 4419 ,
533 4363 589 4409 et
612 4363 766 4407 natas
785 4353 1108 4406 conﬁrmans
1135 4350 1398 4406 Ecclesias
1420 4388 1436 4414 ,
1459 4349 1672 4417 longum
1699 4359 1778 4403 est
1804 4351 1950 4404 com-

374 4436 697 4503 memorare.
743 4445 840 4499 Cui
869 4444 1038 4500 Judzei
1083 4459 1204 4498 cum
1249 4441 1944 4504 restitissent-Antiochi:e,

372 4540 480 4608 ipse
507 4547 563 4592 et
594 4537 860 4591 Barnabas
897 4535 1145 4589 dixerunt
1188 4533 1255 4587 ad
1302 4548 1437 4589 eos:
1493 4531 1639 4587 Vobis
1690 4533 1948 4601 oportebat

371 4629 585 4693 primum
629 4627 766 4697 loqui
804 4627 1002 4680 verbum
1048 4623 1143 4678 Dei
1164 4626 1218 4690 ';
1267 4622 1354 4677 sed
1402 4625 1639 4694 quoniant
1693 4623 1948 4692 repetistis

370 4717 518 4782 illud,
549 4726 598 4770 et
628 4716 860 4787 indignos
885 4733 970 4770 ros
997 4714 1270 4788 judicastis
1305 4713 1406 4767 vita
1433 4723 1618 4767 aeterna
1639 4755 1652 4778 ,
1681 4730 1790 4767 ecce
1827 4729 1950 4766 con-

371 4810 604 4863 sertintur
626 4808 694 4861 ad
719 4819 906 4878 gentes.
937 4807 1024 4861 Sic
1055 4805 1189 4860 enim
1225 4804 1462 4875 prtecepit
1489 4804 1632 4858 nobis
1661 4803 1906 4858 Dominus
1930 4817 1948 4857 :

372 4899 528 4955 Posui
554 4913 602 4955 te
639 4901 806 4954 lumen
837 4899 1062 4970 gentibus
1085 4943 1098 4964 ,
1146 4908 1198 4952 ut
1242 4899 1312 4952 sis
1356 4899 1409 4951 in
1453 4899 1666 4951 salutem
1701 4913 1856 4968 usque
1895 4897 1946 4950 in

369 5005 647 5049 extremum
675 5003 840 5047 terrte.
876 4994 939 5048 Et
965 4992 1206 5062 sequitur
1229 4991 1410 5046 dicens
1439 5007 1452 5043 :
1485 4991 1755 5044 Audientes
1780 4999 1946 5042 autem

368 5099 534 5155 gentes
559 5126 574 5153 ,
604 5096 930 5156 perceperunt
951 5085 1152 5139 verbum
1177 5083 1271 5139 Dei
1295 5124 1309 5146 ,
1350 5094 1395 5138 et
1437 5083 1755 5138 crediderunt
1797 5091 1945 5153 quot-

368 5186 485 5242 quot
503 5185 645 5231 erant
666 5175 900 5229 destinati
919 5176 971 5229 in
992 5177 1147 5229 vitam
1166 5183 1403 5228 azternam
1422 5171 1441 5244 (
1460 5171 1526 5226 Id
1565 5188 1657 5226 xm
1678 5213 1691 5235 ,
1714 5173 1783 5227 46
1797 5173 1885 5227 -48
1906 5174 1944 5241 ).

373 5265 506 5321 Ecce
533 5275 587 5320 et
619 5266 704 5319 hic
729 5271 1201 5320 commemoratum
1227 5274 1310 5319 est
1339 5262 1696 5317 testimonium
1726 5277 1790 5317 ex
1823 5277 1944 5331 pro-

372 5357 522 5424 pheta
551 5356 719 5423 Isaia,
767 5355 905 5426 quod
945 5365 1000 5410 et
1054 5371 1151 5410 nos
1202 5354 1516 5424 posuimus,
1570 5361 1624 5408 ut
1677 5352 1746 5407 sit
1799 5352 1946 5408 salus

371 5462 534 5514 usque
563 5447 616 5501 in
651 5456 944 5501 extremum
975 5456 1128 5500 term-
1161 5447 1178 5513 (
1212 5443 1336 5498 Isai.
1367 5459 1495 5497 xux
1524 5486 1537 5507 ,
1569 5443 1665 5508 6).

435 5538 658 5596 CAPUT
707 5537 794 5593 XII
816 5537 911 5611 (α).
940 5569 1011 5578 -—
1047 5539 1132 5594 3|.
1165 5537 1232 5593 Ut
1257 5552 1384 5606 ergo
1405 5552 1507 5590 non
1529 5551 1945 5592 commemorent

430 5652 444 5682 ¹
480 5657 608 5712 l.ov.,
632 5650 681 5712 in
705 5648 787 5698 illa
813 5662 919 5698 voce
947 5663 962 5698 :
987 5650 1049 5698 de
1072 5660 1166 5712 qua
1189 5647 1373 5697 scilicet
1397 5661 1514 5697 voce
1537 5647 1677 5708 [aulo
1713 5657 1846 5712 post:
1880 5654 1947 5698 tta

367 5710 579 5763 exposuit
597 5711 731 5763 illaut
757 5724 928 5760 vocem.

481 5773 793 5822 Monacensis
815 5774 986 5831 codex,
1015 5784 1280 5822 .serrnonettt
1311 5772 1411 5819 Dei.

432 5835 503 5900 (tt)
536 5833 670 5886 Nulla
693 5834 964 5898 capitulatio
989 5835 1112 5899 apud
1141 5843 1236 5882 Att].
1267 5841 1318 5884 et
1352 5839 1425 5900 Er.

1259 425 1426 466 vULco
1470 408 1552 462 ne
1594 381 1890 461 unum;
1935 395 2288 452 EttILEs‘LE
2332 404 2527 458 LlDEll
2572 405 2766 463 usus.
3531 413 3634 468 tu

2060 527 2275 585 gentes,
2306 535 2420 587 qua:
2447 533 2562 588 post
2588 523 2960 590 Apostolorum
2992 533 3227 592 letttpztra
3255 524 3594 581 crediderunt
3619 570 3632 593 ,

2059 618 2110 661 et
2139 621 2476 664 accesserunt
2525 613 2814 668 licclcsim:
2862 613 2965 667 il!:e
3019 615 3146 683 ipsa:
3196 617 3357 681 solae,
3408 634 3539 687 quas
3586 621 3637 673 itt

2059 701 2255 753 sanctis
2284 699 2499 755 Litteris
2527 745 2540 766 ,
2571 703 2622 757 in
2656 705 2869 758 Actibus
2895 746 2908 769 ,
2960 705 3010 757 in
3063 707 3308 774 I'Ipistolis
3359 703 3637 777 Apostolo-

2059 806 2215 854 rum,
2276 801 2328 845 et
2385 793 2434 845 in
2482 795 2801 865 Apocalypsi
2852 795 3070 850 Joannis
3117 798 3454 864 invenimus,
3507 815 3637 869 quas

2059 885 2266 954 utrique
2296 885 2670 955 amplectimur
2694 931 2708 954 ,
2743 898 2794 942 et
2840 889 3028 957 quibus
3069 891 3279 960 utrique
3321 891 3633 955 subdimur,

2057 975 2236 1030 dicant
2273 975 2359 1030 isti
2409 978 2561 1030 nobis
2598 979 3044 1046 quemadmodum
3088 980 3329 1035 Africana
3380 982 3638 1035 seditione

2057 1067 2311 1138 perierint
2341 1067 2438 1138 (α).
2470 1067 2576 1121 llas
2603 1069 2745 1121 enim
2776 1071 3078 1139 accepimus
3101 1113 3116 1136 ,
3150 1086 3253 1124 non
3297 1087 3362 1125 ex
3400 1072 3639 1126 conciliis

2053 1157 2487 1212 COlllt'ndellliUﬂl
2515 1161 2884 1229 episcoporum
2910 1201 2924 1225 ,
2970 1176 3074 1214 non
3099 1176 3164 1214 ex
3191 1161 3637 1229 diSputationibus

2054 1250 2267 1304 novitiis
2291 1291 2304 1312 ,
2340 1265 2443 1304 non
2473 1265 2536 1306 ex
2567 1250 2865 1305 forensibus
2885 1252 2968 1305 vel
2991 1251 3397 1320 municipalibus
3418 1252 3626 1306 Gestis-

2055 1341 2150 1396 sed
2178 1356 2242 1395 ex
2272 1341 2486 1396 Litteris
2518 1342 2717 1396 sanctis
2755 1343 3047 1399 canonicis.
3090 1343 3420 1398 Antiocbcna
3451 1343 3634 1398 Eccle-

2055 1432 2133 1487 sia
2159 1474 2172 1496 ,
2207 1433 2294 1488 ubi
2339 1435 2566 1502 primum
2609 1433 2853 1504 appellati
2901 1444 3023 1489 sunt
3064 1435 3306 1502 discipuli
3352 1434 3637 1490 Christiani

2056 1523 2210 1592 (Act.
2239 1539 2290 1577 st
2318 1565 2333 1589 ,
2364 1523 2435 1579 26
2463 1523 2502 1592 ),
2535 1524 2800 1594 quomodo
2832 1526 2999 1594 potuit
3031 1523 3276 1579 Afrorum
3325 1525 3500 1594 perire
3537 1527 3640 1580 cri-

2053 1613 2328 1667 minibus?
2356 1613 2487 1682 Quis
2518 1623 2621 1667 tam
2650 1614 2940 1669 vehemens
2969 1613 3177 1668 Africus
3207 1624 3311 1668 tam
3354 1614 3505 1684 longe
3547 1630 3639 1683 po-

2053 1704 2152 1758 tuit
2174 1703 2403 1759 ablatam
2432 1720 2683 1776 spargere
2713 1705 3066 1774 pestilentiam
3093 1746 3107 1770 ,
3155 1705 3242 1759 ubi
3284 1721 3383 1760 nec
3425 1707 3638 1760 nomina

2052 1808 2235 1848 eorum
2266 1810 2360 1863 per
2382 1811 2517 1865 quos
2547 1805 2720 1850 ortum
2751 1807 2832 1849 est
2861 1837 2875 1860 ,
2920 1797 3000 1850 vel
3044 1795 3112 1850 de
3136 1797 3329 1864 quibus
3354 1805 3529 1851 ortum
3557 1805 3639 1851 est

2052 1885 2154 1940 hoc
2181 1887 2414 1952 malum,
2450 1897 2573 1942 nota
2599 1871 2721 1942 esse
2753 1896 3070 1954 potuerunt,
3112 1886 3338 1942 Athenis
3365 1930 3378 1952 ,
3413 1888 3590 1943 Iconio
3623 1931 3636 1952 ,

2051 1976 2283 2031 Listris?
2308 1975 2439 2044 Quis
2468 1976 2662 2032 delevit
2691 1976 2957 2031 Ecclesias
2987 1977 3279 2046 apostolico
3308 1977 3488 2032 labore
3517 1976 3638 2030 ﬁtn-

2049 2068 2242 2123 datas?
2269 2068 2328 2124 In
2357 2068 2612 2124 extremis
2642 2067 2895 2137 Epistola:
2920 2068 2984 2122 ad
3014 2067 3283 2122 Romanos
3322 2068 3450 2123 dicit
3495 2069 3635 2124 idem

2049 2160 2322 2226 apostolus
2346 2159 2532 2215 doctor
2551 2159 2798 2216 Gentium
2828 2177 2842 2213 :
2869 2159 3127 2214 Audacius
3153 2169 3317 2214 autem
3341 2160 3521 2229 scripsi
3547 2170 3638 2214 vo;

2049 2251 2123 2306 bis
2146 2268 2209 2306 ex
2236 2261 2378 2322 parte
2401 2293 2414 2316 ,
2443 2261 2682 2322 tanquam
2712 2267 3107 2306 commemorans
3134 2267 3219 2305 vos
3240 2293 3254 2315 ,
3284 2261 3486 2321 prapter
3513 2269 3636 2322 gra-

2051 2345 2172 2395 tiam
2201 2358 2312 2411 qua:
2343 2344 2462 2396 data
2491 2353 2563 2396 est
2590 2343 2715 2395 mihi
2741 2359 2772 2395 a
2797 2339 2906 2397 Deo
2925 2383 2939 2405 ,
2973 2351 3028 2395 ut
3058 2342 3283 2396 minister
3319 2342 3414 2396 sim
3453 2341 3640 2396 Christi

2048 2432 2174 2486 Iesu
2197 2434 2250 2486 in
2277 2431 2520 2488 Gentibus
2544 2474 2556 2495 .
2589 2449 2886 2488 consecrans
2924 2431 3254 2503 Erangelium
3295 2432 3386 2487 Dei
3411 2475 3424 2496 ,
3453 2443 3506 2486 ut
3549 2434 3640 2500 ﬁnt

2050 2527 2235 2581 oblatio
2290 2526 2522 2580 Gentium
2559 2527 2913 2598 acceptabilis,
2954 2527 3271 2596 sanctiﬁcata
3324 2527 3375 2580 in
3433 2527 3633 2594 Spiritu

2049 2628 2242 2672 sancto.
2278 2617 2452 2672 Habeo
2481 2635 2598 2689 ergo
2621 2619 2834 2687 gloriam
2870 2619 2921 2672 in
2951 2617 3150 2674 Christo
3183 2618 3306 2672 .Icsu
3344 2617 3412 2671 ad
3449 2617 3632 2671 Deunt.

2052 2707 2173 2762 Non
2195 2710 2328 2764 enim
2351 2709 2512 2763 audeo
2553 2710 2827 2780 quidquam
2866 2727 3040 2764 eorunt
3082 2711 3252 2780 loqui,
3289 2726 3502 2780 quorum
3537 2727 3636 2762 non

2051 2802 2308 2871 perfecerit
2335 2799 2563 2856 Christus
2585 2819 2674 2872 per
2695 2818 2774 2854 me
2793 2804 2843 2855 in
2873 2802 3205 2856 obedientiam
3231 2801 3464 2856 Gentium
3493 2802 3637 2855 verbo

2050 2899 2095 2944 et
2115 2907 2294 2960 opere,
2327 2892 2379 2943 in
2402 2900 2645 2961 potestate
2669 2892 2927 2962 signorum
2955 2901 3000 2946 et
3025 2892 3401 2962 prodigiorum,
3439 2893 3491 2946 in
3534 2898 3635 2946 vir-

2050 2990 2152 3036 tute
2172 2981 2395 3052 Spiritus
2415 2983 2576 3038 sancti
2596 3025 2608 3047 ,
2632 2985 2704 3037 ita
2724 2992 2775 3038 ut
2796 3000 2887 3052 ego
2907 2985 2969 3037 ab
2989 2983 3272 3038 Jerusalem
3287 2993 3334 3038 el
3353 2985 3402 3038 in
3425 2985 3638 3038 circuitu

2051 3089 2206 3138 usque
2255 3073 2308 3125 in
2343 3067 2636 3142 'Illyricum
2701 3072 2992 3142 replererim
3057 3071 3390 3144 Evangetium
3451 3072 3638 3128 Christi

2049 3163 2069 3233 (
2100 3163 2248 3216 Rom.
2275 3177 2366 3228 xv,
2398 3163 2623 3233 1519).
2651 3163 2882 3231 Quzerite
2906 3206 2920 3227 ,
2952 3164 3238 3218 Donatiswe
3266 3205 3282 3229 ,
3305 3164 3350 3217 si
3382 3165 3599 3219 nescitis
3620 3209 3634 3231 ,

2050 3256 2271 3325 qumrite
2300 3256 2366 3310 ab
2397 3255 2698 3311 Jerusalem
2732 3271 2825 3326 per
2865 3266 3074 3311 terrena
3111 3255 3299 3311 itinera
3330 3257 3379 3310 in
3415 3257 3635 3312 circuitu

2050 3359 2219 3414 usque
2247 3345 2302 3399 in
2332 3343 2598 3416 Illyricum
2630 3356 2756 3416 quot
2785 3346 3087 3402 mansiones
3106 3347 3213 3401 sint
3239 3365 3252 3402 :
3276 3350 3323 3405 si
3348 3357 3424 3402 tot
3451 3349 3636 3404 Eccle-
3723 3399 3731 3407 .

2050 3437 2156 3492 sias
2183 3446 2554 3506 computemus
2578 3478 2593 3503 ,
2640 3437 2799 3492 dicite
2833 3437 3280 3508 quemadmodum
3303 3437 3406 3508 ‘pcr
3435 3439 3638 3495 Africa-

2051 3538 2146 3582 nas
2185 3528 2559 3584 contentiones
2608 3531 2782 3600 perire
2826 3539 3131 3600 potuerunt.
3185 3530 3261 3585 Ad
3288 3529 3591 3586 Corinthios
3621 3574 3634 3596 ,

2050 3619 2115 3674 ad
2145 3619 2408 3689 Ephesios
2431 3663 2444 3686 ,
2477 3621 2542 3674 ad
2575 3619 2945 3690 Philippenses
2964 3665 2978 3688 ,
3004 3621 3070 3676 ad
3093 3621 3600 3678 Thessalonicettsrs
3619 3665 3634 3689 ,

2051 3713 2116 3768 ad
2140 3713 2488 3770 Colossenses
2513 3756 2528 3779 ,
2553 3730 2648 3768 vos
2668 3716 2813 3770 solas
2834 3716 3071 3786 Apostoli
3097 3715 3360 3784 Epistolas
3379 3716 3432 3770 in
3454 3716 3636 3770 lectio-

2054 3819 2120 3856 ne
2143 3843 2158 3863 ,
2192 3819 2289 3856 nos
2318 3812 2494 3858 autem
2536 3814 2591 3858 et
2637 3806 2900 3874 Epistolas
2944 3806 2995 3858 in
3043 3806 3266 3860 lectione
3303 3820 3365 3860 ac
3411 3806 3515 3860 ﬁde
3540 3848 3552 3869 ,
3585 3816 3641 3861 et

2053 3893 2194 3960 ipsas
2231 3893 2492 3948 Ecclesias
2536 3895 2587 3947 in
2622 3895 2996 3949 communione
3045 3897 3352 3950 retinemus.
3387 3896 3638 3952 Jamvero

2053 3985 2252 4040 Galatia
2282 3998 2386 4039 non
2414 4000 2515 4038 ttna
2549 3983 2784 4040 Ecclesia
2812 3993 2893 4039 est
2919 4026 2934 4049 ,
2962 3984 3055 4039 sed
3079 3985 3129 4039 in
3155 4000 3216 4041 ea
3237 3987 3454 4055 regione
3477 3988 3632 4040 intut-

2055 4075 2356 4130 mcrahiles.
2400 4074 2705 4130 Corinthios
2744 4083 2923 4129 antem
2967 4074 3143 4130 videte
3189 4075 3632 4146 quemadmodum

2053 4167 2361 4223 salutaverit
2390 4185 2403 4221 :
2434 4167 2630 4223 Paulus
2655 4168 2915 4240 apostolus
2938 4167 3064 4222 Iesu
3088 4166 3276 4225 Christi
3295 4185 3382 4238 per
3401 4169 3638 4224 uolunta.

2055 4272 2152 4315 tem
2182 4261 2276 4316 Dei
2299 4303 2314 4329 ,
2360 4271 2406 4316 et
2443 4259 2736 4316 Timotheus
2778 4264 2935 4333 frater
2958 4303 2973 4328 ,
3015 4259 3260 4316 Ecclesia:
3294 4260 3388 4317 Dei
3420 4279 3533 4332 qua:
3567 4275 3640 4318 est

2053 4351 2322 4417 Corinthi,
2357 4367 2472 4406 cum
2511 4351 2697 4407 sanctis
2728 4349 2958 4406 omnibus
2981 4393 2994 4414 ,
3040 4352 3127 4423 qui
3161 4361 3279 4407 sunt
3317 4353 3370 4406 in
3409 4353 3639 4407 universa

2054 4444 2246 4497 Achaia
2271 4442 2290 4515 (
2314 4441 2354 4498 ll
2383 4441 2502 4496 Cor.
2532 4457 2548 4496 t
2573 4484 2586 4505 ,
2621 4443 2644 4497 Ι
2677 4445 2716 4510 ).
2757 4443 2895 4511 Quot
2923 4443 3118 4511 putatis
3146 4459 3266 4498 esse
3292 4443 3556 4499 Ecclesias
3585 4447 3635 4498 in

2055 4535 2300 4589 universa
2331 4531 2532 4588 Achaia
2553 4532 2578 4584 ἲ
2607 4531 2855 4587 Fortasse
2882 4532 2968 4587 ubi
2998 4533 3195 4588 Achaia
3234 4533 3340 4600 sit,
3382 4535 3598 4589 nescitis
3623 4576 3636 4599 ,

2053 4634 2108 4679 et
2136 4624 2202 4680 de
2223 4633 2329 4679 tam
2351 4623 2615 4693 incognita
2642 4623 2908 4693 provincia
2932 4631 3076 4678 tanta
3097 4625 3336 4680 caecitate
3353 4625 3602 4694 jndicatis
3621 4667 3636 4690 ,

2055 4723 2111 4768 ut
2140 4729 2258 4768 eam
2300 4713 2615 4768 criminibus
2659 4714 2904 4768 Afrorum
2949 4714 3170 4782 periisse
3211 4714 3420 4769 dic-alis.
3454 4715 3640 4770 Nonne

2055 4807 2206 4874 plena
2246 4814 2370 4860 sunt
2413 4805 2810 4860 ﬂorentissimis
2851 4805 3102 4860 Ecelcsiis
3143 4806 3320 4860 omnia
3365 4807 3479 4861 loca
3519 4822 3639 4878 qute

2055 4899 2242 4954 Petrus
2288 4897 2612 4961 nominavit,
2661 4897 2898 4962 Pontus,
2959 4895 3162 4953 Galatia
3189 4938 3202 4960 ,
3265 4897 3636 4967 Cappadocia,

2055 4992 2176 5046 Asia
2204 5035 2218 5056 ,
2253 4989 2496 5060 Bithynia
2524 4993 2540 5057 (
2571 4989 2584 5042 Ι
2620 4987 2758 5044 Petr.
2789 5005 2838 5054 ι,
2872 4989 2897 5045 1
2928 4987 2981 5059 )?
3018 4987 3153 5057 Quid
3183 4988 3415 5043 Joannes
3448 4989 3636 5056 quibus

2053 5082 2304 5152 scripsit,
2362 5082 2643 5151 Smyrnae,
2697 5080 2994 5152 Pergamo,
3046 5079 3266 5143 Sardis,
3331 5078 3635 5149 Tiathyrat,

2054 5173 2430 5243 Phitadelphia:
2449 5214 2464 5239 ,
2490 5171 2778 5232 Laodicite,
2817 5187 2934 5241 qua:
2953 5171 3346 5227 suntEcclesite
3367 5169 3563 5242 (Apoc.
3591 5187 3634 5234 ι,

2055 5268 2112 5322 tl
2147 5266 2206 5336 )?
2242 5265 2358 5321 Jam
2399 5264 2540 5318 enim
2586 5262 2852 5334 Ephesum
2893 5260 3452 5318 commemoravimus.
3491 5260 3636 5314 Dicat

2054 5359 2182 5415 mihi
2213 5355 2405 5424 aliquis
2434 5363 2667 5410 vestrum
2692 5394 2706 5417 ,
2736 5353 2822 5408 ubi
2849 5353 2955 5407 sint
2978 5395 2992 5416 ,
3031 5361 3282 5421 quantum
3309 5351 3377 5407 ab
3407 5350 3631 5404 invicem

2055 5449 2273 5506 distent.
2307 5446 2556 5502 Fortasse
2586 5443 2745 5500 modo
2773 5443 2822 5499 id
2863 5444 3100 5514 quaeritis
3121 5483 3136 5503 .
3173 5442 3254 5497 vel
3295 5440 3520 5512 legendo
3553 5441 3636 5494 vel

2056 5539 2323 5597 audiendo
2332 5552 2679 5616 cognoscere.
2699 5535 2774 5606 (ὁ)
2791 5534 3109 5604 Cognoscite
3135 5548 3262 5602 ergo
3292 5532 3448 5586 etiam
3475 5547 3634 5601 quam

2057 5636 2211 5705 longe
2237 5632 2304 5689 ab
2333 5631 2508 5687 Africa
2535 5637 2753 5712 rcmptm
2779 5639 2900 5684 sunt
2925 5669 2938 5691 ,
2978 5636 3033 5681 ct
3060 5624 3216 5679 dicite
3244 5625 3392 5678 nobis
3421 5639 3516 5678 cur
3540 5635 3636 5678 eas

2123 5771 2193 5828 tu)
2219 5768 2330 5817 vide
2366 5766 2448 5815 lib.
2469 5765 2499 5814 2
2530 5771 2693 5815 contra
2710 5765 3032 5828 Cresconiutn,
3059 5775 3164 5824 cap.
3189 5761 3265 5812 57.

2128 5823 2198 5895 (b)
2232 5831 2350 5880 Olim
2373 5829 2496 5891 apud
2516 5838 2612 5876 Am.
2643 5834 2692 5876 et
2714 5832 2807 5884 Fr,
2832 5837 2934 5886 cap.
2965 5823 3038 5902 ll.
