4066 6200
300 391 407 448 415

302 506 522 560 omnino
564 504 712 558 vobis
762 501 1090 570 incognitas,
1136 506 1191 553 et
1235 499 1285 551 in
1320 496 1624 565 apostolicis
1669 491 1883 548 Litteris

305 594 669 648 manifestatas
696 634 707 654 ,
740 602 843 645 tam
874 589 1130 657 sacrilega
1171 588 1465 642 temeritate
1505 585 1764 639 accusetis
1790 626 1802 647 ,
1835 592 1889 637 et

307 699 451 743 tanta
482 684 744 739 dementia
776 682 1087 735 criminibus
1115 679 1363 733 Afrorum
1406 678 1625 747 periisse
1663 674 1889 730 dicatis?

308 780 584 832 Postremo
611 775 733 845 quid
764 775 830 828 de
898 774 1000 826 illis
1048 773 1098 825 in
1149 771 1346 825 sanctis
1398 768 1671 824 canonicis
1716 766 1889 821 Libris

305 870 559 936 scriptum
586 870 692 932 sit,
723 867 832 921 scio
858 883 869 917 :
898 865 1020 935 quid
1050 864 1117 918 de
1159 865 1260 917 illis
1302 877 1395 915 vos
1434 861 1617 913 dicatis
1643 901 1656 923 ,
1689 859 1887 913 nescio.

304 960 462 1013 Certe
492 963 623 1011 sicut
656 974 750 1011 nos
777 973 867 1010 cas
892 957 1114 1026 legimus
1141 954 1406 1007 Ecclesias
1429 951 1620 1006 Christi
1653 966 1713 1002 ex
1742 948 1888 1001 codi-

308 1050 458 1102 ribus
485 1064 617 1118 quos
644 1058 696 1103 et
725 1063 816 1102 vos
844 1046 1164 1101 veneramini
1198 1063 1209 1097 :
1240 1046 1315 1098 sic
1341 1054 1390 1097 et
1418 1060 1510 1095 vos
1537 1058 1598 1095 ex
1622 1040 1892 1093 codicibus

308 1158 446 1210 quos
487 1153 540 1195 et
588 1158 683 1195 nos
721 1156 1070 1203 veneramur,
1112 1135 1560 1207 quemadmodum
1604 1133 1889 1201 perierint,

316 1234 470 1301 legite
518 1233 690 1286 nobis.
736 1232 816 1285 An
852 1232 1021 1300 placet
1065 1229 1219 1283 vobis
1243 1270 1256 1293 ,
1294 1240 1348 1281 ut
1373 1224 1555 1280 cmitra
1592 1224 1848 1280 Iicclcsias
1875 1266 1889 1287 ,

310 1343 429 1395 quae
461 1328 697 1380 membra
730 1336 851 1380 sunt
882 1327 1035 1379 unius
1066 1324 1313 1378 Ecclesia.
1342 1332 1450 1375 toto
1478 1321 1607 1375 orbe
1646 1318 1849 1372 dilTusa'
1876 1359 1890 1381 ,

314 1434 443 1485 quas
472 1419 623 1473 nobis
653 1435 746 1488 per
775 1420 1077 1487 Scripturas
1103 1433 1224 1471 suas
1252 1416 1479 1483 Spiritus
1506 1421 1719 1467 sanctus
1746 1427 1894 1465 Cotti-

318 1509 586 1562 mendavit
612 1520 663 1562 et
692 1509 941 1571 tradidit,
974 1508 1240 1562 undelibet
1275 1508 1472 1575 prolata
1503 1504 1750 1572 qiuclibct
1799 1501 1895 1554 ho-

310 1602 518 1654 minum
548 1600 824 1654 maledicta
854 1600 1176 1655 credamus?
1206 1598 1315 1652 Iloc
1341 1596 1550 1665 quidem
1595 1594 1744 1647 vobis
1788 1593 1895 1661 pla-

317 1702 401 1746 ret
427 1734 441 1757 ,
472 1693 563 1747 sed
596 1693 747 1747 nobis
778 1708 881 1746 nou
912 1694 1102 1761 placet.
1135 1692 1335 1759 Quibus
1364 1700 1537 1743 autem
1562 1688 1755 1757 justius
1781 1686 1896 1755 pla.

316 1796 474 1850 ceat,
518 1795 572 1839 et
622 1800 717 1839 vos
754 1786 986 1847 videtis;
1043 1785 1135 1838 sed
1188 1784 1309 1837 victi
1363 1782 1737 1845 animositate,
1795 1796 1899 1833 non

320 1877 478 1930 vultis
506 1878 640 1931 vinci
670 1877 915 1930 veritate.
962 1877 1098 1929 Ecce
1143 1885 1265 1928 sunt
1298 1874 1583 1941 Scriptura:
1618 1872 1705 1924 Dei
1735 1912 1749 1931 ,
1777 1885 1902 1923 ecce

320 1976 442 2019 sunt
472 1967 522 2019 in
551 1968 628 2021 eis
659 1966 912 2020 Ecclesize
938 2009 951 2030 ,
999 1976 1055 2021 et
1095 1965 1375 2019 universali
1427 1965 1585 2018 totius
1622 1963 1767 2017 orbis
1804 1976 1899 2014 no-

324 2056 501 2119 mine,
552 2066 605 2109 et
655 2056 963 2109 nominatim
1007 2055 1295 2124 designata:
1338 2065 1391 2109 et
1436 2068 1701 2122 expressm
1730 2070 1743 2106 :
1777 2050 1903 2119 quid

327 2148 556 2215 majores
592 2149 752 2202 vestri
792 2148 1009 2218 collegis
1050 2149 1160 2201 suis
1192 2148 1523 2216 objecerint,
1560 2144 1901 2207 nescierunt;

324 2240 509 2307 quales
534 2254 598 2293 ea
628 2253 784 2293 causa
809 2238 1016 2305 jndices
1048 2237 1327 2302 habuerit,
1370 2237 1711 2302 nescierunt;
1767 2248 1903 2303 quo-

325 2329 485 2381 modo
509 2338 636 2399 ergo
674 2328 989 2398 perierunt?
1032 2329 1174 2383 Ecce
1218 2336 1342 2383 sunt
1387 2327 1673 2395 Scriptura:
1714 2326 1908 2396 quibus

323 2418 518 2480 credo,
547 2433 670 2474 ecce
712 2428 835 2473 sunt
885 2419 1139 2474 Ecclesia:
1167 2419 1359 2489 quibus
1394 2418 1727 2473 communico
1760 2436 1772 2472 :
1818 2416 1907 2471 ubi

324 2509 419 2561 tibi
442 2510 560 2579 lego
582 2509 794 2563 nomina
818 2524 999 2563 earum
1025 2551 1039 2575 ,
1068 2510 1139 2565 ibi
1164 2510 1290 2563 mihi
1321 2510 1435 2580 lege
1456 2510 1677 2564 crimina
1701 2523 1905 2563 earum.

396 2601 486 2654 '52.
527 2599 581 2655 Si
607 2611 784 2655 autem
812 2602 1026 2657 aliunde
1051 2603 1249 2656 clamas
1275 2602 1357 2656 vel
1383 2602 1577 2657 recitas
1599 2659 1613 2669 ,
1657 2615 1755 2656 nos
1793 2609 1912 2669 post

326 2706 512 2746 vocem
550 2693 776 2761 pastoris
816 2693 1024 2758 nostri,
1074 2708 1171 2761 per
1216 2707 1308 2747 ora
1358 2692 1740 2761 Prophetirura
1768 2729 1782 2754 ,
1816 2706 1912 2759 per

325 2795 389 2833 os
417 2781 688 2849 proprium
719 2824 731 2843 ,
767 2797 863 2849 per
889 2796 982 2836 ora
1013 2782 1471 2852 Evangelistarum
1502 2778 1655 2835 notus
1681 2780 1908 2849 apertis-

328 2870 461 2923 sime
488 2869 809 2924 declaratam
839 2911 853 2935 ,
878 2886 1036 2927 voces
1058 2880 1261 2925 vestras
1284 2885 1388 2924 non
1413 2869 1741 2924 admittimus
1765 2910 1780 2933 ,
1806 2885 1910 2924 non

326 2964 597 3018 credimus
622 3006 636 3029 ,
668 2980 771 3018 non
796 2965 1105 3035 accipimus.
1139 2965 1266 3031 Qum
1282 2973 1399 3019 sunt
1423 2980 1536 3019 oues
1557 2979 1680 3017 mete
1700 3005 1716 3028 ,
1745 2963 1914 3032 inquit

329 3064 511 3123 pastor
539 3055 772 3109 cmlestis
796 3096 811 3117 ,
854 3072 1023 3109 vocem
1060 3072 1223 3108 meam
1264 3055 1516 3120 audiunt,
1557 3064 1603 3107 et
1641 3062 1915 3123 sequuntur

331 3162 409 3197 me
453 3144 650 3215 (Joan.
683 3161 713 3197 κ
740 3186 756 3209 ,
782 3144 913 3214 27).
964 3146 1076 3199 Vox
1121 3146 1236 3213 ejus
1278 3146 1344 3199 de
1389 3145 1626 3201 Ecclesia
1672 3159 1777 3199 non
1831 3152 1915 3201 est

330 3234 579 3287 obseura.
627 3233 879 3303 Quisquis
918 3236 985 3288 ab
1024 3235 1139 3304 ejus
1182 3250 1342 3305 grege
1387 3250 1567 3288 errare
1614 3250 1718 3289 non
1760 3234 1911 3300 vult,

335 3326 474 3381 hunc
501 3326 722 3392 audiat,
756 3330 894 3381 hunc
918 3336 1184 3396 sequatur.
1226 3327 1590 3382 Fidelissimus
1635 3326 1913 3398 dispensa-

335 3428 418 3470 tor
442 3417 557 3483 ejus
585 3417 777 3472 Doctor
805 3417 1052 3473 Gentium
1087 3418 1137 3471 in
1164 3417 1267 3471 iide
1295 3428 1347 3471 ct
1377 3419 1596 3472 veritate
1620 3460 1636 3483 ,
1659 3419 1779 3488 quia
1804 3419 1915 3487 ipse

335 3511 388 3562 in
415 3524 479 3562 eo
506 3509 852 3577 loquebatur,
887 3510 1001 3564 lucc
1030 3511 1159 3564 dicit
1189 3530 1201 3564 :
1234 3511 1395 3564 Miror
1414 3511 1548 3582 quod
1574 3512 1645 3565 sic
1686 3520 1787 3563 tam
1817 3512 1914 3565 cito

336 3587 697 3669 transierintini
722 3601 783 3653 ab
804 3617 861 3655 eo
888 3603 972 3671 qui
1001 3617 1085 3655 vos
1127 3603 1316 3655 vocavit
1352 3603 1403 3656 in
1438 3604 1651 3672 gratiam
1688 3603 1911 3669 Christi,

334 3694 385 3745 in
406 3692 551 3745 aliud
599 3691 927 3765 Evangelium
951 3712 969 3757 ;
992 3694 1127 3763 quod
1153 3712 1252 3748 non
1286 3706 1354 3749 est
1388 3696 1528 3749 aliud
1553 3737 1567 3759 ,
1617 3698 1714 3751 nisi
1760 3696 1915 3767 aliqui

334 3795 449 3837 sunt
469 3784 821 3840 conturbantes
843 3802 925 3838 vos
944 3827 959 3852 ,
983 3797 1028 3839 et
1051 3788 1265 3840 volentes
1286 3798 1569 3842 convertere
1585 3785 1916 3858 Evangelium

334 3873 541 3930 Christi.
568 3876 674 3931 Sed
695 3876 810 3929 licet
830 3877 872 3930 si
896 3893 987 3930 nos
1009 3918 1025 3942 ,
1048 3886 1134 3929 aut
1159 3878 1365 3947 angelus
1386 3878 1447 3931 de
1466 3879 1588 3933 «elo
1609 3878 1743 3932 vobis
1767 3894 1916 3933 evan-

335 3968 619 4037 gelizaverit
664 3978 998 4038 praeterquam
1061 3968 1198 4037 quod
1248 3970 1696 4038 evangelisavimus
1740 3970 1875 4023 vobis
1897 4010 1913 4037 ,

332 4061 599 4114 anathema
620 4061 703 4114 sit.
728 4060 874 4116 Sicut
903 4061 1229 4129 prwdiximus
1253 4102 1267 4125 ,
1305 4071 1350 4113 et
1380 4077 1510 4113 nunc
1540 4062 1720 4115 iterum
1762 4062 1874 4114 dico
1895 4102 1911 4123 ,

333 4153 378 4206 si
395 4154 504 4221 quis
526 4153 659 4207 vobis
682 4155 1097 4224 euangelizaverit
1117 4162 1447 4223 prwterquam
1466 4153 1600 4220 quod
1618 4154 1879 4222 accepistis
1898 4196 1911 4217 ,

332 4245 599 4298 anathema
621 4244 686 4298 sit
709 4243 917 4315 (Galat.
947 4260 961 4297 ι
987 4284 1001 4307 ,
1026 4246 1125 4301 6-9
1150 4246 1190 4315 ).
1239 4244 1609 4313 Evangelizata
1649 4252 1731 4299 est
1766 4245 1917 4298 nobis

339 4334 570 4389 Ecclesia
602 4352 698 4404 per
726 4346 891 4390 totum
933 4337 1115 4391 orbem
1164 4348 1422 4393 terrarum
1470 4337 1662 4391 futura.
1710 4338 1819 4391 Iloc
1863 4338 1915 4391 in

334 4424 510 4494 Lege,
537 4436 592 4480 et
624 4408 944 4495 Protilietis‘,
986 4437 1041 4481 et
1083 4428 1309 4482 Psalmis
1347 4442 1466 4483 esse
1511 4428 1916 4497 praenuntiatum

338 4515 450 4581 ipse
481 4516 735 4571 Dominus
765 4515 1078 4572 testiﬁcatus
1099 4526 1182 4572 est
1204 4559 1219 4585 ,
1248 4520 1336 4589 qui
1366 4534 1482 4575 eam
1520 4529 1812 4589 erepturam
1851 4522 1918 4576 ab

336 4604 632 4662 Jerusalem
661 4616 714 4661 et
740 4622 835 4677 per
860 4623 1046 4664 omnes
1083 4620 1269 4681 gentes
1304 4622 1727 4680 permanaturam
1751 4614 1767 4645 ⁸
1800 4629 1919 4669 esse

338 4700 581 4768 praedixit
607 4742 622 4767 ,
654 4708 817 4756 tesms
845 4702 945 4758 sibi
974 4703 1179 4758 futuros
1207 4704 1261 4758 in
1288 4703 1578 4759 Jerusalem
1605 4747 1619 4771 ,
1650 4715 1704 4761 et
1731 4706 1782 4759 in
1810 4715 1916 4761 tota

333 4790 513 4845 Judara
538 4832 555 4858 ,
582 4799 637 4845 et
661 4790 896 4847 Samaria
921 4833 936 4857 ,
964 4801 1018 4849 et
1054 4807 1222 4864 usque
1251 4795 1303 4848 in
1337 4803 1497 4848 totam
1526 4804 1721 4849 terram
1747 4837 1762 4860 ,
1795 4811 1917 4849 cum

330 4884 439 4952 jam
469 4884 521 4940 in
547 4883 740 4939 etclam
772 4884 1126 4951 ascenderet,
1154 4886 1547 4956 przenuntiavit.
1591 4887 1717 4943 Hrec
1757 4887 1918 4941 verba

337 4974 472 5029 facta
502 4984 681 5030 secuta
700 4985 842 5030 sunt.
866 4974 1389 5047 Quomodocosptum
1418 4976 1485 5031 sit
1509 4976 1578 5032 ab
1596 4976 1913 5044 Jerusalem,

334 5075 384 5118 et
414 5065 611 5122 deinde
641 5081 947 5136 processum
974 5067 1025 5121 in
1045 5066 1305 5133 Judaaam,
1330 5076 1383 5120 et
1406 5066 1725 5131 Samariam.
1747 5068 1919 5123 donec

336 5157 389 5209 in
423 5166 584 5212 totam
609 5166 805 5213 terram
826 5200 842 5225 ,
875 5158 961 5213 ubi
992 5157 1167 5213 adhuc
1190 5159 1383 5215 crescit
1411 5158 1668 5227 Ecclesia,
1712 5169 1768 5215 et
1795 5159 1918 5216 inde

336 5264 500 5318 usque
513 5251 562 5304 in
581 5251 739 5317 linem
755 5250 914 5305 etiam
933 5250 1164 5320 reliquas
1181 5259 1387 5320 gentes,
1409 5251 1494 5306 ubi
1508 5251 1679 5307 adhuc
1694 5260 1915 5319 nonest,

331 5341 884 5410 obtineat,Scripturis
905 5341 1101 5398 sanctis
1117 5343 1339 5398 testibus
1351 5353 1737 5423 consequenter
1748 5354 1860 5400 oste
1868 5361 1919 5398 n-

336 5432 519 5487 ditur:
562 5433 801 5503 quisquis
835 5432 1458 5502 aliudevangelizaverit,
1498 5437 1780 5491 anathema
1825 5436 1912 5491 sit.

406 5526 631 5581 CAPUT
677 5525 791 5580 XIII
824 5526 926 5594 (a).
956 5555 1026 5565 --
1059 5526 1214 5580 Aliud
1241 5536 1417 5582 autem
1460 5528 1801 5602 evangelizat,
1830 5529 1915 5597 qui

339 5619 556 5685 periiSse
603 5621 731 5674 dicit
779 5620 844 5674 de
885 5628 1079 5672 eartcro
1126 5621 1321 5709 intimi.»
1373 5623 1696 5683 Ecclesium,
1760 5632 1812 5675 et
1865 5622 1914 5674 in

406 5748 419 5811 ξ
456 5752 526 5811 t-Zr.
555 5755 693 5809 Ingd.
724 5759 773 5799 et
798 5758 933 5808 \'eu.,
962 5762 1340 5811 permansurmn.
1444 5762 1494 5800 λι.

403 5807 474 5867 (a)
510 5807 637 5867 Apud
662 5818 759 5857 Am.
783 5819 832 5859 et
856 5807 1075 5871 rlr.,'cap.
1109 5810 1177 5859 I2.
1277 5836 1281 5840 -

1368 380 1637 439 CONTRA
1680 375 2103 434 DONATISTAS
2143 378 2494 443 EPISTULA,

3475 382 3582 437 416

2000 500 2147 558 parte
2178 492 2368 547 Donati
2411 494 2462 547 in
2504 494 2613 547 sola
2662 493 2835 547 Africa
2883 497 3203 549 remansisse
3246 494 3393 549 dicit.
3442 496 3583 567 Ergo

1998 583 2276 639 anathema
2303 586 2389 639 sit.
2420 587 2523 639 Aut
2551 586 2687 655 legat
2707 587 2833 640 mihi
2858 587 2957 641 hoc
2982 586 3032 640 in
3052 587 3337 657 Scripturis
3358 592 3581 653 sanctis,

1996 683 2048 726 et
2080 689 2183 727 non
2214 676 2283 729 sit
2307 676 2611 730 anathema.

2070 768 2155 821 33.
2214 767 2363 838 Lego,
2399 769 2609 839 inquit:
2646 768 2783 822 Nam
2832 769 3009 823 Enoch
3061 788 3194 824 unus
3237 772 3365 824 inter
3416 790 3591 827 otnncs

1999 858 2223 912 homines
2270 860 2458 928 placuit
2506 860 2611 914 Deo
2641 902 2655 925 ,
2710 872 2755 913 et
2808 864 3081 914 translatus
3153 872 3224 915 est
3285 864 3461 933 (Gen.
3508 883 3538 917 v
3574 908 3586 929 ,

1997 948 2088 1017 ‘24)
2140 969 2151 1004 :
2206 959 2251 1003 ct
2301 964 2471 1021 postca
2526 964 2628 1007 toto
2704 955 2890 1008 mundo
2948 972 3194 1023 aquarum
3260 959 3592 1013 inundatione

1999 1041 2159 1094 deleto
2190 1084 2203 1107 ,
2256 1048 2390 1096 solus
2448 1044 2560 1098 Noe
2611 1063 2723 1098 cum
2785 1048 3000 1115 conjuge
3046 1058 3090 1099 et
3153 1048 3274 1114 [iliis
3320 1060 3365 1101 et
3439 1053 3589 1103 nuri-

1999 1131 2087 1186 bus
2116 1135 2217 1187 suis
2246 1136 2294 1187 in
2323 1152 2443 1187 arca
2482 1138 2660 1188 meruit
2687 1137 2887 1189 liberari
2916 1135 3023 1206 (Id.
3053 1154 3143 1197 vn,
3175 1139 3248 1206 I).
3280 1139 3595 1209 Adittngunt

2000 1227 2159 1280 etiam
2210 1227 2277 1282 de
2324 1228 2470 1293 Loth,
2521 1229 2654 1295 quod
2680 1230 2817 1281 solus
2860 1246 2970 1281 cum
3014 1230 3215 1298 ﬁliabus
3242 1231 3304 1281 de
3350 1231 3592 1284 Sodomis

2002 1319 2238 1373 liberatus
2267 1321 2329 1372 sit
2374 1320 2486 1388 (Id.
2518 1337 2625 1382 XIX,
2662 1319 2769 1391 19.).
2807 1321 2881 1374 De
2910 1320 3023 1389 ipso
3053 1336 3263 1389 quoque
3293 1322 3545 1374 Abraham
3573 1365 3588 1387 ,

2004 1410 2174 1476 Isaac,
2207 1420 2251 1464 et
2280 1409 2464 1474 Jacob,
2496 1412 2630 1480 quod
2674 1412 2823 1481 pauci
2870 1411 3057 1479 fuerint
3108 1412 3213 1464 Deo
3244 1411 3513 1480 placentes,
3540 1416 3595 1465 in

2004 1515 2137 1557 terra
2161 1502 2311 1555 idolis
2329 1511 2374 1555 et
2395 1502 2703 1556 dwmonibus
2728 1502 2898 1555 dedita
2928 1506 2965 1554 ‘.
3004 1501 3265 1555 Postremo
3277 1504 3392 1571 jam
3422 1504 3595 1554 multi-

2006 1596 2189 1663 plicato
2220 1596 2407 1664 populo
2455 1592 2637 1657 Israel,
2672 1595 2785 1664 jam
2815 1594 3119 1663 temporibus
3166 1610 3337 1662 regum
3378 1595 3431 1646 in
3460 1604 3599 1646 terra

2007 1688 2374 1754 promissionis,
2421 1702 2531 1755 qua:
2577 1690 2741 1757 fuerat
2785 1686 3013 1739 omnibus
3062 1686 3322 1738 duodecim
3372 1685 3599 1739 tribubus

2006 1778 2293 1837 distributa.
2320 1786 2741 1831 commemorant
2776 1777 2944 1830 decem
2971 1777 3128 1829 tribus
3157 1776 3365 1835 divisas.
3395 1788 3440 1829 et
3485 1788 3597 1828 tra-

2007 1868 2138 1920 ditas
2181 1884 2319 1921 servo
2365 1868 2657 1921 Salomonis
2698 1884 2716 1921 :
2753 1868 2881 1921 duas
2924 1878 3093 1921 autem
3147 1869 3444 1921 remansisse
3488 1870 3601 1935 ﬁlio

2011 1959 2300 2013 Salomonis
2344 1960 2411 2011 ad
2454 1977 2682 2029 regnum,
2712 1961 2846 2029 quod
2882 1968 2989 2013 erat
3026 1958 3311 2013 Jerusalem
3341 1959 3433 2029 (III
3466 1958 3596 2029 Ilrg.

2011 2050 2329 2117 xuii-15).
2364 2049 2452 2103 Sic
2490 2061 2535 2103 et
2564 2068 2714 2112 mmc,
2764 2051 3025 2119 inquiunt,
3060 2062 3192 2104 totus
3223 2052 3439 2104 mundus
3466 2069 3601 2119 apo-

2010 2141 2208 2194 statavit
2231 2155 2249 2202 ;
2280 2156 2370 2195 nos
2399 2150 2562 2195 autem
2604 2152 2844 2210 tanquam
2873 2141 2987 2194 dua:
3014 2141 3118 2195 ilhc
3146 2144 3301 2195 tribus
3327 2144 3378 2195 in
3412 2143 3602 2212 templo

2015 2228 2123 2293 Dei,
2153 2230 2248 2283 hoc
2275 2239 2365 2295 est,
2394 2231 2446 2283 in
2488 2230 2711 2284 Ecclesia
2740 2233 3090 2287 remansimus.
3128 2231 3403 2285 Dominum
3444 2236 3600 2286 etiam

2011 2320 2187 2375 Iesum
2236 2321 2491 2375 Christum
2535 2339 2649 2375 cum
2699 2324 2905 2391 plurimi
2946 2325 3187 2393 discipuli
3236 2340 3599 2395 sequerentur,

2012 2416 2330 2484 septuaginta
2348 2414 2541 2468 duobus
2559 2417 2974 2483 apostatantibus,
2992 2418 3086 2471 soli
3102 2435 3213 2471 cum
3230 2419 3320 2472 illo
3336 2420 3604 2473 duodecim

2014 2518 2376 2560 remanserunt.
2414 2507 2504 2561 llis
2532 2518 2691 2577 atque
2723 2509 3027 2579 hujusmodi
3058 2512 3317 2579 exemplis
3361 2511 3602 2569 haeretici

2014 2613 2163 2652 suam
2197 2599 2513 2667 paucitatem
2530 2601 2907 2656 eonnnendarc
2930 2613 3208 2663 conantur,
3234 2612 3287 2657 et
3319 2604 3368 2656 in
3399 2607 3603 2659 ςιιιιειὶς

2016 2690 2270 2745 Ecclesia:
2314 2691 2703 2746 multitudinem
2751 2702 2860 2746 toto
2900 2694 3031 2748 orbe
3058 2693 3303 2748 diffusam
3354 2696 3605 2763 blasplie-

2017 2799 2160 2837 mare
2192 2800 2293 2837 non
2325 2793 2555 2839 cessant.
2587 2786 2690 2841 Sed
2717 2803 2899 2856 quer
2927 2789 2993 2841 ab
3030 2788 3128 2849 eis,
3163 2789 3205 2843 si
3234 2788 3405 2858 (quod
3431 2789 3605 2857 absit)

2018 2878 2210 2930 nollem
2255 2878 2475 2932 credere
2506 2894 2628 2933 vera
2664 2894 2781 2933 esse
2810 2880 2907 2933 ista
2950 2881 3061 2948 ipsa
3093 2895 3212 2949 quae
3251 2881 3319 2933 ab
3342 2880 3423 2935 eis
3449 2896 3603 2935 conia

2018 2980 2378 3024 memorantur
2403 2972 2667 3041 exempla,
2700 2972 2836 3025 unde
2862 2988 2946 3027 me
2971 2973 3391 3028 convincerent?
3417 2973 3608 3028 Nonne

2016 3060 2084 3115 de
2124 3060 2410 3130 Scripturis
2455 3062 2669 3124 sanctis,
2707 3062 2792 3115 ubi
2838 3062 3085 3129 leguntur
3114 3072 3255 3117 tanta
3290 3062 3605 3118 manifesta-

2018 3150 2181 3216 tione,
2213 3160 2269 3204 ut
2294 3150 2533 3220 quisquis
2572 3151 2686 3204 illas
2714 3151 2940 3205 Litteras
2968 3154 3018 3206 in
3049 3152 3203 3206 iidem
3238 3154 3455 3221 recepit,
3492 3169 3602 3206 non

2020 3244 2183 3311 possit
2214 3244 2311 3296 nisi
2356 3254 2406 3297 et
2440 3244 2536 3299 ista
2567 3244 2838 3298 verissima
2877 3245 3163 3298 coutiteri?
3194 3246 3357 3299 Porro
3393 3246 3437 3299 si
3485 3247 3601 3300 iure

2019 3335 2259 3404 exempla
2307 3336 2426 3390 ideo
2471 3350 2692 3405 cogerer
2742 3335 2961 3390 credere
3009 3340 3131 3390 vera
3184 3352 3321 3397 esse,
3368 3338 3490 3404 quia
3532 3338 3605 3390 ibi

2020 3424 2214 3492 scripta
2244 3434 2385 3486 sunt.
2435 3425 2519 3479 ubi
2551 3440 2654 3479 non
2704 3441 2913 3494 possem
2957 3427 3136 3480 dicere
3165 3429 3291 3482 falsa
3336 3443 3454 3482 esse
3483 3444 3608 3495 qua:

2019 3514 2212 3583 scripta
2255 3524 2395 3576 sunt,
2429 3530 2523 3568 cur
2566 3530 2670 3569 non
2715 3524 2768 3569 et
2807 3516 2904 3583 ipsi
2934 3516 3001 3571 de
3047 3517 3285 3571 Ecclesia
3334 3527 3444 3571 toto
3474 3519 3611 3573 orbe

2017 3604 2207 3659 diil'usa
2240 3604 2439 3658 eisdem
2472 3604 2760 3672 Scripturis
2802 3604 3070 3659 credunt?
3100 3606 3235 3661 Ecce
3281 3621 3378 3660 nos
3423 3610 3608 3662 omnia

2020 3695 2105 3748 illa
2153 3693 2456 3757 credimus;
2487 3694 2706 3747 credant
2748 3703 2802 3749 et
2847 3694 2943 3762 ipsi
2993 3694 3134 3763 quod
3179 3696 3253 3749 ait
3296 3696 3559 3752 Dominus
3592 3741 3607 3762 ,

2021 3785 2288 3854 prwdicari
2328 3786 2381 3838 in
2428 3786 2628 3839 nomine
2653 3802 2744 3839 suo
2777 3787 3136 3855 pmnitcntiam,
3167 3796 3215 3840 et
3259 3787 3612 3843 remissionem

2021 3886 2334 3945 peccatorum
2348 3892 2437 3946 per
2456 3893 2625 3930 omnes
2645 3885 2834 3947 gentes,
2855 3877 3205 3946 incipientibus
3220 3876 3281 3930 ab
3292 3875 3606 3934 Jerusalem.

2020 3968 2411 4039 Credantquod
2453 3984 2772 4024 ascensurus
2799 3968 2847 4023 in
2895 3970 3088 4024 cmlum
3127 3970 3414 4025 novissime
3445 3971 3605 4037 dixit,

2023 4061 2179 4115 Erilis
2194 4062 2318 4114 mihi
2339 4071 2484 4115 testes
2506 4060 2879 4126 inJerusalem,
2905 4071 2949 4115 et
2995 4063 3046 4115 in
3087 4072 3192 4115 tota
3207 4061 3472 4129 ludam,“
3498 4064 3608 4118 Sa-

2020 4152 2200 4214 maria,
2218 4163 2265 4206 et
2279 4168 2433 4221 usque
2446 4152 2499 4206 in
2516 4159 2671 4206 totam
2686 4162 2872 4206 terram
2888 4150 3038 4224 (Luc.
3055 4168 3198 4218 xstv,
3213 4153 3392 4217 44-51;
3411 4163 3456 4207 et
3487 4155 3603 4208 Act.

2023 4261 2060 4308 I,
2076 4244 2128 4311 8,
2143 4244 2219 4315 9).
2250 4244 2317 4298 Et
2334 4244 2439 4311 illa,
2460 4254 2515 4300 et
2530 4245 2627 4299 ista
2643 4259 2765 4300 vera
2782 4260 2902 4300 esse
2918 4244 3222 4309 credantur,
3238 4255 3293 4300 et
3306 4246 3447 4300 nulla
3466 4246 3611 4301 inter

2024 4353 2121 4391 nos
2149 4338 2419 4392 contentio
2439 4337 2768 4401 remanebit;
2800 4337 2918 4407 quia
2948 4352 3045 4391 nec
3067 4338 3171 4391 illis
3194 4338 3332 4391 veris
3360 4338 3480 4403 ista,
3507 4354 3610 4393 nec

2023 4428 2139 4484 istis
2168 4430 2305 4483 veris
2342 4429 2430 4482 illa
2478 4428 2853 4497 impediuntur.
2888 4428 2950 4481 Et
2989 4430 3105 4493 ista,
3141 4431 3405 4499 inquiunt,
3436 4432 3605 4484 credi-

2024 4536 2154 4585 mus,
2201 4530 2245 4574 et
2288 4520 2532 4587 completa
2577 4536 2683 4574 esse
2724 4522 3062 4589 conﬁtemur;
3106 4521 3193 4574 sed
3240 4531 3415 4591 postea
3472 4522 3610 4577 orbis

2025 4619 2270 4663 terrarum
2299 4609 2620 4678 apostatavit,
2660 4620 2705 4664 et
2730 4609 2840 4663 sola
2868 4611 3107 4663 remansit
3155 4610 3339 4664 Donati
3378 4628 3611 4665 commn-

2024 4703 2127 4755 nio.
2177 4700 2289 4755 Hoc
2331 4699 2483 4754 nobis
2524 4700 2720 4771 legant.
2766 4700 2905 4755 sicut
2953 4702 3132 4770 legunt
3172 4701 3239 4755 de
3285 4702 3492 4764 Euoch,
3539 4704 3612 4758 de

2024 4793 2156 4859 Noe,
2182 4801 2236 4848 et
2256 4792 2323 4847 de
2348 4792 2638 4857 Abraham,
2666 4791 2831 4853 Isaac.
2862 4802 2915 4847 et
2942 4791 3126 4856 Jacob,
3159 4802 3216 4847 et
3242 4791 3312 4847 de
3342 4793 3445 4846 illis
3470 4793 3609 4847 dna-

2025 4884 2124 4939 bus
2171 4884 2430 4947 tribubus,
2477 4899 2596 4953 qtue
2644 4883 2835 4938 decem
2884 4884 3141 4953 separatis
3190 4886 3405 4954 reliqua:
3458 4885 3615 4939 facta:

2016 4985 2168 5043 sunt,
2182 4985 2233 5032 et
2260 4976 2329 5031 de
2342 4975 2620 5031 duodecim
2639 4975 2926 5045 Apostolis,
2946 4976 3035 5044 qui
3063 4976 3271 5031 caeteris
3301 4984 3612 5045 apostatatt-

2025 5068 2165 5123 tibus
2194 5076 2601 5131 remanserunt;
2630 5074 2685 5121 et
2728 5065 2829 5120 hoc
2872 5065 3119 5120 similiter
3159 5066 3355 5135 legant,
3400 5075 3454 5120 et
3476 5067 3631 5121 nihil'

2025 5160 2341 5215 resistimus.
2394 5159 2449 5212 Si
2478 5167 2655 5213 autem
2702 5172 2807 5213 non
2852 5172 2915 5211 ea
2964 5156 3031 5211 de
3074 5155 3364 5226 Scripturis
3412 5158 3614 5212 sanctis

2028 5253 2225 5323 legunt,
2257 5251 2351 5307 sed
2376 5251 2486 5308 suis
2508 5251 2939 5306 contentionibus
2967 5249 3288 5319 persuadere
3311 5260 3608 5312 conantur;

2026 5344 2188 5400 credo
2234 5345 2321 5398 illa
2364 5358 2483 5413 qua:
2530 5345 2582 5398 in
2620 5342 2909 5411 Scripturis
2946 5342 3145 5397 sanctis
3194 5342 3458 5411 leguntur,
3502 5357 3611 5394 non

2026 5436 2187 5492 credo
2217 5436 2314 5489 ista
2341 5450 2458 5502 qua:
2486 5434 2555 5487 ab
2581 5433 2843 5489 lnereticis
2871 5432 3021 5487 vanis
3050 5432 3317 5487 dicuntur.
3349 5431 3453 5487 Sed
3481 5432 3610 5500 quia

2028 5542 2086 5582 se
2114 5526 2318 5581 duabus
2366 5523 2467 5579 illis
2513 5524 2771 5589 tribubus,
2821 5539 2939 5591 qua:
2981 5538 3101 5577 cum
3151 5522 3451 5577 Salomonis
3498 5522 3613 5576 tilio

2028 5628 2415 5680 remanserunt,
2463 5615 2847 5684 comparandos
2898 5624 3119 5683 putant,
3169 5614 3363 5683 legant,
3415 5623 3467 5667 ct
3512 5627 3615 5667 eos

2093 5758 2104 5785 ¹
2144 5755 2212 5801 sic
2235 5752 2541 5799 t-‘loriacensis
2564 5750 2732 5799 eodem
2763 5758 2815 5800 At
2839 5750 2973 5809 editi,
3027 5759 3119 5801 Pco
3156 5749 3407 5808 placentes,
3448 5744 3629 5799 (πω-ἰ

2027 5815 2168 5867 idolis
2194 5812 2344 5865 dediti
2367 5820 2409 5862 et
2435 5811 2741 5867 (immanibus.
