4066 6200
320 333 419 388 ιΓΙ

325 448 427 499 huc
468 426 698 512 elegisse
726 442 743 477 ’¹
777 445 1075 516 paenitebit.
1107 448 1194 505 Sic
1240 452 1382 505 enim
1408 461 1891 506 commemorantur

320 543 371 594 in
398 540 684 608 Scriptus-is
707 540 809 610 ipsi
838 540 947 596 duo
975 543 1172 613 populi.
1206 543 1334 598 Pars
1372 560 1491 615 quae
1513 553 1629 599 crat
1652 544 1718 599 ad
1742 543 1900 599 Jeru-

316 633 482 687 salem
510 631 646 687 .Iuda
674 634 979 688 nominatur
1003 653 1017 689 :
1047 635 1134 690 illa
1174 651 1301 691 vero
1325 637 1428 691 alia
1455 652 1574 711 qua:
1598 651 1719 691 cum
1745 649 1902 690 servo

317 724 617 779 Salomonis
644 724 696 779 in
737 725 996 795 ampliore
1038 742 1262 783 numero
1288 739 1565 800 segregata
1591 739 1693 794 est,
1740 726 1901 783 Israel

318 825 556 871 vocatur.
606 816 809 887 Legant
854 829 975 889 qua:
1037 818 1219 874 dicant
1273 820 1557 889 Propheta:
1601 819 1669 876 de
1734 819 1897 875 utris-

316 922 420 977 que
467 906 918 977 quemadmodum
969 909 1208 979 pejorem
1264 910 1443 966 dicant
1494 909 1683 965 ludam
1741 923 1900 980 quam

221 1040 241 1060 κ
320 1000 497 1065 Israel,
532 1001 604 1054 ita
643 1008 703 1055 ut
735 1000 1074 1070 jnstilieatam
1116 1003 1296 1057 dicant
1335 1002 1709 1058 aversatrieem
1740 1001 1901 1057 Israel

320 1092 551 1161 peccatis
592 1087 1045 1161 pncvaricatricis'
1074 1092 1209 1148 Juda
1254 1093 1469 1162 (Ezech.
1511 1108 1635 1156 xw,
1683 1092 1776 1162 51)
1806 1109 1820 1146 :
1852 1090 1903 1147 id

318 1190 417 1245 est,
451 1191 559 1234 tam
600 1181 780 1251 gravia
826 1197 944 1237 esse
972 1192 1188 1252 peccata
1219 1183 1395 1253 hujus,
1445 1192 1502 1236 nt
1533 1184 1585 1237 in
1615 1183 1729 1252 ejus
1756 1196 1906 1238 com-

322 1270 594 1340 paratione
634 1270 719 1324 illa
759 1269 903 1340 justa
941 1271 1165 1328 dicenda
1205 1273 1295 1327 sit.
1341 1271 1453 1329 Nec
1478 1272 1636 1343 hujus
1682 1281 1859 1327 tamen
1884 1314 1899 1337 ,

320 1376 417 1417 nec
440 1362 586 1416 illius
616 1372 835 1431 peccata
878 1360 1164 1420 obfuerunt
1185 1365 1383 1436 aliquid
1413 1365 1587 1435 justis,
1619 1364 1708 1436 qui
1735 1374 1786 1420 et
1815 1364 1903 1419 hic

326 1462 378 1508 et
404 1452 512 1508 illic
538 1453 707 1509 fuisse
726 1455 1086 1512 inveniuntur.
1111 1456 1242 1512 Nam
1264 1466 1320 1513 et
1348 1458 1400 1514 in
1428 1458 1516 1513 illa
1545 1465 1714 1528 parte,
1745 1472 1900 1527 quam

322 1557 418 1613 pro
464 1544 713 1615 exemplo
764 1545 1078 1617 perditionis
1124 1558 1347 1619 ponunt,
1391 1548 1443 1603 id
1482 1557 1565 1604 est
1611 1548 1665 1602 in
1700 1547 1900 1615 Israel,

324 1632 548 1705 luerunt,
577 1635 745 1690 sancti
794 1636 1087 1707 prophetae.
1134 1636 1219 1693 Ibi
1257 1646 1373 1693 erat
1411 1637 1501 1693 ille
1544 1636 1904 1692 memorabilis

324 1722 484 1787 Elias,
515 1733 569 1779 ut
594 1724 663 1779 de
675 1724 796 1779 aliis
816 1735 1040 1793 taceam,
1068 1727 1153 1783 cui
1177 1727 1338 1783 etiam
1358 1727 1555 1784 dictum
1577 1737 1679 1796 est,
1704 1726 1905 1797 Reliqui

323 1812 446 1866 mihi
479 1822 671 1883 septem
695 1814 857 1868 millia
885 1816 1124 1882 uirorum,
1148 1818 1235 1888 qui
1260 1834 1361 1873 non
1385 1828 1712 1873 curvaverant
1740 1833 1905 1889 genua

323 1914 441 1956 ante
475 1902 606 1957 Baal
647 1903 751 1975 (Ill
780 1903 907 1976 Reg.
952 1916 1069 1973 snt,
1111 1907 1221 1978 I8).
1254 1906 1380 1963 Ideo
1407 1921 1737 1979 nequaquam
1779 1921 1906 1979 pars

326 1993 412 2048 illa
462 1994 663 2064 populi,
698 2003 945 2067 tanquam
993 1997 1213 2054 haeresis
1253 1998 1417 2055 fuisse
1456 1997 1759 2069 deputanda
1799 2007 1902 2054 est.

327 2082 467 2139 Deus
509 2084 651 2139 enim
681 2086 896 2141 easdem
941 2086 1107 2143 tribus
1146 2089 1381 2158 jusserat
1421 2089 1681 2160 separari,
1714 2103 1818 2145 non
1849 2096 1907 2144 ut

325 2175 530 2245 religio,
558 2176 655 2232 sed
693 2186 754 2232 ut
781 2193 1000 2249 regnum
1025 2178 1369 2248 divideretur,
1396 2188 1454 2237 et
1482 2179 1584 2236 hoc
1607 2180 1766 2236 modo
1790 2181 1907 2235 vin-

326 2265 590 2325 dicaretur
613 2269 664 2325 in
691 2286 909 2339 regnum
931 2270 1086 2327 Juda.
1112 2272 1253 2327 Deus
1269 2280 1449 2328 autem
1469 2254 1737 2343 nunquam
1756 2271 1909 2343 jubet

327 2358 556 2415 schisma
584 2361 668 2416 vel
712 2360 959 2417 lateresim
1007 2361 1143 2435 ﬁeri.
1185 2362 1368 2435 Neque
1407 2362 1550 2419 enim
1589 2362 1715 2435 quia
1754 2372 1812 2419 et
1849 2363 1905 2418 in

326 2453 453 2508 orbe
496 2462 760 2510 terrarum
788 2454 1102 2529 plerumque
1130 2470 1289 2527 regna
1327 2455 1658 2521 dividuntur,
1690 2454 1811 2511 ideo
1851 2465 1907 2511 et

325 2545 495 2599 unitas
522 2545 810 2602 christiana
836 2545 1109 2613 dividitur,
1135 2562 1259 2604 cum
1285 2548 1338 2603 in
1383 2555 1608 2619 utraque
1634 2556 1784 2619 parte
1810 2560 1911 2611 ea:

329 2634 515 2689 tholiea
545 2635 845 2690 inveniatur
866 2636 1123 2693 Ecclesia.

394 2727 481 2781 δι.
530 2726 642 2781 Iloc
670 2727 788 2782 ideo
829 2726 897 2782 de
928 2726 1064 2783 luda
1092 2738 1147 2784 et
1172 2727 1336 2785 Israel
1375 2728 1905 2785 commemorandum

327 2818 606 2874 arbitratus
649 2834 787 2886 sum,
839 2821 1068 2877 maxime
1117 2830 1174 2876 ut
1219 2820 1604 2877 admoneamur
1642 2821 1750 2888 isti,
1798 2837 1904 2878 non

328 2913 512 2967 obesse
531 2911 691 2981 iustis
719 2912 771 2977 in
799 2911 974 2967 medio
1002 2911 1282 2982 impiorum
1303 2913 1623 2987 constitutis,
1650 2913 1904 2985 quidquid

329 3001 378 3055 in
425 3003 571 3072 ipsos
631 3002 853 3071 populos
912 3013 1131 3074 propter
1183 3004 1464 3074 impiorum
1516 3003 1905 3060 multitudinem

327 3091 514 3147 dicitur
539 3110 554 3146 :
579 3102 634 3145 ut
659 3091 905 3147 desinant
928 3092 1176 3161 colligere
1200 3094 1523 3159 testimonia,
1554 3109 1907 3167 quascumque

330 3182 436 3236 sive
479 3196 578 3253 per
615 3181 930 3251 Prophetas,
984 3183 1097 3238 sive
1143 3199 1239 3254 per
1274 3199 1337 3239 os
1383 3184 1612 3252 Domini,
1654 3185 1767 3241 sive
1810 3174 1921 3256 per

331 3273 689 3343 Iivangelistas
734 3273 784 3327 in
830 3273 1030 3329 zizania
1082 3275 1165 3328 vel
1209 3275 1415 3344 paleam
1458 3274 1601 3332 orbis
1645 3282 1906 3332 terrarum

329 3363 462 3417 dicta
512 3363 872 3418 inveniuntur.
925 3364 1242 3434 Plerumque
1287 3365 1428 3420 cnim
1477 3380 1655 3421 sermo
1696 3365 1908 3422 divinus

330 3453 515 3523 impias
555 3451 735 3507 turbas
767 3452 1042 3517 Ecclesize,
1083 3468 1201 3525 qum
1247 3468 1346 3508 nec
1375 3454 1426 3509 in
1471 3454 1705 3510 Ecclesia
1736 3455 1905 3525 depu-

331 3553 523 3610 tantur,
560 3552 735 3598 tameu
766 3552 981 3614 propter
1006 3544 1366 3608 Sacramenta,
1397 3559 1516 3615 quae
1540 3560 1662 3599 cum
1707 3544 1907 3602 sanctis

330 3633 678 3691 communiter
714 3634 930 3700 habent,
960 3636 1081 3706 quia
1108 3635 1243 3691 inest
1284 3636 1338 3690 in
1362 3636 1440 3697 eis
1468 3636 1709 3706 quaedam
1738 3637 1905 3692 lorum

333 3726 560 3794 pietatis,
588 3725 742 3796 cujus
786 3725 1032 3780 virtutem
1077 3735 1289 3797 negant,
1319 3725 1457 3781 sicut
1483 3726 1558 3781 ait
1597 3727 1904 3796 Apostolus,

333 3814 583 3872 [labentes
625 3820 841 3888 {omni
885 3817 1104 3887 pietatis,
1146 3819 1374 3872 uirtutem
1409 3828 1576 3872 autem
1616 3820 1725 3889 ejus
1757 3818 1910 3874 abne-

332 3916 500 3977 gantes
530 3906 596 3980 (ll
630 3906 761 3961 Tim.
799 3923 876 3972 ιιι,
905 3907 963 3975 5)
989 3925 1003 3974 ;
1033 3909 1112 3964 sic
1149 3909 1418 3979 redarguit
1446 3917 1694 3979 tanquam
1721 3922 1909 3964 omnes

334 3997 461 4053 tales
501 3999 631 4060 sint,
662 4006 717 4052 et
745 3997 920 4052 nullus
963 3998 1132 4053 bonus
1159 3999 1377 4054 omnino
1406 3997 1740 4053 remanserit.
1783 3996 1910 4054 Inde

333 4091 524 4161 quippe
570 4091 956 4158 admonemur,
1003 4092 1054 4148 in
1107 4106 1203 4147 suo
1248 4090 1477 4162 quodam
1538 4104 1762 4145 numero
1814 4104 1910 4146 eos

334 4180 433 4235 dici
474 4196 684 4245 omnes,
729 4180 781 4237 id
810 4189 912 4247 est,
963 4196 1149 4236 omnes
1181 4180 1317 4236 ﬁlios
1359 4181 1638 4251 gehennae,
1686 4195 1793 4251 quo
1817 4195 1911 4235 eos

336 4268 471 4324 Deus
516 4270 780 4340 pertinere
821 4269 1104 4339 przescivit.
1137 4268 1225 4324 Isti
1255 4283 1384 4339 ergo
1416 4269 1498 4323 vel
1528 4269 1794 4339 imperite,
1824 4268 1908 4324 vel

339 4358 591 4416 fallaciter
631 4368 868 4433 agentes,
894 4358 1152 4430 colligunt
1191 4358 1257 4414 de
1300 4348 1589 4430 Scripturis
1616 4358 1759 4424 talia,
1790 4372 1910 4429 qua:

343 4451 416 4505 vel
443 4451 496 4505 in
524 4451 694 4507 malos
735 4450 888 4506 bonis
914 4463 1079 4520 usque
1109 4449 1160 4504 in
1188 4449 1348 4504 linem
1378 4449 1685 4520 permixtos,
1717 4448 1803 4504 vel
1842 4448 1911 4504 de

341 4540 625 4595 vastatione
643 4540 834 4611 prioris
857 4539 1035 4610 populi
1053 4538 1354 4597 Judaeorum
1376 4538 1514 4594 dicta
1538 4540 1876 4609 reperiuntur
1893 4554 1908 4592 :
1923 4584 1937 4596 .

341 4641 392 4686 et
411 4632 591 4688 volunt
619 4646 680 4687 ea
703 4631 1019 4702 detorquere
1046 4631 1098 4685 in
1125 4630 1418 4686 Ecclesium
1443 4630 1554 4694 Dei,
1577 4639 1633 4684 ut
1663 4638 1911 4700 tanquam

341 4719 594 4778 defecisse
623 4736 687 4777 ac
716 4722 936 4791 periisse
961 4720 1027 4776 de
1057 4728 1167 4775 toto
1193 4718 1322 4774 orbe
1349 4719 1611 4774 videatur.
1657 4717 1915 4775 Desinant

342 4828 464 4882 ergo
490 4813 611 4867 talia
657 4810 915 4883 proferre.
944 4813 988 4866 si
1034 4809 1357 4881 respondere
1383 4809 1509 4865 huic
1538 4810 1945 4880 Epistolrevvo-f

345 4902 471 4958 lunt.
500 4903 687 4975 Neque
727 4903 868 4958 enim
916 4915 1013 4956 nos
1042 4901 1112 4957 ita
1157 4901 1382 4956 dicimus
1409 4916 1505 4970 per
1533 4909 1699 4955 totum
1729 4901 1912 4956 orbem

343 4993 558 5049 dill'undi
588 4994 900 5059 Ecclesia"),
931 5003 989 5049 ut
1031 4992 1084 5046 in
1116 4992 1472 5048 Sacramentis
1498 4990 1613 5061 ejus
1642 4990 1787 5045 solos
1816 4992 1913 5046 bo-

345 5101 437 5140 nos
459 5101 576 5142 esse
603 5086 865 5150 dicamus,
894 5100 956 5139 ac
984 5100 1088 5138 non
1117 5084 1277 5138 etiam
1306 5082 1471 5137 malos
1499 5098 1513 5146 ;
1554 5091 1610 5137 et
1634 5096 1729 5135 eos
1756 5081 1914 5137 etiam

344 5179 504 5232 multo
534 5179 732 5249 plures.
767 5186 824 5232 ttt
857 5176 909 5231 in
939 5190 1121 5232 eorum
1151 5174 1545 5244 comparatione
1575 5172 1727 5243 pauci
1771 5172 1876 5228 sint
1899 5214 1913 5239 ,

343 5280 457 5322 cum
487 5283 580 5337 per
606 5283 666 5324 se
694 5268 838 5337 ipsos
863 5266 1129 5336 ingentem
1158 5279 1433 5320 numerum
1466 5262 1679 5317 faciant.

409 5359 632 5416 CAPUT
674 5359 791 5415 XIV
820 5360 914 5431 (a).
954 5389 1002 5400 -
1068 5360 1157 5415 55.
1203 5357 1469 5413 Habemus
1517 5356 1917 5413 innumerabilia

350 5451 665 5511 testimonia,
688 5460 741 5505 et
769 5449 834 5507 de
857 5449 1230 5506 commixtione
1259 5449 1518 5503 malorum
1547 5464 1665 5504 cum
1687 5448 1840 5502 bonis
1866 5448 1916 5501 in

345 5543 524 5598 eadem
541 5542 915 5599 communione
943 5530 1297 5607 Sacramcnti;
1330 5542 1464 5596 sicut
1488 5540 1650 5596 .ludas
1675 5541 1741 5597 ab
1769 5540 1933 5597 initio‘

405 5676 594 5741 {.Editi,
615 5676 801 5741 legisse.
826 5679 989 5740 Aptius
1008 5670 1319 5741 Floriacensis
1344 5684 1443 5735 MS.,
1462 5676 1672 5739 elegisse.

406 5736 477 5801 (α)
500 5736 632 5803 Apud
657 5736 755 5790 Ᾰιιι.
784 5749 833 5790 et
856 5736 950 5801 Enn,
974 5753 1078 5802 cap.
1109 5740 1179 5787 15.

1196 349 1365 391 vULco
1405 332 1491 390 DE
1534 330 1829 389 UNH‘ATE
1873 332 2220 389 ECCLESIE
2253 336 2452 391 LIBER
2494 292 2693 396 UNUS.

3478 356 3591 413 ιιιι

2013 452 2182 505 malus
2224 454 2360 508 inter
2389 456 2555 511 bonos
2604 457 2846 512 undecim
2877 471 3219 518 conversatus
3247 474 3330 535 est
3372 485 3386 520 :
3428 481 3482 523 et
3525 472 3592 523 de

2011 540 2267 596 bonorum
2296 546 2572 613 paucitate,
2597 558 2811 617 propter
2832 549 3091 605 malorum
3120 554 3344 622 plurium
3370 571 3590 627 compa-

2010 629 2268 686 rationem
2293 648 2308 697 ;
2339 643 2393 687 et
2418 649 2600 691 rursus
2626 636 2694 691 de
2734 637 2992 694 bonorum
3041 642 3374 699 multitudine
3405 661 3502 716 per
3530 662 3591 700 se.

2010 720 2177 791 ipsam
2218 725 2569 781 considerata.
2615 728 2694 783 Ex
2736 730 2946 799 quibus.
2999 747 3064 787 ne
3102 734 3314 805 longum
3356 737 3582 803 faciam,

2011 826 2174 879 pauca
2204 828 2583 872 commemoro.
2613 817 2711 874 Est
2737 820 2791 874 in
2813 823 3041 878 Canticis
3069 827 3419 895 canticorum,
3444 831 3584 898 quod

2009 899 2077 956 de
2100 913 2281 958 saneta
2307 904 2542 962 Ecclesia
2562 906 2759 963 dictum
2780 912 2954 966 omnis
2975 912 3292 969 christianos
3310 920 3553 988 agnoscit
3576 937 3591 972 :

2010 989 2158 1046 Sicut
2185 993 2347 1049 lilium
2384 995 2438 1050 in
2478 997 2643 1051 medio
2679 1000 2961 1069 spinarum,
3003 1004 3074 1057 ita
3116 1008 3345 1074 proxima
3373 1026 3480 1062 mea
3538 1012 3591 1064 in
3667 1034 3673 1040 ί

2008 1082 2172 1136 medio
2199 1084 2422 1153 ﬁliarum
2462 1087 2631 1159 (Cant.
2664 1105 2719 1156 ιι,
2766 1091 2844 1161 2).
2898 1093 3045 1149 Unde
3086 1098 3316 1165 appellat
3362 1104 3545 1169 spinas
3573 1145 3589 1167 ,

2010 1172 2108 1226 nisi
2136 1185 2354 1245 propter
2395 1180 2772 1253 malignitatem
2803 1184 3051 1238 morum?
3077 1184 3145 1240 Et
3185 1188 3398 1244 easdem
3442 1193 3583 1248 unde

2009 1261 2163 1328 tilias,
2208 1264 2308 1318 nisi
2356 1275 2573 1336 propter
2615 1272 3044 1327 communionem
3081 1273 3586 1335 Sacramentornm?

2010 1349 2165 1407 Videt
2205 1355 2362 1409 etiam
2389 1354 2474 1410 hic
2504 1357 2748 1413 Ezechiel
2792 1360 3028 1430 signatos
3054 1365 3332 1433 quosdam,
3363 1385 3429 1423 ne
3462 1385 3583 1425 cum

2008 1443 2163 1498 malis
2203 1446 2400 1514 pariter
2441 1447 2739 1515 interirent,
2788 1450 2854 1506 de
2899 1452 3090 1520 quibus
3119 1455 3167 1509 ei
3210 1456 3403 1513 dicitur
3436 1477 3449 1513 :
3484 1461 3585 1526 Qui

2008 1543 2211 1603 gemunt
2254 1546 2301 1589 et
2338 1548 2543 1592 niterent
2587 1550 2790 1608 peccata
2808 1534 2812 1538 Α
2833 1551 2880 1594 et
2908 1544 3192 1613 iniquitates
3236 1551 3412 1619 pepuli
3451 1555 3581 1620 mei,

2007 1638 2120 1690 qua:
2159 1624 2288 1693 ﬁunt
2331 1626 2384 1679 in
2423 1628 2587 1682 medio
2614 1646 2787 1683 eorum
2833 1628 3044 1702 (Ezech.
3075 1649 3150 1702 ιχ,
3197 1635 3274 1708 4).
3322 1638 3580 1709 Populum

2007 1711 2161 1769 suum
2189 1729 2292 1771 non
2321 1716 2541 1784 diceret,
2567 1734 2720 1795 quem
2750 1722 2879 1777 solis
2903 1722 3005 1779 illis
3034 1725 3210 1782 illaesis
3239 1731 3415 1799 perire
3453 1748 3581 1789 mox

2003 1804 2172 1875 jubet,
2213 1806 2313 1862 nisi
2332 1823 2452 1863 eum
2484 1812 2734 1880 populum
2763 1814 2853 1883 qui
2894 1814 3012 1884 ejus
3034 1829 3364 1874 sacramenta
3401 1834 3583 1893 gesta-

2008 1894 2116 1950 bat.
2147 1896 2285 1954 Dieit
2311 1908 2365 1954 et
2388 1898 2645 1957 Dominus
2667 1901 2736 1958 de
2762 1906 3198 1973 superseminatis
3226 1910 3463 1980 zizaniis,
3497 1915 3587 1971 Si-

2009 1984 2110 2039 nite
2128 1995 2335 2054 utraque
2356 1996 2574 2044 crescere
2594 2006 2750 2062 usque
2771 1992 2841 2047 ad
2867 2009 3074 2051 messem
3102 2012 3122 2051 :
3146 1998 3197 2053 id
3226 2010 3328 2066 est,
3351 2003 3582 2060 triticum

2008 2084 2063 2131 ot
2084 2076 2301 2133 zizania.
2335 2078 2401 2133 Et
2429 2079 2959 2153 ipse~interpretatur
2997 2101 3245 2155 messem,
3283 2091 3439 2147 linem
3464 2109 3586 2151 esse

2009 2169 2188 2223 smculi
2213 2182 2441 2241 ;.agrum
2472 2187 2618 2238 vero,
2667 2174 2755 2230 ubi
2798 2185 3081 2249 utrumque
3109 2183 3426 2239 seminatum
3455 2195 3538 2241 est
3566 2228 3581 2251 .

2010 2260 2263 2315 nnmdmn
2293 2278 2432 2318 esse.
2464 2263 2683 2335 Oportet
2709 2266 2884 2337 itaque
2924 2284 3090 2341 usque
3116 2271 3169 2326 in
3200 2271 3358 2328 linem
3403 2278 3584 2332 smenli

2009 2367 2250 2409 crescere
2279 2363 2559 2426 utrumque
2588 2373 2683 2427 per
2710 2357 2984 2415 mundum.
3017 2361 3165 2417 Unde
3185 2363 3295 2433 jam
3326 2380 3433 2420 non
3463 2383 3586 2437 pcr-

1976 2445 2290 2523 \mittuntur
2317 2446 2402 2501 isti
2449 2449 2725 2519 suspicari,
2769 2459 2860 2507 aut
2901 2466 3139 2509 asserere
3178 2457 3319 2526 quod
3364 2458 3580 2526 dicunt,

2008 2550 2197 2592 omnes
2236 2537 2403 2594 bonos
2431 2539 2690 2597 defecisse
2731 2542 2799 2598 de
2840 2545 3057 2610 mundo,
3089 2555 3148 2601 ut
3177 2548 3228 2601 in
3273 2550 3387 2603 sola
3436 2561 3584 2621 parte

2012 2627 2199 2685 Donati
2229 2642 2587 2688 remanerent.
2618 2632 2893 2691 Conantur
2915 2637 3055 2691 enim
3100 2649 3284 2693 contra
3314 2644 3586 2710 apertissi-

2010 2735 2150 2774 mam
2198 2723 2511 2777 sententiam
2538 2724 2743 2780 Domini
2772 2725 3018 2793 dicentis,
3048 2727 3182 2797 Ager
3207 2740 3276 2783 est
3320 2734 3398 2784 the
3435 2750 3584 2787 utun-

2010 2809 2104 2866 dus
2124 2827 2145 2876 ;
2167 2819 2240 2876 et,
2264 2812 2430 2867 Sinite
2467 2823 2674 2884 utraque
2699 2832 2917 2871 crescere
2938 2834 3095 2887 usque
3122 2820 3190 2872 ad
3233 2838 3441 2877 messem
3462 2841 3483 2888 ;
3507 2835 3582 2890 et,

2011 2899 2194 2956 Musis
2218 2912 2293 2957 est
2320 2904 2438 2971 ﬁnis
2464 2906 2652 2959 saxuli.
2684 2905 2779 2961 Est
2803 2906 2904 2961 alia
2933 2908 3224 2964 similitudo
3248 2914 3580 2980 apertissima

2009 2993 2077 3048 de
2118 2996 2497 3051 commixtione
2525 2998 2777 3052 malorum
2804 3011 2857 3054 ct
2882 3000 3139 3057 bonorum
3171 3003 3306 3059 intra
3335 3006 3578 3062 eamdem

2009 3082 2472 3140 Sacramcutorum
2537 3086 2963 3143 communionem
3027 3098 3082 3145 et
3153 3092 3538 3150 connexionem
3566 3138 3581 3161 ,

2009 3189 2167 3244 quam
2202 3174 2455 3230 Dominus
2489 3175 2601 3244 ipse
2624 3186 2679 3231 et
2721 3178 2886 3247 ponit,
2913 3186 2969 3234 et
2992 3182 3227 3251 exponit.
3271 3181 3452 3239 Simile
3477 3196 3582 3251 est,

2012 3268 2201 3339 inquit,
2242 3285 2450 3340 regnum
2476 3269 2716 3324 oculorum
2758 3287 2959 3342 sugente
2996 3274 3162 3327 missa:
3185 3275 3237 3327 iu
3274 3291 3432 3342 mare,
3473 3294 3587 3348 qua:

2011 3369 2279 3432 congregat
2306 3360 2475 3414 omnia
2516 3376 2698 3430 genera
2724 3362 2955 3430 piscium.
2986 3360 3113 3417 Cum
3140 3375 3305 3418 autem
3333 3378 3456 3420 esset
3486 3369 3585 3421 int-

2011 3450 2167 3523 picta,
2209 3451 2487 3505 eduxerunt
2536 3466 2649 3504 eam
2690 3451 2758 3505 ad
2796 3452 2953 3517 littus,
2992 3463 3038 3507 et
3074 3453 3297 3509 sedentes
3334 3456 3588 3525 elegerunt
3686 3452 3693 3455 ’

2010 3544 2224 3613 optimos
2250 3542 2304 3596 in
2339 3556 2459 3595 uasa
2498 3557 2611 3609 sua,
2650 3542 2812 3597 malos
2837 3554 3001 3597 autem
3027 3547 3166 3614 foras
3192 3546 3452 3599 miserunt.
3497 3547 3588 3601 Sic

2010 3634 2103 3686 erit
2129 3634 2179 3686 in
2216 3634 2643 3687 consummatione
2685 3633 2855 3688 seculi
2884 3649 2903 3689 :
2930 3634 3096 3690 exient
3131 3635 3330 3707 Angeli,
3370 3646 3417 3693 et
3443 3655 3590 3709 sepa-

2011 3723 2194 3778 rabunt
2214 3726 2374 3777 malos
2402 3724 2464 3777 de
2487 3724 2936 3794 mediojustorum,
2966 3734 3015 3777 et
3034 3726 3228 3779 mittent
3258 3743 3341 3780 eos
3360 3728 3411 3780 in
3430 3730 3590 3782 cami-

2012 3831 2134 3868 num
2153 3815 2166 3847 ¹
2188 3814 2316 3883 ignis
2336 3828 2357 3877 ;
2377 3812 2444 3865 ibi
2458 3814 2551 3865 erit
2563 3814 2713 3883 ﬂetus
2732 3821 2780 3866 et
2807 3812 2994 3867 stridor
3007 3813 3229 3867 dentium
3246 3813 3452 3883 (Matth.
3474 3832 3585 3881 snt,

2013 3905 2216 3976 9H0).
2250 3904 2398 3958 Nulla
2429 3919 2556 3974 ergo
2583 3903 2843 3957 malorum
2873 3904 3182 3958 commixtio
3211 3912 3373 3959 terret
3399 3904 3586 3972 bonos,
3620 3905 3632 3933 ‘

2016 4007 2075 4053 ut
2101 4005 2377 4067 propterea
2403 3996 2564 4049 velint
2593 4002 2839 4064 tanquam
2870 3994 3007 4048 retia
3029 4008 3297 4063 rumpere,
3328 4003 3384 4049 et
3409 4010 3437 4046 a
3460 4010 3590 4050 con-

2013 4089 2319 4161 gregatione
2348 4087 2562 4142 unitatis
2580 4087 2746 4152 exire,
2765 4099 2833 4141 ne
2862 4084 3102 4139 homines
3138 4100 3241 4138 non
3265 4086 3590 4155 pertinentes

2016 4182 2082 4238 ad
2108 4197 2327 4254 regnum
2351 4181 2606 4237 cmlorum
2638 4179 2691 4234 in
2713 4178 3178 4235 Sacramentorum
3200 4177 3467 4232 consortio
3498 4192 3590 4246 pa-

2018 4275 2214 4329 tiantur
2231 4290 2245 4326 :
2261 4269 2685 4343 quandoquidem
2704 4283 2825 4325 cum
2850 4269 2915 4324 ad
2944 4269 3109 4333 littus,
3129 4266 3178 4322 id
3203 4278 3305 4332 est,
3330 4266 3396 4321 ad
3427 4268 3579 4326 liuent

2018 4365 2201 4422 saeculi
2241 4373 2452 4419 ventum
2496 4362 2670 4425 fuerit,
2700 4362 2791 4417 lict
2815 4360 2991 4417 debila
3036 4359 3323 4430 separatio,
3351 4372 3456 4413 non
3486 4358 3583 4413 hu-

2020 4472 2172 4512 mana
2205 4455 2519 4520 temeritate,
2549 4452 2642 4508 sed
2671 4452 2852 4508 divino
2872 4451 3097 4522 judicio.

2088 4550 2178 4606 36.
2228 4550 2301 4605 De
2331 4547 2589 4618 paucitate
2639 4553 2815 4600 autem
2866 4545 3125 4599 bonorum
3178 4542 3291 4612 ipse
3344 4538 3591 4596 Dominus

2019 4641 2351 4712 apertissime
2378 4639 2536 4702 dicit,
2568 4637 2763 4691 Intrate
2789 4653 2878 4705 per
2903 4644 3168 4704 angustam
3193 4642 3424 4704 portam:
3443 4648 3595 4702 quam

2021 4735 2123 4788 lata
2152 4740 2196 4785 et
2219 4731 2444 4801 spatiosa
2458 4730 2539 4784 oin
2557 4738 2630 4782 est
2653 4770 2669 4793 ,
2698 4742 2808 4799 qua!
2828 4726 2965 4779 ducit
2990 4725 3060 4778 ad
3080 4724 3356 4786 interitum;
3381 4732 3428 4776 et
3448 4721 3597 4775 multi

2021 4822 2243 4894 suntqui
2270 4830 2481 4893 pergunt
2512 4836 2601 4889 per
2628 4817 2803 4872 illaut!
2834 4816 2998 4884 Quam
3030 4823 3243 4885 angusta
3264 4822 3411 4883 porta
3437 4821 3485 4866 et
3503 4829 3591 4865 ar-
3689 4879 3697 4887 .

2022 4929 2102 4971 cm
2129 4918 2209 4970 cia
2228 4930 2341 4988 qua:
2363 4913 2498 4967 ducit
2526 4911 2593 4964 ad
2607 4911 2781 4971 vitam;
2800 4918 2847 4962 ct
2876 4906 3025 4978 pauci
3045 4914 3164 4959 sunt
3184 4905 3271 4974 qui
3296 4903 3593 4975 ingrediun-

2025 5020 2108 5062 tnr
2138 5006 2394 5079 peritiam
2438 5001 2567 5076 (Id.
2595 5016 2705 5066 vn,
2742 5001 2837 5065 l5,
2872 4996 3001 5069 Il)!
3045 4996 3180 5051 Istos
3232 5008 3429 5066 paucos
3485 4992 3596 5046 οι-

2025 5099 2229 5156 natista:
2254 5112 2315 5152 se
2338 5103 2521 5166 putant
2544 5107 2685 5157 esse,
2716 5100 2770 5145 et
2798 5090 2917 5145 ideo
2939 5088 3121 5143 dicunt
3160 5086 3383 5155 periisse
3414 5082 3601 5137 orbem

2026 5203 2284 5247 terrarum
2310 5230 2326 5256 ,
2366 5201 2425 5243 se
2449 5193 2624 5240 autem
2646 5184 2696 5237 in
2726 5182 2824 5236 hac
2861 5180 3121 5251 paucitate
3141 5220 3157 5246 ,
3183 5191 3339 5246 quam
3370 5172 3601 5228 laudavit

2027 5281 2309 5343 Dominus,
2332 5275 2670 5334 remansisse.
2707 5271 2808 5341 Qui
2837 5268 3049 5341 quando
3074 5274 3453 5334 comparantur
3477 5273 3599 5315 cum

2025 5373 2141 5435 cis,
2173 5371 2327 5440 longe
2368 5365 2645 5438 pauciores
2701 5361 3002 5432 Rogatisms
3053 5366 3143 5411 aut
3191 5351 3604 5408 Maximianistas

2025 5462 2304 5530 objieimus
2326 5500 2341 5525 ,
2370 5457 2457 5528 qui
2484 5471 2546 5511 se
2583 5453 2650 5508 ab
2678 5453 2758 5508 eis
2780 5455 3195 5521 separaverunt,
3224 5442 3270 5497 si
3297 5442 3603 5530 existimant

2026 5553 2125 5606 sibi
2149 5551 2215 5605 de
2238 5548 2501 5621 paucitate
2537 5559 2655 5600 esse
2680 5539 3032 5613 gloriandum.
3062 5536 3436 5592 \‘ermntamen
3466 5529 3606 5584 hanc

2029 5641 2346 5711 paucitatem
2386 5638 2438 5691 in
2480 5632 2879 5705 comparatione
2922 5622 3268 5682 multitudinis
3298 5622 3556 5678 malorum
3584 5663 3601 5688 ,

2093 5734 2109 5764 ¹
2146 5730 2456 5781 Floriacensis
2476 5726 2651 5786 codex,
2676 5721 2725 5774 in
2746 5724 3007 5787 fornacem.
