4066 6200
307 343 408 394 «illi

306 483 422 522 esse.
454 482 478 516 a
531 464 749 518 Domino
795 457 1217 514 cotnmeudauttu
1246 472 1258 516 ;
1288 449 1678 505 multitudinem
1711 456 1884 498 autem

310 563 565 611 bonorum
589 599 602 617 ,
632 570 749 609 cum
796 567 888 621 per
917 566 975 604 se
1007 551 1174 618 ipsam
1223 544 1628 604 consideratur,
1662 554 1766 594 non
1812 549 1889 591 ta-

311 650 484 702 cuisse
509 647 806 714 Scripturas
828 683 842 706 ,
876 642 1052 711 legant
1077 681 1089 704 ,
1122 647 1176 692 ct
1202 637 1415 689 videant
1439 648 1597 702 quam
1628 631 1776 698 plura
1809 639 1891 682 te-

313 739 558 793 stimonia
593 735 939 805 reperiantur.
970 731 1120 787 Unde
1137 729 1279 784 enim
1309 729 1478 794 ipsum
1506 737 1688 776 semen
1720 718 1892 773 Abra-

316 835 396 886 h.e
417 873 431 894 ,
461 833 596 885 sicut
623 829 788 882 stella:
814 827 933 880 οωιὶ
962 834 1015 878 et
1035 825 1170 877 sicut
1195 833 1355 874 arena
1383 815 1544 870 maris
1573 812 1896 884 promittitur

315 922 464 990 (Cen.
490 937 557 974 xv
581 962 595 986 ,
639 919 672 974 5
695 960 707 982 ,
736 928 780 972 ct
828 932 935 970 χχιι
960 957 974 980 ,
999 914 1093 982 27)
1121 955 1134 976 ,
1165 911 1262 964 nisi
1295 916 1512 980 propter
1565 904 1896 956 innumeram

317 1013 755 1066 multitudinem?
805 1010 934 1061 Cum
989 1006 1130 1059 dicat
1185 999 1472 1071 Apostolus
1526 994 1647 1048 ideo
1699 991 1895 1044 dictum

316 1120 454 1167 esse,
482 1102 546 1156 In
570 1101 718 1155 Isaac
749 1098 1006 1154 vocabitur
1033 1095 1118 1147 tibi
1143 1108 1340 1154 semen,
1371 1088 1490 1155 quia
1531 1101 1630 1138 non
1659 1083 1752 1151 ﬁlii
1783 1097 1896 1134 car-

319 1199 392 1250 nis
413 1237 427 1261 ,
461 1197 548 1249 sed
584 1194 678 1262 lilii
711 1187 1055 1260 promissionis
1099 1186 1408 1252 deputantur
1451 1180 1502 1231 in
1529 1191 1692 1230 semen
1723 1171 1896 1245 (Rom.

244 1273 246 1276 I
318 1306 398 1349 ix,
427 1288 507 1358 7)?
543 1285 710 1348 Unde,
742 1282 892 1337 Multi
916 1279 1010 1349 ﬁlii
1041 1278 1268 1338 deserar,
1298 1271 1458 1341 magis
1482 1283 1632 1332 quam
1656 1266 1764 1336 ejus
1791 1279 1902 1334 qua:

322 1379 463 1432 habet
488 1379 645 1430 virum
674 1373 827 1446 (Isui.
860 1387 964 1434 Ltv,
1003 1370 1080 1437 l)?
1113 1365 1265 1422 Unde
1289 1405 1302 1428 ,
1335 1361 1488 1416 Multi
1531 1358 1593 1411 ab
1627 1358 1830 1411 Oriente
1854 1365 1902 1410 et

265 1462 267 1464 ’
324 1470 591 1522 Occidente
619 1467 844 1526 venient,
877 1474 922 1515 et
954 1457 1233 1514 recumbent
1256 1471 1370 1508 cum
1395 1452 1651 1506 Abrahant
1677 1457 1724 1502 et
1753 1445 1903 1500 Isaac

321 1573 365 1612 et
403 1560 560 1611 Jacob
588 1559 638 1609 in
665 1570 816 1624 regno
845 1554 1119 1610 ewlorum;
1152 1547 1244 1614 lilii
1289 1554 1454 1598 autem
1481 1541 1623 1612 regni
1664 1539 1804 1592 ibunt
1852 1538 1903 1589 in

324 1648 546 1703 tenebras
592 1645 858 1699 exteriores
902 1638 1112 1710 (Matth.
1146 1651 1232 1690 vttt
1258 1676 1272 1698 ,
1321 1634 1379 1687 11
1408 1674 1421 1693 ,
1457 1631 1544 1700 1⁵2)
1591 1647 1603 1682 :
1639 1628 1741 1682 hoc
1784 1635 1901 1689 est,

326 1738 472 1808 impii
501 1734 691 1791 Judaei.
739 1731 888 1788 Unde
913 1730 1040 1783 dicit
1065 1723 1350 1797 Apostolus
1371 1765 1386 1788 ,
1424 1721 1488 1776 Ut
1526 1718 1793 1772 mandaret
1817 1732 1908 1769 nos

325 1832 416 1884 sibi
443 1828 688 1898 populum
715 1816 1057 1877 abundantem
1081 1862 1096 1885 ,
1126 1816 1467 1872 wmulatorent
1495 1811 1738 1865 bonorum
1783 1823 1908 1876 ape-

325 1896 450 1974 runt
470 1917 595 1991 (Tit.
625 1933 693 1981 ιι,
725 1915 844 1984 14).
880 1910 1031 1967 Unde
1082 1907 1434 1976 Apocalypsis-
1471 1901 1633 1957 millia
1683 1896 1908 1953 millium

326 1989 595 2066 dicitesse
623 2014 928 2061 sanctorum
962 1997 1216 2054 Ecclesia
1249 1996 1474 2050 filiorum
1494 1991 1676 2064 (Apoc.
1712 2005 1764 2050 v,
1792 1989 1900 2055 11).

332 2102 466 2156 Ecce
491 2098 587 2168 ipsi
614 2097 862 2151 dicuntur
881 2091 1051 2154 multi,
1078 2088 1167 2159 qui
1187 2088 1433 2142 dicuntur
1450 2093 1503 2138 ct
1523 2081 1692 2152 pauci.
1713 2080 1907 2148 Quare,

331 2191 432 2244 nisi
458 2189 608 2244 multi
636 2202 731 2256 per
759 2200 817 2240 se
866 2184 1008 2253 ipsos
1038 2176 1397 2241 considerati;
1432 2175 1583 2244 pauci
1632 2181 1806 2226 autem
1857 2170 1910 2224 in

329 2279 728 2349 comparatione
756 2275 1077 2344 iniquorum.

401 2368 623 2424 CAPUT
667 2365 782 2421 XV.
815 2394 884 2404 -—
911 2364 999 2420 37.
1050 2360 1125 2415 De
1166 2360 1342 2425 nobis,
1395 2357 1668 2426 inquiunt,
1721 2355 1913 2408 dictum

333 2473 402 2515 cst
429 2504 440 2526 ,
476 2460 639 2513 Erunt
669 2457 816 2528 primi
843 2456 930 2527 qui
954 2463 1096 2509 erant
1137 2449 1391 2506 novissimi
1425 2447 1635 2520 (Matth.
1669 2461 1736 2500 xx
1758 2446 1910 2516 ,16).

335 2553 413 2606 Ad
462 2551 686 2619 Africam
733 2549 864 2603 enim
919 2544 1251 2615 Evangelium
1293 2539 1612 2612 postmodum
1662 2538 1838 2591 venit:
1869 2546 1914 2590 et

334 2647 446 2700 ideo
497 2660 745 2714 nusquam
787 2641 1091 2695 Litterarum
1125 2635 1519 2705 apostolicarum
1562 2632 1803 2701 scriptum
1843 2638 1915 2682 est

335 2737 558 2804 Africam
599 2733 888 2788 credidisse.
933 2728 1011 2782 De
1046 2727 1385 2785 Orientalibus
1422 2735 1591 2777 autem
1633 2732 1678 2777 et
1724 2722 1916 2775 cretei-is

335 2829 564 2899 gentibus
588 2869 603 2895 ,
626 2841 739 2898 qua:
779 2825 830 2878 in
860 2822 1048 2878 sanctis
1078 2819 1241 2873 Libris
1285 2823 1744 2872 commemorantur
1763 2815 1917 2885 ﬁdem

333 2922 576 2991 recepisse
599 2918 944 2982 christianum,
962 2914 1151 2968 dictum
1179 2919 1269 2976 est,
1309 2929 1326 2962 ι
1358 2909 1520 2963 Erunt
1548 2907 1802 2963 novissimi
1831 2908 1916 2978 qui

306 2997 475 3066 ἐι-ατη
507 3009 691 3080 primi)
723 3049 739 3075 ,
762 3008 881 3077 quia
899 3003 1138 3060 recessuri
1168 3010 1308 3055 erant
1343 3001 1357 3030 ί
1395 3016 1425 3051 a
1455 2998 1575 3068 ﬁde.
1604 2997 1791 3052 Nonne
1817 2997 1915 3050 ista

339 3114 438 3173 est
470 3100 838 3156 haereticorum
865 3095 1097 3152 cavenda
1129 3092 1388 3148 calliditas
1408 3131 1423 3156 ,
1455 3089 1744 3143 volentium
1784 3102 1916 3141 con—

337 3204 546 3249 vertere
575 3190 733 3245 verba
759 3189 854 3243 Dei
881 3203 908 3241 a
935 3186 1156 3241 veritate
1183 3192 1399 3254 propter
1419 3195 1578 3250 quam
1607 3179 1746 3235 dicta
1771 3189 1915 3246 sunt,

336 3285 404 3338 ad
455 3281 856 3354 perversitatem
904 3279 954 3332 in
995 3291 1097 3347 qua
1145 3275 1244 3346 ipsi
1297 3276 1455 3328 sunt?
1485 3271 1591 3327 Cur
1634 3270 1776 3326 enim
1819 3268 1921 3324 hoc

342 3393 450 3432 non
505 3378 678 3447 potius
729 3373 797 3429 de
833 3370 1031 3427 Judazis
1077 3367 1455 3438 intelligimus.
1493 3365 1581 3435 qui
1637 3362 1918 3418 novissimi

341 3467 458 3524 facti
489 3477 612 3522 sunt
657 3481 778 3521 cum
811 3463 1034 3518 fuissent
1081 3459 1271 3530 primi;
1303 3466 1355 3512 et
1391 3455 1458 3511 de
1487 3454 1802 3510 Christianis
1853 3467 1916 3506 ex

339 3559 619 3624 Gentibus,
649 3557 737 3626 qui
787 3554 944 3625 primi
976 3552 1095 3605 lacti
1144 3557 1268 3604 sunt
1313 3563 1433 3602 cum
1467 3545 1690 3601 fuissent
1739 3545 1917 3598 ttovis~

339 3649 498 3704 simi?
527 3648 693 3714 Quem
722 3644 1043 3700 intellectum
1070 3641 1113 3695 si
1135 3641 1313 3710 aliquo
1343 3639 1572 3692 certiore
1597 3636 1919 3691 documento

342 3743 571 3814 probare
610 3755 714 3794 non
755 3751 986 3807 possem,
1021 3732 1266 3788 sufﬁcere
1294 3731 1474 3786 debuit
1505 3730 1640 3785 bene
1664 3727 1919 3798 judicmtti

341 3833 602 3895 auditori,
629 3830 767 3902 quod
798 3827 1088 3882 invenerim
1133 3824 1332 3879 exitum
1355 3822 1405 3875 in
1440 3821 1521 3874 his
1551 3819 1747 3878 verbis.
1781 3819 1922 3872 unde

342 3928 469 3982 istos
490 3929 738 3995 appareat
763 3919 890 3973 nihil
930 3932 1022 3987 pro
1051 3931 1107 3970 se
1128 3913 1367 3968 attulisse
1395 3921 1646 3981 tanquam
1671 3919 1875 3964 certum
1903 3949 1916 3970 ,

340 4027 396 4071 ut
421 4015 652 4071 dubitari
677 4027 780 4066 non
813 4008 998 4080 possit.
1041 4006 1172 4073 Quia
1202 4004 1300 4058 etsi
1329 4017 1433 4056 non
1463 4009 1643 4056 essent
1671 3998 1837 4053 Judtci
1869 4008 1923 4053 et

340 4108 557 4170 Gentes,
580 4104 645 4160 de
671 4103 860 4172 quibus
888 4101 987 4153 hoc
1015 4097 1214 4152 dictttm
1245 4093 1616 4162 intelligercm;
1646 4090 1920 4144 nonnulla:

341 4199 577 4253 barbara:
615 4193 858 4248 nationes
899 4189 1059 4242 etiam
1109 4195 1230 4255 post
1262 4184 1493 4239 Africam
1542 4180 1917 4243 crediderunt;

339 4290 479 4342 unde
499 4296 702 4343 certum
730 4284 798 4336 sit
829 4279 1062 4336 Africam
1093 4279 1143 4333 in
1183 4279 1368 4332 ordine
1394 4274 1643 4330 credendi
1669 4289 1773 4328 non
1802 4287 1923 4328 esse

340 4380 705 4435 novissimam.
762 4375 876 4427 llnc
922 4371 1161 4431 accedit,
1204 4368 1344 4440 quod
1397 4368 1512 4438 ipse
1561 4367 1815 4420 Dominus
1854 4363 1922 4419 de

340 4470 532 4537 quibus
580 4467 679 4519 hoc
727 4463 898 4526 dixit,
931 4461 1175 4530 exposuit
1200 4500 1214 4521 ,
1256 4468 1310 4513 et
1353 4473 1446 4513 ora
1480 4455 1922 4511 calumniatorum

341 4559 612 4630 Oppilavit.
646 4557 894 4624 Loquens
921 4553 1061 4606 enim
1097 4550 1292 4606 ludatis
1315 4592 1328 4616 ,
1357 4550 1445 4620 qui
1471 4548 1519 4603 ei
1543 4546 1732 4602 dicturi
1761 4555 1919 4610 sunt,

342 4651 406 4705 In
461 4650 638 4721 plateis
681 4648 862 4701 nostris
905 4644 1122 4699 docuisti
1167 4658 1184 4697 :
1225 4639 1352 4698 Cum
1399 4640 1652 4702 videritis,
1708 4638 1918 4708 inquit,

344 4742 620 4806 Abraham,
662 4748 708 4792 et
737 4734 908 4801 Isaac,
949 4744 996 4790 et
1039 4733 1234 4796 Iacob,
1265 4740 1311 4785 et
1351 4747 1523 4785 omnes
1567 4728 1846 4797 Prophetas
1872 4728 1924 4780 in

343 4850 496 4906 regno
546 4833 673 4898 Dei,
722 4847 806 4885 vos
850 4837 1014 4883 autem
1068 4825 1253 4896 expelli
1292 4827 1429 4894 foras
1476 4836 1493 4875 :
1531 4830 1576 4875 et
1623 4822 1815 4874 venient
1862 4819 1926 4872 ab

349 4927 572 4992 Oriente,
595 4935 639 4978 et
665 4922 931 4978 Occidente
951 4962 966 4987 ,
991 4927 1038 4974 et
1064 4916 1331 4988 Aquilone,
1359 4924 1406 4968 et
1429 4913 1634 4992 Austro,
1659 4921 1704 4965 et
1725 4926 1926 4964 accum-

347 5023 457 5076 bent
505 5022 555 5074 in
598 5033 750 5087 regno
782 5015 920 5069 Dei:
947 5021 993 5068 et
1044 5027 1155 5066 ecce
1200 5017 1316 5064 sunt
1361 5006 1615 5060 novissimi
1654 5005 1740 5073 qui
1785 5013 1927 5058 erant

347 5113 496 5181 primi
521 5153 534 5175 ,
567 5120 610 5164 et
639 5117 756 5163 sunt
782 5105 933 5178 primi
953 5103 1038 5174 qui
1065 5111 1206 5157 erant
1234 5098 1488 5153 novissimi
1512 5095 1660 5170 (Luc.
1696 5112 1808 5158 xzu,
1831 5094 1927 5149 26-

344 5205 459 5271 50).
489 5202 584 5258 llic
612 5209 755 5256 certe
786 5196 913 5268 quid
939 5191 1354 5257 contradicatur,
1387 5205 1492 5244 non
1535 5188 1820 5243 invenitur.

416 5294 505 5350 58.
532 5293 659 5346 item
683 5291 896 5354 dicunt,
929 5287 991 5340 de
1021 5284 1276 5354 apostasia
1299 5281 1432 5336 orbis
1471 5289 1716 5333 terrarum
1742 5280 1927 5332 dictum

345 5403 448 5440 esse
469 5386 601 5455 quod
627 5388 696 5437 ait
727 5381 1007 5459 Dominus:
1039 5397 1057 5430 ι
1084 5376 1127 5431 F
1131 5377 1248 5430 ilius
1277 5373 1492 5428 hominis
1513 5376 1890 5442 reniens,putas
1911 5411 1926 5436 ,

346 5477 556 5530 inveniet
584 5475 732 5542 ﬁdem
761 5473 810 5525 in
836 5481 967 5524 terra
990 5488 1006 5520 ι
1041 5467 1148 5537 (Id.
1185 5483 1333 5531 xvttt,
1362 5465 1445 5535 8)?
1474 5463 1623 5532 Quod
1649 5477 1744 5517 nos
1771 5463 1928 5516 intel-

349 5568 558 5637 ligimus
586 5565 784 5618 dictum
813 5561 898 5616 vel
929 5569 1148 5630 propter
1178 5560 1344 5628 ipsam
1374 5556 1493 5611 ﬁdei
1525 5555 1926 5625 perfectionem.

347 5673 466 5726 ante
494 5662 561 5712 ita
593 5656 821 5712 diﬂicilis
850 5665 928 5709 est
956 5654 1006 5708 itt
1037 5651 1339 5704 hominibus
1365 5693 1378 5715 ,
1410 5659 1463 5704 ttl
1491 5649 1541 5702 in
1575 5648 1701 5717 ipsis
1723 5661 1931 5716 quoque

413 5795 427 5824 ι
465 5789 769 5839 Floriaccusis
797 5800 893 5849 ιιι,
919 5795 1224 5838 recesserunt.

1385 333 1651 388 CONTRA
1696 323 2116 384 ιιΟΝλτιςτλδ
2159 324 2506 387 ΙέΡΙΞῖὈιΛ,

3475 311 3583 364 «HO

2004 442 2401 495 admirabililnts
2457 441 2692 506 sanctis,
2745 440 2879 493 sicut
2929 440 2978 493 in
3010 439 3126 507 ipso
3174 437 3352 509 Moyse
3401 439 3578 508 (Deut.

2001 551 2142 590 χχχιι
2170 575 2182 598 ,
2212 535 2326 603 51).
2361 534 2659 587 inveniatur
2694 532 2888 601 aliquid
2932 531 3020 585 ubi
3045 531 3431 601 trcpidaverint
3454 575 3469 598 ,
3499 535 3584 586 Vel

2001 627 2263 696 trepidare
2309 625 2609 696 potuerint,
2668 623 2746 676 vel
2797 606 3027 691 propter
3089 623 3232 676 illam
3283 622 3586 692 iniquorum

2000 715 2372 769 abundantiam
2394 755 2408 779 ,
2436 723 2490 768 et
2531 713 2844 782 paucitatem
2897 715 3185 778 bonorum,
3216 714 3282 768 de
3307 731 3410 784 qua
3457 719 3588 772 satis

2001 809 2249 863 diximus.
2285 808 2567 876 Propterea
2594 807 2737 860 enim
2785 816 3033 876 tanquam
3061 807 3312 861 dubitans
3345 808 3447 862 hoc
3486 809 3594 862 Do-

2003 897 2176 952 minus
2200 895 2351 952 dixit.
2384 897 2564 968 Nequc
2588 898 2730 953 enim
2775 897 2875 956 ait.
2908 896 3138 952 Veniens
3163 899 3329 954 Filius
3361 899 3595 954 hominis

2005 1005 2109 1042 non
2140 989 2372 1044 inveniet
2397 987 2554 1043 ﬁdem
2579 990 2628 1042 in
2657 996 2818 1049 terra;
2849 987 2965 1049 sed,
2994 986 3175 1054 Putas,
3206 991 3419 1044 inveniet
3437 992 3594 1058 [idem

2005 1084 2056 1154 in
2087 1092 2220 1136 terra
2240 1082 2265 1134 ?
2297 1080 2392 1135 Cui
2421 1081 2600 1151 utique
2640 1090 2831 1136 cuncta
2875 1081 3064 1138 scienti
3108 1092 3161 1138 et
3192 1086 3491 1154 praescieuti
3523 1087 3596 1141 de

2005 1173 2177 1243 aliqua
2197 1188 2252 1227 re
2269 1171 2508 1227 dubitare
2529 1188 2630 1225 non
2653 1173 2900 1228 convenit
2921 1173 3043 1228 :sed
3067 1175 3204 1228 illius
3220 1175 3480 1231 dubitatio
3497 1193 3596 1233 no-

2007 1277 2169 1318 stram
2185 1263 2566 1319 dubitationem
2588 1265 2848 1334 figuravit;
2869 1264 2989 1334 quia
3017 1275 3234 1335 propter
3254 1267 3418 1322 multa
3447 1284 3598 1323 scan-

2008 1358 2124 1412 dala
2145 1358 2283 1412 circa
2304 1356 2463 1411 finem
2482 1357 2660 1412 smeali
2679 1356 3010 1425 pullulantia,
3031 1358 3132 1412 hoc
3148 1368 3263 1413 erat
3277 1361 3597 1431 quandoque

2011 1449 2289 1503 infirmitas
2323 1447 2553 1503 humana
2586 1448 2812 1503 dictura.
2839 1449 2991 1506 Uitde
3021 1451 3072 1506 in
3100 1451 3328 1508 Psalmis
3352 1453 3544 1510 dicitur
3578 1475 3593 1510 :

2013 1539 2316 1593 Dormitavit
2335 1540 2506 1593 anima
2532 1556 2642 1593 mea
2668 1556 2775 1610 pra:
2794 1541 2965 1607 tazdio,
2994 1543 3240 1612 confirma
3262 1561 3342 1598 me
3359 1545 3410 1599 in
3436 1546 3599 1600 verbis

2014 1633 2110 1685 tuis
2139 1631 2307 1701 (Psal.
2335 1647 2494 1687 cxvttt
2516 1676 2529 1695 ,
2558 1633 2674 1699 28).
2707 1633 2913 1700 Quare,
2948 1633 3254 1690 Dormitavit
3285 1638 3456 1691 anima
3485 1655 3600 1691 mea

2014 1743 2119 1794 pra:
2140 1726 2310 1789 Medio,
2343 1727 2442 1780 nisi
2475 1733 2690 1796 propter
2716 1727 2842 1781 illttd
2871 1726 3011 1798 quod
3042 1729 3298 1784 Dominus
3324 1731 3428 1796 ait,
3455 1730 3603 1797 Quo-

2014 1819 2151 1870 niam
2169 1816 2444 1870 abundavit
2464 1817 2718 1883 iniquitas,
2741 1819 3028 1890 refrigescet
3049 1819 3271 1872 charitas
3296 1820 3605 1875 multorum?

2015 1909 2083 1964 Et
2106 1923 2289 1980 quare,
2317 1907 2576 1978 Con/irata
2602 1927 2679 1964 me
2718 1911 2772 1964 in
2798 1911 2956 1966 verbis
2993 1913 3119 1976 tuis,
3157 1913 3256 1968 nisi
3290 1923 3506 1984 propter
3547 1915 3603 1970 id

2015 2002 2154 2070 quod
2178 2003 2435 2070 sequitur,
2459 2002 2558 2067 Qui
2579 2010 2740 2056 autem
2758 2019 3090 2074 perseveraret
3103 2005 3137 2057 it
3165 2022 3321 2076 usque
3344 2008 3397 2060 in
3423 2008 3602 2075 finem,

2017 2093 2097 2146 hic
2115 2092 2284 2148 salvus
2312 2094 2403 2146 erit
2425 2093 2638 2164 (Matth.
2669 2109 2820 2156 XXIV,
2838 2093 2924 2160 12,
2946 2096 3059 2166 15)?
3080 2097 3213 2150 Sunt
3242 2113 3369 2167 ergo
3400 2114 3493 2167 per
3519 2109 3606 2154 to-

2019 2196 2128 2237 tum
2161 2184 2450 2248 mundum,
2483 2185 2532 2238 in
2564 2186 2757 2254 quibus
2786 2186 3038 2256 quoniam
3069 2187 3301 2244 abundat
3331 2190 3604 2259 iniquitas,

2019 2277 2328 2348 refrigescet
2372 2277 2604 2332 citat-itas
2649 2277 2935 2332 multorum
2968 2296 2981 2331 :
3009 2288 3063 2334 et
3104 2288 3228 2335 sunt
3279 2295 3461 2336 rursus
3511 2299 3610 2351 per

2021 2377 2186 2423 totum
2233 2368 2526 2434 mundum,
2560 2369 2649 2439 qui
2697 2369 3089 2438 perseverando
3129 2386 3296 2441 usque
3346 2372 3397 2426 in
3445 2373 3606 2428 tinem

2020 2462 2148 2518 salvi
2175 2471 2331 2517 erunt
2359 2480 2372 2515 :
2405 2462 2548 2531 quia,
2580 2461 2777 2524 Sinite,
2815 2463 3014 2532 inquit,
3045 2472 3253 2534 utraque
3279 2480 3499 2519 crescere
3523 2483 3612 2519 us-

2019 2571 2113 2622 que
2141 2553 2207 2607 ad
2235 2570 2468 2619 messem;
2497 2562 2550 2609 et
2569 2596 2583 2619 ,
2619 2553 2800 2609 Messis
2823 2564 2894 2608 est
2919 2555 3036 2623 ﬁnis
3063 2557 3234 2609 seaculi
3250 2596 3268 2623 ,
3291 2571 3413 2627 ager
3439 2567 3612 2611 autem

2023 2645 2240 2700 mundus
2271 2645 2381 2719 (Id.
2424 2662 2523 2701 xui
2545 2688 2560 2712 ,
2591 2647 2680 2712 30,
2710 2647 2802 2714 59,
2833 2648 2947 2720 58).
2996 2648 3157 2718 Cujus
3183 2648 3432 2705 humanae
3458 2649 3584 2706 tutu:
3610 2687 3614 2691 ι

2024 2740 2218 2793 tnitatis
2241 2748 2321 2794 est
2353 2740 2514 2794 etiam
2558 2741 2641 2795 illa
2672 2757 2772 2794 vox
2799 2758 2810 2794 :
2844 2741 3055 2796 Salvum
3101 2759 3181 2796 me
3204 2747 3325 2811 fac,
3355 2741 3607 2809 Domine,

2021 2831 2259 2897 quoniam
2289 2831 2469 2903 defecit
2495 2829 2700 2886 sanctus
2725 2874 2738 2896 ,
2768 2833 3005 2903 quoniam
3045 2834 3303 2887 diminuta:
3338 2844 3454 2888 sunt
3481 2837 3614 2888 veri-

2024 2933 2148 2978 tates
2169 2939 2200 2976 a
2222 2923 2344 2991 ﬁliis
2371 2925 2649 2978 hominum.
2674 2924 2736 2978 Et
2754 2925 3002 2978 intcrltos
3016 2923 3192 2979 tamen
3206 2934 3288 2980 est
3306 2941 3463 2979 unum
3490 2940 3609 2988 cor,

2023 3023 2076 3070 ct
2115 3030 2214 3070 una
2261 3014 2312 3069 in
2344 3015 2508 3070 Deum
2538 3016 2713 3069 anima
2741 3014 2972 3070 fidelium
3002 3017 3259 3084 clamans,
3289 3018 3500 3073 Salvum
3530 3035 3615 3072 me

2025 3110 2106 3177 fac
2130 3148 2145 3171 ,
2180 3105 2415 3161 Domine.
2469 3106 2601 3172 Quia
2629 3107 2768 3161 enim
2803 3108 2881 3162 sic
2910 3124 3050 3162 unus
3075 3117 3157 3163 cst
3189 3109 3289 3164 iste
3319 3109 3480 3164 homo
3518 3110 3611 3179 qui

2026 3198 2187 3260 dicit,
2221 3197 2430 3252 Salvum
2463 3215 2539 3251 me
2566 3200 2669 3265 far,
2706 3199 2946 3262 Domine,
2979 3209 3036 3252 ιιι
3059 3215 3124 3253 ett
3155 3200 3338 3254 multis
3363 3212 3610 3263 coostet;

2028 3292 2184 3361 paulo
2213 3301 2335 3362 post
2381 3292 2434 3347 in
2477 3290 2666 3347 eodem
2699 3291 2901 3359 psalmo
2951 3290 3166 3358 dicitur,
3199 3291 3416 3364 PrOpter
3455 3295 3614 3345 mise-

2027 3387 2154 3438 riam
2197 3386 2406 3456 inopum
2449 3394 2492 3439 et
2517 3385 2749 3455 gemitum
2781 3401 3096 3455 pauperum,
3129 3401 3260 3440 nunc
3305 3393 3611 3455 exsurgant,

2029 3478 2150 3531 dicit
2185 3476 2452 3531 Dominus.
2482 3477 2546 3531 Et
2576 3492 2759 3531 rursus
2790 3477 2949 3545 paulo
2995 3485 3114 3545 post
3155 3475 3343 3545 plurali
3387 3491 3616 3531 numero

2027 3567 2236 3628 dicitur,
2268 3565 2343 3619 Tu
2395 3581 2508 3619 vero
2537 3565 2753 3619 servabis
2778 3581 2868 3618 nos
2887 3605 2901 3628 ,
2933 3575 2980 3618 et
3009 3566 3258 3619 custodies
3286 3583 3378 3621 nos
3402 3583 3435 3619 a
3464 3582 3626 3637 gene—

2027 3657 2221 3709 ratione
2247 3657 2340 3708 hac
2364 3655 2415 3708 in
2440 3665 2681 3708 (sternunt
2707 3653 2874 3723 (Psal.
2913 3670 2960 3707 ιιι
2981 3697 2995 3717 ,
3028 3653 3084 3719 2,
3112 3655 3166 3720 6,
3195 3654 3273 3725 8).
3305 3656 3419 3722 Qua
3445 3673 3617 3725 gene-

2029 3747 2254 3811 ratione,
2286 3747 2385 3800 nisi
2414 3746 2479 3800 de
2504 3760 2605 3816 qua
2631 3745 2873 3815 superius
2897 3745 3094 3799 dictum
3126 3755 3235 3807 est,
3266 3745 3458 3816 Defeci:
3484 3763 3620 3802 san.

2027 3848 2157 3902 etus,
2183 3847 2227 3890 et
2249 3837 2509 3890 diminuta:
2545 3847 2664 3891 sunt
2689 3837 2920 3891 veritates
2946 3854 2977 3890 a
3017 3837 3136 3906 ﬁliis
3177 3838 3477 3892 hominum?
3506 3838 3616 3894 Sed

2029 3938 2312 3998 utrumque
2354 3926 2454 3982 hoc
2496 3941 2663 3997 genus
2715 3942 2806 3995 per
2831 3936 2997 3981 totum
3053 3927 3307 3982 mundum
3349 3944 3514 3998 usque
3561 3931 3617 3984 in

2031 4019 2188 4074 finem
2225 4021 2409 4088 :quia,
2443 4019 2637 4084 Sinite,
2689 4019 2890 4088 inquit,
2933 4028 3147 4089 utraque
3194 4035 3413 4073 crescere
3459 4036 3622 4089 usque

2029 4115 2096 4166 ad
2127 4129 2357 4178 messem;
2384 4121 2456 4177 et,
2491 4113 2623 4183 Ager
2662 4124 2733 4167 est
2764 4115 3017 4178 mundus;
3049 4115 3239 4175 messis,
3273 4114 3388 4181 [inis
3418 4116 3615 4168 saeculi.

2030 4203 2145 4273 Ipse
2172 4205 2310 4257 enim
2331 4203 2658 4266 unushomo,
2679 4204 2818 4274 quod
2841 4215 2916 4257 est
2932 4220 3124 4273 corpus
3141 4203 3407 4258 Christiex
3438 4205 3622 4259 multis

2029 4303 2280 4348 constans
2305 4334 2318 4355 ,
2351 4305 2597 4363 tanquam
2631 4294 2812 4347 Euoch
2847 4295 2955 4346 Deo
3000 4293 3216 4362 placens
3267 4294 3622 4348 transferetur

2031 4385 2181 4457 (Gen.
2216 4398 2271 4452 v,
2294 4384 2424 4455 24),
2453 4393 2506 4438 ct
2529 4394 2772 4453 tauquam
2802 4383 2936 4437 Loth
2963 4382 3029 4437 de
3069 4383 3315 4438 Sodomis
3339 4383 3447 4456 (Id.
3489 4399 3577 4436 χιχ
3602 4425 3618 4448 ,

2033 4478 2123 4546 12)
2145 4517 2160 4540 ,
2189 4485 2244 4531 et
2271 4486 2521 4545 tanquam
2566 4475 2678 4528 Noe
2708 4473 2775 4528 de
2804 4473 3000 4527 diluvio
3031 4473 3342 4527 liberabitur
3369 4473 3478 4544 (Id.
3506 4489 3578 4527 vn
3597 4516 3614 4539 ,

2033 4571 2105 4639 1).
2137 4570 2191 4624 1η
2220 4570 2336 4639 ipso
2364 4577 2445 4623 est
2469 4568 2681 4622 miseria
2712 4569 2927 4638 inepum
2957 4576 3007 4621 et
3039 4568 3266 4637 gemitus
3295 4581 3617 4636 pauperum,

2031 4663 2154 4730 quia
2182 4662 2296 4730 ejus
2323 4663 2496 4714 anima
2527 4661 2780 4715 dormitat
2803 4676 2830 4712 a
2860 4659 3048 4724 tredio,
3081 4676 3200 4713 cum
3239 4675 3296 4713 se
3327 4659 3453 4728 petit
3481 4674 3620 4712 con-

2036 4754 2233 4808 firmari
2276 4753 2326 4806 in
2355 4753 2534 4806 verbis
2565 4751 2677 4804 Dei.
2703 4750 2758 4804 ln
2787 4765 2850 4806 eo
2877 4760 3052 4804 autem
3083 4751 3286 4819 psalmo
3313 4749 3441 4804 dicit
3474 4750 3620 4804 unde

2027 4851 2102 4903 sit
2152 4847 2324 4916 ipsum
2375 4846 2590 4900 tmdiutn
2623 4863 2635 4898 :
2665 4843 2929 4909 Ta'dinm,
2961 4844 3162 4912 inquit,
3205 4843 3415 4895 detinuit
3463 4859 3541 4895 me
3592 4860 3624 4895 a

2038 4937 2374 5006 peccatoribus
2418 4935 2808 5005 relinquentibus
2836 4936 2993 5004 legem
3040 4943 3176 4986 tuam
3214 4932 3382 5003 (Psal.
3423 4949 3619 4997 cxvm,

2035 5033 2148 5101 5⁸5).
2182 5029 2300 5099 Ipse
2329 5029 2454 5083 item
2484 5027 2708 5091 clamat,
2739 5041 2856 5080 cum
2887 5024 3073 5081 eodem
3095 5024 3249 5078 taedio
3277 5039 3368 5078 cor
3393 5023 3510 5092 ejus
3536 5039 3626 5076 an-

2037 5120 2311 5192 giturzsed
2330 5119 2536 5175 videant
2567 5118 2704 5170 unde
2720 5117 2932 5171 clamat.
2963 5115 3006 5169 A
3025 5114 3208 5183 ﬁnibus
3237 5125 3400 5181 terror,
3431 5114 3622 5182 inquit,

2036 5217 2104 5269 ad
2125 5226 2170 5270 te
2185 5215 2460 5270 trtclamnvi
2480 5255 2492 5276 ,
2523 5213 2642 5265 dum
2661 5220 2925 5282 angeretur
2945 5226 3030 5263 cor
3047 5225 3209 5262 meum
3233 5207 3402 5280 (Psal.
3428 5223 3514 5270 LX,
3542 5206 3624 5277 3).

2041 5309 2156 5380 Ipse
2188 5307 2608 5377 persecutionem
2639 5321 2764 5358 Vct'e
2806 5318 2898 5371 pro
2922 5301 3128 5369 iustitia
3156 5301 3371 5370 patitur,
3404 5316 3507 5352 non
3537 5314 3624 5351 ευ.

2042 5403 2146 5454 Ium
2176 5401 2218 5453 si
2248 5399 2524 5452 tormentis
2545 5395 2907 5465 corporalibus
2931 5393 3178 5462 patiatur;
3213 5392 3313 5445 hoc
3343 5390 3484 5446 enim
3516 5405 3624 5443 non

2041 5507 2280 5560 semper;
2312 5489 2406 5544 sed
2436 5489 2575 5558 quod
2620 5502 2852 5556 semper,
2879 5483 3126 5555 quamdiu
3169 5492 3400 5537 transeat
3428 5482 3627 5551 iniqui-

2043 5598 2121 5640 tas
2147 5628 2159 5646 ,
2189 5585 2404 5654 patitur,
2433 5579 2698 5634 cruciatus
2721 5578 2968 5632 videlicet
2992 5575 3168 5630 cordis
3188 5614 3201 5638 ,
3225 5589 3345 5628 cum
3371 5587 3491 5626 eum
3525 5582 3627 5625 un-

2044 5681 2183 5733 dium
2235 5677 2437 5730 detinet
2489 5692 2513 5724 a
2570 5671 2933 5740 ιιροοιιιυνὶιιιιε
2989 5667 3411 5737 relinquentibus
3451 5664 3626 5734 legem

2047 5773 2157 5828 Dei.
2192 5770 2370 5838 Neque
2397 5768 2536 5821 enim
2571 5764 2767 5818 nullam
2810 5762 3231 5831 persecutionem
3266 5759 3395 5813 Loth
3429 5760 3483 5813 in
3527 5758 3627 5813 So-
