4066 6200
283 333 367 388 ,9,
1146 322 1317 367 rusco
1358 308 1445 364 DE
1489 306 1779 378 UNlTA'l‘E
1810 294 2158 363 EIZCIESLE
2198 306 2393 362 LIBER
2440 306 2635 365 unus.

279 436 437 505 domis
473 429 794 504 patiebatur,
828 429 915 483 ubi
956 436 1131 483 tamen
1158 428 1206 482 ei
1251 427 1508 481 habitanti
1550 424 1721 479 nullus
1760 438 1853 492 per

280 527 572 597 corporales
599 537 785 594 plenas
829 520 1084 577 molestus
1118 520 1253 582 l'nit;
1284 518 1375 574 scd
1421 528 1638 588 aspectu
1677 526 1728 571 et
1756 531 1856 569 au-

280 621 380 674 ditu
400 618 574 688 justus
601 598 1161 671 inhabitans-aniumm
1179 611 1377 680 justam
1406 610 1598 680 iniquis
1619 607 1844 662 aliorum

282 708 587 765 factionibus
637 705 909 760 cruciabat
953 702 1022 776 (ll
1073 702 1209 756 Petr.
1242 718 1276 756 ll
1303 745 1315 763 ,
1347 700 1424 773 7).
1473 702 1547 755 De
1588 700 1690 755 hoc
1732 698 1862 753 dicit

285 798 560 870 Apostolus
590 815 602 851 :
633 796 738 851 Sed
756 804 801 849 et
837 812 1008 849 omnes
1034 794 1119 865 qui
1145 794 1318 847 uolunt
1359 794 1412 846 in
1452 791 1653 846 Christo
1680 790 1760 861 pie
1782 790 1859 842 ui-

286 905 415 949 me.
446 887 842 957 persecutionem
880 885 1151 953 patientur.
1183 884 1257 938 De
1287 882 1391 936 illis
1431 891 1610 935 autem
1642 880 1731 951 qui
1778 894 1862 934 re-

288 983 520 1048 linquunt
568 978 739 1046 legem
790 976 880 1036 Dei
939 973 1045 1045 (de
1098 974 1290 1044 qu'bus
1329 972 1461 1027 dicit
1504 972 1643 1026 idem
1691 970 1863 1038 ipsum

285 1085 470 1140 corpus
513 1067 745 1129 Christi,
786 1065 900 1120 Vidi
930 1067 1243 1129 insensatos,
1288 1073 1335 1118 et
1366 1062 1671 1117 tabescebum
1691 1059 1861 1133 [PsaL

286 1175 452 1225 εει-ιιι,
476 1156 622 1229 l58])
650 1174 661 1208 :
686 1156 738 1210 Μ
745 1157 815 1210 ali
829 1165 1016 1221 autem,
1033 1156 1221 1224 inquit,
1240 1164 1288 1226 et
1305 1153 1583 1226 facinerosi
1603 1152 1867 1223 proﬁcient

288 1253 334 1304 in
356 1253 527 1319 pejus,
562 1249 659 1319 ipsi
700 1256 962 1312 errantes,
996 1255 1044 1299 et
1074 1246 1203 1300 alios
1250 1245 1305 1299 in
1351 1259 1570 1299 errorem
1615 1243 1867 1296 mittentes

290 1343 349 1412 (ll
389 1341 524 1396 Tim.
557 1356 650 1404 ut,
676 1339 763 1404 12,
801 1340 910 1408 t5).
945 1337 1051 1394 Sed
1093 1346 1380 1407 utrumque
1424 1336 1526 1391 hoc
1561 1348 1727 1404 genus
1770 1348 1867 1404 per

292 1448 450 1491 totum
479 1433 736 1489 mundum
763 1446 931 1502 usque
959 1431 1011 1486 in
1040 1430 1198 1485 linem
1227 1447 1240 1483 :
1265 1429 1408 1500 quia,
1442 1427 1628 1493 Sinite,
1657 1427 1824 1497 inquit
1848 1467 1861 1489 ,

292 1537 493 1595 utraque
515 1540 734 1579 crescere
754 1522 989 1593 usquead
1017 1537 1225 1576 messem
1245 1536 1262 1577 .°
1283 1537 1402 1592 ager
1429 1528 1596 1574 autem
1619 1527 1691 1573 εει
1719 1534 1867 1571 mun-

292 1618 402 1679 dus;
427 1616 623 1679 messis,
656 1615 772 1683 ﬁnis
796 1614 990 1668 stecnli.
1340 1676 1343 1679 _

356 1707 443 1762 39.
474 1705 849 1761 Verumtamen
902 1704 1033 1758 istos
1062 1701 1228 1757 miror
1266 1715 1372 1756 non
1425 1700 1700 1754 attendere
1745 1699 1873 1769 quid

293 1797 489 1860 dicant,
511 1810 634 1851 cum
662 1794 803 1847 velut
838 1807 935 1862 pro
966 1806 1024 1847 se
1048 1799 1472 1847 commemorant
1494 1789 1634 1860 quod
1665 1789 1739 1844 ait
1770 1790 1872 1843 Do-

295 1888 486 1952 minus,
510 1884 674 1940 Filins
704 1884 922 1939 hominis
948 1883 1172 1948 ueniens,
1207 1891 1377 1952 putas,
1407 1881 1621 1936 inueniet
1644 1880 1794 1951 fidem
1819 1881 1873 1933 in

296 1992 424 2036 terra
445 1981 472 2034 ?
496 1979 648 2051 quasi
681 1977 856 2033 Africa
878 1991 985 2031 non
1022 1975 1093 2031 sit
1120 1983 1282 2030 terra.
1313 1975 1373 2029 Si
1398 1974 1543 2030 enim
1569 1973 1671 2029 hoc
1701 1973 1770 2027 ita
1796 1971 1876 2026 di-

296 2075 402 2137 xit,
435 2080 684 2141 tanquam
714 2069 934 2123 omnino
962 2067 1013 2121 in
1042 2065 1202 2121 nullis
1230 2065 1545 2120 inventurus
1570 2062 1752 2127 ﬁdem,
1782 2071 1875 2117 aut

294 2163 357 2218 de
381 2162 610 2232 quadam
632 2169 771 2216 terra
795 2158 951 2221 dixit,
979 2157 1309 2212 etincertum
1332 2164 1418 2211 est
1440 2155 1507 2209 de
1527 2170 1629 2224 qua
1657 2153 1873 2219 dixerit;

295 2263 379 2308 aut
419 2253 488 2309 de
513 2260 623 2307 tota
651 2261 790 2306 terra
817 2249 947 2304 dixit
969 2290 983 2311 ,
1012 2257 1068 2304 et
1094 2261 1198 2301 non
1229 2245 1504 2301 inveniunt
1527 2244 1794 2313 quomodo
1824 2252 1878 2298 et

297 2345 359 2398 de
379 2343 556 2398 Africa
598 2357 703 2396 non
734 2339 948 2395 dixerit.
974 2338 1113 2394 Sane
1137 2336 1388 2397 videant,
1416 2350 1484 2391 ne
1519 2334 1656 2390 forte
1682 2347 1876 2388 conse-

296 2434 575 2504 quentibus
597 2430 774 2487 verbis
802 2429 934 2483 tales
972 2426 1205 2497 tetigerit
1232 2425 1417 2496 quales
1445 2424 1532 2480 isti
1554 2431 1699 2478 sunt.
1740 2422 1876 2477 Cum

296 2526 431 2579 enim
458 2524 704 2587 dixisset,
738 2519 785 2574 F
787 2520 905 2574 ilius
930 2518 1148 2572 hominis
1166 2557 1182 2582 ,
1205 2526 1376 2587 putas,
1407 2515 1620 2569 inveniet
1646 2514 1797 2582 [idem
1826 2513 1880 2567 in
1908 2504 1917 2509 ’

297 2627 424 2669 terra
452 2631 471 2669 :
492 2612 656 2669 credo
680 2606 803 2682 quia
837 2616 1046 2681 poterat
1082 2605 1399 2678 quibusdam
1430 2605 1676 2676 superbis
1711 2603 1882 2659 hmre-

298 2706 410 2769 tieis
432 2747 449 2771 ,
473 2704 563 2775 qui
594 2704 648 2758 in
673 2703 849 2772 aliqua
874 2706 1025 2770 parte
1051 2706 1310 2754 terrarum
1335 2709 1393 2750 se
1411 2695 1479 2751 ab
1504 2694 1650 2751 orbis
1678 2694 1881 2749 unitate

296 2801 702 2864 sepamvcrunt,
734 2789 1028 2846 ascendere
1075 2787 1129 2843 in
1159 2802 1252 2842 cor
1280 2801 1417 2841 vana
1445 2794 1502 2842 et
1530 2785 1711 2841 inﬂata
1737 2785 1882 2856 cogi-

300 2886 442 2951 tatio,
478 2883 620 2956 quod
645 2882 744 2953 ipsi
779 2888 961 2936 essent
981 2878 1109 2950 justi
1132 2920 1146 2944 ,
1176 2877 1543 2934 delicieutibus
1571 2885 1625 2931 et
1653 2890 1882 2945 pereun-

296 2976 434 3030 tibus
459 2991 489 3027 a
522 2973 624 3037 {ide
647 2971 855 3028 caneris
883 2969 1153 3041 gentibus,
1188 2983 1282 3038 per
1295 2981 1429 3037 quas
1454 2967 1710 3022 Ecclesiae
1732 2981 1881 3021 corn-

296 3069 475 3122 munio
511 3066 782 3128 dilatatur;
810 3062 1068 3117 continuo
1096 3070 1314 3116 secutus
1339 3059 1672 3130 Evangelista
1696 3100 1711 3122 ,
1738 3056 1884 3112 Dixit

297 3170 480 3225 autern,
506 3158 678 3228 inquit
702 3197 717 3219 ,
734 3148 790 3210 iet
814 3154 882 3208 ad
923 3153 1168 3225 quosdam
1190 3152 1279 3223 qui
1306 3152 1401 3206 sibi
1420 3152 1541 3218 iusti
1567 3136 1882 3217 uidebantur,

299 3261 339 3304 rt
367 3249 666 3323 spernebant
692 3255 920 3310 cazteros,
941 3243 1320 3304 similitudinem
1348 3241 1519 3296 istam.
1554 3241 1616 3295 Et
1643 3243 1886 3310 sequitur

293 3343 362 3397 de
387 3344 491 3413 illis
520 3336 731 3395 duobus
758 3338 811 3392 in
843 3335 1041 3406 templo
1069 3333 1375 3397 orantibus,
1399 3331 1668 3386 Pharisaro
1698 3341 1753 3385 et
1784 3331 1885 3385 Pu-

297 3435 504 3490 blicano
532 3430 682 3503 (Luc.
734 3444 894 3493 xmt,
922 3424 1080 3498 8-H)
1116 3442 1130 3477 :
1163 3425 1222 3483 in
1260 3424 1453 3494 quibus
1498 3421 1706 3477 duobus
1744 3421 1880 3491 ligu-

296 3537 480 3583 rantur
498 3523 728 3596 superba
757 3521 999 3593 gloriatio
1032 3520 1292 3574 bonorum
1316 3530 1559 3587 operum,
1591 3525 1645 3571 et
1665 3514 1881 3596 humilis

295 3595 573 3674 confessio
595 3622 953 3685 peccatorum.
980 3609 1232 3665 Desinant
1260 3621 1387 3677 ergo
1416 3606 1505 3661 isti
1531 3647 1546 3672 ,
1578 3605 1623 3659 si
1654 3595 1883 3675 respr'in-

296 3708 424 3764 dere
449 3707 573 3762 huic
598 3702 853 3775 Epistula:
882 3707 1106 3771 parant,
1138 3713 1199 3753 ea
1239 3696 1539 3752 testimonia
1567 3709 1889 3751 commemo-

296 3815 439 3865 rare,
462 3813 582 3870 qua:
606 3811 707 3851 nos
733 3808 854 3849 cum
878 3793 1005 3863 ipsis
1039 3799 1542 3849 commemoramus,
1574 3784 1659 3839 vel
1685 3785 1736 3839 in
1766 3799 1890 3853 per-

296 3892 552 3945 dilinnem
579 3887 908 3951 Judzrorum,
938 3882 1021 3937 vel
1049 3882 1101 3936 in
1131 3879 1350 3942 zizania,
1380 3877 1493 3931 sive
1517 3876 1744 3946 paleam,
1775 3875 1888 3930 sive

298 3983 473 4036 malos
497 3982 667 4051 pisces
693 3977 857 4031 totius
884 3972 1089 4029 mundi.
1124 3972 1187 4026 Et
1215 3971 1353 4026 sicut
1390 3982 1487 4023 nos
1517 3966 1891 4022 manifestissi-

296 4073 403 4126 mis
431 4067 751 4126 tcsdmoniis
790 4064 1116 4120 assentimus
1156 4058 1447 4116 Ecclesium
1482 4066 1592 4112 toto
1616 4056 1749 4113 orbe
1789 4056 1890 4112 dii-

297 4163 494 4227 iusam,
526 4161 602 4215 sic
628 4168 679 4214 et
702 4156 801 4228 ipsi
827 4153 1165 4210 manifestum
1192 4150 1403 4221 aliquid
1422 4150 1722 4218 proferant,
1748 4147 1890 4203 unde

296 4252 583 4308 ostendant
630 4263 750 4305 esse
793 4245 1107 4317 prmdiclum
1132 4286 1147 4310 ,
1190 4241 1400 4297 czeteris
1443 4238 1742 4312 gentibusa
1790 4239 1892 4295 lide

295 4343 496 4398 Christi
527 4338 870 4411 pereuntibus
889 4378 904 4402 ,
938 4336 1105 4391 solam
1134 4332 1367 4389 Africam
1393 4345 1761 4387 remansuram
1789 4372 1803 4397 ,
1839 4339 1893 4386 et

297 4448 636 4503 quocumque
664 4429 739 4503 (α)
770 4428 1006 4498 episcnpi
1035 4442 1098 4481 ex
1130 4424 1306 4480 Africa
1355 4424 1715 4479 mitterentur.

369 4523 596 4581 CAPUT
640 4520 873 4591 XVl(b).
900 4550 974 4558 —
1000 4518 1087 4573 40.
1109 4517 1363 4586 Scriptum
1392 4526 1498 4581 est,
1533 4515 1808 4586 inquiunt,
1841 4515 1893 4569 in

297 4619 524 4674 Cunticis
546 4616 879 4671 canticorum.
909 4628 1112 4682 sponsa,
1138 4606 1199 4664 id
1225 4619 1314 4672 est,
1348 4607 1578 4662 Ecclesia
1605 4607 1801 4663 dicente
1825 4606 1895 4661 ad

293 4725 565 4779 sponsum,
594 4724 613 4758 ι
645 4704 904 4759 Animalia
926 4701 1070 4768 mihi,
1094 4715 1238 4771 quem
1261 4698 1438 4752 dilea'it
1461 4698 1632 4751 anima
1650 4713 1784 4765 mea,
1809 4697 1894 4751 ubi

293 4802 469 4869 pascis
488 4840 503 4864 ,
537 4799 620 4853 ubi
649 4797 801 4851 cubas
844 4796 896 4849 in
937 4793 1164 4860 meridie.
1199 4810 1216 4842 ι
1254 4790 1365 4845 lloc
1391 4798 1475 4845 est
1502 4789 1714 4843 unicum
1744 4789 1894 4844 testi-

293 4894 543 4947 monium
586 4889 729 4961 quod
780 4904 877 4958 pro
920 4902 979 4940 se
1023 4885 1107 4940 isti
1153 4897 1407 4939 resonare
1445 4882 1804 4949 arbitrantur,
1831 4897 1896 4938 eo

295 4984 450 5054 quod
491 4982 668 5038 Africa
713 4983 765 5035 in
810 4977 1099 5035 meridiana
1131 4976 1277 5031 orbis
1307 4983 1455 5045 parte
1482 4975 1550 5030 sit
1586 4974 1893 5029 constituta.

290 5076 460 5131 Unde
486 5075 716 5146 primum
758 5085 940 5142 quaero
961 5111 978 5136 ,
1019 5067 1285 5138 quomodo
1310 5065 1581 5122 Christum
1610 5066 1899 5135 interroget

290 5168 564 5231 Ecclesia,
588 5174 649 5221 ut
671 5163 950 5219 annuntiet
976 5161 1025 5216 ei
1052 5158 1142 5215 ubi
1171 5159 1240 5214 sit
1261 5157 1532 5214 Ecclesia:
1563 5170 1735 5227 neque
1754 5155 1897 5211 enim

287 5258 460 5321 dum,
489 5256 581 5311 sed
616 5270 719 5309 una
750 5263 851 5308 est.
886 5255 988 5307 Aut
1028 5250 1113 5306 isti
1152 5248 1471 5313 ostendant,
1509 5248 1760 5319 quoniam
1787 5262 1896 5303 non

356 5366 443 5428 (α)
464 5365 788 5416 tmanienses
808 5361 858 5409 in
892 5357 1285 5428 annotationibus
1305 5354 1609 5428 suspicantur
1632 5352 1897 5428 legendum

286 5416 399 5484 lite,
426 5416 478 5475 iit
498 5435 813 5490 quocumque.
847 5422 946 5490 Sed
974 5428 1139 5490 auctor
1169 5416 1422 5490 scripsisse
1462 5416 1673 5490 videtur,
1696 5420 1742 5490 et
1779 5427 1897 5487 quo-

280 5476 526 5550 cicini]th
552 5489 598 5537 id
622 5476 730 5543 est,'
755 5491 808 5535 et
841 5497 903 5550 ea
934 5482 1038 5531 loca
1069 5476 1444 5550 Donatistarum,
1470 5476 1530 5526 ad
1552 5490 1662 5550 qua:
1703 5476 1817 5550 ipsi;
1832 5490 1894 5550 ex

284 5538 460 5600 Africa
481 5538 735 5600 mitterent
775 5547 1041 5608 episcopos.
1077 5542 1327 5608 mittebant
1349 5538 1619 5608 ttomamad
1642 5551 1758 5608 suos
1788 5544 1898 5608 Cut-

279 5612 684 5674 mpitaaossive
707 5601 1080 5674 aton'tensés,_et
1104 5601 1459 5674 iunttispaniatn
1493 5602 1550 5651 ad
1590 5601 1776 5649 lucillte
1811 5603 1897 5648 do-

281 5664 460 5731 mum,
481 5682 534 5722 ut
554 5673 855 5732 dixitsupra,
881 5664 1059 5729 cap.'5,
1084 5680 1131 5732 n_.
1155 5664 1207 5715 6.

358 5726 456 5794 (ὑ)
483 5734 612 5793 Apud
635 5743 733 5781 Am.
757 5726 812 5782 'ct
832 5737 923 5789 Eia,
942 5726 1045 5791 cap.
1079 5726 1150 5775 ll.

3450 319 3553 376 4'22

1969 435 2160 493 negant
2191 424 2303 479 huc
2331 425 2487 479 verba
2521 426 2806 479 Ecclesium
2839 424 3017 479 dieere
3046 423 3290 487 Christo,
3334 440 3451 491 quae
3483 434 3553 482 sit

1971 517 2201 571 Ecclesia
2238 534 2360 587 qua:
2403 521 2690 588 interrogat
2711 559 2724 581 ,
2756 526 2809 573 et
2836 532 2953 587 qum
2985 518 3052 569 sit
3081 517 3314 571 Ecclesia
3345 518 3412 571 de
3447 535 3551 587 qua

1969 608 2273 677 interrogat.
2300 609 2498 676 Qumrit
2523 610 2664 664 enim
2689 624 2794 679 quo
2815 609 2989 663 veniat
3014 611 3075 660 ad
3100 623 3350 678 sponsum
3374 624 3551 676 suum,

1969 710 2019 753 et
2044 699 2170 754 dicit
2197 701 2266 763 ei,
2294 700 2549 755 Aunuutia
2572 702 2714 766 mihi,
2745 717 2892 771 quem
2919 701 3093 755 dilexit
3119 703 3289 756 miima
3312 719 3441 767 mea,
3471 703 3556 756 ubi

1969 792 2152 861 poscis,
2184 792 2265 845 ubi
2294 791 2447 846 cubas
2472 794 2523 845 in
2548 792 2773 846 meridie.
2806 790 2993 846 Adhuc
3022 792 3161 846 enim
3193 793 3289 847 ista
3323 794 3556 849 Ecclesia

1969 889 2051 935 est
2070 897 2189 952 qua:
2208 882 2440 953 loquitur
2458 892 2513 937 ct
2531 882 2737 952 quaerit,
2763 883 2850 937 ubi
2878 883 2948 937 sit
2972 883 3203 936 Ecclesia
3233 884 3282 937 in
3314 884 3555 937 meridie.

1970 970 2153 1040 Neque
2195 973 2335 1027 enim
2381 972 2704 1042 interrogat,
2739 971 2836 1027 Ubi
2871 974 3061 1041 pascis,
3097 973 3178 1026 ubi
3204 974 3397 1027 cubas?
3426 983 3478 1028 et
3507 990 3557 1028 et

1973 1063 2355 1132 reSpondetur,
2405 1062 2469 1116 In
2511 1064 2755 1125 meridie;
2798 1073 3047 1133 tanquam
3076 1080 3302 1132 sionsus
3333 1080 3554 1134 respon~

1970 1154 2114 1219 deat,
2148 1154 2202 1209 lu
2232 1154 2458 1210 meridie
2483 1169 2673 1224 pasco,
2705 1154 2758 1209 in
2789 1155 3010 1210 meridie
3038 1156 3175 1211 cubo
3211 1174 3223 1209 :
3259 1157 3351 1210 sed
3381 1158 3557 1210 omnia

1974 1245 2071 1298 ista
2106 1246 2261 1309 verba
2305 1245 2371 1299 ad
2419 1246 2886 1314 interrogationem
2917 1247 3216 1316 pertinent,
3251 1245 3348 1300 Ubi
3374 1249 3560 1315 pascis,

1972 1336 2054 1389 ubi
2081 1336 2326 1390 cubas-in
2355 1337 2563 1389 meridie
2591 1335 2703 1407 (a)?
2742 1335 2930 1391 Adhuc
2963 1336 3105 1391 enim
3145 1336 3254 1407 ipsa
3283 1326 3443 1402 dicit,
3483 1336 3561 1389 Ne

1975 1430 2103 1496 forte
2134 1428 2254 1498 ﬁam
2294 1427 2421 1483 sicut
2460 1436 2633 1498 operta
2669 1444 2823 1493 super
2858 1444 3032 1499 greges
3057 1428 3310 1482 sodalium
3339 1439 3558 1481 tuorum.

1973 1517 2219 1573 Jamvero
2252 1518 2339 1574 ille
2363 1518 2651 1590 respondet
2670 1558 2685 1580 .
2717 1516 2835 1572 Nisi
2859 1518 3146 1589 cognoveris
3172 1518 3497 1587 temetipsum,
3530 1536 3558 1569 ο

1975 1610 2156 1663 decora
2178 1609 2309 1664 inter
2334 1610 2566 1664 mulieres
2595 1608 2764 1679 (Cant.
2788 1624 2826 1675 I,
2854 1608 2905 1669 6,
2929 1606 3005 1680 7),
3033 1616 3088 1662 et
3107 1618 3317 1663 cartera.
3344 1607 3454 1661 Non
3476 1624 3562 1662 er-

1975 1718 2041 1770 go
2069 1701 2153 1756 his
2184 1702 2359 1758 verbis
2386 1700 2700 1765 ostenditur,
2731 1701 2782 1754 in
2810 1701 2923 1754 sola
2950 1711 3097 1769 parte
3126 1700 3415 1755 meridiana
3442 1714 3561 1754 esse

1978 1791 2268 1845 Ecclesium
2295 1808 2309 1845 :
2334 1790 2427 1845 sed
2460 1790 2512 1845 in
2538 1790 2656 1846 aliis
2682 1790 2864 1845 mundi
2891 1790 3125 1860 partibus
3146 1791 3454 1855 constituta,
3484 1791 3563 1842 iu-

1978 1892 2210 1953 tcrrogat
2232 1883 2455 1939 fortasse
2473 1876 2602 1954 quid
2625 1882 2693 1937 ad
2713 1882 2830 1952 ejus
2853 1883 3279 1937 communionem
3304 1881 3564 1951 pertineat

1980 1978 2032 2032 in
2062 1976 2299 2043 meridie,
2335 1976 2386 2031 id
2408 1985 2510 2043 est,
2539 1975 2628 2030 ubi
2658 1989 2886 2047 sponsus
2908 1976 3025 2044 ejus
3049 1983 3229 2045 pascat
3253 1983 3306 2029 et
3331 1976 3483 2029 cubet
3512 1976 3563 2028 in

1981 2070 2236 2136 meridie;
2269 2068 2391 2141 quia
2420 2083 2548 2128 suos
2576 2067 2776 2138 pascit,
2808 2076 2863 2122 et
2902 2066 2953 2121 in
2993 2065 3102 2121 suis
3130 2066 3307 2122 cubat.
3339 2066 3568 2121 Veniunt

1980 2155 2120 2218 enim
2150 2160 2391 2231 quaedam
2419 2158 2659 2215 membra
2701 2158 2845 2228 ejus,
2894 2157 2945 2212 id
2983 2166 3093 2225 est,
3125 2157 3247 2213 boni
3291 2158 3474 2212 ﬁdeles
3502 2174 3565 2210 ex

1981 2253 2219 2323 partibus
2241 2250 2609 2315 transmarinis
2634 2251 2687 2305 in
2710 2249 2963 2315 Africam,
2987 2260 3040 2304 et
3059 2265 3179 2303 cum
3201 2250 3461 2304 audlt'l‘llll
3484 2250 3570 2304 hic

1982 2359 2100 2400 esse
2129 2352 2333 2414 partem
2360 2342 2580 2409 Donati,
2615 2342 2864 2396 timentes
2901 2355 2969 2396 ne
3012 2339 3241 2395 incidant
3287 2342 3339 2395 in
3382 2357 3570 2394 manus

1983 2435 2203 2508 alicujus
2230 2434 2666 2504 rebaptizatoris,
2697 2433 2944 2487 invocant
2970 2430 3241 2486 Christum
3278 2440 3490 2485 orantes
3518 2444 3572 2486 et

1982 2526 2219 2582 dicentes
2250 2542 2262 2577 :
2297 2524 2556 2578 Annuntia
2583 2523 2728 2588 mihi,
2759 2539 2906 2592 quem
2933 2523 3110 2576 dilexit
3135 2522 3304 2576 animo
3330 2540 3458 2589 mea,
3488 2525 3572 2576 ubi

1985 2616 2178 2685 pascis,
2204 2614 2288 2669 ubi
2314 2615 2465 2669 cubas
2493 2614 2544 2667 in
2572 2614 2811 2679 meridie,
2846 2612 2897 2667 id
2926 2621 3007 2668 est
3026 2653 3041 2676 ,
3069 2613 3156 2683 qui
3187 2613 3290 2669 sint
3324 2614 3572 2669 meridies

1957 2707 2074 2762 .ubi
2107 2714 2161 2760 tu
2189 2706 2363 2775 pascis
2391 2712 2443 2759 et
2468 2706 2651 2768 cubas,
2685 2704 2734 2758 id
2765 2711 2867 2770 est,
2895 2703 2984 2773 qui
3013 2702 3205 2758 habent
3236 2703 3569 2767 charitatem,

1985 2806 2042 2853 et
2068 2813 2174 2852 non
2204 2796 2447 2851 dividunt
2477 2797 2753 2849 unitatem.
2786 2795 2850 2849 Et
2880 2794 2998 2848 vide
3023 2795 3145 2864 quid
3174 2794 3461 2864 adiungat:
3494 2795 3575 2849 Ne

1987 2893 2117 2962 forte
2142 2890 2263 2959 [iant
2298 2889 2428 2944 velut
2464 2896 2639 2958 aperta
2677 2903 2829 2957 super
2855 2902 3028 2958 greges
3055 2884 3306 2939 sodalium
3334 2896 3530 2939 tuorum
3556 2903 3574 2940 :

1988 2978 2038 3034 id
2073 2989 2188 3045 est,
2214 2994 2299 3049 (ne
2339 2978 2475 3033 forte
2515 2976 2657 3032 velut
2688 2977 2858 3030 latens
2885 2985 2939 3031 et
2969 2975 3233 3046 incognita
3271 2984 3323 3030 et
3353 2991 3456 3031 non
3486 2992 3573 3030 τοι-

1987 3069 2156 3126 velata
2177 3109 2192 3131 ,
2224 3068 2323 3123 hoc
2351 3076 2433 3124 est
2461 3066 2604 3121 enim
2643 3076 2817 3136 operta
2857 3066 3009 3135 fiam,
3045 3080 3148 3119 non
3179 3080 3338 3135 super
3364 3081 3574 3136 gregem

1989 3172 2157 3225 tuum,
2187 3160 2280 3214 sed
2310 3175 2463 3229 super
2489 3173 2661 3229 greges
2689 3157 2940 3212 sodalium
2965 3167 3184 3220 tuorum,
3213 3157 3300 3227 qui
3327 3171 3445 3210 eum
3472 3157 3578 3225 pri-

1990 3269 2077 3310 mo
2104 3263 2275 3308 tecum
2302 3260 2501 3313 eSSent,
2518 3259 2675 3307 extra
2702 3249 2955 3320 colligere
2975 3249 3277 3314 voluerunt,
3300 3264 3407 3303 non
3431 3258 3576 3303 tuum

1988 3361 2223 3418 gregem,
2252 3343 2347 3401 sed
2374 3358 2499 3399 suos
2522 3359 2747 3414 greges;
2777 3357 2876 3398 nec
2900 3342 3180 3398 audierunt
3210 3353 3260 3397 te
3287 3342 3576 3410 dicentem,

1995 3439 2094 3507 Qui
2123 3453 2315 3493 mecum
2341 3451 2441 3490 non
2467 3434 2689 3505 colligit,
2720 3434 2913 3505 spargit
2943 3433 3154 3506 (Matth.
3183 3449 3255 3488 xtt
3276 3474 3290 3499 ,
3320 3433 3409 3504 30)
3433 3449 3446 3497 ;
3482 3449 3579 3487 nec

1990 3528 2130 3599 quod
2161 3527 2319 3584 Petro
2348 3525 2562 3592 dixisti,
2597 3523 2760 3579 Pasce
2784 3540 2897 3578 oves
2925 3539 3061 3578 meas
3099 3522 3275 3597 (Joan.
3302 3539 3395 3578 χιι
3417 3564 3432 3589 ,
3464 3523 3576 3594 l7),

1992 3636 2096 3678 non
2124 3631 2261 3676 tuas.
2289 3619 2403 3675 Non
2427 3628 2508 3675 est
2535 3627 2714 3674 autem
2747 3618 2847 3674 ista
2871 3626 3073 3688 Operta,
3103 3618 3223 3688 quia
3251 3634 3353 3674 non
3376 3627 3457 3673 est
3481 3619 3581 3673 sub

1993 3713 2192 3779 modio,
2220 3712 2312 3767 sed
2340 3725 2501 3781 super
2520 3710 2920 3776 candelabrum,
2943 3718 3003 3763 ut
3028 3709 3201 3764 luceat
3223 3711 3466 3765 omnibus
3488 3710 3577 3779 qui

1994 3806 2047 3859 in
2072 3805 2231 3858 domo
2252 3812 2394 3857 sunt.
2426 3802 2492 3856 Et
2513 3800 2578 3855 de
2607 3800 2693 3855 illa
2720 3800 2917 3855 dictum
2947 3808 3048 3863 est,
3079 3800 3197 3854 Non
3226 3810 3381 3870 potest
3408 3801 3580 3852 civitas

1994 3893 2230 3949 abscondi
2262 3908 2410 3962 super
2447 3900 2664 3945 montem
2702 3891 2971 3944 constituta
3001 3889 3211 3960 (Matth.
3238 3906 3271 3943 v
3291 3931 3303 3949 .
3334 3890 3399 3944 15
3419 3932 3432 3955 ,
3467 3889 3577 3957 Η).

1994 3984 2098 4042 Sed
2130 3983 2419 4038 Donatistis
2448 3981 2589 4037 velut
2617 3989 2798 4052 operta
2831 3988 2942 4045 est,
2976 3979 3063 4049 qui
3105 3978 3323 4032 audiunt
3365 3988 3469 4031 tam
3502 3978 3581 4033 lu-

1996 4076 2111 4142 eida
2136 4085 2191 4131 et
2221 4073 2498 4129 manifesta
2527 4071 2849 4137 testimonia,
2872 4084 2992 4140 qum
3019 4069 3161 4123 illam
3196 4077 3305 4122 toto
3335 4068 3462 4122 orbe
3488 4069 3582 4122 dc-

1999 4175 2328 4230 monstrant;
2356 4172 2410 4220 ct
2431 4165 2636 4217 malunt
2655 4162 2847 4217 clausis
2867 4159 3036 4224 oculis
3060 4154 3331 4213 ollenderc
3357 4160 3407 4212 in
3434 4173 3580 4211 manv

1998 4267 2104 4314 tem
2128 4299 2141 4321 ,
2174 4270 2331 4326 quam
2363 4255 2415 4309 in
2446 4269 2567 4308 eum
2605 4251 2930 4317 ascendere;
2975 4249 3065 4321 qui
3108 4263 3230 4304 cum
3270 4255 3413 4302 esset
3450 4248 3586 4317 lapis

2001 4351 2254 4421 irmcisus
2278 4348 2345 4404 de
2369 4354 2550 4401 monte
2577 4346 2691 4400 sine
2721 4343 2983 4409 manibus,
3015 4342 3199 4405 crevit,
3227 4350 3279 4395 et
3311 4339 3476 4396 factus
3503 4356 3586 4396 cst

1999 4457 2153 4497 mons
2200 4443 2423 4510 ingens,
2460 4447 2515 4493 et
2558 4436 2795 4506 implevit
2830 4436 3137 4491 universam
3185 4441 3378 4488 terram
3421 4430 3582 4502 (Dan.

2000 4548 2033 4587 ιι
2054 4574 2069 4597 ,
2097 4532 2184 4597 55,
2214 4530 2326 4602 55).

2071 4623 2159 4677 Η.
2202 4621 2381 4676 Potest
2408 4627 2478 4689 Act
2519 4618 2622 4672 alio
2666 4616 2825 4672 modo
2866 4616 3120 4686 intelligi,
3153 4614 3251 4668 Ubi
3279 4614 3474 4684 pascis,
3507 4613 3587 4667 ubi

2000 4715 2153 4770 cubas
2190 4715 2242 4767 in
2281 4712 2505 4767 meridie.
2551 4710 2719 4781 Ipsuus
2754 4711 2895 4764 enim
2934 4722 3035 4763 vox
3075 4717 3157 4762 est
3189 4705 3240 4761 in
3275 4706 3496 4762 Psalmis
3523 4723 3588 4761 ex

2002 4821 2226 4878 persona
2256 4804 2421 4874 Moysi
2454 4802 2633 4858 famuli
2662 4802 2794 4857 Dei:
2829 4800 3096 4855 Dexteram
3127 4808 3266 4853 tuam
3305 4809 3476 4853 notam
3506 4803 3588 4870 fut:

2002 4898 2145 4963 mihi,
2178 4906 2222 4951 et
2254 4895 2470 4949 eruditos
2498 4893 2648 4947 corde
2674 4893 2727 4947 in
2756 4891 3002 4962 sapientia
3033 4888 3201 4962 (Psal.
3227 4906 3449 4956 Lxxxrx,
3479 4889 3588 4959 l2).

2005 4991 2059 5046 In
2090 4990 2191 5044 illis
2217 4989 2357 5043 enim
2389 4986 2638 5041 meridies
2665 4984 2893 5049 dicitur,
2936 4979 3155 5053 propter
3193 4983 3460 5053 ingentem
3499 4996 3588 5035 sa-

2004 5083 2216 5154 pientia:
2246 5081 2439 5143 lucem,
2466 5088 2519 5134 et
2546 5078 2810 5149 ingentem
2838 5075 3113 5132 charitatis
3139 5075 3404 5129 ardorem.
3438 5072 3592 5129 Unde

2003 5172 2285 5243 quemdam
2310 5186 2429 5227 cum
2456 5169 2827 5224 exhortaretur
2849 5166 3077 5236 Spiritus
3102 5167 3192 5221 Dei
3214 5165 3280 5220 ad
3303 5165 3437 5220 bona
3467 5178 3591 5231 ope-

2006 5282 2061 5320 ra
2089 5279 2184 5335 per
2204 5262 2547 5333 PrOphetam,
2576 5260 2766 5315 hoeilli
2790 5260 2949 5313 etiam
2972 5257 3266 5328 promittit:
3294 5256 3360 5310 Et
3381 5255 3593 5309 tenebrat

2006 5366 2107 5411 tua:
2129 5356 2259 5412 sicut
2284 5354 2517 5409 meridies
2541 5364 2685 5408 eruat
2710 5349 2861 5425 (Isai.
2891 5366 3035 5415 Lvm,
3067 5349 3177 5419 lO).
3206 5349 3308 5404 Sed
3332 5348 3375 5402 si
3400 5345 3594 5416 aliquis

2007 5447 2188 5503 mundi
2221 5448 2369 5502 locus
2394 5437 2768 5515 intelligendus
2791 5452 2968 5507 esset,
2995 5440 3135 5512 quod
3167 5439 3362 5495 dictum
3393 5446 3474 5492 est
3493 5477 3509 5501 ,
3539 5438 3592 5492 in

2008 5540 2249 5603 meridie;
2281 5548 2454 5594 tamen
2504 5537 2617 5607 ipsa
2666 5535 2860 5602 verba,
2891 5534 3031 5589 sicut
3071 5531 3214 5596 dixi,
3253 5527 3373 5599 "qua.
3414 5529 3591 5583 onmia

2073 5714 2144 5777 (τι)
2166 5713 2439 5763 \‘idcserm.
2469 5710 2546 5783 lii,
2558 5710 2622 5762 de
2632 5716 2782 5761 Pastor
2794 5711 2919 5770 ibus,
2936 5720 2985 5757 ιι.
2999 5707 3079 5768 ὦ,
3100 5710 3152 5757 et
3168 5715 3314 5755 Serm.
3338 5701 3444 5765 138,
3468 5713 3517 5753 n.
3538 5700 3590 5753 9.
