4066 6200
442 329 547 382 ωδ

445 461 602 501 unam
636 445 829 497 faciunt
860 437 1352 504 interrogationem,
1387 431 1530 484 nullo
1561 429 1716 482 nitido
1747 427 2016 497 permitte-

446 549 564 592 rent
601 547 914 605 quemquam
953 529 1017 582 ad
1059 543 1213 582 suum
1254 539 1468 578 sensum
1514 525 1664 576 istam
1705 521 2023 588 detorquere

443 629 782 685 sententiam.
810 625 874 679 Et
903 625 945 678 si
977 632 1226 690 tanquam
1258 617 1513 686 qurerenti
1553 614 1640 668 ubi
1670 621 1938 683 pasceret,
1967 620 2022 664 et

443 721 530 773 ubi
560 717 795 778 cubaret,
824 714 892 768 de
918 722 1129 767 terreno
1153 710 1270 764 loco
1299 704 1736 776 responderetur,
1774 702 1842 756 In
1873 701 2024 755 meri—

439 810 557 871 die;
589 821 692 860 non
720 805 972 858 continuo
997 800 1227 856 Africam
1257 798 1496 865 accipere
1522 795 1856 850 deberemus.
1883 791 2021 846 Afri-

439 917 498 952 ca
531 899 672 952 enim
705 896 754 950 iu
789 905 935 964 parte
974 892 1185 962 quidem
1229 887 1518 943 meridiana
1561 884 1740 939 mundi
1780 891 1894 948 est,
1928 880 2020 936 sed

439 991 505 1043 ad
538 988 775 1042 Africum
796 1029 808 1050 ,
841 1002 943 1039 nou
974 984 1038 1037 ad
1065 985 1316 1036 Austrum
1352 979 1438 1032 ubi
1480 992 1603 1031 vere
1642 974 1893 1029 mcridics
1919 983 2018 1026 est.

443 1083 514 1134 lbi
545 1081 686 1136 enim
718 1079 796 1131 sol
833 1077 956 1131 facit
995 1074 1224 1129 medium
1260 1071 1398 1125 diem
1420 1111 1433 1132 ,
1467 1069 1563 1123 sub
1591 1083 1692 1137 qua
1723 1065 1841 1121 caeli
1874 1065 2021 1132 plaga

440 1173 616 1242 potius
647 1169 905 1240 Aigyptus
934 1165 1217 1220 invenitur.
1247 1161 1301 1217 Si
1331 1175 1456 1229 ergo
1485 1173 1711 1229 sponsus
1738 1158 1804 1211 ab
1828 1170 2020 1225 sponsa

362 1247 364 1250 V
442 1276 690 1332 tanquam
718 1261 782 1314 de
809 1260 926 1313 loco
955 1255 1264 1311 familiarius
1293 1252 1505 1316 dilecto,
1537 1259 1589 1304 et
1613 1247 1773 1303 cubili
1794 1246 2019 1316 quodam

441 1371 538 1408 suo
559 1362 768 1407 secreto
790 1352 1162 1417 interrogatus,
1188 1343 1533 1413 responderet
1554 1355 1673 1395 esse
1693 1341 1746 1412 in
1769 1337 2017 1400 meridie;

378 1424 381 1428 S
444 1446 609 1500 multo
651 1442 973 1513 probabilius
1005 1432 1239 1492 Ecclesia
1270 1434 1527 1489 catholica
1566 1432 1618 1485 in
1657 1431 1742 1486 his
1771 1430 2022 1484 membris

439 1539 551 1592 suis
580 1536 682 1588 hoc
706 1540 1054 1603 agnosceret,
1082 1542 1199 1596 qua:
1225 1536 1347 1579 sunt
1374 1525 1423 1578 itt
1453 1523 1682 1593 [Egypto
1714 1522 1764 1574 in
1793 1521 2023 1575 millibus

441 1641 716 1682 servorum
760 1623 850 1676 Dei
873 1663 886 1683 ,
927 1621 1012 1688 qui
1060 1634 1150 1687 per
1185 1631 1422 1672 cremum
1454 1623 1632 1668 sancta
1661 1612 1914 1666 societate
1941 1610 2020 1664 vi-

441 1728 590 1782 runt,
621 1714 997 1787 perfectionem
1025 1708 1270 1780 praecepti
1313 1704 1602 1774 evangelici
1640 1701 1914 1756 Studentes
1940 1709 2021 1755 te-

441 1827 589 1876 ncrc,
619 1824 722 1878 quo
753 1806 948 1860 dictum
975 1811 1054 1856 est
1081 1819 1094 1855 :
1126 1799 1210 1854 Vis
1239 1802 1487 1868 perfectus
1513 1794 1655 1848 esse?
1683 1793 1837 1856 vade,
1869 1791 2024 1846 vende

441 1902 608 1956 omnia
639 1914 750 1967 qua:
779 1895 926 1948 habes
947 1935 960 1957 ,
987 1905 1035 1946 et
1060 1891 1127 1942 da
1153 1888 1454 1959 pauperibus
1473 1926 1488 1951 ,
1515 1894 1558 1938 ct
1585 1883 1784 1937 habebis
1818 1882 2021 1936 thesau-

442 2009 556 2046 rum
603 1991 653 2042 in
699 1987 868 2049 cwlis;
907 1995 950 2037 et
993 1983 1132 2048 veni,
1166 1996 1368 2049 sequere
1403 1995 1480 2031 me
1510 1974 1722 2048 (Matth.
1749 1991 1870 2039 XIX,
1901 1973 2018 2044 2|).

441 2083 655 2147 Quanto
684 2077 825 2131 enim
855 2074 1041 2129 melius
1072 2071 1140 2125 ibi
1171 2070 1428 2125 secretius
1457 2080 1694 2137 pascere,
1726 2074 1780 2119 ct
1804 2065 2018 2132 cubare,

445 2173 496 2228 id
523 2183 622 2236 est,
650 2169 984 2239 requiescere
1013 2165 1179 2220 Filius
1208 2163 1302 2218 Dei
1329 2161 1614 2223 diceretur,
1646 2175 1802 2229 quam
1833 2159 1884 2212 in
1915 2168 2024 2212 tur-

443 2264 524 2318 bis
552 2261 798 2331 iuqnietis
825 2257 1143 2312 furiosorum
1167 2250 1661 2310 Circumcellionum
1683 2251 1722 2314 ¹,
1752 2248 1890 2319 quod
1912 2263 2024 2302 ma-

445 2356 553 2406 lum
583 2351 773 2421 Africa:
804 2347 1074 2418 proprium
1116 2353 1216 2399 est.
1259 2343 1389 2397 Nam
1417 2341 1484 2396 de
1510 2340 1735 2411 tEgypto
1765 2340 1834 2394 ita
1863 2338 2022 2394 Isaias

444 2444 723 2516 prophetat
752 2459 764 2492 :
796 2439 901 2493 Illa
925 2439 1005 2492 die
1031 2437 1121 2490 erit
1149 2437 1310 2490 altare
1335 2433 1535 2488 Domini
1561 2434 1612 2485 in
1637 2432 1835 2503 regione
1855 2428 2023 2501 zEgy-

444 2536 666 2604 ptiorum
686 2574 699 2595 ,
731 2541 779 2585 et
815 2529 992 2584 titulus
1028 2528 1095 2581 ad
1133 2529 1258 2596 ﬁnes
1286 2541 1458 2579 eorum
1485 2522 1701 2576 Domino
1721 2562 1735 2587 ,
1766 2531 1812 2576 et
1851 2521 1943 2575 erit
1970 2523 2023 2575 in

442 2627 640 2696 signum
681 2625 733 2676 in
771 2631 1014 2675 aeternum
1058 2617 1273 2673 Domino
1313 2618 1367 2670 in
1409 2617 1609 2686 regione
1636 2612 2019 2685 ngyptiorum.

446 2716 698 2782 Quoniam
735 2711 1020 2766 clamabunt
1059 2709 1127 2762 ad
1161 2707 1434 2762 Dominum
1468 2708 1704 2759 adversus
1733 2719 1815 2758 eos
1839 2703 1925 2773 qui
1954 2703 2024 2757 eis

442 2821 729 2876 pressuram
767 2803 1015 2873 faciebant
1048 2815 1066 2854 :
1095 2809 1139 2852 et
1171 2799 1326 2850 mittet
1367 2797 1468 2850 illis
1499 2795 1745 2849 Dominus
1775 2793 2025 2848 hominem

440 2899 524 2968 qui
553 2898 715 2951 salvos
744 2910 826 2948 eos
855 2895 1002 2964 faciet
1022 2934 1036 2955 ,
1057 2891 1297 2963 judicans
1323 2888 1534 2942 servabit
1563 2904 1664 2942 eos.
1705 2885 1773 2939 Et
1798 2885 2026 2956 cognitus

441 2990 534 3043 erit
558 2988 806 3041 Dominus
830 2984 1091 3055 Afgyptiis
1118 2999 1136 3036 :
1163 2992 1207 3036 et
1235 2982 1472 3034 timebunt
1495 2979 1731 3050 Egyptii
1757 2978 2025 3032 Dominum

440 3083 493 3135 in
519 3081 607 3134 illo
636 3080 748 3143 die,
777 3087 823 3129 et
852 3078 1036 3146 facient
1065 3073 1316 3140 sacriﬁcia
1339 3113 1353 3138 ,
1385 3081 1431 3124 et
1461 3081 1572 3124 vota
1600 3071 1886 3140 promittent
1912 3067 2022 3123 Do-

441 3170 577 3222 mino
598 3210 614 3234 ,
645 3178 691 3221 et
731 3165 958 3219 reddent.
1002 3163 1065 3216 Et
1104 3163 1248 3232 feriet
1278 3161 1523 3214 Dominus
1547 3159 1822 3230 zEgyptios
1851 3159 2019 3230 plaga,

441 3270 488 3312 ct
517 3258 711 3313 sanabit
740 3273 822 3310 eos
851 3271 941 3308 sua
968 3252 1308 3306 misericordia
1329 3293 1344 3317 ,
1377 3260 1420 3305 et
1449 3260 1794 3304 convertentur
1820 3250 1888 3304 ad
1916 3249 2023 3302 Do-

443 3351 656 3412 minum,
681 3358 724 3400 et
745 3345 977 3399 exaudiet
999 3361 1099 3408 eos,
1122 3352 1168 3396 et
1187 3341 1382 3396 sanabit
1399 3357 1480 3396 eos
1511 3339 1557 3412 (ι
1565 3339 1657 3394 sai.
1679 3355 1794 3407 XIX,
1815 3338 2022 3412 19—22).

443 3438 580 3504 Quid
609 3437 673 3491 ad
704 3438 817 3490 lucc
841 3435 1056 3488 dicunt?
1081 3432 1255 3498 Quare
1287 3445 1391 3485 non
1420 3429 1814 3485 communicant
1842 3429 2026 3484 Eccle-

441 3529 555 3589 siae,
584 3541 702 3595 quae
730 3523 976 3593 prmdicta
1005 3531 1114 3584 est,
1143 3519 1552 3591 Egyptiormn?
1574 3520 1680 3573 Aut
1707 3519 1752 3572 si
1779 3521 2024 3589 praefigu-

443 3617 649 3670 ratione
673 3613 976 3684 prophetica
999 3611 1260 3681 Egyptus
1282 3609 1537 3665 mundum
1559 3609 1840 3681 significat,
1863 3625 2026 3680 quare

444 3724 548 3762 non
577 3705 970 3761 communicant
1005 3702 1257 3757 Ecclesiae
1288 3701 1434 3756 orbis
1463 3702 1764 3756 terrarum?

513 3798 601 3854 42.
641 3797 873 3852 Proinde
919 3803 1327 3864 perscrutantur,
1368 3791 1701 3864 Scripturas,
1747 3802 1800 3847 et
1841 3801 2027 3848 contra

443 3900 549 3945 tam
601 3889 762 3943 multa
816 3886 1152 3947 testimonia.
1206 3885 1399 3956 quibus
1450 3885 1747 3940 ostenditur
1796 3885 2026 3940 Ecclesia

441 3981 640 4035 Christi
682 3988 793 4035 toto
834 3988 1092 4032 terrarum
1130 3976 1259 4031 orbe
1295 3975 1551 4040 diffundi,
1587 3976 1670 4028 vel
1701 3991 1861 4029 unum
1900 3991 2028 4045 pro-

444 4075 618 4129 ferant
645 4084 748 4126 tam
775 4080 978 4126 certum
1007 4079 1061 4124 et
1088 4077 1194 4122 tam
1221 4065 1554 4120 manifestum
1586 4080 1744 4135 quam
1774 4065 1858 4118 illa
1881 4075 2025 4131 sunt,

443 4182 548 4234 quo
575 4165 942 4219 demonstrent
969 4159 1260 4214 Ecclesium
1289 4155 1486 4210 Christi
1526 4155 1748 4226 periisse
1775 4154 1841 4210 de
1866 4166 2026 4211 cavle-

444 4257 518 4309 ris
545 4254 805 4324 gentibus,
832 4261 886 4306 et
911 4252 963 4304 in
989 4249 1101 4304 sola
1124 4248 1299 4302 Africa
1325 4247 1664 4312 remansisse,
1693 4255 1940 4315 tanquam
1963 4246 2030 4302 ab

443 4347 548 4399 alio
580 4344 730 4398 initio
751 4345 794 4408 ',
829 4355 932 4395 non
961 4342 1027 4395 ab
1051 4339 1366 4402 Jerusalem,
1398 4337 1490 4394 sed
1518 4353 1546 4391 a
1574 4337 1914 4407 Carthagine,
1943 4337 2030 4392 ubi

447 4439 618 4508 primo
639 4435 946 4505 episeopum
972 4441 1155 4487 contra
1176 4432 1481 4500 episcopum
1507 4430 1836 4484 levaverunt.
1862 4427 1916 4483 Si
1939 4444 2033 4481 au-

447 4543 551 4585 tem
576 4529 801 4582 velimus
831 4525 1123 4596 intelligere
1147 4526 1404 4579 Donatum
1428 4524 1719 4594 principem
1741 4523 1888 4594 Tyri,
1910 4522 2032 4593 quia

445 4621 617 4692 Tyrus
665 4618 687 4650 ³
730 4616 995 4685 Carthago
1064 4596 1435 4686 cognominata
1494 4623 1618 4678 est,
1659 4628 1778 4682 qua:
1819 4613 1872 4666 in
1911 4625 2032 4667 eum

447 4730 540 4781 per
573 4709 906 4766 Ezechielcm
939 4707 1359 4780 prOphetantur?
1389 4707 1488 4763 Ubi
1518 4721 1638 4760 eum
1670 4705 1896 4759 maxime
1934 4703 2032 4758 de-

446 4804 637 4873 signat,
666 4800 807 4872 quod
832 4799 882 4855 ei
910 4799 1101 4854 dicitur
1125 4816 1140 4853 :
1171 4797 1445 4852 Ostendam
1473 4796 1557 4849 tibi
1587 4795 1704 4866 quia
1734 4795 1880 4851 homo
1913 4810 1963 4848 es
1989 4804 2033 4847 et

510 4981 523 5009 ¹
563 4983 609 5028 tn
649 4976 935 5027 ti‘loriacensi
958 4981 1063 5034 Ms,
1100 4969 1503 5024 Cercicellionum.
1539 4968 2036 5034 Circelliones‘vulgo

444 5041 534 5090 dici
559 5040 727 5091 solitos
749 5037 998 5099 intelliges
1019 5029 1081 5099 ex
1107 5036 1389 5099 augustino,
1403 5038 1568 5099 guarr:
1591 5033 1639 5079 in
1661 5029 1901 5099 Psal.152,
1920 5044 1968 5078 ιι.
1987 5031 2034 5077 5.

513 5105 532 5134 ²
568 5091 1049 5170 μοεοηιαῖιφιᾳῖημαῡ
1082 5091 1354 5155 αιὶονὺιίιὶο,
1378 5091 1526 5144 forte
1557 5091 1838 5155 legendum,
1863 5104 2038 5156 propa-

449 5160 740 5230 guntlamab
763 5160 1065 5230 aliainitio._
1183 5227 1214 5230 _
1281 5217 1292 5230 ι

513 5227 533 5257 ³
569 5232 615 5272 ιιι
654 5232 734 5272 Ms.
783 5221 1128 5281 l-‘loriaceusis,
1180 5217 1339 5281 nti-ia,
1387 5217 1479 5267 hoc
1503 5223 1689 5266 tantum
1728 5215 1875 5281 loco._
1895 5221 2039 5262 Porro

449 5286 682 5351 carthago
721 5292 974 5351 "tyrtorum
1001 5276 1234 5351 colouia"
1259 5280 1370 5337 fuit,
1407 5288 1462 5351 ut
1520 5285 1672 5351 '_I}'rus
1694 5276 2034 5351 “sidouio‘rum:

451 5348 582 5396 Unde
611 5338 784 5408 Virgil:
817 5345 900 5391 lil).
930 5343 949 5392 1
980 5342 1166 5408 Aineid,
1189 5378 1202 5399 ,
1232 5355 1363 5408 vers.
1405 5340 1460 5390 12
1479 5374 1492 5398 ,
1521 5338 1616 5408 l5”:
1648 5356 1669 5408 «ε
1694 5338 1811 5408 Urbs
1845 5339 2039 5408 antiqua

458 5429 479 5455 ιι
498 5409 605 5467 fuit,
629 5397 752 5468 'l‘yurii
777 5414 987 5468 tenuere
1009 5397 1197 5468 coloni,
1215 5397 1515 5468 Carthago.»
1548 5407 1598 5446 tit
1628 5399 1689 5446 ab
1721 5397 1896 5468 eodeni
1927 5397 2039 5468 Car-

453 5459 831 5534 tltago"l‘§'ria_et
869 5465 1274 5534 Carthagineuses
1459 5469 1704 5534 teruntur.
1733 5461 1869 5534 Quid
1887 5466 1945 5534 et
1971 5459 2039 5534 Ain

454 5522 586 5586 una,
611 5522 814 5594 czip._2._'),
833 5530 915 5575 ubi
942 5522 1263 5594 ’I‘yri'eversio
1287 5522 1574 5594 (riemann-.1,
1597 5522 1903 5594 Septuaginta
1921 5532 2040 5594 ,γερν-

455 5581 637 5649 lci-unt,
672 5581 871 5645 'tlnlu'te,
914 5581 1056 5636 nubes
1094 5581 1410 5647 Carthaginis.
1451 5586 1621 5652 (‘._oui‘_er
1657 5581 1895 5652 (ditatum,
1921 5581 2042 5652 libro

449 5644 998 5716 contra't'armeniauum
1023 5654 1194 5716 tertio,
1231 5644 1312 5712 qui
1360 5647 1619 5716 Ezechielis
1657 5644 1954 5716 troiheuam
1980 5644 2044 5690 si-

454 5715 849 5820 gilliiiertorqttct
874 5717 921 5763 iu
955 5715 1217 5762 ltouatistas
1244 5751 1252 5760 .
1282 5723 1330 5762 ut
1369 5713 1630 5773 principem
1671 5712 1772 5769 'l'yri
1811 5712 2044 5754 Donatum

456 5786 553 5820 tute
593 5785 698 5820 tut.

456 5778 698 5836 intelligit.

1519 311 1787 368 CONTRA
1832 304 2252 365 DONATISTAS
2292 307 2639 374 Ειῖιιδτυιιι,

3601 317 3705 373 494

2135 444 2232 478 non
2265 427 2415 481 Deus.
2450 430 2534 480 l.-li
2567 431 2706 482 enim
2736 429 2802 482 de
2832 429 2986 498 hujus
3015 431 3180 498 magis
3207 446 3362 500 quam
3394 433 3461 486 de
3494 434 3581 486 llri
3615 455 3711 489 una

2133 518 2273 570 mine
2310 519 2620 587 gloriantur.
2655 521 2714 573 Et
2744 535 2863 572 cum
2892 520 3036 573 solus
3065 520 3201 574 Deus
3231 523 3345 575 sine
3375 536 3590 591 pt‘t‘Calt)
3615 528 3708 590 sit.

2131 620 2182 662 et
2207 609 2457 664 sacerdos
2481 610 2570 664 ille
2597 611 2686 680 qui
2719 606 3018 680 interpellat
3059 628 3154 682 pro
3195 597 3346 666 nobis
3366 654 3380 678 ,
3413 616 3534 683 quia
3563 627 3618 671 et
3643 617 3713 673 de

2132 700 2246 766 ipso
2282 698 2480 755 dictum
2520 710 2635 767 est,
2663 701 2763 766 Qui
2787 711 2861 756 est
2888 719 3038 771 super
3063 703 3230 756 omnia
3259 704 3395 760 Deus
3425 706 3712 764 benedictus

2129 791 2179 842 in
2207 791 2391 844 secula
2421 788 2596 862 (Rom.
2622 807 2696 856 lx,
2719 791 2774 861 5)
2809 809 2821 844 :
2851 791 2934 846 isti
2966 793 3147 846 Donati
3177 796 3469 852 imitatores
3497 798 3568 852 ita
3595 801 3715 855 sine

2129 890 2350 949 peccato
2372 896 2430 937 se
2455 881 2636 936 volunt
2656 883 2840 947 videri,
2873 893 2930 938 ut
2954 884 3111 938 etiam
3133 885 3510 954 justiticatores
3535 889 3713 945 homi-

2131 985 2255 1022 num
2285 985 2341 1024 se
2367 981 2629 1038 asserunt,
2659 982 2712 1027 et
2740 989 2890 1026 suum
2923 974 3096 1028 oleum
3127 976 3265 1044 quod
3296 993 3400 1031 non
3429 980 3499 1033 sit
3531 979 3712 1036 oleum

2132 1064 2420 1129 peccatoris
2447 1062 2615 1135 (Psat.
2639 1079 2762 1130 CXL,
2784 1063 2862 1136 5).
2887 1063 3070 1120 Merito
3090 1066 3280 1120 dicitur
3305 1070 3527 1138 principi
3549 1071 3676 1141 'l‘yri
3694 1091 3710 1124 :

2129 1152 2316 1208 Dixisti
2334 1196 2348 1219 ,
2382 1155 2513 1211 Deus
2549 1173 2663 1210 sum
2688 1173 2707 1210 :
2733 1173 2784 1211 es
2815 1167 2980 1212 autem
3010 1159 3158 1213 homo
3178 1199 3192 1224 ,
3219 1171 3264 1213 et
3305 1179 3401 1214 non
3433 1161 3582 1215 Deus.
3612 1162 3710 1219 Cui

2127 1244 2288 1298 etiam
2309 1245 2502 1299 dicitur
2524 1264 2537 1300 :
2567 1245 2828 1316 Numquid
2851 1258 2904 1300 tu
2923 1249 3100 1302 melior
3118 1266 3267 1318 quam
3293 1251 3470 1305 Daniel
3494 1251 3708 1324 (Bacch.

2132 1349 2300 1388 xxmt
2322 1376 2336 1400 ,
2364 1335 2522 1406 2-9)?
2556 1336 2847 1392 Confitetur
2875 1339 3016 1393 enim
3049 1340 3232 1394 Daniel
3264 1358 3474 1409 peccata
3503 1358 3627 1406 sua,
3655 1354 3712 1400 et

2131 1440 2342 1494 peccata
2372 1429 2549 1496 populi
2573 1429 2652 1483 sui
2683 1429 2842 1498 (Dan.
2873 1445 2945 1494 Ix,
2970 1429 3066 1500 9.0)
3093 1449 3104 1484 :
3132 1433 3214 1486 isti
3239 1444 3416 1488 autem
3441 1437 3712 1504 pertinen-

2130 1526 2212 1571 tes
2234 1519 2300 1572 ad
2330 1521 2620 1589 principem
2649 1521 2808 1592 Tyri,
2840 1521 2960 1576 ideo
2995 1538 3052 1576 se
3081 1523 3264 1578 dicunt
3296 1535 3510 1582 orantes
3537 1529 3710 1583 audiri

2130 1624 2224 1678 pro
2258 1615 2486 1680 peccatis
2515 1614 2711 1682 pepuli,
2746 1616 2866 1684 quia
2897 1615 2994 1684 ipsi
3025 1619 3140 1672 sine
3167 1629 3384 1687 peccato
3411 1630 3550 1674 sunt.
3592 1621 3711 1676 Me-

2127 1700 2234 1754 rito
2269 1700 2464 1757 dicitur
2501 1704 2723 1774 principi
2751 1705 2906 1776 Tyri.
2948 1705 3214 1777 Numquid
3251 1717 3304 1760 tu
3344 1711 3521 1764 metior
3557 1728 3710 1772 quam

2128 1789 2353 1846 Daniel?
2375 1794 2508 1849 Ecce
2531 1810 2628 1850 nos
2649 1810 2928 1865 possumus
2945 1797 3181 1852 invenire
3197 1799 3391 1869 aliquid
3415 1803 3708 1870 preprium,

2126 1894 2180 1939 et
2205 1884 2308 1940 hoc
2333 1887 2528 1942 malum
2558 1888 2847 1942 maximum
2875 1904 2904 1941 a
2930 1891 3102 1958 capite
3127 1889 3338 1955 Africae,
3371 1892 3419 1945 id
3447 1901 3548 1957 est,
3576 1894 3711 1948 Car-

2129 1972 2340 2045 thagiue
2369 1986 2634 2031 exortum.
2664 1977 2871 2033 Nor-unt
2907 1979 3046 2034 enim
3095 1979 3339 2035 homines
3377 1998 3533 2051 quam
3575 1999 3712 2038 con-

2127 2075 2377 2135 grueuter
2397 2067 2567 2137 Tyrus
2587 2083 2682 2136 pro
2696 2067 3015 2140 Carthagine
3035 2071 3309 2139 accipitur.
3330 2082 3384 2127 et
3405 2082 3578 2128 tamen
3601 2089 3710 2130 non

2128 2156 2332 2225 agimus
2359 2157 2582 2223 talibus;
2617 2158 2856 2215 fortassis
2882 2161 3026 2215 enim
3056 2161 3249 2230 aliquid
3281 2163 3419 2218 aliud
3448 2164 3712 2234 signiticet

2129 2247 2302 2319 Tyrus
2331 2268 2344 2303 :
2373 2260 2570 2320 quanto
2595 2253 2764 2320 magis
2790 2253 3059 2320 meridies,
3087 2268 3209 2308 cum
3238 2263 3292 2309 et
3318 2255 3429 2324 ipsa
3458 2257 3615 2311 verba
3639 2257 3709 2312 ad

2128 2339 2288 2394 alium
2318 2353 2508 2410 cogant
2542 2343 2904 2397 intellectum?

2199 2433 2289 2488 43.
2331 2432 2436 2487 Sed
2463 2449 2621 2504 quam
2644 2435 2660 2466 ί
2692 2449 2797 2489 non
2829 2437 3200 2506 permittuntur
3240 2439 3427 2493 saltem
3467 2455 3712 2509 qumrcro

2129 2525 2325 2594 aliquid
2353 2540 2459 2596 quo
2497 2527 2724 2595 probent
2758 2543 2879 2584 esse
2918 2529 3257 2598 praedictum,
3285 2531 3651 2588 deficientibus
3673 2549 3710 2588 a

2133 2613 2236 2668 fide
2261 2613 2546 2670 christiana
2575 2619 2782 2672 caneris
2811 2621 3074 2688 gentibus,
3106 2621 3156 2674 in
3184 2622 3294 2675 sola
3321 2622 3493 2677 Africa
3524 2623 3713 2678 Eccle-

2131 2708 2262 2762 siam
2289 2724 2660 2765 remansuram
2691 2727 2704 2766 :
2735 2713 3011 2766 attendant
3040 2713 3166 2767 illud
3201 2715 3339 2783 quod
3377 2730 3518 2785 saepe
3554 2732 3709 2771 cont-

2133 2800 2458 2866 memoravi,
2492 2811 2714 2871 utraque
2750 2817 2992 2858 crescere
3035 2819 3202 2874 usque
3242 2805 3307 2858 ad
3353 2820 3612 2870 messem,
3651 2817 3712 2862 et

2131 2903 2314 2957 agrum
2353 2905 2472 2945 esse
2511 2893 2794 2958 mundum,
2827 2909 3055 2949 messem
3097 2897 3254 2950 tinem
3285 2897 3460 2950 sa-culi
3489 2895 3709 2965 (.llatth.

2135 2995 2260 3047 stu,
2289 2981 2377 3048 5t),
2407 2983 2496 3048 38,
2528 2983 2620 3053 59)
2639 3025 2654 3048 ,
2686 2998 2791 3038 non
2822 2986 3004 3052 nobis,
3035 2986 3127 3040 sed
3158 2988 3272 3056 ipso
3299 2988 3518 3042 Domino
3544 2989 3717 3042 inter-

2135 3084 2375 3142 pretante
2407 3077 2706 3144 parabolam
2738 3092 2906 3132 suam.
2955 3080 3048 3134 Est
3093 3090 3148 3134 ct
3187 3082 3327 3136 aliud
3369 3083 3712 3138 evidentissi-

2133 3181 2307 3229 mum.
2347 3165 2490 3235 quod
2528 3167 2606 3221 eis
2653 3170 2872 3222 omnino
2917 3169 3122 3225 auferat
3169 3173 3398 3227 laborem
3436 3172 3718 3242 quaerendi

2134 3259 2272 3312 unde
2296 3259 2520 3328 probent
2541 3259 2832 3316 Ecclesium
2855 3261 3055 3316 mundo
3079 3263 3285 3332 perdito
3304 3263 3368 3316 ad
3391 3263 3533 3318 solos
3553 3261 3719 3318 Afros

2134 3349 2420 3404 redactam.
2455 3349 2636 3404 Potest
2663 3352 2804 3406 enim
2835 3351 3030 3421 aliquid
3059 3367 3211 3417 esse,
3239 3362 3293 3407 et
3319 3369 3423 3407 non
3451 3354 3672 3408 inreniri
3697 3371 3717 3406 :

2137 3456 2238 3491 non
2267 3454 2385 3494 esse
2410 3451 2609 3504 autem,
2637 3451 2691 3496 et
2716 3442 2960 3507 inveniri,
2993 3459 3094 3495 non
3128 3453 3318 3511 potest.
3351 3445 3601 3499 Desinant
3622 3459 3722 3499 er-

2135 3550 2200 3598 go
2239 3549 2480 3602 quaerere
2522 3534 2663 3603 quod
2703 3534 2939 3588 invenire
2979 3551 3081 3588 non
3130 3545 3405 3603 poterunt,
3450 3554 3554 3592 non
3590 3539 3724 3608 quia

2136 3623 2396 3675 occultum
2419 3631 2520 3686 est,
2545 3622 2637 3675 sed
2663 3624 2782 3692 quia
2811 3639 2913 3684 non
2937 3631 3036 3677 est.
3066 3624 3199 3678 Sunt
3219 3626 3363 3678 enim
3385 3627 3561 3681 adhuc
3583 3644 3728 3682 nou-

2139 3714 2294 3767 nulla:
2319 3723 2505 3782 gentes
2530 3712 2580 3765 in
2609 3713 2798 3781 quibus
2826 3713 3057 3766 nondum
3090 3725 3169 3767 est
3198 3715 3539 3783 Erangelium
3575 3733 3729 3786 prm-

2137 3803 2402 3868 dicatum;
2434 3817 2652 3856 necesse
2689 3811 2770 3857 est
2811 3812 2986 3858 autem
3026 3805 3231 3874 impleri
3272 3806 3449 3860 omnia
3493 3823 3614 3874 qua}
3649 3808 3730 3862 de

2137 3892 2350 3946 Christo
2375 3901 2426 3946 et
2452 3892 2686 3946 Ecclesia
2720 3893 2966 3962 pra-dicta
2997 3906 3158 3948 sunt:
3191 3905 3398 3965 oportet
3434 3912 3561 3966 ergo
3587 3909 3641 3951 et
3666 3899 3730 3952 in

2139 3984 2218 4038 eis
2250 3983 2518 4049 prardicari
2547 3987 2587 4036 ³.

2211 4076 2434 4130 CAPUT
2473 4075 2608 4128 XVII
2635 4074 2732 4147 (a).
2754 4077 3109 4142 —Qnomodo
3134 4094 3260 4148 ergo
3286 4079 3368 4133 isti
3393 4079 3572 4133 dicunt
3606 4080 3728 4148 jam

2139 4183 2257 4222 esse
2275 4167 2596 4237 completum
2619 4170 2757 4238 quod
2785 4170 3036 4224 Dominus
3053 4172 3144 4236 ait,
3169 4172 3435 4241 praedicari
3453 4174 3503 4226 in
3522 4175 3734 4228 nomine

2142 4264 2249 4332 ejus
2289 4263 2623 4332 pamitentiam
2659 4273 2704 4315 ct
2741 4263 3080 4317 remissionem
3115 4275 3432 4334 peccatorum
3471 4267 3522 4318 in
3551 4282 3731 4319 onmcs

2142 4364 2329 4423 gentes,
2355 4354 2702 4422 incipientibus
2725 4353 2786 4404 ab
2810 4352 3094 4407 Jerusalem
3121 4354 3265 4424 (Luc.
3296 4371 3443 4421 xxtv,
3473 4357 3563 4423 4-7)
3590 4375 3601 4409 :
3625 4357 3728 4410 sed

2145 4454 2328 4511 postea
2351 4443 2559 4497 eacteris
2593 4441 2994 4508 deficientibus,
3037 4445 3204 4498 solam
3243 4445 3452 4499 Christo
3490 4446 3728 4500 Afr-iram

2145 4533 2497 4595 remansisse;
2530 4547 2650 4585 cum
2694 4531 2865 4585 adhuc
2913 4532 3038 4587 illud
3087 4533 3412 4603 implendum
3456 4535 3551 4598 sit,
3585 4550 3730 4588 non-

2145 4622 2269 4676 dum
2298 4621 2570 4690 impletum
2599 4621 2703 4674 sit?
2733 4621 2865 4675 Cum
2896 4632 3072 4676 autem
3115 4623 3385 4692 impletum
3419 4623 3605 4684 fuerit,
3635 4638 3737 4677 ve-

2148 4712 2257 4766 nict
2283 4712 2422 4765 finis.
2451 4712 2538 4766 Sic
2563 4712 2704 4766 enim
2737 4712 2991 4767 Dominus
3015 4714 3089 4766 ait
3119 4730 3130 4766 :
3161 4713 3228 4767 Et
3253 4715 3604 4782 prwdicabitur
3631 4716 3736 4768 hoc

2152 4803 2476 4873 Evangelium
2502 4803 2715 4873 regniin
2742 4802 2969 4856 universo
2998 4804 3141 4868 orbe,
3171 4805 3221 4856 in
3258 4806 3587 4860 testimonium
3617 4822 3738 4858 om-

2147 4896 2292 4948 nibus
2331 4893 2557 4965 gentibus
2576 4909 2604 4955 ;—
2623 4901 2669 4946 et
2701 4902 2819 4945 tunc
2848 4894 3006 4946 reniet
3035 4894 3152 4960 linis
3191 4893 3383 4962 (Matth
3439 4911 3582 4960 xxtv,
3615 4896 3732 4964 14).

2149 4985 2426 5054 Quomodo
2460 5000 2614 5055 ergo,
2660 5001 2778 5039 cum
2821 4985 3102 5053 adimpleta
3149 4994 3294 5040 esset
3332 4986 3460 5041 lidcs
3491 4988 3736 5041 omnium

2149 5080 2412 5150 gentium,
2446 5088 2570 5132 tunc
2605 5078 2831 5147 perditio
2858 5079 3094 5147 gentium
3120 5089 3340 5148 excepta
3364 5079 3538 5133 Africa
3558 5120 3572 5144 ,
3601 5095 3735 5133 con-

2151 5180 2330 5226 secuta
2358 5170 2475 5224 est?
2516 5169 2951 5240 Quandoquidem
2995 5171 3105 5240 ipsa
3149 5171 3279 5226 fides
3321 5172 3555 5226 omnium
3599 5188 3741 5240 gen-

2153 5263 2280 5316 tium
2311 5261 2543 5314 nondum
2574 5261 2857 5330 adimplcta
2885 5269 2986 5316 est.

2223 5354 2311 5407 41.
2333 5352 2440 5406 Nisi
2461 5353 2594 5406 forte
2607 5352 2706 5405 hoc
2719 5351 3168 5406 restathomiuum
3191 5353 3428 5416 insanim,
3453 5363 3508 5408 ut
3529 5354 3740 5420 dicant,

2155 5459 2258 5499 non
2289 5460 2353 5497 ex
2384 5443 2487 5497 illis
2531 5443 2803 5507 Ecclesiis,
2827 5458 2944 5513 quze
2971 5443 3199 5497 fundata:
3216 5453 3337 5498 sunt
3357 5462 3447 5513 per
3462 5447 3762 5514 Apostolo-

2221 5579 2236 5608 1
2258 5576 2496 5640 ttrliti,_sed
2512 5577 3026 5640 qrmmviet‘nncinnius
3035 5577 3347 5627 Floriacensis
3360 5585 3461 5634 δίδη
3476 5579 3562 5628 scd
3574 5591 3723 5640 quam
3734 5619 3746 5630 .

2215 5643 2233 5670 ³
2250 5646 2371 5702 rost,
2387 5638 2434 5687 in
2450 5638 2813 5702 eis'prredicuri,
2829 5641 3068 5689 addebant
3081 5641 3215 5699 editi,
3229 5643 3354 5702 quod
3371 5654 3478 5690 cum
3490 5639 3749 5702 impletus:

2153 5699 2297 5764 fuerit
2313 5737 2324 5754 ,
2351 5705 2461 5764 tunc
2483 5698 2572 5750 erit
2597 5698 2737 5764 finis;
2757 5715 2865 5764 qam
2891 5705 3036 5751 verba
3058 5703 3148 5752 hoc
3173 5698 3273 5752 loco
3293 5706 3466 5753 absunt
3488 5715 3514 5752 a
3536 5698 3641 5752 uss.

2222 5765 2293 5824 (ιε)
2328 5760 2462 5823 Olim,
2487 5760 2603 5824 cap.
2623 5763 2693 5812 l5.
