4024 6194
332 362 436 419 ωδ

1221 373 1388 415 vatco
1426 357 1513 413 DE
1552 355 1849 413 UNii'ATE
1891 354 2243 412 ECCLESHJ
2282 357 2485 415 LIBER
2524 357 2729 416 UNUS.

330 492 451 529 rum
466 472 695 536 .abores,
714 470 991 541 adimpleri
1006 469 1436 542 praedicationem
1456 469 1727 540 Evangelii
1745 469 1795 522 in
1814 483 1927 521 om-

331 565 491 619 nibus
506 564 773 634 gentibus.
788 562 882 617 scd
898 562 1000 617 illis
1029 559 1398 631 pereuntibus,
1426 573 1610 613 earum
1641 557 1927 627 reparatio-

329 672 454 710 nem
481 672 546 711 es
566 654 742 709 Africr
786 656 1012 708 futuram
1037 668 1132 722 per
1149 660 1355 724 partem
1376 651 1585 716 Donati,
1612 658 1664 705 et
1699 649 1927 713 residua-

3516 357 3617 412 4‘26

2035 490 2146 553 stis,
2178 492 2446 545 anathema
2469 494 2532 545 sit
2564 493 2771 561 (Galnt.
2803 511 2835 555 l,
2874 492 2962 562 9).

2105 584 2327 640 CAPUT
2348 585 2513 640 XVIII
2535 587 2631 658 (a).
2650 619 2721 628 —
2734 589 2820 643 46.
2840 587 3105 656 Quoniam
3131 592 3287 659 Igitur
3309 590 3360 644 in
3378 588 3611 659 Scriptu-

2034 673 2107 727 ris
2123 676 2319 729 sanctis
2334 676 2567 732 Ecclesia
2587 678 2860 736 manifeste
2878 681 3236 750 cognoscitur,
3262 683 3519 751 incipiens
3546 683 3613 736 ab

330 760 452 799 rum
475 745 711 814 gentium
728 744 1154 813 acquisitionem.
1180 740 1466 838 Putoquod
1489 740 1769 838 ipsi-etiam
1790 740 1927 838 ride-
2028 761 2344 831 Jerusalem,
2368 776 2422 821 et
2444 783 2541 836 per
2564 768 2699 824 alias
2724 779 2909 838 gemes
2935 740 3204 832 graecus.
3223 740 3403 827 'done'c
3424 789 3611 828 omnes

325 845 583 903 ant,cnm
615 837 714 891 hoc
738 836 991 889 audiunt:
1013 844 1067 889 et
1092 842 1267 889 tamen
1291 833 1392 888 nisi
1423 832 1525 888 hoc
1553 833 1753 898 dicant,
1782 831 1921 899 quod

325 928 652 983 erubescunt
664 928 709 981 si
724 927 907 980 dicant
921 926 961 989 ί,
977 941 1082 979 non
1102 923 1303 979 habent
1315 923 1534 978 omnino
1552 922 1695 992 quod
1720 922 1917 975 dicant.

324 1018 433 1073 Sed
455 1016 584 1086 quid
604 1016 668 1070 ad
696 1015 1056 1086 nosiNemini
1086 1012 1407 1068 invidemus.
1438 1012 1550 1067 Hoc
1570 1012 1723 1067 nobis
1744 1012 1921 1081 legant

323 1109 396 1165 de
415 1107 708 1177 Scripturis
723 1107 940 1172 sanctis,
963 1117 1016 1160 et
1031 1104 1298 1160 credimus
1320 1122 1331 1157 :
1353 1102 1474 1170 hoc,
1504 1103 1738 1172 inquam,
1763 1103 1915 1157 nobis

324 1215 393 1254 ex
422 1213 630 1254 canone
657 1197 957 1251 divinorum
985 1194 1269 1249 Librorum
1299 1194 1477 1264 legant
1498 1233 1514 1259 ,
1544 1201 1621 1247 tot
1645 1192 1912 1261 civitates,

323 1305 445 1359 qua:
474 1304 644 1357 usque
668 1287 732 1341 ad
761 1286 1076 1340 hodiernum
1104 1284 1242 1338 diem
1283 1284 1610 1351 Baptismum
1639 1299 1737 1353 per
1764 1285 1912 1353 Apo-

324 1381 491 1433 stolus
521 1377 623 1432 sibi
647 1377 1016 1446 consignatum
1047 1376 1067 1406 ²
1098 1382 1386 1429 tenuerunt
1417 1381 1633 1443 prepter
1662 1373 1911 1429 Afrorum

321 1471 424 1524 sibi
449 1468 716 1538 incognita
744 1467 965 1522 crimina
991 1466 1213 1536 periisse
1239 1480 1268 1519 a
1296 1464 1399 1520 ﬁde
1419 1465 1638 1531 Christi,
1662 1475 1717 1520 et
1733 1465 1912 1520 denuo

322 1559 669 1630 baptizandus
695 1572 815 1613 esse
856 1573 886 1611 a
918 1566 1070 1627 parte
1109 1556 1300 1639 [leuati
1322 1596 1337 1620 ,
1370 1565 1528 1627 atque
1553 1556 1677 1611 inde
1700 1555 1910 1613 caeteris

319 1653 615 1724 gentibus,
668 1666 789 1721 qua:
843 1650 1080 1705 nondum
1138 1648 1458 1715 audierunt,
1512 1647 1908 1718 praedicandum

321 1743 690 1814 Evangelium.
722 1742 833 1797 Hoc
859 1741 1012 1797 nobis
1044 1742 1257 1811 legam:
1291 1740 1416 1807 quid
1445 1738 1756 1794 morantur?
1782 1739 1909 1809 quid

320 1832 774 1905 tergivetsantur?
793 1830 920 1902 quid
948 1831 1243 1901 impediunt
1266 1830 1489 1885 salutem
1514 1830 1786 1900 gentium?
1808 1830 1909 1887 Le-

317 1934 448 1994 gant
470 1927 569 1979 hoc
592 1964 606 1986 ,
638 1933 830 1979 etcum
853 1924 965 1993 ipsa
983 1923 1211 1978 lectione
1232 1937 1395 1977 novos
1409 1923 1679 1992 apostolos
1697 1925 1907 1981 mittant

316 2019 390 2074 ad
408 2028 484 2073 tot
500 2027 685 2088 gentes
707 2016 1110 2086 rebaptizandas
1128 2027 1181 2071 et
1199 2015 1264 2072 ad
1284 2014 1523 2071 residuas
1542 2014 1905 2085 baptizandus.

391 2109 483 2162 45.
518 2107 623 2163 Sed
656 2108 811 2177 plane
837 2106 1083 2173 videant,
1115 2120 1234 2161 cum
1274 2104 1340 2159 ad
1370 2104 1716 2161 Colossenses
1738 2120 1904 2160 vene-

314 2200 429 2255 rint
449 2241 465 2266 ,
495 2201 764 2271 quomodo
790 2200 859 2254 ibi
888 2200 972 2265 vel
1000 2201 1181 2270 legant
1205 2198 1287 2253 vel
1317 2197 1536 2253 audiant.
1557 2198 1623 2253 ad
1653 2212 1747 2252 eos
1774 2198 1903 2267 Epi-

313 2292 510 2346 stulam
533 2291 733 2355 datam,
763 2290 850 2345 ubi
879 2291 958 2345 eis
983 2290 1111 2345 dicit
1134 2289 1455 2358 Apostolus:
1477 2286 1682 2342 Gratias
1705 2288 1903 2357 agimus

317 2383 431 2437 Deo
456 2383 601 2438 Patri
625 2384 834 2437 Domini
862 2383 1020 2436 nostri
1043 2381 1077 2435 J
1083 2398 1172 2435 esu
1195 2379 1401 2446 Christi,
1432 2396 1625 2450 semper
1651 2396 1743 2450 pro
1766 2378 1904 2435 vobis

310 2475 685 2544 deprecantes;
716 2473 974 2526 audientes
1002 2471 1153 2539 ﬁdem
1191 2479 1402 2525 vestram
1430 2471 1482 2523 in
1508 2468 1707 2524 Christo
1739 2468 1895 2534 Iesu,

308 2577 360 2620 et
392 2567 715 2620 dilectionem
739 2581 892 2635 quam
921 2562 1109 2617 habetis
1137 2564 1189 2616 in
1227 2577 1396 2616 omnes
1433 2570 1632 2616 sanctos
1652 2602 1668 2625 ,
1700 2570 1905 2630 propter

307 2674 459 2726 spem
480 2672 597 2725 ante
614 2656 833 2725 reposita
858 2662 928 2708 est
951 2653 1086 2707 vobis
1113 2654 1164 2706 in
1185 2652 1321 2707 castis
1342 2667 1362 2715 ,'
1383 2668 1533 2722 quam
1553 2661 1670 2705 ante
1693 2651 1906 2707 audistis

309 2748 368 2802 in
399 2748 544 2800 verba
572 2748 792 2800 veritatis
822 2745 1115 2816 Evangelii,
1144 2744 1281 2817 quod
1320 2746 1539 2815 pervenit
1564 2744 1617 2798 in
1645 2758 1750 2809 vos,
1778 2743 1908 2798 sicut

312 2839 372 2890 in
411 2837 548 2890 omni
573 2836 761 2889 mundo
787 2846 856 2890 est
886 2836 1200 2906 fructiﬁcans
1238 2844 1288 2887 et
1325 2850 1583 2900 crescens,
1614 2834 1744 2888 sicut
1778 2842 1826 2887 et
1851 2834 1905 2895 in

314 2928 457 2983 vobis
480 2945 543 2983 ex
582 2944 683 3000 qua
710 2929 793 2981 die
826 2927 1039 2982 audistis
1076 2936 1123 2981 ct
1151 2925 1449 2997 cognovisti:
1476 2926 1691 2995 gratiam
1725 2923 1821 2979 Dei
1850 2925 1904 2983 in

315 3020 525 3074 veritate
554 3018 771 3090 (Coloss.
801 3034 839 3081 ι,
881 3017 980 3072 5-6
998 3018 1036 3086 ).
1064 3016 1187 3071 Haec
1214 3017 1357 3070 enim
1392 3015 1552 3070 verba
1579 3014 1906 3073 conveniunt

313 3126 443 3165 cum
490 3110 811 3180 Evangelio,
844 3107 931 3163 ubi
976 3107 1176 3163 dictum
1215 3116 1318 3182 est,
1364 3107 1547 3163 Simile
1583 3117 1655 3162 est
1692 3124 1905 3180 regnum

314 3202 561 3255 caelorum
585 3200 777 3253 homini
816 3199 1086 3254 seminanti
1124 3199 1309 3254 bonum
1345 3215 1514 3255 semen
1553 3200 1609 3253 in
1637 3216 1762 3271 agro
1788 3216 1901 3256 sua.

316 3292 397 3347 Et
414 3302 594 3363 postea
611 3293 895 3362 exponitur
916 3306 1043 3361 ager
1061 3306 1180 3347 esse
1206 3290 1296 3346 hic
1320 3290 1570 3346 mundus.
1592 3290 1742 3347 Sicut
1760 3292 1904 3348 enim

315 3385 447 3448 hoc,
474 3399 543 3437 ex
588 3399 691 3453 quo
720 3383 1038 3438 seminalum
1069 3391 1152 3437 est
1172 3423 1187 3446 ,
1215 3397 1458 3438 crescere
1488 3382 1798 3452 praedictum
1823 3393 1908 3439 est

314 3490 492 3544 usque
519 3473 586 3528 ad
616 3488 847 3555 messem
888 3490 901 3527 :
940 3473 1011 3527 ita
1054 3481 1112 3528 et
1138 3473 1428 3542 Apostolus
1468 3472 1636 3538 dicit,
1676 3472 1730 3527 in
1768 3474 1907 3528 omni

310 3566 514 3619 mundo
540 3564 851 3636 fructiﬁcans
879 3574 925 3618 et
954 3580 1201 3631 crescens,
1231 3565 1359 3619 sicut
1388 3572 1434 3617 et
1471 3564 1525 3617 in
1554 3562 1691 3618 vobis
1720 3579 1783 3618 ea:
1804 3580 1907 3635 qua

310 3657 409 3711 die
426 3656 657 3710 audistis.
684 3657 887 3711 Crescit
910 3665 1089 3711 autem
1116 3671 1284 3726 usque
1311 3656 1362 3709 in
1387 3654 1571 3722 tinem,
1594 3657 1718 3725 quia
1736 3671 1906 3727 usque

311 3746 392 3801 ad
424 3762 670 3801 messem.
700 3746 883 3802 Messis
917 3746 1059 3802 enim
1095 3756 1171 3801 est
1194 3747 1313 3815 ﬁnis
1337 3748 1509 3802 siccati
1538 3747 1759 3819 (Matth.
1788 3764 1902 3814 stu,

312 3836 415 3897 24,
442 3836 531 3903 50,
559 3836 649 3902 58,
679 3836 803 3908 59).
838 3837 1029 3892 Dicent
1052 3851 1181 3907 ergo
1206 3851 1312 3891 non
1339 3837 1511 3891 solum
1536 3836 1900 3903 Colossenses,

310 3927 393 3983 ad
419 3944 550 3997 quos
574 3929 695 3983 data
721 3938 804 3983 est
825 3969 839 3993 ,
869 3928 961 3984 sed
989 3930 1149 3983 etiam
1187 3928 1365 3983 caeteri
1393 3942 1581 3984 omnes
1609 3930 1748 3998 apud
1772 3943 1907 3998 quos

312 4020 518 4089 legitur
547 4020 661 4076 lucc
701 4020 979 4090 Epistula,
1030 4020 1117 4074 ubi
1167 4035 1264 4090 per
1308 4018 1631 4089 apostolicos
1674 4018 1906 4075 Litteras

310 4121 532 4166 OOIISlal
557 4113 753 4167 bonum
799 4128 984 4167 semen
1015 4126 1135 4168 esse
1178 4112 1498 4167 seminattun
1523 4153 1539 4176 ,
1567 4120 1621 4167 et
1640 4111 1751 4181 jam
1781 4119 1908 4166 tunc

313 4215 568 4256 crescere
604 4212 660 4256 et
688 4203 1009 4257 fructiﬁcare
1046 4202 1277 4271 cuspis-se
1310 4220 1323 4255 :
1356 4200 1494 4268 Quid
1523 4201 1680 4256 nobis
1705 4200 1908 4257 all'ertis

314 4294 483 4348 novi?
502 4292 766 4363 Numquid
784 4294 973 4348 iterum
992 4292 1364 4350 seminandum
1381 4302 1463 4347 est
1482 4293 1679 4348 bonum
1698 4307 1902 4359 semen,

312 4384 537 4453 quando
557 4400 621 4440 ex
648 4400 755 4454 quo
780 4385 1097 4439 semiustum
1125 4392 1229 4452 est,
1258 4383 1454 4439 crescit
1478 4398 1647 4454 usque
1672 4383 1739 4438 ad
1766 4398 1909 4439 mest-

313 4475 474 4530 wn]?
516 4475 569 4529 Si
598 4475 773 4529 dicitis
804 4475 1027 4545 periisse
1070 4475 1124 4529 in
1171 4475 1274 4530 illis
1318 4474 1450 4530 locis
1477 4474 1619 4545 quod
1668 4483 1785 4530 erat
1813 4490 1908 4545 per

315 4567 609 4633 Apostolus
648 4566 989 4634 semiustum,
1020 4574 1075 4620 et
1095 4565 1218 4621 ideo
1257 4580 1379 4621 esse
1414 4580 1603 4621 rursus
1630 4581 1701 4620 ex
1731 4566 1906 4622 Africa

316 4659 731 4723 seininandum;
774 4658 1221 4727 respondebitur,
1268 4658 1451 4727 Legite
1492 4657 1647 4713 nobis
1699 4657 1798 4712 hoc
1841 4673 1907 4713 ex

314 4747 518 4803 divinis
545 4749 777 4804 oraculis
803 4765 817 4800 :
847 4748 991 4818 quod
1025 4746 1262 4817 profecto
1296 4747 1475 4817 legere
1516 4761 1623 4801 non
1653 4746 1906 4815 potestis,

314 4839 428 4894 nisi
450 4840 594 4908 prius
617 4840 962 4895 ostenderitis
988 4838 1176 4893 falsum
1203 4851 1325 4894 esse
1350 4837 1493 4907 quod
1522 4836 1776 4907 scriptum
1803 4846 1905 4905 est,

310 4944 507 4984 semen
526 4930 630 4984 illic
641 4938 767 4986 ante
778 4930 1093 4987 seminatum
1109 4944 1330 4984 crescere
1343 4944 1498 4997 usque
1511 4926 1579 4982 ad
1596 4943 1820 4982 messem.
1842 4927 1912 4983 Et

311 5020 449 5091 quia
468 5021 614 5075 nullo
636 5031 789 5089 pacto
808 5019 908 5076 sibi
930 5020 1106 5075 divina
1126 5018 1333 5089 eloquia
1357 5017 1745 5082 contradicunt,
1766 5018 1910 5072 nullo

312 5110 487 5166 modo
497 5112 550 5166 in
564 5111 959 5176 eisinvenietis,
973 5111 1115 5182 quod
1130 5119 1314 5167 contra
1334 5110 1436 5165 boc
1450 5118 1557 5166 tam
1571 5110 1910 5168 manifeStum

310 5202 553 5258 recitare
576 5202 811 5271 possitis.
836 5203 1021 5258 Restat
1047 5216 1176 5273 ergo
1203 5212 1260 5256 ut
1288 5217 1395 5259 non
1425 5216 1489 5256 es
1516 5202 1713 5259 divinis
1738 5203 1907 5268 libris,

309 5294 419 5349 sed
431 5311 497 5350 ex
511 5296 661 5351 vobis
672 5296 770 5352 ista
783 5295 991 5350 dicatis.
1010 5293 1238 5351 Proinde
1253 5293 1562 5365 dignissime
1572 5294 1911 5365 respondebi-

312 5396 430 5450 tur,
456 5386 754 5442 Anathetna
780 5386 912 5441 silis.
943 5385 1150 5442 Tenent
1173 5385 1317 5445 enim
1345 5385 1599 5443 Ecclesiae
1620 5386 1912 5456 apostolico

317 5476 515 5533 labore
534 5478 786 5542 fundatae,
816 5493 938 5533 cum
963 5486 1157 5548 quanta
1179 5492 1305 5533 cura
1325 5477 1427 5533 sibi
1455 5477 1767 5548 prndictum
1796 5479 1869 5534 sit
1895 5495 1909 5532 :

319 5566 398 5623 Si
424 5569 534 5637 quis
568 5569 703 5622 vobis
728 5568 1141 5640 euangelizaverit
1180 5578 1511 5639 praterquam
1550 5567 1684 5641 quod
1710 5568 1912 5639 accepi-

453 5720 612 5781 Abest,
634 5720 677 5771 si
700 5720 880 5781 dicunt,
902 5732 930 5771 a
953 5726 1060 5772 Mss.

403 5776 426 5814 ⁸
446 5786 496 5831 tn
518 5776 640 5843 uss"
660 5782 751 5834 sibi
772 5776 1020 5833 traditum.

627 5875 898 5935 PATROL.
934 5875 1160 5936 xun.
1186 5850 1209 5861 ’

2027 864 2251 923 occupet
2292 872 2459 925 usque
2489 859 2541 912 in
2571 859 2727 913 tinem
2758 860 2938 915 saeculi
2963 902 2977 925 ,
3009 876 3115 916 non
3147 873 3323 918 autem
3354 863 3466 918 sola
3498 864 3607 918 l‘ru-

2026 954 2203 999 menta
2229 986 2243 1009 ,
2283 945 2377 1000 sed
2424 956 2478 1001 ct
2521 960 2866 1019 purgamenta
2912 952 3029 1022 ejus
3071 966 3560 1012 commemorantur
3595 974 3608 1011 :

2022 1036 2170 1105 prius
2198 1037 2424 1091 correcti
2454 1039 2841 1096 communicate
2871 1043 3151 1098 frumentis
3176 1086 3188 1107 ,
3224 1054 3278 1100 et
3305 1058 3431 1103 tunc
3455 1048 3605 1103 vide-

2023 1126 2147 1181 bitis
2174 1128 2298 1197 quid
2345 1129 2398 1182 in
2439 1129 2641 1184 zizania
2674 1132 2727 1194 ί,
2757 1132 2844 1186 vel
2888 1134 3090 1202 paleam
3127 1135 3307 1191 dicere
3346 1136 3606 1193 debeatis.

2020 1218 2269 1289 Alioquin
2315 1230 2372 1276 et
2413 1223 2584 1277 malus
2629 1224 2895 1278 bonorum
2942 1226 3189 1281 laudibus
3219 1244 3481 1285 exornare
3508 1274 3523 1296 ,
3555 1242 3606 1287 ct

2018 1308 2190 1364 bonos
2228 1313 2487 1367 malorum
2532 1314 2847 1370 criminibus
2892 1331 3147 1373 accusare
3175 1318 3488 1377 detestando
3513 1340 3607 1378 er-

2018 1413 2141 1455 rore
2168 1401 2440 1470 cogimini.
2479 1402 2683 1472 Nempe
2713 1405 2764 1459 in
2803 1407 3047 1461 manibus
3072 1407 3393 1463 documenta
3423 1425 3602 1480 gesta-

2017 1503 2176 1556 mus,
2227 1491 2420 1560 quibus
2471 1493 2757 1562 probemus
2809 1497 3042 1564 majores
3084 1509 3333 1565 vestros,
3376 1518 3601 1571 quorum

2016 1578 2247 1634 schtsma
2276 1583 2594 1646 sectamini,
2637 1593 2691 1639 et
2732 1587 3142 1655 municipalibus
3186 1590 3365 1645 Gcstis
3393 1604 3606 1648 sanctos

2014 1666 2207 1723 Libros
2231 1669 2443 1740 ignibus
2467 1673 2769 1742 tradidisse,
2795 1684 2849 1730 et
2875 1679 3249 1735 ecclesiasticis
3277 1698 3470 1752 negare
3497 1700 3605 1740 non

2016 1760 2253 1827 potuisse
2276 1800 2292 1827 ,
2319 1763 2645 1834 eosdemque
2692 1765 2835 1821 inter
2869 1767 3078 1836 iudices
3124 1770 3285 1827 fuisse
3331 1774 3449 1829 illos
3472 1817 3488 1842 ,
3519 1779 3608 1847 qui

2013 1849 2155 1920 apud
2202 1851 2580 1925 Carthaginem
2634 1867 2821 1912 contra
2877 1860 3220 1916 Caecilianum
3271 1873 3326 1919 et
3375 1867 3608 1939 collegas

2011 1941 2131 2012 ejus
2168 1943 2420 1999 absentes
2461 1948 2759 2002 sententias
2802 1951 3165 2006 contulerunt.
3210 1954 3413 2025 Nempe
3444 1958 3604 2013 iidem

2012 2030 2265 2101 leguntur
2290 2032 2468 2089 Gestis
2496 2043 2550 2090 et
2575 2038 2990 2108 municipalibus
3018 2050 3073 2096 et
3102 2044 3477 2103 ecclesiasticis
3503 2058 3610 2104 tra-

2010 2120 2212 2179 ditores
2230 2164 2247 2191 ,
2273 2124 2365 2194 qui
2392 2135 2573 2195 postea
2603 2127 2951 2197 proferuntur
2974 2147 3005 2186 a
3030 2133 3186 2189 vobis
3219 2145 3466 2206 tanquam
3499 2150 3607 2195 tra-

2011 2211 2244 2268 diturum
2273 2216 2573 2273 absentium
2607 2219 2969 2280 damnatores.
3013 2224 3220 2295 Nempe
3248 2227 3606 2288 Nundinarius

2009 2304 2155 2361 illius
2174 2310 2428 2378 temporis
2447 2311 2703 2368 diaconus
2722 2322 2918 2383 vester,
2940 2317 3079 2386 apud
3097 2318 3450 2390 Zenophilum
3471 2338 3604 2378 cono

2008 2395 2240 2452 sularem
2257 2414 2446 2456 omnes
2460 2402 2678 2458 Lucilla:
2694 2405 2957 2461 nundinas
2974 2408 3244 2477 patefecit,
3262 2427 3380 2480 quae
3390 2411 3608 2467 damna-

2008 2490 2211 2546 tionem
2231 2493 2501 2550 Cteciliani
2517 2496 2647 2551 emit
2667 2498 2735 2554 ab
2753 2500 3037 2569 episcopis,
3060 2503 3149 2572 qui
3164 2503 3211 2557 ei
3234 2502 3403 2558 iactus
3423 2503 3603 2561 fuerat

2008 2580 2274 2650 inimicus,
2297 2601 2483 2642 verum
2508 2588 2823 2657 praedicans.
2844 2590 3049 2662 Nempe
3069 2594 3169 2663 ipsi
3197 2606 3379 2665 postea
3402 2596 3605 2653 litteras

2006 2671 2075 2726 ad
2096 2673 2476 2742 imperatorem
2501 2678 2910 2737 Constantinum
2939 2682 3202 2739 dederunt
3223 2726 3240 2754 ,
3268 2686 3509 2759 datisque
3536 2689 3604 2743 ab

2009 2772 2097 2824 00,
2111 2760 2248 2815 sicut
2270 2765 2585 2833 petiverant,
2599 2769 3045 2839 disceptatoribus
3065 2769 3333 2845 episc0pis
3349 2794 3458 2833 non
3477 2794 3606 2834 con-

2010 2846 2336 2921 sedserunt,
2366 2858 2693 2929 eosdemque
2736 2864 3074 2931 postmodum
3117 2868 3259 2935 apud
3303 2868 3450 2923 illum
3481 2879 3603 2925 tan-

2009 2958 2169 3014 quam
2196 2946 2405 3016 iniquos
2425 2949 2633 3018 judices
2664 2964 3066 3020 accusaverunt,
3096 2958 3238 3012 etab
3266 2959 3385 3014 aliis
3411 2962 3511 3016 sibi
3535 2963 3602 3017 ad

2009 3037 2282 3091 Arelatum
2309 3038 2450 3093 datis
2477 3041 2543 3095 ad
2575 3042 2747 3111 ipsum
2776 3042 3157 3114 Imperatorem
3179 3051 3602 3123 appellaverunt,

2010 3126 2308 3198 eodemque
2355 3130 2495 3185 inter
2546 3142 2725 3201 partes
2767 3136 3015 3191 audiente
3051 3138 3463 3198 calumniatores
3516 3145 3598 3199 in-

2009 3219 2154 3274 venti
2197 3228 2359 3290 atque
2403 3221 2680 3291 damnati,
2730 3224 2783 3279 in
2831 3226 3019 3283 eadem
3070 3228 3265 3287 furoris
3313 3235 3601 3303 pertinacia

2012 3322 2441 3380 permanserunt.
2466 3312 2669 3383 Nempe
2698 3330 2795 3371 vos
2822 3317 2922 3387 ipsi
2947 3358 2962 3383 ,
2989 3321 3077 3389 qui
3107 3331 3386 3393 propterea
3425 3325 3604 3383 dicitis

2010 3402 2357 3493 christianum
2395 3407 2730 3493 sanctitatem
2775 3408 2843 3465 de
2890 3418 2969 3465 tot
3011 3412 3297 3482 gentibus,
3330 3416 3383 3471 in
3410 3417 3603 3488 quibus

2011 3492 2253 3562 Apostoli
2274 3509 2391 3549 eam
2414 3494 2839 3554 iundatissimam
2863 3501 3215 3572 reliquerunt,
3245 3508 3454 3576 penitus
3481 3524 3603 3566 esse

2014 3582 2269 3645 deletam.
2290 3585 2413 3654 quia
2441 3589 2971 3646 communicaverunt
2992 3593 3071 3648 eis
3090 3636 3104 3658 ,
3131 3611 3264 3665 quos
3298 3598 3454 3654 vestri
3483 3616 3601 3655 ma—

2007 3672 2155 3743 jures
2183 3677 2516 3745 septuaginta
2542 3678 2915 3750 episcoporum
2943 3685 3173 3741 concilio
3197 3686 3599 3760 Carthaginensi

2010 3764 2431 3830 damnaverant;
2461 3782 2640 3822 nonne
2680 3770 2822 3834 illis,
2853 3788 2992 3842 quos
3020 3778 3243 3831 trecenti
3285 3779 3468 3833 decem
3497 3781 3601 3836 Ba-

2010 3856 2213 3926 gaiensi
2261 3856 2493 3911 concilio
2530 3870 2652 3911 cum
2698 3860 3020 3919 Maximiano
3064 3866 3397 3936 damnastis,
3438 3874 3601 3929 modo

2012 3945 2455 4001 communicatis?
2494 3946 2689 4003 Nonne
2712 3949 3067 4011 Prmtextatus
3092 3956 3437 4016 Assuritanus
3461 3972 3514 4017 et
3543 3965 3596 4019 in

2012 4036 2132 4106 ipso
2167 4035 2394 4092 concilio
2422 4035 2707 4095 damnatus
2735 4040 2928 4110 legitur
2951 4081 2968 4108 ,
2998 4051 3053 4097 et
3102 4043 3279 4103 Gestis
3306 4065 3600 4119 proconsu-

2014 4126 2213 4181 laribus
2242 4142 2272 4181 a
2295 4127 2448 4183 vobis
2471 4138 2750 4186 accusatus
2787 4140 2842 4187 et
2867 4145 3234 4206 oppugnatus;
3262 4150 3317 4195 et
3342 4149 3517 4198 tamen
3545 4146 3597 4201 in

2011 4230 2119 4287 quo
2156 4217 2440 4273 damnatus
2484 4230 2632 4286 erat,
2681 4221 2884 4278 honore
2924 4236 3231 4297 susceptus,
3263 4232 3395 4287 etin
3424 4246 3599 4291 vestra

2012 4310 2386 4366 communione
2410 4310 2691 4368 defunctus
2716 4315 2841 4370 est?
2872 4316 3060 4374 Nonne
3089 4320 3386 4381 Felicianus
3412 4326 3596 4384 Musti-

2013 4408 2172 4457 ianus
2194 4402 2387 4457 eodem
2415 4403 2575 4458 modo
2595 4445 2611 4471 ,
2646 4404 2697 4459 in
2728 4406 2913 4463 eadem
2942 4425 3123 4477 causa,
3157 4413 3347 4471 eodem
3372 4420 3600 4476 concilio

2014 4490 2299 4547 damnatus
2315 4491 2383 4547 ab
2403 4493 2692 4564 episcopis,
2716 4510 2999 4556 accusatus
3016 4504 3155 4573 apud
3172 4505 3397 4575 judices,
3415 4520 3597 4581 postea

2016 4589 2264 4650 receptus
2304 4597 2338 4637 a
2379 4583 2573 4651 vobis,
2612 4601 2756 4642 nunc
2791 4589 3067 4646 vobiscum
3109 4597 3391 4667 episcopus
3431 4602 3604 4657 vivit?

1990 4671 2202 4727 .Nonne
2231 4673 2344 4740 illi,
2375 4673 2467 4743 qui
2492 4674 2560 4730 ab
2602 4676 2718 4732 istis
2761 4677 3026 4735 damnatis
3057 4683 3305 4754 baptizati
3349 4699 3513 4757 sunt,
3548 4693 3600 4747 in

2015 4764 2206 4820 eodem
2227 4765 2500 4835 Baptismo
2519 4768 2671 4823 vobis
2692 4770 2853 4826 modo
2876 4778 3305 4834 communicant?
3329 4781 3436 4839 Sed
3458 4786 3603 4842 vide-

2016 4858 2141 4913 licet
2168 4865 2245 4912 tot
2270 4858 2527 4914 Ecclesiae
2555 4863 2927 4919 transmarina
2950 4870 3244 4936 apostolico
3270 4873 3453 4932 labore
3480 4878 3601 4933 fun-

2017 4946 2175 5010 datae,
2203 4948 2249 5002 si
2274 4950 2785 5007 communicaverint
2836 4954 3185 5015 Sacramenta
3204 4977 3324 5018 cum
3351 4966 3446 5030 eis,
3468 4984 3603 5039 quos

2018 5053 2120 5095 nec
2143 5039 2283 5108 apud
2327 5055 2386 5096 se
2411 5042 2432 5072 ²
2468 5052 2745 5099 accusatos
2775 5044 2874 5115 ipsi
2919 5048 3273 5120 damnarunt,
3304 5068 3359 5112 et
3388 5060 3457 5115 ab
3484 5062 3600 5117 aliis

2020 5138 2206 5199 postea
2273 5139 2527 5203 purgatos
2567 5140 2623 5188 et
2690 5134 2965 5193 absolutos
3008 5141 3326 5212 audierunt,
3357 5150 3605 5208 amittunt

2018 5219 2247 5275 salutem
2274 5221 2698 5292 religionemque
2720 5224 3065 5284 cbristianam
3099 5248 3113 5285 :
3148 5249 3270 5303 pars
3297 5248 3472 5294 autem
3501 5242 3608 5297 Do-

2020 5314 2128 5368 nati
2159 5321 2213 5367 et
2248 5312 2464 5369 damnat
2491 5329 2626 5384 quos
2654 5316 2879 5372 voluerit
2903 5361 2918 5386 ,
2948 5330 3004 5375 et
3030 5322 3081 5377 in
3123 5325 3238 5394 ipsa
3263 5327 3606 5389 damnatione

2021 5404 2298 5475 sacrilegia
2341 5404 2649 5467 schismatis
2688 5420 2875 5463 eorum
2922 5412 3001 5468 sic
3040 5428 3358 5489 exaggerat,
3408 5432 3465 5477 ut
3505 5424 3607 5481 illis

2024 5604 2279 5717 coéict-zediti,
2325 5604 2442 5669 quid
2479 5604 2530 5657 in
2563 5606 2647 5681 eis
2687 5608 2889 5662 zizania.
2933 5616 3093 5675 Abest,
3128 5617 3215 5679 eis,
3262 5633 3290 5670 a
3324 5617 3611 5677 t’loriacensi

2295 5733 2374 5775 us.
2399 5729 2594 5795 οηιεμμι,
2619 5732 2832 5795 md...

2093 5787 2166 5849 (a)
2189 5786 2326 5850 olim,
2353 5801 2455 5852 cap.
2488 5790 2560 5840 16.

2778 5876 3189 5961 ίοωιονιεο)
