4066 6200
511 321 613 374 ιῖἹ

509 472 641 526 quos
672 456 818 513 vivos
848 465 985 511 terra
1014 454 1253 517 sorbuit,
1285 466 1595 521 comparare
1624 467 1727 505 non
1760 450 1968 504 dubitet
1993 490 2007 511 .
2037 459 2091 504 et

507 553 586 603 eis
609 562 792 602 rursus
817 562 937 602 cum
968 546 1232 612 voluerit,
1268 544 1318 597 iu
1360 543 1548 597 eodem
1593 545 1796 596 bonore
1827 542 2091 609 susceptis

512 637 894 703 communicat,
922 648 975 692 et
1000 645 1180 692 sancta
1225 645 1383 705 atque
1427 637 1627 705 integra
1676 635 2012 704 perseverat!
2045 633 2089 688 Ο

508 732 685 803 regula
723 730 859 801 juris
903 730 1205 785 Numidici!
1234 744 1267 782 ο
1309 728 1576 798 privilegia
1619 726 1904 796 Vagaitana
1938 725 1990 779 ’Ξ
2022 725 2089 779 Et

510 823 813 893 Baptismus
838 823 1030 879 Christi
1058 821 1367 876 exsufﬂatur
1392 820 1445 872 in
1473 821 1551 873 eis
1572 819 1660 888 qui
1688 835 1806 872 eum
1828 820 1877 872 in
1903 816 2089 872 Eccle-

503 916 597 970 siis
624 915 931 983 apostolicis
978 919 1329 983 perceperunt
1370 928 1382 963 :
1429 910 1480 963 in
1509 910 1586 964 eis
1618 917 1791 962 autem
1821 922 1954 977 quos
1989 907 2085 960 da-

506 1007 665 1059 mnati
689 1004 955 1076 sacrilegi,
985 1005 1124 1058 sicut
1150 1005 1201 1057 in
1249 1001 1533 1071 Bagaitano
1574 1000 1802 1054 concilio
1830 1000 2084 1067 scriptum

499 1107 583 1149 est
606 1138 619 1157 ,
654 1097 1005 1151 Praetextatus
1033 1105 1088 1150 et
1114 1094 1411 1149 Felicianus
1444 1092 1844 1161 baptizaverunt
1866 1130 1880 1155 ,
1915 1089 2087 1158 parci.

502 1197 587 1242 tur
607 1189 880 1257 Baptismo
901 1187 1093 1242 Christi
1116 1203 1129 1250 ;
1159 1202 1263 1239 non
1288 1185 1409 1255 quia
1438 1185 1737 1253 Baptismus
1763 1182 1958 1236 Christi
1982 1190 2083 1246 est,

500 1280 595 1334 sed
625 1279 746 1349 quia
776 1294 872 1348 per
898 1293 990 1333 eos
1027 1277 1182 1331 datus
1208 1284 1321 1341 est,
1352 1276 1438 1345 qui
1476 1291 1505 1327 a
1548 1275 1658 1329 suis
1686 1273 2085 1327 damnatoribus

502 1372 738 1441 episcopi
769 1373 789 1403 ³
816 1369 1087 1434 recedi-re,
1113 1376 1168 1423 et
1208 1367 1273 1423 ad
1316 1381 1441 1421 suos
1483 1365 1824 1420 damnatores
1851 1362 2086 1434 episcopi

504 1462 682 1516 redire
708 1469 1013 1515 meruerunt
1043 1458 1140 1531 (a).

568 1556 657 1607 47.
699 1553 898 1621 Nempe
927 1552 1040 1605 lucc
1064 1550 1271 1613 omnia,
1300 1564 1419 1618 qum
1440 1547 1549 1616 jam
1578 1548 1667 1601 ditt
1692 1560 2080 1611 commemoro,

496 1643 761 1715 regalibus
786 1641 992 1707 litteris,
1025 1650 1078 1695 et
1104 1638 1474 1694 ecclesiasticis
1500 1646 1554 1692 et
1592 1636 2003 1706 municipalibus
2030 1644 2085 1691 et

498 1731 964 1803 proconsularibus
1008 1729 1183 1784 Gestis
1230 1728 1363 1781 facta
1417 1727 1703 1782 recitamus
1747 1744 1759 1779 :
1807 1735 2020 1788 tamen,
2050 1741 2082 1779 o

499 1825 805 1887 Donatistae,
837 1822 883 1875 si
913 1835 1007 1875 vos
1033 1820 1287 1874 teneretis
1314 1818 1604 1873 Ecclesiam
1637 1824 1747 1870 toto
1774 1817 1905 1870 orbe
1928 1814 2083 1870 diﬁ‘u-

496 1930 611 1969 sam
632 1956 648 1980 ,
679 1928 796 1983 quae
822 1910 1263 1967 manifestissimis
1288 1908 1661 1963 canonicarum
1690 1907 2080 1975 Scripturarum

497 2003 814 2060 testimoniis
853 2001 1125 2072 designata
1152 2008 1206 2055 et
1233 2014 1484 2068 expressa
1513 2006 1631 2061 est,
1664 1996 1798 2051 nihil
1826 1996 2080 2053 adversus

493 2111 594 2151 vos
616 2094 791 2151 omnia
832 2094 930 2148 ista
969 2092 1147 2148 valere
1190 2091 1452 2146 deberent
1495 2107 1508 2142 :
1558 2090 1682 2158 quia
1730 2104 1901 2158 neque
1932 2087 2081 2143 vobis

494 2186 661 2256 palea:
692 2184 910 2241 crimina
961 2181 1398 2253 praejudicarent,
1429 2180 1474 2235 si
1515 2194 1611 2235 vos
1657 2180 1707 2234 in
1753 2194 1814 2235 ea
1846 2178 2078 2234 triticum

499 2276 718 2339 essetis;
751 2290 850 2330 nec
875 2274 919 2328 si
946 2289 1040 2329 vos
1069 2273 1257 2328 essetis
1287 2271 1456 2341 palea,
1489 2279 1543 2325 et
1570 2279 1744 2324 vestra
1769 2279 1949 2324 essent
1972 2269 2081 2323 cri-

496 2367 660 2432 mina,
685 2366 858 2421 tritico
884 2364 1167 2420 dominiczn
1191 2363 1385 2432 segetis
1413 2361 1610 2431 aliquid
1640 2360 2077 2431 priejudicaretis,

494 2455 635 2526 quod
659 2457 731 2511 ita
760 2457 813 2511 in
841 2470 968 2526 agro
1010 2453 1220 2509 Domini
1264 2452 1583 2509 seminatum
1627 2460 1743 2515 est,
1778 2459 1834 2505 ut
1873 2458 2080 2506 crescat

498 2564 666 2620 usque
690 2548 755 2603 ad
784 2562 1047 2613 messem;
1076 2547 1127 2601 id
1154 2555 1255 2613 est,
1284 2546 1423 2615 quod
1451 2546 1522 2600 ita
1551 2544 1604 2599 in
1634 2543 1833 2597 mundo
1852 2544 2079 2598 semina-

496 2653 606 2693 tnm
634 2648 737 2703 est,
770 2649 826 2693 ut
855 2646 1065 2695 crescat
1109 2653 1278 2707 usque
1323 2637 1375 2690 in
1420 2635 1579 2691 ﬁnem
1610 2635 1809 2691 szeculi.
1849 2635 1927 2689 Eo
1950 2649 2079 2705 ergo

494 2730 652 2783 modo
677 2730 720 2784 si
751 2729 905 2795 forte,
937 2725 1078 2797 quod
1103 2726 1280 2781 adhuc
1310 2726 1463 2781 nobis
1488 2741 1756 2794 nunquam
1790 2724 2074 2793 probastis,

493 2823 749 2877 adversus
778 2822 983 2891 paleam
1014 2827 1249 2874 nostram
1278 2818 1401 2873 talia
1432 2818 1749 2873 documenta
1777 2816 2035 2887 gereretis
2056 2857 2072 2880 ,

492 2928 591 2967 nos
615 2924 791 2968 autem
835 2910 1094 2966 adversus
1132 2924 1229 2965 vos
1257 2917 1402 2964 tanta
1435 2909 1533 2962 ista
1556 2949 1571 2972 ,
1604 2923 1722 2977 quae
1753 2920 2075 2961 commemo-

490 3005 606 3059 ravi
631 3044 647 3071 ,
675 3018 779 3058 non
808 3003 1128 3057 haberemus
1157 3018 1172 3054 :
1205 3005 1364 3056 etiam
1404 3000 1483 3054 sic
1512 2999 1641 3052 nihil
1670 2997 1947 3052 frumentis
1978 3012 2076 3051 no-

489 3095 614 3147 stris
640 3102 749 3148 toto
778 3092 909 3147 orbe
935 3090 1141 3145 diﬁ'usis
1181 3090 1400 3144 omnino
1426 3088 1797 3158 priejudicaret
1824 3086 2076 3156 quidquid

492 3187 545 3241 in
574 3199 758 3241 eorum
790 3183 1014 3252 paleam,
1044 3180 1286 3252 quamvis
1316 3179 1674 3246 verissimum,
1702 3180 1941 3247 quamvis
1965 3194 2077 3232 ma-

492 3275 945 3340 nifestissimum,
1013 3271 1257 3342 quamvis
1312 3269 1743 3340 probatissimum
1807 3268 2072 3324 diceretis.

501 3366 731 3423 Proinde
755 3374 1129 3422 removeantur
1148 3377 1334 3417 omnes
1360 3360 1663 3417 moratorim
1688 3360 2076 3430 tergiversatio-

497 3472 615 3513 nes.
647 3454 914 3525 Quidquid
930 3453 998 3509 de
1020 3451 1250 3523 peccatis
1274 3451 1547 3506 hominum
1587 3449 1775 3503 falsum
1799 3449 2072 3518 objicitur,

491 3550 842 3607 conveniatur
884 3546 1324 3611 conscientia,et
1391 3558 1496 3598 non
1563 3543 1861 3612 objiciatur.
1915 3543 2077 3610 Quid-

491 3642 617 3713 quid
661 3641 730 3697 de
773 3640 1004 3711 peccatis
1052 3639 1326 3694 hominum
1375 3636 1534 3691 etiam
1584 3651 1765 3690 verum
1805 3635 2070 3705 objicitur,

484 3745 548 3790 et
572 3736 653 3790 vel
684 3733 897 3804 probari
942 3746 1047 3786 non
1078 3738 1294 3801 potest,
1323 3729 1408 3784 vel
1449 3742 1571 3783 cum
1610 3727 1794 3783 debuit
1822 3728 2071 3797 probari,

492 3843 598 3883 non
625 3826 835 3898 potuit,
864 3840 968 3881 non
997 3823 1299 3894 obiiciatur.
1328 3821 1594 3892 Quidquid
1619 3821 1688 3878 dc
1716 3823 1948 3892 peccatis
1974 3821 2074 3877 ho-

491 3922 692 3975 minum
723 3927 777 3974 et
803 3932 988 3973 verum
1030 3926 1088 3972 et
1130 3916 1410 3985 probatum
1453 3914 1699 3984 ohjicitur
1722 3957 1737 3981 ,
1770 3930 1870 3969 nec
1899 3924 2073 3969 tamen

491 4012 557 4068 ad
589 4012 851 4068 frumenta
879 4024 996 4081 qua:
1038 4009 1175 4063 inter
1203 4007 1409 4078 paleam
1452 4006 1621 4060 latent
1645 4047 1658 4071 ,
1687 4005 1782 4060 sed
1812 4005 1878 4060 ad
1907 4006 2072 4075 ipsam

488 4105 694 4174 paleam
720 4143 735 4168 ,
759 4118 878 4173 qua:
904 4102 957 4156 in
989 4102 1091 4155 line
1116 4098 1450 4168 separabitur
1473 4138 1486 4161 ,
1514 4096 1780 4167 pertinet,
1810 4112 1914 4151 non
1942 4096 2075 4165 obji-

487 4197 676 4249 ciatttr.
704 4193 830 4247 llaec
845 4191 985 4246 enim
1008 4199 1061 4245 et
1083 4205 1180 4244 nos
1201 4188 1369 4242 multo
1386 4187 1657 4256 copiosius
1675 4194 1727 4241 et
1749 4185 2075 4255 probabilius

488 4285 721 4354 obiicere
746 4294 1029 4352 possumus
1051 4321 1067 4346 ,
1096 4294 1205 4333 non
1234 4294 1296 4334 ea
1341 4279 1596 4333 inanitate
1641 4292 1743 4347 qua
1789 4276 1865 4330 illi
1891 4316 1907 4341 ,
1941 4285 1998 4330 ut
2022 4276 2074 4331 in

492 4376 571 4430 eis
591 4388 807 4428 causam
831 4380 1067 4425 nostram
1090 4369 1477 4426 constituamus
1502 4386 1514 4422 :
1539 4368 1633 4424 sed
1676 4377 1735 4423 ut
1776 4367 1854 4422 eis
1897 4375 2077 4422 osten-

487 4468 678 4523 damus
704 4503 719 4528 ,
748 4478 855 4518 non
885 4462 1005 4518 ideo
1047 4477 1147 4517 nos
1178 4463 1316 4518 nolle
1359 4463 1551 4519 talibus
1580 4461 1745 4517 ﬁdere
1769 4504 1782 4529 ,
1816 4461 1936 4531 quia
1967 4478 2073 4518 non

489 4557 790 4616 invenimus
817 4554 938 4609 talia
980 4569 1101 4624 quae
1127 4554 1369 4608 dicamus
1393 4595 1409 4618 ,
1441 4553 1534 4608 sed
1577 4568 1645 4608 ne
1674 4562 1884 4622 tempus
1915 4553 2074 4608 rebus

494 4646 813 4704 necessariis
842 4646 969 4700 utile
990 4686 1004 4710 ,
1050 4646 1101 4699 in
1148 4644 1308 4699 rebus
1355 4659 1459 4698 non
1493 4644 1805 4698 necessariis
1828 4653 2076 4699 conterao

492 4755 629 4795 mus.
656 4738 806 4806 Quod
826 4746 1106 4809 prOpterea
1130 4737 1205 4793 illi
1232 4735 1449 4800 faciunt,
1470 4735 1592 4805 quia
1616 4735 1831 4791 robusta
1848 4743 1902 4789 et
1922 4735 2073 4790 ﬁrma

488 4833 710 4889 veritate
756 4832 980 4887 subnixa
1025 4828 1378 4893 documenta,
1431 4826 1624 4895 quibus
1664 4840 1877 4881 causam
1922 4842 2073 4882 suam

492 4936 740 4982 tueantur
761 4967 776 4993 ,
808 4923 1047 4979 invenire
1075 4936 1180 4975 non
1207 4927 1461 4990 possunt;
1493 4926 1548 4973 et
1572 4918 1759 4972 volunt
1784 4916 1953 4972 videri
1977 4919 2075 4971 ali-

490 5016 617 5088 quid
642 5015 823 5071 dicere
842 5055 857 5080 ,
892 5014 1017 5068 dum
1048 5020 1225 5066 tacere
1263 5009 1582 5064 erubescunt
1605 5048 1620 5072 ,
1648 5015 1702 5061 et
1729 5007 1903 5061 inania
1931 5007 2077 5077 loqui

495 5124 601 5162 non
640 5105 985 5161 erubescunt.
1011 5101 1252 5157 Remotis
1290 5115 1419 5171 ergo
1463 5100 1711 5154 omnibus
1747 5100 1939 5177 talibus
1975 5100 2077 5155 Ec-

490 5197 708 5253 clesiam
742 5210 894 5250 suam
936 5192 1335 5259 demonstrent,
1363 5192 1408 5248 si
1451 5201 1710 5261 possunt,
1740 5207 1846 5245 non
1883 5192 1936 5245 in
1963 5206 2077 5246 ser-

493 5287 739 5344 monibus
768 5293 821 5341 et
842 5285 1145 5341 rumoribus
1173 5283 1447 5350 Afrorum,
1480 5300 1583 5340 non
1611 5284 1662 5339 in
1690 5285 1931 5340 conciliis
1959 5285 2077 5355 θρὶ-

491 5394 777 5452 scoporum
803 5391 1042 5441 suorum,
1072 5390 1179 5431 non
1208 5375 1259 5429 in
1288 5375 1481 5430 litteris
1510 5375 1870 5445 quorumlibet
1895 5375 2076 5445 dispu-

492 5483 722 5529 tatorum
748 5512 764 5537 ,
794 5483 898 5524 non
942 5468 995 5522 in
1026 5469 1191 5539 signis
1226 5476 1284 5523 et
1329 5466 1584 5539 prodigiis
1609 5466 1884 5523 fallacibus
1906 5507 1921 5535 ,
1953 5469 2075 5539 quia

557 5567 571 5595 ¹
608 5570 715 5620 Pro,
744 5557 1021 5622 Βαςιςίιαῃα,

554 5625 575 5655 ³
608 5624 681 5673 sic
702 5616 891 5671 Amici
911 5617 1223 5668 Floriacensis
1244 5625 1325 5667 Ms.
1352 5625 1409 5669 At
1440 5623 1516 5666 Er.
1546 5623 1631 5680 et,
1652 5623 1781 5675 tom,
1810 5616 2074 5680 episcopis.

514 5739 524 5748 υ
555 5683 631 5748 (a)_
653 5684 767 5733 vide
790 5682 871 5731 lib.
898 5684 931 5733 3
958 5690 1124 5748 contra
1156 5678 1636 5748 tzpistLParmeniani
1655 5715 1668 5740 ,
1695 5693 1776 5729 an.
1802 5678 1880 5742 2i,
1909 5678 1998 5742 22';
2026 5687 2077 5731 et

492 5739 579 5792 lin
607 5739 634 5792 Ζ
658 5751 823 5793 contra
842 5743 1165 5803 Cresconium,
1195 5739 1249 5789 ἠ.
1275 5742 1353 5790 32.

1573 319 1843 374 CONTRA
1889 315 2309 372 DONATISTAS
2350 318 2696 382 EPISTULA.

3693 332 3795 385 ηδ

2201 448 2359 503 etiam
2389 462 2573 505 contra
2615 453 2708 506 ista
2756 460 2920 509 verbo
2969 455 3176 509 Domini
3228 461 3506 526 [imparati
3550 473 3605 517 et
3652 464 3793 515 cauti

2198 540 2388 593 redditi
2410 556 2592 597 sumus
2618 562 2630 595 :
2661 542 2754 598 sed
2780 546 2831 598 in
2867 548 3175 616 praescripto
3203 548 3379 618 Legis,
3411 551 3460 603 in
3491 552 3789 622 Propheta-

2197 649 2314 687 rum
2337 636 2620 703 prirdictis,
2646 635 2698 691 in
2723 637 3053 692 Psalmorum
3081 641 3341 703 cantibus,
3365 644 3415 696 in
3440 644 3605 712 ipsius
3629 647 3788 701 unius

2198 724 2435 779 Pastoris
2464 727 2680 781 vocibus
2702 769 2715 790 ,
2749 728 2800 782 in
2830 728 3287 800 Evangelistarum
3320 734 3788 801 prtedicationibns

2194 824 2249 867 et.
2270 815 2560 883 laboribus,
2583 817 2683 871 hoc
2707 828 2808 885 est,
2838 820 2888 872 in
2910 821 3157 874 omnibus
3178 823 3452 877 canonicis
3473 832 3786 880 sanctorum

2194 905 2470 961 Librorum
2500 909 2924 964 auctoritatibus.
2972 910 3080 965 Nec
3111 911 3180 964 ita
3204 952 3218 975 ,
3249 923 3305 965 ut
3348 928 3410 967 ea
3454 915 3708 983 colligant
3734 926 3787 969 et

2192 1012 2636 1067 commemorent,
2667 1018 2783 1071 qum
2814 1003 3043 1056 obscure
3072 1003 3152 1056 vel
3183 1004 3431 1074 ambigue
3451 1006 3534 1059 vel
3561 1008 3787 1076 ﬁgurato

2192 1091 2332 1144 dicta
2360 1101 2502 1157 sunt,
2537 1109 2655 1162 quae
2685 1094 2909 1162 quisque
2940 1093 3077 1147 sicut
3106 1095 3331 1149 voluerit
3356 1137 3371 1159 ,
3402 1097 3785 1167 interpretetur

2192 1183 2484 1236 secundum
2515 1198 2731 1237 sensum
2776 1199 2953 1238 suum.
3000 1184 3145 1237 Talia
3191 1186 3334 1239 enim
3376 1196 3521 1241 recte
3558 1189 3781 1259 intelligi

2191 1276 2488 1345 exponique
2506 1290 2607 1328 non
2632 1285 2872 1344 possunt,
2894 1277 2992 1330 nisi
3023 1278 3168 1347 prius
3193 1293 3277 1343 ea,
3301 1294 3420 1349 qua:
3441 1281 3783 1350 apertissime

2190 1363 2328 1419 dicta
2354 1374 2497 1430 sunt,
2531 1365 2680 1419 ﬁrma
2710 1366 2811 1419 ﬁde
2843 1375 3146 1421 teneantur.

2260 1457 2347 1512 48.
2372 1458 2619 1527 Quisquis
2640 1474 2765 1528 ergo
2783 1458 2905 1512 huic
2930 1460 3180 1529 Epistola:
3204 1461 3529 1531 respondere
3554 1478 3611 1519 sc
3637 1481 3779 1534 pras-

2190 1559 2364 1617 parat,
2399 1557 2521 1601 ante
2551 1547 2827 1614 denuntio,
2856 1564 2921 1603 ne
2949 1550 3078 1604 mihi
3117 1550 3259 1605 dicat
3289 1570 3300 1604 :
3335 1551 3409 1605 Illi
3438 1553 3648 1609 codices
3674 1556 3779 1610 do-

2190 1640 2413 1694 minicos
2445 1639 2651 1709 ignibus
2692 1639 3057 1706 tradiderunt,
3095 1641 3165 1694 illi
3210 1642 3509 1697 simulacris
3536 1645 3777 1714 gentium

2187 1730 2639 1793 sacriﬁcaverunt,
2667 1730 2736 1783 illi
2766 1730 2918 1783 nobis
2943 1730 3327 1799 iniquissimam
3350 1734 3775 1800 persecutionem

2187 1822 2457 1887 fecerunt;
2488 1832 2540 1876 et
2563 1837 2655 1875 vos
2683 1823 2761 1877 eis
2789 1823 2838 1875 in
2867 1822 3115 1876 omnibus
3138 1825 3505 1879 consensistis.
3536 1826 3779 1881 Breviter

2186 1914 2328 1968 enim
2358 1912 2678 1982 respondeo,
2720 1913 2860 1981 quod
2887 1928 3027 1982 saepe
3056 1915 3305 1982 respondi
3335 1932 3349 1967 :
3388 1916 3495 1969 Aut
3524 1915 3657 1970 falsa
3686 1917 3777 1971 di-

2185 2003 2334 2069 citis;
2358 2010 2447 2056 aut
2467 2003 2511 2056 si
2543 2017 2663 2057 vera
2693 2013 2852 2067 sunt,
2882 2018 2985 2057 non
3017 2003 3082 2056 ad
3122 2004 3387 2060 frumenta
3424 2006 3643 2073 Christi,
3676 2007 3775 2062 sed

2186 2093 2252 2149 ad
2282 2109 2468 2149 eorum
2498 2094 2706 2164 paleam
2741 2094 3003 2162 pertinent
3025 2094 3125 2148 ista
3152 2111 3270 2165 qua:
3289 2095 3484 2151 dicitis.
3510 2096 3625 2151 Non
3650 2097 3776 2152 inde

2185 2185 2325 2255 perit
2355 2184 2612 2251 Ecclesia,
2640 2201 2758 2255 (iure
2780 2184 2966 2239 ultimo
2985 2184 3186 2253 judicio
3206 2187 3458 2242 ventilata
3481 2189 3520 2253 ί,
3546 2189 3772 2243 istorum

2186 2276 2423 2330 omnium
2448 2276 2781 2345 separatione
2802 2276 3129 2346 purgabitur.
3156 2278 3265 2348 Ego
3287 2278 3455 2348 ipsam
3476 2280 3772 2335 Ecclesiam

2183 2366 2418 2436 requiro,
2444 2364 2532 2419 ubi
2564 2366 2650 2431 sit,
2670 2380 2787 2435 qua:
2807 2365 3070 2421 audiendo
3090 2368 3247 2421 verba
3269 2369 3467 2423 Christi
3491 2379 3546 2423 et
3570 2372 3775 2425 facien-

2185 2455 2255 2510 do
2281 2456 2508 2509 mdiﬁcat
2531 2470 2695 2525 super
2720 2465 2919 2525 petram
2946 2471 2963 2521 ;
2986 2465 3040 2510 et
3061 2458 3325 2512 audiendo
3347 2468 3401 2513 et
3426 2459 3666 2515 faciendo
3689 2471 3775 2515 to-

2186 2548 2318 2603 lerat
2343 2563 2457 2614 eos,
2491 2549 2581 2618 qui
2618 2548 2881 2603 audiendo
2907 2558 2961 2604 et
2987 2565 3090 2603 non
3121 2549 3363 2604 faciendo
3389 2552 3655 2608 aediﬁcant
3676 2570 3770 2608 su-

2184 2653 2279 2708 per
2304 2654 2518 2693 arenam
2544 2638 2755 2711 (Matth.
2776 2655 2868 2705 vn,
2891 2638 3106 2709 24-27):
3133 2642 3221 2695 ubi
3250 2643 3318 2695 sit
3346 2643 3600 2708 triticum,
3624 2645 3771 2713 quod

2183 2729 2326 2785 inter
2357 2730 2554 2785 sizania
2586 2731 2781 2784 crescit
2805 2746 2973 2799 usque
2999 2732 3065 2786 ad
3097 2748 3325 2788 messem
3355 2733 3462 2803 (Id.
3492 2751 3600 2800 sin,
3637 2736 3768 2806 30);

2182 2837 2289 2878 non
2336 2822 2461 2891 quid
2507 2821 2729 2876 fecerint
2769 2823 2850 2876 vel
2900 2822 3095 2877 faciant
3137 2824 3249 2892 ipsa
3293 2825 3491 2879 zizania
3520 2842 3535 2878 :
3567 2826 3656 2880 ubi
3696 2828 3775 2881 sit

2184 2914 2425 2984 proxima
2455 2913 2648 2968 Christi
2679 2914 2731 2967 in
2761 2913 2939 2968 medio
2969 2914 3197 2969 ﬁliarum
3225 2917 3503 2982 malarum,
3535 2917 3674 2971 sicut
3698 2918 3771 2971 li-

2183 3007 2309 3061 lium
2341 3007 2391 3060 in
2421 3005 2595 3060 medio
2620 3005 2891 3075 spinarum
2919 3005 3096 3076 (Cant.
3129 3023 3187 3073 ιι,
3215 3006 3308 3080 2);
3338 3023 3442 3061 non
3473 3007 3595 3076 quid
3619 3008 3769 3063 fece-

2181 3095 2290 3150 rint
2315 3096 2397 3150 vel
2425 3095 2619 3149 faciant
2646 3096 2773 3165 ipsaa
2798 3097 2965 3165 spina:
2991 3112 3004 3148 :
3033 3096 3122 3151 ubi
3153 3098 3259 3152 sint
3286 3098 3458 3168 pisces
3484 3098 3605 3152 boni
3626 3140 3641 3163 ,
3670 3100 3771 3169 qui

2181 3186 2352 3241 donec
2369 3186 2436 3241 ad
2458 3188 2605 3241 littus
2628 3188 2957 3256 perveniant,
2986 3188 3213 3243 tolerant
3236 3189 3407 3259 pisces
3427 3190 3596 3243 malos
3622 3191 3775 3259 pari-

2181 3287 2263 3333 ter
2292 3277 2526 3332 irrelitos
2556 3277 2769 3345 (Matth.
2798 3294 2914 3343 xm,
2946 3279 3037 3343 47,
3068 3279 3196 3350 48);
3239 3295 3345 3334 non
3373 3279 3498 3351 quid
3542 3279 3772 3335 fecerint

2179 3371 2265 3424 vel
2290 3370 2413 3438 quid
2439 3368 2634 3423 faciant
2661 3370 2759 3439 ipsi
2783 3370 2959 3439 pisces
2983 3370 3127 3423 mali.

2236 3460 2459 3516 CAPUT
2480 3459 2599 3513 XIX
2622 3461 2899 3531 (ay—49.
2932 3460 3156 3516 Omissis
3183 3475 3312 3542 ergo
3352 3461 3467 3516 istis
3494 3476 3769 3516 morarum

2180 3551 2457 3606 tendiculis
2472 3550 2716 3603 ostendat
2732 3551 3020 3605 Ecclesiam
3035 3552 3118 3605 vel
3137 3554 3184 3605 in
3199 3553 3311 3606 sola
3328 3553 3503 3607 Africa
3514 3594 3527 3616 ,
3543 3553 3772 3623 perditis

2180 3649 2260 3695 tot
2281 3640 2526 3709 gentibus
2547 3680 2560 3701 ,
2591 3640 2956 3702 retinendam,
2990 3642 3071 3695 vel
3112 3657 3178 3694 ex
3222 3641 3401 3695 Africa
3432 3644 3487 3696 in
3514 3644 3771 3699 omnibus

2179 3731 2424 3802 gentibus
2446 3730 2795 3800 reparandam
2825 3739 2982 3801 atque
3020 3731 3411 3801 adimplendam
3438 3751 3452 3787 :
3484 3742 3540 3787 et
3566 3735 3647 3789 sic
3673 3751 3771 3789 osc-

2181 3824 2381 3890 tendat,
2413 3833 2598 3877 utnon
2624 3823 2798 3890 dicat,
2835 3822 3029 3878 Verum
3055 3834 3170 3891 est,
3202 3824 3323 3895 quia
3352 3824 3454 3879 hoc
3488 3840 3589 3897 ego
3619 3827 3765 3892 dico,

2180 3926 2273 3970 aut
2295 3917 2418 3984 quia
2448 3914 2548 3968 hoc
2577 3913 2708 3968 dixit
2737 3914 2828 3969 ille
2855 3914 3056 3984 collega
3096 3930 3278 3979 meus,
3315 3924 3409 3969 aut
3445 3916 3518 3970 illi
3544 3917 3773 3987 collega:

2180 4007 2309 4072 mei,
2337 4015 2427 4059 aut
2456 4005 2531 4058 illi
2560 4005 2818 4074 episc0pi,
2847 4006 2933 4060 vel
2957 4006 3135 4061 clerici
3153 4048 3168 4072 ,
3192 4007 3276 4060 vel
3305 4006 3424 4060 laici
3456 4008 3641 4080 nostri,
3670 4016 3773 4063 aut

2182 4098 2303 4153 ideo
2328 4112 2511 4151 verum
2543 4107 2644 4162 est,
2673 4099 2796 4168 quia
2826 4099 2913 4152 illa
2941 4107 2995 4153 et
3023 4099 3109 4153 illa
3146 4099 3405 4153 mirabilia
3429 4100 3552 4154 fecit
3581 4100 3769 4154 Dona-

2182 4198 2266 4243 tus
2286 4188 2370 4242 vel
2402 4188 2622 4243 Pontius
2646 4188 2746 4258 (b),
2777 4189 2863 4243 vel
2885 4188 3107 4258 quilibet
3143 4190 3301 4255 alius,
3328 4198 3420 4243 aut
3440 4190 3560 4259 quia
3590 4191 3774 4244 homi-

2180 4295 2280 4336 nes
2321 4279 2387 4334 ad
2417 4280 2706 4335 memorias
2754 4291 3085 4335 mortuorum
3130 4290 3434 4335 nostrorum
3479 4291 3661 4348 orant,
3712 4293 3772 4339 et

2180 4370 2692 4434 exaudiuntur,'aut
2741 4370 2863 4438 quia
2912 4370 3000 4423 illa
3052 4380 3107 4425 et
3160 4371 3249 4425 illa
3300 4371 3371 4426 ibi
3410 4372 3769 4441 contingunt,

2180 4470 2273 4515 aut
2314 4461 2434 4530 quia
2490 4460 2578 4513 ille
2635 4459 2800 4513 frater
2848 4469 3064 4526 noster,
3094 4469 3188 4515 aut
3237 4462 3325 4515 illa
3374 4477 3529 4516 soror
3581 4472 3771 4518 nostra

2182 4554 2287 4607 tale
2328 4553 2499 4605 visum
2540 4550 2767 4621 vigilans
2809 4552 2969 4616 vidit,
3011 4554 3095 4609 vel
3134 4554 3240 4607 tale
3281 4554 3453 4609 visum
3490 4554 3773 4611 dormiens

2180 4643 2482 4697 somniavit.
2528 4642 2923 4697 Removeantur
2967 4644 3066 4698 ista
3119 4645 3203 4700 vel
3245 4645 3491 4716 ﬁgmenta
3541 4645 3775 4701 menda-

2180 4736 2322 4790 cium
2344 4735 2637 4799 hominum,
2660 4734 2743 4789 vel
2772 4744 3013 4803 portenta
3036 4734 3302 4790 fallacium
3327 4737 3629 4806 spirituum.
3656 4736 3775 4792 Aut

2181 4826 2323 4880 enim
2352 4840 2456 4879 non
2483 4833 2606 4880 sunt
2623 4840 2743 4879 vera
2765 4841 2883 4895 qua:
2906 4825 3175 4893 dicuntur,
3200 4835 3291 4881 aut
3317 4828 3359 4880 si
3392 4827 3771 4882 haereticorum

2182 4916 2354 4985 aliqua
2382 4917 2514 4969 mira
2540 4913 2677 4969 facta
2709 4923 2852 4979 sunt,
2881 4917 3051 4985 magis
3075 4931 3266 4971 cavere
3293 4917 3550 4972 debemus
3575 4933 3587 4969 :
3621 4917 3773 4985 quod

2180 5022 2301 5062 cum
2326 5006 2548 5062 dixisset
2576 5006 2830 5060 Dominus
2855 5007 3114 5075 quosdam
3145 5008 3348 5063 futuros
3377 5022 3497 5063 esse
3524 5007 3770 5069 fallaces,

2181 5100 2272 5169 qui
2302 5098 2550 5152 nonnulla
2592 5097 2741 5167 signa
2785 5096 3026 5152 faciendo
3052 5139 3067 5163 ,
3097 5099 3256 5153 etiam
3300 5098 3536 5162 electos,
3577 5097 3622 5150 si
3650 5095 3773 5151 ﬁeri

2183 5199 2381 5261 posset,
2409 5190 2678 5256 fallerent,
2706 5190 2900 5258 adjecit
2930 5189 3272 5246 vehementer
3288 5189 3693 5251 commendans,
3715 5201 3777 5245 et

2182 5282 2276 5346 ait,
2300 5280 2428 5333 Ecce
2440 5278 2923 5351 prwdixivobisUd.
2940 5279 3207 5350 xstv,25).
3227 5280 3374 5335 Unde
3400 5289 3454 5334 et
3478 5279 3779 5348 Apostolus

2184 5371 2478 5426 admonens
2507 5387 2521 5423 :
2558 5371 2817 5440 Spiritus,
2852 5372 3049 5440 inquit,
3081 5372 3344 5439 manifeste
3371 5372 3527 5436 dicit,
3571 5372 3693 5440 quia
3723 5374 3777 5427 in

2184 5462 2465 5518 novissimis
2491 5461 2797 5531 lenrporibus
2820 5460 3047 5514 recedent
3072 5462 3281 5531 quidam
3300 5478 3333 5514 α
3352 5461 3473 5531 ﬁde,
3499 5460 3779 5515 intenden-

2250 5618 2266 5649 ι
2308 5622 2407 5677 Am.
2432 5621 2484 5663 et
2502 5620 2600 5677 ῐνῖιι.Ῠῖ
2620 5613 2795 5677 optimo
2808 5613 2999 5676 judicio
3026 5628 3043 5665 :
3068 5615 3315 5666 mendose.

2272 5677 2322 5727 al
2360 5675 2480 5724 olim
2506 5676 2635 5723 nulla
2652 5675 2814 5725 isthic
2831 5678 3017 5727 divisio.

2272 5692 2300 5724 (ι
2360 5677 2480 5724 olim
2506 5677 2635 5723 nulla
2671 5677 2808 5725 isthic
2831 5678 3017 5727 divisio.

2251 5677 2324 5800 (li;
2346 5739 2681 5787 ron'er't'ract.
2718 5739 2770 5786 l5
2801 5738 3191 5799 iuloannemm.
3217 5739 3288 5789 17.
