4066 6200
372 300 474 357 ιεθ

375 426 443 468 tes
486 413 742 482 spiritibus
777 413 1143 478 seductoribus,
1190 423 1236 466 et
1284 413 1525 466 doctrinis
1585 411 1950 465 dwmouiorum

376 504 415 573 (1
434 503 567 558 Tim.
587 519 658 566 tv,
682 505 754 573 1).
777 503 942 556 Porro
977 502 1022 557 si
1051 504 1241 572 aliquis
1271 502 1322 556 in
1354 503 1724 557 lia-reticorum
1754 517 1955 555 menin-

372 597 462 650 riis
489 609 649 649 orans
669 595 970 656 exauditur,
995 610 1098 648 non
1129 611 1224 664 pro
1245 596 1435 649 merito
1459 595 1580 659 loci,
1608 595 1700 649 sed
1727 611 1820 664 pro
1843 608 1955 647 me-

369 687 475 742 rito
497 686 748 741 desiderii
779 687 856 740 sui
878 687 1064 755 recipit
1087 686 1197 739 sive
1225 686 1441 752 bonum,
1461 687 1570 738 sive
1588 685 1804 738 malum.
1833 684 1955 752 Spi-

370 779 493 831 ritus
536 777 680 831 enim
723 776 945 839 Domini,
971 777 1106 830 sient
1135 779 1387 844 scriptum
1418 785 1518 838 est,
1547 777 1751 844 replevit
1789 774 1955 826 orbem

372 877 654 929 terrarum;
681 876 767 929 et,
800 867 950 919 Auris
987 866 1082 919 zeli
1123 866 1263 918 audit
1303 866 1474 918 omnia
1499 864 1651 936 (Sap.
1688 880 1723 928 ι,
1753 865 1804 926 7,
1842 864 1951 932 10).

375 957 436 1011 Et
477 958 625 1010 multi
677 957 811 1010 irato
863 958 971 1011 Deo
1015 956 1370 1010 exaudiuntur
1399 970 1412 1007 :
1444 955 1510 1008 de
1537 954 1780 1024 qualibus
1826 955 1955 1008 dicit

371 1050 688 1117 Apostolus,
721 1047 952 1100 Tradidit
994 1047 1108 1100 illus
1141 1045 1278 1100 Deus
1303 1047 1355 1100 in
1381 1046 1810 1116 coneupisccntias
1837 1062 1953 1098 cor-

371 1140 448 1194 dis
475 1142 680 1193 illorum
711 1140 882 1210 (Rom.
908 1155 942 1202 ι,
976 1139 1091 1206 24).
1120 1139 1183 1192 Et
1205 1138 1382 1191 multis
1405 1139 1662 1206 propitius
1683 1137 1824 1192 Deus
1851 1152 1954 1190 non

371 1230 551 1283 tribuit
581 1229 725 1298 quod
770 1229 973 1292 volunt,
1007 1237 1064 1281 ut
1092 1228 1232 1297 quod
1265 1229 1391 1282 utile
1421 1236 1522 1292 est,
1555 1227 1768 1280 tribuat.
1801 1225 1954 1282 Unde

371 1319 506 1374 idem
535 1321 808 1389 apostolus
831 1321 904 1374 ait
925 1320 991 1374 de
1011 1320 1228 1373 stimulo
1269 1319 1446 1374 carnis
1491 1335 1622 1382 suae,
1652 1317 1843 1388 angelo
1857 1316 1953 1371 Sa-

371 1422 523 1474 tanae,
556 1427 716 1480 quem
747 1411 846 1464 sibi
883 1411 1062 1464 datum
1109 1411 1272 1478 dicit,
1305 1425 1332 1463 a
1377 1425 1482 1481 quo
1508 1410 1951 1480 colaphizaretur,

370 1517 436 1556 ne
475 1503 838 1572 magnitudine
877 1503 1261 1557 revelationum
1307 1503 1656 1558 extolleretur
1686 1521 1699 1557 :
1733 1503 1954 1572 Propter

367 1593 502 1662 quod
517 1603 592 1646 ter
610 1592 880 1646 Dominum
900 1594 1090 1664 rogavi,
1111 1603 1166 1646 ut
1184 1597 1402 1664 auferret
1429 1609 1540 1646 eum
1560 1609 1590 1646 a
1606 1609 1704 1646 me.
1737 1590 1806 1646 Et
1827 1593 1954 1646 dixit

367 1683 493 1736 mihi
519 1699 538 1737 :
569 1683 770 1752 Sufﬁcit
798 1685 886 1736 tibi
911 1685 1076 1754 gratia
1101 1701 1212 1738 mea
1236 1699 1255 1746 ;
1285 1700 1402 1737 nam
1445 1685 1602 1738 virtus
1642 1683 1697 1738 in
1739 1683 1954 1752 inﬁrmi-

367 1782 468 1828 tate
490 1774 750 1843 perﬁcitur
769 1774 832 1844 (ll
857 1772 975 1828 Cor.
1002 1789 1096 1840 xu,
1127 1773 1258 1842 7-9).
1289 1773 1472 1828 Nonne
1499 1773 1724 1843 legimus
1746 1773 1812 1828 ab
1839 1773 1954 1842 ipso

369 1863 596 1918 Domino
623 1863 732 1917 Deo
763 1862 1048 1917 nonnullos
1070 1862 1348 1917 exauditos
1368 1862 1421 1916 in
1445 1862 1669 1917 excelsis
1690 1862 1952 1916 montium

365 1953 582 2020 Judzeir,
615 1969 735 2024 qua:
780 1962 958 2008 tamen
998 1953 1209 2008 excelsa
1241 1954 1310 2008 ita
1339 1953 1692 2024 displicebant
1731 1953 1863 2018 Deo,
1897 1963 1955 2007 ut

368 2056 421 2099 et
451 2060 605 2114 reges
651 2046 739 2114 qui
783 2059 844 2099 ea
876 2058 981 2098 non
1012 2053 1336 2108 everterent,
1381 2045 1751 2115 culparentur;
1781 2052 1836 2100 et
1859 2045 1951 2114 qui

367 2143 695 2202 everterent,
727 2118 1113 2190 laudaFentur?
1145 2135 1294 2190 Unde
1322 2136 1631 2207 intelligitur
1655 2138 1823 2208 magis
1857 2152 1952 2192 va-

366 2224 480 2280 lere
507 2225 734 2294 petentis
759 2223 1027 2291 atl‘ectum,
1056 2240 1214 2295 quam
1254 2226 1522 2296 petitionis
1548 2227 1745 2281 locum.
1776 2227 1850 2282 De
1874 2227 1952 2282 vi-

365 2315 440 2370 sis
465 2324 642 2371 autem
672 2315 948 2372 fallacibus
984 2317 1166 2386 legant
1188 2333 1307 2387 qua:
1339 2317 1534 2387 scripta
1575 2327 1720 2382 sunt,
1750 2327 1802 2372 et
1831 2319 1952 2388 quia

367 2405 483 2475 ipse
512 2403 734 2461 Satanas
762 2408 1102 2477 transﬁgurat
1146 2422 1206 2462 se
1249 2416 1499 2477 tanquam
1544 2409 1788 2478 attgelum
1819 2409 1952 2463 lucis

367 2494 504 2564 (Id.
547 2511 622 2563 χι,
652 2497 741 2566 14)
760 2538 774 2562 ,
807 2505 861 2552 et
899 2497 1021 2566 quia
1053 2497 1246 2552 multos
1273 2497 1597 2552 seduxerunt
1626 2499 1830 2552 somnia
1856 2514 1950 2552 sua

367 2585 556 2656 (Eccli.
590 2603 773 2654 xxxrv,
800 2589 878 2659 7).
909 2588 1142 2643 Audiant
1167 2590 1327 2644 etiam
1356 2605 1476 2660 quae
1506 2598 1724 2644 narrent
1753 2590 1949 2660 Pagani

367 2680 435 2734 de
464 2681 678 2750 templis
702 2690 756 2736 et
779 2679 883 2735 diis
912 2681 1023 2735 suis
1049 2681 1365 2735 mirabiliter
1390 2681 1472 2736 vel
1518 2681 1652 2734 facta
1678 2681 1762 2736 vel
1789 2683 1900 2737 visa
1932 2700 1948 2739 :

368 2778 420 2823 et
451 2779 626 2823 tamen
651 2769 725 2822 dii
754 2768 988 2823 Gentium
1012 2769 1262 2824 dwmonia
1281 2811 1296 2836 ,
1335 2768 1585 2824 Dominus
1610 2780 1777 2824 autem
1802 2773 1953 2827 ctelos

366 2859 484 2929 fecit
507 2857 681 2930 (Psal.
710 2875 833 2926 xcv,
861 2858 938 2932 5).
970 2859 1346 2916 Exaudiuntur
1371 2875 1498 2930 ergo
1524 2861 1672 2915 multi
1694 2870 1747 2915 et
1772 2864 1952 2918 multis

368 2949 562 3014 modis,
594 2966 701 3005 non
730 2951 906 3006 solum
929 2951 1213 3006 Christiani
1239 2951 1506 3020 catholici,
1535 2953 1707 3009 sedet
1733 2954 1950 3026 Pagani,

365 3051 420 3094 et
447 3038 639 3105 Judazi,
673 3049 730 3095 et
761 3039 1015 3104 hagretici,
1049 3041 1208 3096 variis
1229 3043 1502 3098 erroribus
1537 3054 1591 3099 et
1618 3047 1954 3114 superstitio-

367 3129 525 3184 nibus
550 3130 737 3185 dediti.
771 3130 1140 3186 Esaudiuntur
1167 3141 1342 3187 autem
1365 3135 1446 3188 vel
1473 3135 1540 3189 ab
1566 3135 1844 3204 spiritibus
1869 3153 1956 3193 se-

363 3222 712 3289 ductorihus;
741 3225 828 3294 qui
853 3233 1030 3280 tamen
1055 3224 1186 3278 nihil
1209 3225 1430 3290 faciunt,
1456 3227 1554 3281 nisi
1579 3231 1954 3296 permittuntur

367 3313 481 3372 Deo
503 3315 810 3370 sublimiter
829 3325 989 3384 atque
1013 3315 1350 3372 inell‘abiliter
1369 3317 1384 3347 ¹
1407 3317 1677 3386 judicante
1699 3319 1823 3388 quid
1849 3320 1953 3373 cui-

365 3423 473 3477 que
499 3408 840 3463 tribuendum
867 3410 936 3462 sit
961 3427 974 3463 :
1001 3410 1116 3465 sive
1142 3409 1209 3463 ah
1233 3409 1348 3479 ipso
1374 3410 1502 3475 Deo,
1526 3411 1612 3466 vel
1643 3411 1710 3466 ad
1739 3427 1948 3482 penam

364 3497 581 3552 malitia:
603 3541 621 3565 ,
661 3498 744 3554 vel
770 3498 836 3554 ad
862 3500 1109 3554 solatium
1137 3501 1398 3567 miserim,
1430 3503 1508 3556 vel
1535 3503 1600 3557 ad
1628 3503 1949 3558 admonitio-

364 3604 488 3644 nem
511 3591 817 3661 qutcrenda:
842 3592 1029 3646 salutis
1059 3601 1292 3647 aeternae.
1325 3593 1404 3646 Ad
1437 3594 1603 3662 ipsam
1632 3612 1761 3650 vero
1800 3597 1945 3650 salu-

363 3689 474 3735 tem
500 3697 563 3737 ac
591 3685 754 3736 vitam
783 3693 1038 3738 aeternam
1068 3699 1225 3738 nemo
1249 3687 1510 3753 pervenit,
1543 3687 1642 3740 nisi
1674 3689 1761 3755 qui
1794 3687 1950 3742 habet

361 3783 525 3842 caput
547 3773 840 3828 Christum.
871 3775 1079 3830 Habere
1108 3785 1286 3830 autem
1316 3785 1475 3846 caput
1501 3777 1767 3832 Christum
1794 3793 1950 3832 nemo

363 3865 584 3932 poterit,
613 3865 717 3920 nisi
749 3867 838 3934 qui
870 3866 920 3919 in
949 3866 1066 3934 ejus
1097 3881 1322 3936 corpore
1352 3866 1542 3931 fuerit,
1570 3867 1708 3936 quod
1734 3879 1818 3922 cst
1847 3869 1949 3922 Ec-

359 3955 710 4026 clesia,quam
724 3957 860 4012 sicut
875 3958 1041 4026 ipsum
1056 3967 1213 4027 caput
1227 3959 1276 4012 iu
1293 3959 1579 4027 Scripturis
1591 3960 1786 4014 sanctis
1798 3974 1953 4014 cauo-

361 4047 497 4103 nicis
510 4047 769 4103 debemus
784 4063 1092 4116 agnoscere,
1114 4065 1217 4104 non
1237 4052 1288 4104 in
1307 4053 1466 4106 variis
1483 4050 1750 4106 hominum
1766 4067 1950 4109 rumo-

360 4137 956 4208 ribus,etopiuionibus,
971 4151 1019 4194 et
1035 4138 1648 4208 factis,etdictis,etvisis
1661 4143 1946 4213 inquirere.

430 4230 521 4286 50.
561 4231 731 4286 Nemo
763 4231 890 4286 mihi
929 4247 1056 4301 ergo
1089 4232 1203 4287 hmc
1230 4243 1495 4302 opponat,
1535 4235 1623 4302 qui
1671 4236 1800 4288 mihi
1852 4253 1944 4290 re-

360 4323 631 4392 spondere
665 4332 882 4392 paratus
912 4333 994 4378 est
1033 4340 1046 4376 :
1091 4325 1216 4394 quia
1244 4341 1342 4380 nec
1377 4340 1476 4395 ego
1507 4325 1626 4380 dico
1653 4326 1772 4380 ideo
1816 4328 1946 4381 mihi

359 4428 482 4468 esse
505 4414 854 4481 credendum,
883 4416 1314 4470 communionem
1352 4418 1540 4470 Donati
1567 4433 1672 4471 non
1703 4433 1820 4472 esse
1851 4420 1949 4474 Ec—

361 4504 578 4559 clesiam
605 4504 843 4571 Christi,
875 4507 997 4574 quia
1029 4506 1242 4576 quidam
1283 4508 1370 4577 qui
1406 4509 1542 4576 apud
1583 4523 1677 4563 eos
1706 4510 1944 4580 episcopi

359 4593 594 4662 fuerunt,
615 4597 793 4650 divina
823 4597 1176 4652 instrumenta
1208 4599 1414 4666 ignibus
1438 4598 1740 4666 tradidisse,
1770 4600 1946 4655 Cestis

357 4686 738 4741 ecclesiasticis
763 4696 817 4741 et
846 4688 1256 4757 municipalibus
1277 4697 1332 4743 et
1355 4688 1694 4758 judicialibus
1721 4691 1943 4744 convin-

355 4787 582 4842 cuntur;
629 4789 723 4832 aut
759 4779 879 4848 quia
930 4780 982 4832 in
1020 4779 1222 4847 judicio
1253 4779 1645 4848 episc0por'um,
1693 4782 1835 4851 quod
1878 4783 1946 4837 ab

355 4867 688 4938 lmperatore
735 4870 1061 4938 petiverant,
1094 4884 1307 4924 causam
1353 4883 1503 4923 suam
1543 4885 1649 4924 non
1693 4873 1942 4929 obtinue-

357 4969 517 5023 runt;
552 4966 646 5012 aut
683 4959 806 5027 quia
835 4969 1190 5027 provocantes
1216 4958 1280 5012 ad
1321 4959 1489 5027 ipsum
1519 4959 1899 5028 Imperatorem
1924 5003 1941 5029 ,

356 5054 518 5108 etiam
544 5053 614 5108 ab
643 5052 760 5122 ipso
783 5053 1105 5107 contrariam
1126 5052 1222 5106 sibi
1251 5053 1567 5108 sententiam
1599 5065 1940 5120 meruerunt;

358 5153 450 5198 aut
475 5144 596 5214 quia
627 5143 761 5198 tales
793 5151 919 5196 sunt
941 5143 1078 5211 apud
1106 5157 1200 5196 eos
1219 5142 1715 5197 Circumcellionum
1741 5143 1938 5212 princi-

361 5250 487 5303 pes;
511 5244 601 5289 aut
626 5235 749 5305 quia
773 5241 917 5288 tanta
941 5234 1078 5287 mala
1097 5235 1435 5288 committunt
1454 5234 1940 5302 Circumcelliones;

357 5333 449 5378 aut
477 5325 596 5394 quia
638 5333 764 5378 sunt
797 5323 938 5393 apud
969 5339 1063 5378 eos
1096 5324 1183 5392 qui
1223 5339 1281 5378 se
1312 5340 1404 5393 per
1438 5325 1660 5394 abrupta
1702 5326 1944 5396 praecipi-

358 5423 503 5481 tent,
534 5415 618 5470 vel
659 5415 1082 5471 concremandos
1130 5413 1340 5483 ignibus
1385 5413 1643 5482 inferant,
1678 5431 1812 5486 quos
1840 5417 1939 5485 ipsi

313 5506 571 5580 .sibimet
598 5504 979 5570 accenderunt,
1025 5513 1116 5558 aut
1153 5505 1553 5558 trucidationem
1582 5519 1731 5559 suam
1775 5506 1936 5560 etiam

356 5597 537 5650 invitis
566 5597 875 5652 hominibus
900 5595 1147 5651 terrendo
1175 5604 1538 5662 extorqueant,
1574 5603 1628 5650 et
1667 5604 1743 5651 tot
1772 5611 1936 5666 spon-

422 5735 442 5767 ⁸
476 5733 623 5784 Abest
643 5745 673 5783 a
693 5731 976 5784 Floriacensi
1002 5739 1076 5782 Ms.
1089 5768 1102 5795 ,
1127 5737 1268 5794 atque
1291 5727 1606 5793 incmibiliter.

1254 313 1421 354 cho
1459 298 1544 352 DE
1587 295 1882 354 UNITATE
1919 292 2268 351 ECCLESIIE
2311 296 2508 351 LIBER
2555 294 2748 351 UNUS.

3533 295 3640 350 430

2067 416 2248 462 teneas
2271 419 2324 462 et
2353 409 2579 464 furiosas
2605 418 2823 468 mortes.
2851 416 2904 462 ut
2934 411 3177 463 colantur
3198 407 3266 462 ab
3302 407 3604 465 hominibus
3624 450 3640 474 ,

2061 510 2346 568 appetant;
2375 511 2466 555 aut
2496 501 2636 570 quod
2660 501 2724 556 ad
2751 515 2935 556 eorum
2964 501 3206 570 sepulcra
3232 500 3636 570 ebriosigrcges

2060 607 2312 662 vagorqu
2343 601 2396 646 et
2427 607 2677 663 vagarum
2705 591 2964 662 permixta
2997 592 3228 662 nequitia
3260 591 3346 645 die
3375 602 3639 661 noctuque

2057 698 2119 736 se
2161 683 2281 736 vino
2322 683 2601 751 sepeliant,
2654 683 2971 751 ﬂagitiisque
3011 691 3370 750 corrumpant.
3423 679 3502 736 Sit
3542 681 3640 736 ista

2059 771 2236 825 oumis
2267 772 2415 825 turba
2447 772 2598 841 palea
2619 787 2840 835 eorum;
2875 786 2970 826 nec
3001 771 3281 826 frumentis
3311 772 3641 841 prmjudicet,

2060 863 2104 916 si
2126 861 2546 932 ipsLEcclesiam
2572 870 2771 917 tenent.
2795 861 2898 917 Sed
2922 873 3093 916 utrum
3117 862 3216 932 ipsi
3241 862 3531 917 Ecclesiam
3564 873 3638 917 te—

2061 963 2242 1021 neant,
2267 954 2497 1009 nonnisi
2520 953 2589 1008 de
2611 953 2908 1008 divinarum
2941 953 3335 1023 Scripturarum
3369 956 3641 1010 canonicis

2060 1049 2208 1104 libris
2223 1049 2533 1103 ostendant:
2560 1047 2682 1118 quia
2704 1063 2802 1102 nec
2824 1061 2922 1100 nos
2945 1057 3222 1116 propterea
3241 1048 3467 1104 dicimus
3490 1048 3642 1101 nobis

2058 1139 2204 1194 credi
2237 1147 2484 1208 Oportere
2514 1137 2660 1208 quod
2693 1138 2744 1191 in
2777 1137 3014 1192 Ecclesia
3043 1137 3242 1192 Christi
3282 1152 3486 1201 sumus,
3520 1141 3639 1208 quia

2059 1232 2225 1300 ipsam
2255 1246 2411 1299 quam
2433 1239 2698 1296 tenemus,
2720 1229 3112 1284 commendavit
3132 1229 3461 1283 Milevitanus
3482 1231 3640 1299 Opta-

2059 1322 2253 1387 tus,vel
2269 1321 2675 1377 Mediolaueusis
2689 1321 3112 1383 Ambrosius,vel
3125 1321 3211 1374 alii
3229 1322 3644 1376 innumerabiles

2059 1425 2254 1468 nostrae
2266 1413 2654 1468 communionis
2669 1412 2922 1483 episcopi;
2936 1422 3028 1466 aut
3048 1413 3168 1483 quia
3195 1426 3497 1468 nostrorum
3534 1417 3614 1468 col
3627 1446 3643 1453 -

2060 1505 2294 1574 legarum
2341 1505 2582 1559 conciliis
2631 1505 2741 1574 ipsa
2783 1505 3066 1573 prindicata
3105 1515 3220 1570 est;
3262 1515 3352 1559 aut
3391 1507 3509 1574 quia
3552 1522 3646 1574 per

2059 1601 2223 1648 totum
2250 1595 2433 1648 orbem
2464 1594 2516 1648 in
2547 1594 2678 1650 locis
2715 1595 2930 1660 sanctis,
2962 1610 3081 1664 qua:
3127 1595 3426 1665 frequentat
3466 1605 3640 1650 nostra

2057 1686 2382 1749 communio,
2413 1693 2554 1739 tanta
2584 1685 2846 1740 mirabilia
2880 1687 2961 1739 vel
2991 1686 3411 1751 exauditionum,
3440 1689 3521 1742 vel
3551 1704 3641 1742 sa-

2057 1774 2278 1828 nitatum
2327 1776 2478 1840 fiunt,
2513 1775 2583 1830 ita
2626 1784 2682 1830 ut
2723 1775 2938 1830 latentia
2979 1791 3076 1846 per
3111 1787 3185 1830 tot
3221 1793 3391 1832 annos
3420 1795 3642 1851 corpora

2059 1874 2352 1937 martyrum
2385 1863 2482 1938 (α),
2521 1865 2660 1935 quod
2699 1874 2922 1936 possunt
2962 1881 2992 1920 a
3034 1867 3213 1922 multis
3257 1869 3644 1942 interrogantes

2055 1955 2268 2021 audire,
2296 1955 2582 2010 Ambrosio
2606 1953 2802 2009 fuerint
2824 1956 3079 2023 revelata,
3106 1965 3159 2010 et
3187 1958 3252 2011 ad
3284 1959 3393 2028 ipsa
3419 1976 3642 2030 corpora

2056 2058 2231 2100 czccus
2257 2045 2544 2100 multorum
2571 2060 2830 2100 annorum
2861 2045 3058 2100 civitati
3079 2046 3458 2105 Mediolaneusi
3488 2053 3644 2107 notis-

2055 2136 2226 2190 simus
2254 2135 2437 2190 oculos
2469 2135 2755 2204 lumenque
2781 2137 3080 2206 receperit;
3108 2148 3197 2192 aut
3233 2139 3355 2208 quia
3408 2141 3496 2196 ille
3550 2157 3640 2198 so-

2057 2227 2258 2282 mnium
2287 2227 2504 2294 vidit,et
2533 2227 2620 2281 ille
2650 2227 2700 2280 in
2730 2227 2920 2296 spiritu
2947 2239 3253 2299 assumptus
3279 2231 3496 2298 audivit,
3530 2235 3644 2290 sive

2056 2333 2124 2372 ne
2165 2318 2265 2374 iret
2308 2319 2362 2373 in
2403 2328 2607 2388 partem
2639 2318 2864 2386 Donati,
2904 2319 3016 2375 sive
3047 2330 3102 2374 ut
3138 2321 3410 2378 recederet
3437 2339 3466 2377 a
3495 2334 3645 2394 parte

2057 2411 2266 2465 Donati.
2289 2410 2644 2479 Qumcumque
2670 2409 2792 2463 talia
2821 2409 2872 2464 in
2894 2407 3162 2466 Catholica
3193 2412 3345 2478 iiuut,
3371 2414 3490 2469 ideo
3515 2431 3641 2470 sunt.

2055 2499 2429 2569 approbanda,
2463 2499 2584 2569 quia
2621 2499 2674 2552 in
2711 2497 2985 2554 Catholica
3016 2499 3179 2568 ﬁunt;
3223 2518 3330 2557 non
3372 2503 3492 2559 ideo
3532 2505 3642 2574 ipsa

2056 2590 2423 2644 manifestatur
2441 2589 2734 2655 Catholica,
2761 2591 2883 2660 quia
2913 2590 3025 2646 haec
3052 2591 3103 2645 iu
3132 2607 3194 2646 ea
3224 2592 3375 2648 ﬁunt.
3408 2594 3521 2664 Ipse
3543 2597 3644 2651 Do-

2056 2681 2232 2734 minus
2252 2679 2407 2734 Jesus
2437 2695 2556 2735 cum
2587 2681 2967 2736 resurrexissel
2998 2699 3026 2736 a
3054 2684 3298 2748 mortuis,
3329 2696 3382 2739 et
3405 2687 3642 2757 discipu-

2057 2769 2228 2824 lorum
2258 2761 2425 2824 oculis
2453 2769 2759 2834 videndum,
2792 2771 3143 2842 manibusque
3173 2775 3490 2843 taugcndum
3518 2793 3639 2833 cor-

2055 2875 2158 2931 pus
2191 2875 2344 2913 suum
2374 2859 2624 2924 olTerret,
2665 2875 2733 2914 ne
2776 2861 2902 2931 quid
2949 2869 3122 2916 tamen
3169 2862 3394 2920 fallacia:
3435 2883 3493 2923 se
3534 2873 3639 2939 ptui

2054 2951 2458 3016 arbitrarentur,
2489 2951 2656 3020 magis
2684 2965 2778 3005 eos
2804 2952 3121 3008 testimoniis
3148 2953 3302 3024 chis
3329 2966 3382 3012 et
3405 2957 3640 3029 Prophe—

2057 3049 2228 3094 tarum
2276 3049 2331 3095 et
2380 3039 2708 3094 Psalmorum
2759 3043 3154 3099 conﬁrmandos
3204 3060 3322 3100 esse
3365 3046 3638 3116 judicavit.

2055 3131 2346 3187 ostendens
2375 3146 2436 3185 ea
2467 3132 2532 3186 de
2571 3146 2628 3185 se
2669 3132 2916 3202 impleta,
2948 3150 3068 3204 qua:
3097 3133 3304 3191 fuerant
3347 3149 3492 3196 tanto
3520 3155 3644 3200 ante

2057 3223 2328 3293 praedicta.
2374 3222 2461 3277 Sic
2495 3233 2548 3277 et
2576 3223 2873 3278 Ecclesiam
2918 3241 3068 3280 suam
3115 3231 3512 3288 commendavit
3557 3235 3640 3290 di-

2055 3329 2181 3369 cens
2209 3331 2222 3367 :
2251 3312 2538 3368 Prwdicari
2565 3315 2617 3366 in
2645 3316 2844 3368 nomine
2867 3332 2960 3369 suo
2987 3318 3362 3387 paenitentiam,
3393 3332 3439 3375 et
3467 3327 3645 3380 remis-

2054 3410 2243 3462 sionem
2284 3416 2602 3478 peccatorum
2633 3424 2722 3476 per
2760 3423 2932 3462 omnes
2968 3419 3137 3479 gentes
3157 3452 3170 3478 ,
3202 3411 3554 3480 incipientibus
3579 3419 3642 3472 ab

2053 3499 2356 3554 Jerusalem.
2389 3499 2499 3554 Hoc
2528 3500 2578 3554 in
2606 3499 2768 3571 Lege,
2796 3509 2852 3555 et
2871 3501 3171 3571 Prophetis,
3203 3515 3254 3559 et
3281 3506 3501 3564 Psalmis
3521 3525 3642 3566 esse

2054 3592 2307 3660 scriptum
2351 3590 2463 3660 ipse
2502 3597 2726 3645 testatus
2769 3598 2853 3646 est
2899 3590 3046 3662 (Luc.
3075 3609 3218 3658 xxrv,
3251 3596 3442 3668 44-47)
3485 3617 3498 3652 :
3541 3599 3642 3656 hoc

2053 3681 2168 3748 ejus
2189 3696 2281 3733 ore
2306 3679 2736 3734 commendatum
2763 3689 3025 3737 tenemus.
3053 3683 3177 3738 llaec
3199 3696 3322 3739 sunt
3345 3703 3520 3742 causze
3541 3707 3640 3744 no-

2055 3781 2178 3824 stne
2206 3769 2523 3823 documenta
2548 3770 2586 3835 ί,
2617 3769 2732 3824 hazc
2757 3769 3122 3838 fundamenta,
3152 3773 3265 3828 haec
3288 3778 3636 3834 firmamenta.

2124 3861 2212 3916 51.
2255 3859 2504 3930 Legimus
2549 3860 2600 3914 in
2647 3861 2867 3916 Actibus
2912 3863 3286 3931 Apostolorum
3329 3867 3528 3924 dictum
3573 3872 3640 3928 de

2052 3951 2367 4023 quibusdam
2408 3949 2786 4019 credentibus,
2819 3951 2959 4022 quod
2999 3953 3236 4022 quotidie
3277 3969 3640 4016 scrutarentur

2054 4044 2388 4114 Seripturas,
2421 4059 2487 4098 an
2525 4045 2640 4100 lucc
2681 4045 2748 4100 ita
2793 4061 2852 4100 se
2891 4046 3146 4102 haberent
3174 4048 3308 4118 (Act.
3337 4067 3474 4120 xvii,
3509 4054 3632 4126 ll):

2053 4151 2183 4206 quas
2212 4137 2391 4206 utique
2420 4134 2754 4206 Scripturas,
2780 4137 2883 4191 nisi
2921 4140 3203 4194 canonicas
3231 4142 3382 4213 Legis
3422 4154 3476 4200 et
3504 4147 3632 4203 [δι-οο

2055 4230 2375 4298 phetarum?
2423 4229 2535 4283 Huc
2578 4240 2917 4284 accesserunt
2961 4231 3284 4302 Evangelia,
3331 4240 3638 4307 apostolica:

2054 4322 2338 4391 Epistolze,
2380 4321 2546 4374 Actus
2579 4320 2984 4388 Apostolorum,
3018 4325 3361 4396 Apocalypsis
3396 4329 3637 4391 Joannis.

2053 4411 2374 4466 Scrutamiui
2424 4411 2540 4465 haze
2584 4411 2790 4474 omnia,
2843 4422 2896 4467 ct
2943 4415 3113 4468 eruite
3163 4418 3358 4488 aliquid
3413 4424 3636 4480 manife-

2052 4512 2225 4568 stum,
2254 4518 2360 4572 quo
2389 4502 2764 4557 demonstretis
2803 4501 3091 4559 Ecclesiam
3126 4507 3209 4560 vel
3242 4509 3293 4562 in
3321 4511 3431 4566 sola
3462 4515 3636 4571 Africa

2052 4594 2404 4660 remansisse,
2432 4593 2514 4648 vel
2555 4607 2622 4647 ex
2661 4592 2836 4647 Africa
2879 4592 3110 4648 futurum
3138 4611 3257 4651 esse
3277 4601 3296 4630 ²
3324 4611 3378 4655 ut
3413 4602 3636 4674 implea-

2053 4695 2137 4740 tur
2158 4685 2297 4756 quod
2322 4685 2576 4740 Dominus
2595 4684 2721 4740 dicit
2749 4703 2761 4739 :
2791 4683 3156 4742 Praedicabitur
3181 4690 3276 4744 hoc
3307 4691 3635 4767 Evangelium

2051 4779 2191 4848 regni
2230 4778 2281 4831 in
2317 4778 2548 4832 universo
2592 4777 2710 4830 orbe
2758 4777 2810 4830 in
2854 4777 3190 4832 testimonium
3236 4783 3464 4838 omnibus
3510 4806 3636 4858 gen-

2051 4867 2217 4934 tibus;
2247 4878 2292 4920 et
2322 4877 2440 4920 tunc
2469 4867 2625 4920 veniet
2659 4868 2777 4936 ﬁnis
2810 4865 3022 4938 (Matth.
3065 4885 3211 4935 xxtv,
3255 4873 3366 4945 14).
3402 4876 3505 4931 Sed
3537 4880 3636 4933 ali-
3693 4922 3698 4926 .

2051 4957 2175 5027 quid
2217 4955 2450 5025 proferte
2473 4997 2487 5021 ,
2519 4955 2662 5026 quod
2695 4971 2798 5010 non
2829 4967 2983 5026 egeat
3010 4958 3331 5029 interprete,
3369 4981 3466 5021 nec
3496 4968 3635 5021 und:

2050 5045 2434 5101 convincamini
2486 5045 2629 5114 quod
2687 5045 2754 5100 de
2799 5047 2903 5100 alia
2956 5062 3014 5100 re
3059 5047 3259 5104 dictum
3304 5053 3401 5119 sit,
3444 5067 3496 5109 et
3541 5073 3633 5112 vos

2050 5137 2177 5192 illud
2206 5137 2275 5192 ad
2303 5147 2538 5192 vestrum
2580 5151 2798 5192 sensum
2842 5137 3161 5210 detorquere
3207 5146 3493 5201 conemini.
3538 5149 3597 5205 Vi
3612 5181 3632 5192 ο

2049 5228 2188 5282 detis
2223 5229 2364 5282 enim
2393 5228 2608 5282 unicum
2660 5228 2789 5282 illud
2840 5230 2978 5299 quod
3025 5231 3265 5300 proferre
3310 5241 3628 5307 consuestis,

2055 5320 2151 5376 Ubi
2178 5320 2366 5391 pascis,
2389 5318 2472 5372 ubi
2497 5317 2650 5373 cubas
2678 5319 2730 5372 in
2759 5321 2965 5374 meridie
2988 5320 3159 5392 (Cant.
3190 5340 3227 5390 ι,
3252 5324 3306 5390 6)
3333 5341 3348 5389 ;
3376 5332 3631 5397 quemad-

2048 5412 2265 5470 modum
2295 5411 2535 5467 excussis
2561 5411 2808 5467 omnibus
2848 5412 3085 5482 ejusdem
3109 5415 3210 5470 loci
3238 5420 3433 5485 verbis,
3472 5419 3628 5491 longe

2111 5548 2128 5579 ί
2161 5553 2340 5609 Omnes
2362 5554 2500 5598 Mss:
2523 5556 2612 5596 me
2632 5552 2739 5598 sunt
2761 5560 2923 5599 causa:
2944 5555 3136 5609 nostras,
3162 5550 3269 5603 lucc
3293 5553 3595 5609 documenta.

2108 5609 2130 5673 ξ
2161 5609 2234 5673 sic
2254 5607 2566 5673 Floriacensls
2581 5609 2755 5673 codex.
2778 5617 2834 5673 At
2863 5611 2998 5673 editi,
3029 5607 3242 5673 futuram
3263 5629 3381 5666 esse.

2110 5669 2403 5745 (ᾳλξιόέδὲὶὶ
2427 5671 2728 5745 etaervasii.
2754 5669 3060 5745 t'ide_lib.'22
3076 5673 3139 5724 de
3161 5677 3360 5729 dvitatc
3390 5682 3492 5741 Dei,
3518 5693 3622 5745 cap.

2047 5730 2096 5791 8,
2113 5729 2264 5781 et'lib.
2281 5731 2312 5780 9
2332 5731 2706 5793 confessionum,
2729 5744 2831 5796 cap.
2859 5734 2908 5795 7,
2933 5741 3028 5784 etc.
