4066 6200
504 348 598 404 431

501 464 641 519 aliud
686 463 879 518 indicat
924 476 1081 530 quam
1122 476 1215 515 vos
1271 461 1485 531 putatis.
1546 462 1609 515 Et
1638 462 1681 516 si
1714 462 1815 516 hoc
1859 469 2075 515 sonaret

500 554 639 624 quod
664 554 842 615 vultis,
863 553 1270 607 Maximianistzc
1293 567 1385 606 vos
1416 553 1467 607 in
1495 568 1561 607 eo
1586 553 1879 608 vincerent.
1914 550 2080 621 Magis

498 648 638 702 enim
669 640 919 700 meridies
948 644 1243 710 Provincia,
1271 645 1581 715 Byzacium,
1606 645 1858 714 Tripolis,
1892 643 1979 698 ubi
2012 643 2085 698 illi

498 748 620 793 sunt
641 737 958 806 quicumque
980 744 1122 802 sunt,
1149 751 1306 805 quam
1331 735 1597 800 Numidia,
1622 737 1711 789 ubi
1726 749 1820 789 vos
1844 733 2079 805 prmpol-

500 831 635 885 lctis.
670 828 739 883 lta
797 844 923 899 ergo
952 828 1052 898 ipsi
1097 828 1402 898 germanius
1448 838 1501 882 et
1527 828 1826 883 distinctius
1857 833 2080 897 possunt

493 922 562 977 de
587 920 807 976 meridie
836 921 1081 990 gloriari,
1129 930 1187 974 ut
1214 935 1307 975 eos
1335 919 1628 975 excludere
1655 920 1723 973 ab
1745 919 1844 974 hac
1864 927 2083 973 senten—

499 1017 568 1068 tia
598 1030 702 1068 non
727 1014 941 1084 possitis
968 1055 980 1077 ,
1006 1014 1105 1068 nisi
1134 1013 1186 1066 in
1222 1014 1327 1067 illis
1361 1013 1539 1068 verbis
1570 1028 1763 1068 verum
1789 1026 2004 1067 sensum
2031 1018 2085 1065 et

496 1106 820 1160 catholicum
889 1105 1150 1170 teneatis,
1206 1105 1596 1170 ostendentes,
1667 1103 1747 1159 eis
1792 1101 2081 1157 secundum

496 1207 725 1268 quatuor
772 1198 992 1269 angulos
1045 1197 1188 1251 orbis
1236 1206 1498 1251 terrarum
1548 1197 1617 1253 ab
1668 1197 1865 1250 Austro
1910 1191 2077 1262 magis

494 1306 653 1361 quam
680 1291 747 1346 ab
794 1290 973 1345 Africo
1000 1304 1120 1344 esse
1149 1288 1429 1344 meridiem
1457 1304 1470 1353 ;
1506 1287 1796 1342 secundum
1832 1289 2081 1357 liguratas

496 1393 671 1440 autem
721 1382 1116 1453 Seriptnrarum
1161 1381 1487 1445 locutiones,
1541 1379 1828 1450 perfectam
1885 1376 2078 1431 mentis

498 1478 973 1541 illuminationem,
1026 1474 1394 1542 fervoremquc
1449 1472 1738 1526 maximum
1767 1468 2078 1532 cbaritatis,

495 1569 673 1623 vocari
700 1568 977 1624 meridiem
1006 1584 1019 1631 ;
1049 1565 1188 1621 unde
1212 1565 1466 1634 scriptum
1495 1574 1576 1618 est
1595 1604 1607 1626 ,
1641 1562 1711 1616 Et
1742 1562 1958 1617 tenebrw
1982 1572 2082 1614 tua:

495 1671 735 1727 tanquam
763 1658 995 1713 meridies
1020 1666 1167 1711 erunt
1195 1655 1346 1728 (Isai.
1369 1670 1512 1721 Lvttt,
1540 1654 1654 1725 1-0).
1694 1653 1907 1724 Aliquid
1947 1665 2074 1721 ergo

493 1751 726 1819 proferte
753 1748 891 1817 quod
934 1764 1038 1800 non
1088 1756 1272 1800 contra
1303 1761 1398 1800 vos
1446 1746 1621 1799 verius
1664 1745 2078 1813 interpretetur;

495 1842 587 1896 sed
619 1840 758 1909 quod
788 1841 1077 1908 interprete
1102 1839 1320 1892 omnino
1338 1854 1441 1892 non
1470 1846 1643 1906 egeat.
1666 1836 1813 1892 Sicut
1834 1852 1938 1890 non
1960 1844 2081 1904 eget

496 1928 802 1998 interprete,
858 1927 923 1980 In
968 1928 1154 1980 semine
1186 1937 1268 1979 tuo
1328 1926 1682 1979 benedicentur
1713 1940 1883 1978 omnes
1911 1933 2081 1994 gentes

504 2020 666 2089 (Gen.
694 2036 824 2081 xxn,
853 2017 939 2090 l8)
976 2018 1131 2089 :quia
1163 2033 1344 2073 semen
1388 2017 1616 2071 Abrahaz
1661 2014 1927 2071 Christum
1974 2031 2079 2070 non

496 2126 615 2180 ego,
644 2111 735 2165 sed
760 2110 1044 2179 Apostolus
1064 2109 1485 2180 interpretatur(
1503 2106 1674 2163 Colat.
1697 2124 1773 2173 ιιι,
1806 2108 1913 2179 16).
1934 2108 2081 2162 Sicut

496 2220 602 2258 non
628 2214 747 2274 eget
778 2204 1088 2272 interprete,
1122 2200 1202 2255 Tu
1226 2202 1359 2255 enim
1387 2201 1642 2255 vocaberis
1684 2201 1917 2254 voluntas
1947 2216 2075 2262 mea,

494 2305 541 2349 et
562 2307 694 2349 terra
717 2306 801 2348 tua
825 2295 956 2348 orbis
985 2304 1234 2348 terrarum
1275 2291 1431 2364 (Isai.
1471 2308 1594 2356 an,
1633 2292 1689 2363 4)
1722 2308 1734 2344 :
1767 2292 1885 2362 quia
1914 2292 1963 2346 ei
1993 2291 2077 2345 di-

495 2387 633 2441 citur
656 2428 668 2448 ,
692 2402 848 2457 quam
889 2400 1047 2440 nemo
1079 2385 1402 2441 christianos
1428 2384 1526 2440 nisi
1558 2384 1850 2439 Ecclesium
1878 2383 2076 2438 Christi

496 2478 759 2549 intelligit.
790 2477 939 2533 Sicut
961 2493 1066 2532 non
1093 2486 1213 2548 eget
1241 2478 1553 2548 interprete,
1584 2477 2068 2532 Commemorabim-

495 2579 578 2623 tur
604 2579 647 2623 et
675 2578 1023 2623 convertentur
1050 2569 1116 2622 ad
1147 2568 1417 2623 Dominum
1443 2570 1658 2622 universi
1679 2570 1803 2637 ﬁnes
1833 2579 2007 2634 teri-a2,
2032 2578 2077 2621 et

494 2660 776 2713 adorabunt
815 2659 867 2712 in
892 2670 1164 2724 conspectu
1205 2662 1314 2729 ejus
1343 2659 1589 2712 universa:
1615 2660 1796 2727 patriw
1818 2659 2076 2729 gentiam;

491 2750 729 2819 quoniam
756 2749 916 2820 ipsius
937 2758 1008 2803 est
1033 2766 1261 2820 regnum,
1292 2759 1337 2803 et
1362 2750 1469 2819 ipse
1493 2748 1832 2803 dominabitur
1852 2750 2078 2819 gentium

493 2839 661 2909 (Psal.
689 2856 797 2905 XXI,
846 2839 917 2895 28
939 2880 955 2907 ,
990 2838 1089 2910 29)
1130 2857 1142 2892 :
1173 2839 1295 2909 quia
1323 2839 1373 2893 in
1414 2854 1479 2894 eo
1509 2838 1712 2909 psalmo
1744 2840 1954 2903 dicitur,
1990 2840 2076 2894 ubi

493 2933 671 3002 passio
737 2933 946 2987 Domini
1001 2933 1159 2987 etiam
1216 2941 1354 2987 teste
1410 2933 1698 3002 Evangelio
1779 2932 2077 2986 declaratur

493 3025 708 3094 (Matth.
737 3039 906 3089 xxvii,
937 3024 1026 3087 55,
1059 3032 1104 3076 et
1136 3023 1293 3077 Joan.
1317 3039 1425 3087 xu,
1454 3023 1568 3093 26).
1621 3023 1770 3077 Sicut
1823 3038 1925 3077 non
1958 3031 2078 3093 eget

495 3118 806 3185 interprete,
843 3113 974 3179 Quia
1004 3113 1263 3181 oportebat
1292 3112 1547 3166 Christum
1591 3113 1713 3183 pati,
1746 3123 1791 3165 ct
1817 3129 2078 3183 resurgere

494 3209 640 3262 tertia
663 3208 761 3269 die,
802 3215 847 3261 et
875 3205 1143 3277 prtrdicari
1168 3206 1219 3258 in
1246 3205 1449 3258 nomine
1479 3204 1590 3275 ejus
1614 3205 1954 3274 paenitentiam
1983 3247 1997 3270 ,
2029 3213 2077 3259 et

491 3298 833 3354 remissionem
854 3306 1172 3369 peccatorum
1203 3312 1292 3366 per
1315 3312 1485 3349 omnes
1513 3304 1703 3367 gentes,
1725 3295 2076 3367 incipientibus

492 3389 556 3443 ab
581 3389 867 3444 Jerusalem
898 3386 1046 3459 (Luc.
1086 3401 1231 3449 xxiv,
1275 3386 1363 3451 46,
1396 3386 1512 3458 47).
1538 3387 1686 3442 Sicut
1708 3401 1811 3441 non
1839 3398 1957 3454 eget
1991 3388 2074 3441 in-

499 3488 749 3550 terprete,
782 3478 849 3532 Et
877 3478 1013 3531 eritis
1042 3477 1166 3530 mihi
1200 3485 1343 3530 testes
1387 3477 1437 3530 in
1472 3476 1779 3541 Jerusalem,
1802 3487 1847 3531 et
1874 3477 1926 3531 in
1973 3486 2078 3533 tota

493 3572 701 3636 Judtea,
731 3580 780 3625 et
811 3568 1070 3633 Samaria,
1102 3577 1148 3621 ct
1176 3583 1334 3634 usque
1361 3567 1413 3621 in
1444 3575 1598 3621 totam
1623 3565 1850 3641 terram(
1878 3568 1988 3623 Act.
2024 3584 2062 3636 t,

493 3668 580 3735 8).
614 3663 853 3732 Cuspisse
889 3662 1030 3717 enim
1085 3658 1380 3715 Ecclesium
1419 3658 1487 3713 ab
1538 3658 1832 3715 Jerusalem
1859 3702 1873 3723 ,
1917 3670 2075 3730 atque

496 3757 619 3812 inde
659 3755 765 3811 isse
790 3753 991 3809 circum
1039 3750 1299 3815 Judmam,
1330 3758 1384 3806 et
1418 3749 1737 3817 Samariam,
1766 3758 1820 3807 et
1847 3759 2070 3807 caeteras

493 3858 678 3917 gentes
702 3888 717 3911 ,
758 3842 1138 3914 consequentia
1175 3851 1323 3913 gesta
1367 3850 1628 3897 testantur
1665 3843 1936 3899 canonicis
1980 3843 2072 3897 lir-

494 3947 635 3994 ntata
662 3935 1016 3992 documentis.
1046 3932 1196 3988 Sicut
1224 3947 1330 3986 non
1358 3941 1481 4002 eget
1508 3931 1816 4003 interprete,
1848 3930 1915 3985 Et
1944 3947 2077 4002 prte-

495 4029 744 4083 dicabitur
765 4027 859 4082 hoc
894 4024 1232 4097 Evangelium
1261 4022 1404 4093 regni
1428 4022 1482 4076 in
1509 4021 1741 4077 universo
1764 4021 1880 4076 orbe
1907 4023 1961 4076 in
2005 4031 2077 4076 tc-

494 4119 783 4174 stimoninm
811 4115 1043 4171 omnibus
1069 4112 1337 4185 gentibus;
1365 4120 1412 4165 et
1426 4122 1547 4165 tunc
1567 4112 1724 4166 veniet
1740 4113 1876 4181 finis.
1902 4111 2075 4167 Inter-

496 4221 711 4283 rogatus
753 4209 896 4264 enim
954 4205 1211 4261 Dominus
1260 4204 1328 4259 de
1360 4203 1463 4259 line
1514 4202 1673 4274 hujus
1702 4203 1903 4269 smculi,
1950 4218 2073 4259 cum

495 4303 739 4375 qmedam
764 4300 910 4354 initia
938 4296 1332 4367 parturitionum
1358 4295 1375 4327 ⁸
1405 4294 1647 4362 dixisset,
1678 4294 1752 4348 ait
1781 4309 1793 4347 :
1822 4294 1927 4349 Sed
1952 4311 2079 4348 non-

495 4396 617 4448 dum
653 4402 725 4448 est
777 4390 890 4461 ﬁnis
920 4387 1133 4458 (Matth.
1169 4400 1312 4452 xxiv,
1346 4385 1432 4450 14,
1469 4385 1502 4440 8
1528 4426 1541 4449 ,
1570 4384 1645 4455 ϐ).
1678 4384 1865 4440 Finem
1900 4394 2077 4439 autem

498 4494 730 4539 tuturum
778 4478 1019 4551 prmdixit
1072 4484 1193 4546 post
1229 4474 1661 4546 przedicationem
1708 4474 1979 4545 Evangelii
2024 4475 2077 4530 in

496 4578 747 4631 universo
773 4570 985 4626 orbein
1031 4566 1279 4623 omnibus
1315 4566 1580 4638 gentibus.
1635 4566 1784 4622 Sicut
1825 4580 1931 4620 non
1957 4575 2079 4635 eget

501 4669 815 4735 interprete,
846 4661 1011 4718 Sinite
1035 4669 1248 4730 utraque
1280 4674 1499 4711 crescere
1522 4674 1680 4728 usque
1707 4657 1776 4711 ad
1817 4673 2030 4710 messem
2056 4672 2075 4712 :

502 4757 625 4828 quia
650 4769 771 4811 cum
803 4760 985 4824 egeret
1016 4750 1327 4820 interprete,
1368 4748 1481 4817 ipse
1520 4747 1775 4802 Dominus
1820 4747 2080 4818 interpre-

499 4860 642 4906 tatus
665 4856 785 4914 est;
836 4854 895 4901 et
946 4844 1061 4915 ipse
1087 4841 1375 4911 exposuit,
1405 4840 1491 4894 cui
1523 4854 1681 4893 nemo
1709 4837 2079 4894 contradicere

491 4948 691 5013 potest,
718 4937 959 4993 maxime
986 4935 1039 4989 in
1067 4949 1131 4990 ea
1160 4930 1434 5002 parabola,
1463 4944 1582 5000 quas
1622 4930 1690 4985 ab
1735 4929 1824 4984 illo
1872 4930 2076 4999 prolata

489 5044 571 5089 cst
603 5049 616 5085 :
638 5039 694 5087 et
716 5030 832 5101 ipse
847 5027 921 5081 ait
939 5026 1137 5081 bonum
1159 5038 1339 5079 semen
1362 5037 1483 5078 esse
1504 5020 1640 5077 lllios
1661 5022 1842 5092 regni;
1869 5036 2077 5092 agrum,

493 5123 796 5185 mundum;
827 5130 1079 5181 messem,
1124 5114 1281 5169 ﬁnem
1320 5112 1499 5167 saeculi
1534 5110 1554 5183 (
1580 5110 1667 5165 Id.
1696 5128 1807 5179 xm,
1847 5113 1936 5179 ὅθ,
1969 5112 2038 5169 ⁸58
2060 5155 2074 5178 ,

491 5219 559 5271 59
582 5215 625 5285 ).
648 5210 779 5268 'l'ale
805 5206 1002 5278 aliquid
1031 5204 1264 5276 proferte
1287 5202 1369 5258 vel
1396 5218 1560 5258 unum
1583 5244 1598 5269 ,
1626 5218 1733 5273 quo
1748 5204 2081 5273 apertissime

497 5307 673 5363 Africa
704 5302 1027 5363 declaretur,
1060 5296 1145 5353 vel
1177 5296 1228 5351 in
1258 5294 1477 5366 reliquis
1503 5302 1527 5332 ’
1550 5295 1662 5349 sola
1701 5294 1978 5361 derelicta,
1997 5296 2080 5350 vel

498 5400 561 5453 ad
596 5393 913 5471 principium
937 5387 1230 5445 renovandi
1261 5395 1318 5442 et
1366 5385 1620 5457 implendi
1651 5386 1796 5441 orbis
1826 5386 1937 5441 sola
1965 5402 2081 5442 ser-

501 5501 643 5545 vata.
674 5487 856 5556 Neque
911 5482 1053 5537 enim
1120 5489 1199 5536 tot.
1247 5478 1568 5535 testimoniis
1613 5478 2081 5535 commendaretur

503 5729 513 5737 ἡ
559 5668 573 5695 ί
613 5671 667 5737 lu
685 5660 943 5724 Evangelia
977 5672 1139 5724 graece
1164 5665 1258 5715 est,
1276 5654 1491 5709 attinuit:
1516 5657 1561 5707 id
1584 5664 1676 5718 est,
1704 5657 1926 5711 dolorum
1946 5673 2083 5725 quasi

492 5738 542 5777 ἠ
559 5734 917 5834 maxumast
939 5783 1110 5845 codex,
1137 5779 1210 5832 vel
1230 5779 1280 5831 in
1302 5778 1535 5841 reliquiis.

467 5874 520 5900 σν

1577 346 1842 403 CONTRA
1890 344 2316 402 DONATISTAS
2354 347 2709 415 EPISTULA,

3674 361 3776 414 l’ﬁ

2195 460 2336 530 quod
2366 471 2483 515 erat
2507 462 2617 515 cito
2647 462 2936 531 periturum
2958 505 2971 526 .
3003 474 3053 519 et
3104 466 3179 519 sic
3204 473 3489 531 taceretur.
3517 480 3608 524 aut
3632 474 3774 541 quod

2194 551 2364 605 solum
2386 562 2529 607 esset
2554 552 2980 622 relinquendum,
3008 564 3101 608 aut
3119 570 3184 609 ex
3214 570 3323 626 quo
3349 559 3464 612 solo
3492 568 3661 615 totum

2193 651 2277 697 set
2296 644 2649 713 reparandum
2672 644 3086 715 etimplendum.
3104 646 3161 701 Si
3191 657 3370 703 autem
3396 665 3502 705 non
3532 656 3775 720 potestis.

2192 733 2335 803 quod
2363 744 2467 788 tam
2492 734 2634 804 juste
2664 750 2696 790 a
2718 735 2868 792 vobis
2894 736 3213 807 ﬂagitamus,
3262 740 3546 797 ostendere
3568 745 3779 808 ;cedite

2191 824 2403 879 veritati
2432 826 2471 892 ¹,
2500 825 2863 893 conticescite,
2896 826 3297 895 obdormiscitc,
3331 845 3361 885 a
3390 830 3572 888 furore
3586 848 3778 904 exper-

2189 915 2452 985 giscimini
2480 916 2533 971 in
2562 918 2807 973 salutem.

2262 1005 2352 1061 52.
2380 1008 2461 1061 An
2492 1006 2665 1063 adhuc
2687 1008 2863 1064 dicitis
2893 1027 2905 1064 :
2940 1010 3002 1065 Si
3027 1010 3167 1079 apud
3190 1028 3276 1066 vos
3309 1023 3384 1066 est
3407 1012 3635 1070 Ecclesia
3653 1060 3667 1081 ,
3700 1029 3784 1071 ut-

2191 1096 2316 1166 quid
2345 1114 2439 1151 nos
2465 1098 2534 1151 ad
2554 1102 2661 1169 ejus
2678 1116 2854 1170 pacem
2879 1103 3222 1172 persequenda
3248 1106 3548 1174 compellitis
3568 1108 3595 1162 .9
3618 1120 3709 1162 aut
3734 1113 3779 1163 si

2190 1189 2314 1242 mali
2351 1206 2527 1244 sumus
2549 1231 2564 1257 ,
2607 1191 2730 1262 quid
2756 1209 2848 1246 nos
2872 1195 3138 1264 quteritis?
3173 1194 3240 1249 Et
3273 1197 3317 1251 si
3345 1198 3543 1252 zizania
3580 1217 3778 1263 sumus.

2187 1278 2336 1334 sinite
2361 1297 2454 1337 nos
2474 1299 2690 1339 crescere
2725 1301 2879 1354 usque
2897 1285 2965 1337 ad
2985 1286 3229 1340 messem?
3247 1287 3409 1355 Quasi
3437 1305 3551 1353 nos,
3584 1293 3779 1360 quibus

2191 1371 2363 1427 modis
2408 1388 2711 1441 possumus,
2757 1376 2901 1429 aliud
2926 1391 3146 1446 agamus
3166 1418 3180 1442 ,
3214 1379 3311 1433 nisi
3340 1395 3407 1434 nc
3445 1382 3673 1436 triticum
3703 1384 3782 1437 si-

2189 1464 2298 1517 mul
2328 1464 2647 1530 eradicetur,
2682 1466 2809 1520 dum
2830 1476 2952 1519 ante
2980 1477 3188 1537 tempus
3212 1470 3413 1523 zizania
3438 1484 3776 1541 separantur.

2187 1554 2519 1627 Quicumque
2544 1559 2685 1612 enim
2716 1558 2836 1613 boni
2882 1560 2933 1613 in
2972 1570 3235 1615 aeternum
3274 1562 3433 1617 futuri
3478 1575 3635 1630 sunt,
3674 1569 3779 1621 etsi

2188 1646 2252 1701 ad
2279 1656 2489 1717 tempus
2516 1651 2639 1703 mali
2669 1662 2791 1704 sunt
2816 1653 2861 1717 ³,
2889 1667 2997 1705 non
3020 1652 3237 1718 lilﬂttiﬂ,
3268 1655 3362 1709 sed
3395 1656 3621 1711 triticum
3651 1668 3781 1714 sunt

2190 1738 2241 1794 in
2284 1742 2621 1810 praescientia
2663 1744 2774 1797 Dei.
2820 1743 2910 1799 Sic
2952 1754 3128 1800 autem
3160 1761 3256 1800 nos
3281 1750 3577 1817 accusatis,
3608 1766 3782 1821 quare

2186 1844 2281 1884 vos
2310 1847 2615 1901 quzrramus
2638 1834 2679 1887 si
2703 1834 2824 1887 mali
2843 1835 2991 1897 estis,
3023 1836 3172 1906 quasi
3201 1851 3305 1892 non
3337 1838 3390 1892 in
3415 1854 3479 1892 eo
3511 1842 3781 1909 perieritls

2186 1935 2292 1990 quo
2320 1923 2441 1976 mali
2470 1925 2618 1991 estis,
2646 1933 2700 1978 et
2728 1925 2847 1978 ideo
2871 1926 2993 1979 sitis
3014 1928 3289 1995 quairendi
3313 1970 3327 1993 ,
3364 1930 3485 1998 quia
3518 1932 3776 2000 periistis,

2186 2021 2245 2067 ut
2293 2015 2482 2083 perditi
2513 2017 2860 2085 qureramini,
2890 2019 3094 2085 quaesiti
3143 2019 3522 2085 inveniamini,
3571 2021 3780 2078 inventi

2186 2106 2513 2160 revocemini
2536 2148 2548 2168 ,
2580 2105 2718 2161 sicut
2759 2108 2851 2161 illa
2874 2109 2987 2161 ovis
3012 2124 3039 2163 a
3085 2119 3295 2177 pastore
3314 2153 3329 2174 ,
3369 2110 3507 2165 sicut
3536 2111 3624 2165 illa
3650 2111 3778 2166 dra-

2184 2195 2339 2250 chma
2377 2211 2405 2249 a
2434 2197 2690 2264 muliere,
2721 2198 2858 2252 sicut
2885 2199 2972 2253 ille
3003 2200 3139 2254 illius
3172 2178 3259 2269 qui
3291 2212 3534 2256 mortuus
3562 2211 3677 2257 erat
3719 2214 3777 2258 et

2184 2288 2378 2342 revixit
2402 2332 2414 2351 ,
2452 2291 2679 2359 perierat
2705 2300 2757 2345 et
2790 2291 3035 2345 inventus
3064 2303 3144 2346 est
3184 2292 3344 2361 (Luc.
3397 2294 3525 2365 xv).
3556 2295 3652 2351 Ille
3677 2310 3776 2351 vos

2183 2380 2324 2435 enim
2351 2382 2560 2451 quierit,
2605 2383 2693 2452 qui
2740 2384 2789 2436 in
2844 2385 3040 2439 sanctis
3090 2383 3311 2454 habitat,
3346 2395 3402 2443 ct
3440 2388 3665 2457 imperat
3714 2399 3778 2445 ut

2182 2473 2514 2541 qutcramini.

2252 2562 2481 2618 CAPUT
2499 2563 2774 2634 XX(a).—
2790 2566 2875 2621 55.
2902 2566 2979 2621 De
3001 2569 3365 2635 persecutione
3389 2579 3566 2625 autem
3593 2580 3776 2627 vestra

2182 2655 2395 2723 querela
2417 2656 2707 2721 sedabitur,
2730 2657 2772 2711 si
2790 2658 3032 2728 cogitetis
3056 2668 3109 2714 et
3134 2660 3437 2731 intelligatis
3463 2664 3630 2733 prius,
3662 2679 3773 2720 non

2181 2757 2394 2798 omoem
2450 2748 2873 2815 persecutionem
2931 2764 3054 2805 esse
3110 2750 3423 2820 culpabilem
3473 2771 3489 2807 :
3535 2754 3772 2824 alioquin

2181 2847 2289 2887 non
2318 2834 2653 2891 laudabiliter
2690 2837 2989 2903 diceretur,
3020 2838 3374 2896 Detrahentem
3407 2845 3637 2913 proximo
3674 2862 3774 2900 suo

2180 2929 2399 2992 occulte,
2430 2929 2566 2983 hunc
2593 2932 2922 3001 persequebar
2947 2931 2965 3003 (
2986 2932 3128 2986 Psal.
3157 2950 3186 2990 c
3212 2978 3226 3003 ,
3253 2936 3345 3005 5).
3376 2923 3504 2991 Nam
3532 2938 3775 3007 quotidie

2179 3020 2421 3075 videmus
2461 3029 2514 3075 et
2562 3021 2725 3075 lilium
2768 3021 2836 3076 de
2874 3033 3024 3092 patre
3060 3032 3308 3095 tanquam
3335 3027 3402 3082 de
3431 3036 3774 3096 persecutore

2181 3125 2281 3166 suo
2308 3112 2587 3182 conqueri;
2619 3121 2673 3167 et
2706 3113 2986 3184 conjugem
3013 3114 3080 3170 de
3110 3117 3300 3171 marito
3324 3160 3338 3183 ,
3371 3127 3423 3171 et
3460 3132 3671 3173 servum
3703 3120 3775 3176 de

2181 3203 2418 3270 domino,
2433 3212 2485 3258 et
2513 3204 2761 3259 colonum
2789 3205 2857 3261 de
2878 3221 3205 3276 possessore,
3221 3216 3277 3263 et
3306 3225 3453 3264 reum
3475 3210 3541 3265 de
3561 3211 3770 3281 judice,

2181 3302 2234 3346 et
2260 3292 2481 3347 militem
2518 3293 2605 3347 vel
2637 3294 3011 3363 provincialem
3056 3296 3123 3352 de
3164 3296 3301 3353 duce
3324 3300 3405 3353 vel
3445 3315 3600 3370 rege;
3647 3316 3773 3356 eum

2182 3383 2254 3437 illi
2298 3384 2606 3455 plerumque
2646 3386 3035 3440 ordinatissima
3087 3396 3351 3457 potestate
3384 3391 3483 3445 sibi
3526 3390 3774 3448 horitincs

2182 3474 2421 3529 subditos
2460 3490 2557 3544 per
2603 3484 2833 3531 terrores
2860 3477 3115 3531 leviorum
3147 3494 3424 3548 poenarum
3456 3494 3483 3535 a
3514 3483 3775 3551 graviori-

2181 3563 2282 3618 bus
2309 3564 2462 3617 malis
2490 3564 2809 3633 prohibeant
2850 3575 3007 3634 atque
3030 3578 3408 3636 compescant;
3455 3572 3775 3643 plerumque

2180 3663 2357 3709 autem
2381 3669 2411 3708 a
2445 3655 2580 3708 bona
2606 3654 2710 3708 vita
2742 3666 2795 3710 et
2838 3670 2867 3709 a
2905 3656 3058 3712 bonis
3088 3657 3238 3713 lactis
3285 3661 3539 3717 minando
3576 3674 3633 3720 et
3664 3680 3773 3719 sae-

2180 3744 2373 3800 viendo
2393 3744 2733 3800 deterreant:
2767 3747 2858 3801 sed
2898 3761 3017 3801 cum
3042 3762 3070 3801 a
3101 3749 3243 3805 malo
3285 3760 3340 3805 et
3364 3751 3550 3807 illicito
3591 3756 3775 3824 probi-

2182 3836 2330 3902 bent,
2376 3847 2707 3892 correctores
2745 3847 2798 3893 et
2824 3839 3156 3894 consultores
3192 3851 3348 3907 sunt;
3376 3858 3497 3898 cum
3537 3855 3717 3901 autem
3741 3862 3777 3903 a

2183 3930 2326 3983 bono
2354 3936 2407 3983 et
2433 3928 2598 3994 licito,
2630 3939 3002 3997 persecutores
3028 3939 3081 3985 et
3105 3944 3451 4000 Oppresseres
3476 3944 3623 3990 sunt.
3646 3935 3776 3991 Cul—

2183 4028 2374 4088 pantur
2396 4021 2555 4075 etiam
2579 4020 2666 4089 qui
2696 4020 2980 4089 prohibent
3003 4037 3035 4073 a
3055 4022 3197 4076 malo
3220 4065 3236 4089 ,
3260 4023 3303 4077 si
3327 4024 3541 4079 modum
3569 4031 3775 4096 peccati

2181 4111 2373 4165 modus
2401 4109 2744 4165 coercitionis
2773 4113 3017 4167 excedat.
3048 4113 3175 4169 item
3201 4114 3323 4183 jure
3343 4117 3587 4186 culpandi
3616 4129 3768 4186 sunt,

2182 4201 2270 4271 qui
2302 4200 2513 4255 turbide
2546 4210 2705 4271 atque
2731 4202 3028 4258 inordinate
3056 4204 3109 4257 in
3138 4218 3233 4260 eos
3269 4207 3593 4264 coercendos
3635 4209 3775 4266 insi-

2182 4291 2338 4359 liunt,
2366 4292 2455 4362 qui
2480 4292 2625 4347 nulla
2650 4292 2749 4346 sibi
2775 4297 2889 4361 lege
2913 4294 3135 4363 subjecti
3163 4305 3308 4350 sunt.

2255 4384 2345 4439 54.
2383 4382 2611 4438 Proinde
2637 4383 3134 4439 Circumcellionum
3167 4397 3464 4444 vestrorum
3499 4390 3748 4447 inordina

2184 4483 2267 4530 tas
2306 4475 2546 4529 licentias
2591 4477 2941 4544 etsuperbas
2980 4477 3212 4533 insanias
3243 4480 3387 4548 juste
3429 4482 3769 4551 reprehendi

2185 4579 2323 4629 mus,
2368 4564 2528 4619 etiam
2568 4579 2688 4620 cum
2719 4566 2985 4636 aliquibus
3038 4570 3284 4638 pessimis
3334 4571 3553 4627 violenti
3600 4583 3773 4629 sunt:

2183 4656 2305 4725 quia
2336 4655 2515 4710 illicita
2541 4655 2719 4711 illicite
2749 4655 3042 4726 vindicare,
3070 4668 3125 4714 et
3152 4660 3223 4717 ab
3244 4661 3440 4717 illicitis
3464 4662 3649 4718 illicite
3674 4664 3779 4720 de.

2186 4757 2407 4813 terrere,
2436 4761 2541 4802 non
2569 4756 2652 4801 est
2678 4747 2896 4803 bonum.
2919 4745 3053 4803 Cum
3082 4765 3211 4806 vero
3258 4760 3313 4807 et
3355 4752 3670 4810 innocentes
3692 4758 3779 4814 vel

2184 4854 2341 4896 causa
2390 4839 2675 4909 incognita,
2726 4840 2811 4895 vel
2854 4839 3201 4910 iniquissimis
3248 4842 3541 4900 inimicitiis
3593 4861 3785 4917 persc-

2187 4937 2439 5000 quuntur,
2481 4929 2601 4998 quis
2650 4943 2835 4984 eorum
2888 4930 3298 4986 sceleratissima
3349 4933 3626 4991 latrocinia
3666 4951 3781 4994 non

2186 5019 2595 5091 perhorrescat?
2624 5020 2692 5073 At
2726 5034 2856 5075 vero
2897 5021 3039 5090 quod
3082 5022 3589 5082 Maximianistarum
3632 5028 3784 5085 furo-

2187 5126 2299 5166 rem
2325 5110 2534 5180 legibus
2556 5109 2782 5180 publicis
2812 5113 3166 5168 cocrcendum
3195 5116 3441 5184 putastis,
3466 5126 3525 5172 ut
3561 5132 3656 5173 eos
3682 5134 3787 5189 per

2183 5202 2329 5273 jussa
2365 5202 2604 5272 iudicum
2652 5211 2709 5257 et
2728 5203 3127 5260 exsecutionem
3156 5205 3462 5262 Ofﬁciorum
3496 5217 3552 5265 et
3579 5210 3781 5265 auxilia

2187 5295 2456 5350 civitatum
2483 5295 2665 5364 pulsos
2686 5294 2753 5349 de
2774 5294 3006 5351 basilicis
3029 5311 3164 5368 quas
3190 5300 3464 5369 tenebant,
3496 5301 3564 5356 ad
3593 5305 3779 5359 consi-

2187 5385 2514 5442 derationem
2542 5385 2621 5440 sui
2660 5384 2878 5442 sceleris
2907 5388 3167 5457 urgeretis
3187 5388 3211 5420 ³
3230 5432 3248 5457 ,
3287 5406 3393 5445 non
3429 5392 3777 5463 reprehendi-

2254 5540 2271 5573 ι
2305 5540 2379 5593 Sic
2397 5535 2710 5585 Floriacensis
2727 5533 2903 5587 codex.
2928 5542 2983 5586 Αῑ
3006 5535 3144 5597 editi,
3163 5538 3345 5588 credite
3363 5538 3556 5592 veritati

2253 5602 2274 5631 ’
2306 5600 2435 5649 Idem
2473 5597 2783 5648 Floriacensis
2818 5606 2897 5648 Ms.
2952 5598 3147 5660 omittit,
3189 5598 3281 5650 etsi
3315 5603 3382 5649 ad
3418 5609 3607 5664 tempus
3636 5600 3758 5653 ntali

2186 5668 2441 5787 "fruiti,
2465 5720 2744 5787 arguentis.
2770 5723 3067 5785 Castigantur
3084 5734 3148 5773 ex
3168 5724 3524 5787 manuscriptis.

2260 5783 2333 5846 (α)
2368 5780 2507 5844 Olim,
2524 5780 2637 5844 cap.
2664 5784 2737 5833 17.
