4024 6194
289 324 390 381 8³53

289 453 430 500 mus;
475 436 575 492 nisi
603 435 722 506 quia
763 436 864 492 hoc
912 436 962 490 in
993 434 1072 493 eis
1115 437 1355 491 inseetati
1381 437 1530 498 estis,
1579 434 1716 506 quod
1764 433 1863 504 ipsi

288 528 503 592 fecistis,
535 527 643 581 imo
669 527 836 581 tnui-to
869 527 1036 582 levius
1060 543 1218 598 quam
1244 526 1462 582 fecistis.
1494 527 1574 581 llli
1601 526 1744 582 enim
1765 524 1863 578 ad-

287 633 468 673 versus
517 627 719 688 partem
763 617 970 683 Donati,
1023 633 1119 672 vos
1166 629 1342 672 autem
1383 617 1638 672 adversus
1679 615 1865 671 orbem

288 721 564 774 terrarum,
587 718 641 764 et
662 709 919 764 adversus
938 709 1060 780 ejus
1077 709 1256 775 verba,
1279 710 1366 780 qui
1389 709 1683 765 Ecclesiam
1709 723 1864 763 suam

286 802 620 871 incipientem
649 802 716 857 ab
731 801 1027 858 Jerusalem
1057 818 1153 873 per
1177 816 1365 857 omnes
1384 811 1568 872 get-stes
1596 816 1869 857 commen-

266 892 443 957 davit,
469 893 740 964 sacrilegae
763 893 1114 949 dissensionis
1137 894 1306 948 altare
1337 893 1602 949 erexistis.
1626 893 1794 948 Porro
1817 891 1864 947 si

284 986 682 1042 Maximianistze
707 985 1034 1056 jussionibns
1051 985 1293 1057 judicum
1320 984 1576 1040 adversus
1606 999 1666 1039 se
1689 985 1865 1053 impc-

285 1077 430 1131 tratis
456 1076 640 1132 illicite
673 1076 948 1133 et-furiose
974 1077 1224 1132 resistere
1252 1075 1529 1140 auderent,
1561 1088 1736 1129 nonne
1765 1073 1863 1142 ipsi

281 1167 377 1222 sibi
393 1167 652 1236 judicium
673 1168 1050 1238 acquirerem?
1072 1167 1282 1224 dicente
1297 1166 1556 1236 Apostolo
1569 1207 1584 1233 ,
1611 1163 1718 1233 Qui
1731 1163 1866 1218 enim

281 1261 460 1314 resistit
490 1263 743 1330 potestati,
768 1259 865 1314 Dei
895 1261 1207 1316 ordinationi
1235 1259 1459 1325 resistit;
1478 1260 1569 1330 qui
1585 1268 1760 1312 autem
1779 1273 1863 1312 re-

278 1351 479 1418 sistunt,
506 1352 604 1422 ipsi
622 1352 718 1405 sibi
727 1352 980 1422 judicium
1005 1353 1292 1422 acquirunt,
1323 1351 1589 1421 Principes
1609 1350 1741 1404 enim
1761 1366 1867 1403 non

280 1450 392 1494 sunt
448 1441 618 1496 timori
663 1441 792 1496 bona
825 1442 988 1513 operi,
1033 1445 1120 1497 sed
1159 1442 1292 1496 malo
1317 1441 1495 1512 (Rom.
1528 1456 1657 1506 xm,
1694 1439 1751 1502 2,
1781 1439 1862 1506 3').

279 1530 408 1585 Cum
449 1546 580 1601 ergo
627 1547 811 1588 eorum
853 1533 1054 1588 malum
1099 1548 1235 1602 opus
1271 1532 1530 1588 existeret
1552 1570 1568 1597 ,
1601 1529 1740 1599 quod
1773 1543 1867 1584 vos

279 1635 370 1690 per
398 1621 672 1677 ordinatas
697 1632 988 1693 potestates
1012 1623 1269 1679 cohibere
1287 1620 1628 1679 conabamini
1649 1639 1664 1685 ;
1683 1620 1732 1674 si
1763 1619 1867 1673 vel-

277 1712 381 1768 lent
405 1714 481 1768 illi
510 1729 606 1784 pro
633 1715 749 1784 ipso
776 1715 920 1770 malo
949 1731 1112 1786 opere
1141 1730 1240 1772 suo
1262 1754 1278 1782 ,
1304 1713 1493 1786 peiore
1530 1728 1692 1782 opere
1730 1711 1867 1781 legi-

277 1803 372 1860 bus
396 1805 696 1872 adversari;
732 1807 984 1878 numquid
1023 1822 1054 1862 a
1083 1807 1255 1868 vobis.
1305 1817 1365 1862 et
1397 1821 1502 1861 non
1533 1820 1564 1858 a
1606 1820 1673 1860 se
1713 1804 1862 1874 ipsis,

274 1897 526 1966 quidquid
555 1899 636 1952 eis
659 1898 782 1952 ntali
813 1899 1100 1963 accideret,
1119 1896 1467 1967 paterentur?
1509 1895 1864 1964 Quemadmo-

272 1990 398 2046 dum
447 1991 767 2061 quicumque
823 1992 1078 2047 voluisset
1121 1991 1305 2047 dicere
1368 1988 1752 2058 blasphemiam
1811 1987 1862 2042 in

277 2079 443 2135 Denm
471 2081 690 2136 Sidrach
711 2123 725 2145 ,
753 2081 953 2136 Misach
975 2123 991 2148 ,
1037 2091 1091 2136 et
1120 2080 1430 2149 Abdenago,
1470 2087 1523 2134 et
1564 2077 1863 2135 secundum

273 2170 504 2225 edictum
534 2173 671 2242 regis
692 2187 811 2226 cum
840 2173 1000 2227 domo
1023 2188 1117 2227 sua
1143 2170 1540 2240 disperderetur
1573 2168 1752 2240 (Dan.
1781 2184 1861 2236 ιιι,

273 2263 411 2332 96);
447 2265 698 2334 nunnquid
724 2264 830 2320 hoc
865 2265 932 2320 ab
961 2265 1088 2334 ipsis
1136 2265 1303 2318 u'ibus
1345 2264 1512 2330 viris,
1554 2262 1748 2332 quibus
1795 2261 1865 2316 de

272 2354 393 2424 igne
420 2354 658 2409 liberalis
685 2371 779 2410 rex
807 2365 1106 2412 commotus
1127 2354 1262 2409 illud
1299 2354 1578 2418 edixerat,
1613 2362 1710 2407 aut
1733 2367 1866 2408 vero

271 2445 434 2498 etiam
459 2444 526 2496 ab
551 2444 668 2512 ipso
698 2459 842 2514 rege,
871 2460 933 2499 ac
961 2460 1067 2498 non
1093 2445 1273 2514 potius
1291 2459 1404 2498 ase
1427 2443 1561 2512 ipsis
1587 2443 1677 2498 ilia
1703 2442 1863 2512 digna

269 2538 412 2592 mala
463 2537 812 2605 paterentur?
862 2538 915 2593 Si
950 2538 1118 2593 etiam
1170 2537 1524 2608 quadraginta
1563 2538 1646 2592 ili
1665 2536 1862 2602 Jldrei,

268 2628 364 2695 qui
407 2626 629 2679 Paulum
660 2626 957 2682 interﬁcere
992 2628 1402 2696 eonjuraverant
1425 2669 1439 2692 ,
1472 2628 1524 2682 in
1549 2635 1804 2690 snuatos.
1831 2641 1862 2682 a

269 2717 470 2790 quibus
527 2718 770 2773 ordinata
822 2720 1046 2775 tuitione
1094 2720 1230 2775 idem
1278 2719 1475 2774 Paulus
1503 2717 1867 2774 deducebatur

274 2810 421 2882 (Act.
456 2826 585 2864 χχιιι
605 2852 621 2877 ,
653 2809 831 2883 12-55)
853 2852 870 2877 ,
905 2812 1209 2877 iacuissent;
1235 2811 1495 2882 nunquid
1519 2825 1614 2866 eos
1642 2810 1858 2875 Paulus,

271 2915 332 2956 ac
358 2917 464 2954 non
503 2916 563 2956 se
616 2901 716 2970 ipsi
743 2902 1095 2970 potestatibus
1135 2902 1434 2968 resistendo
1479 2900 1865 2972 peremissent!

340 2991 433 3045 55.
474 2989 808 3061 Quapmpter
853 3003 908 3046 et
952 3006 1050 3047 vos
1095 2993 1210 3046 sine
1236 2992 1468 3046 tumultu
1514 2991 1863 3055 animi,sine

274 3083 574 3138 turbulenta
616 3084 960 3140 contentione
984 3123 1000 3145 .
1042 3084 1162 3139 sine
1203 3083 1557 3138 amaritudine
1617 3083 1860 3137 odiorum

270 3173 606 3230 considerate
644 3173 925 3242 diligenter
949 3190 1012 3231 ca
1051 3191 1170 3246 quae
1214 3185 1398 3230 contra
1433 3189 1528 3230 vos
1573 3188 1728 3244 reges
1760 3189 1861 3228 no-

270 3276 396 3318 stra:
455 3257 843 3342 communionis
899 3267 1266 3332 constituunt,
1316 3279 1418 3335 qua
1485 3279 1644 3320 causa
1696 3264 1862 3333 patia-

272 3357 422 3409 mini.
484 3356 550 3410 Et
598 3355 643 3410 si
690 3371 786 3410 vos
841 3357 894 3411 in
932 3356 1175 3412 Ecclesia
1209 3355 1412 3411 Christi
1463 3370 1584 3411 esse
1629 3354 1860 3410 invene-

270 3447 420 3514 ritis;
451 3446 677 3518 gaudete
695 3455 749 3501 ct
771 3446 1068 3513 exsultate,
1096 3447 1217 3516 quia
1247 3460 1454 3501 merces
1477 3455 1650 3500 vestra
1692 3444 1857 3500 multa

269 3549 348 3594 εει
401 3539 456 3592 in
505 3538 655 3594 ctelis
704 3539 922 3610 (Matth.
974 3555 1040 3604 v,
1089 3538 1215 3609 12).
1274 3537 1379 3592 Vos
1412 3538 1558 3593 enim
1610 3546 1858 3608 tanquam

270 3637 534 3700 martyres
560 3629 917 3695 coronamini,
950 3629 1027 3683 illi
1053 3639 1231 3684 autem
1276 3638 1523 3699 tanquam
1553 3637 1858 3699 persecuto-

270 3732 356 3774 res
381 3727 674 3789 martyrum
695 3717 1019 3788 judicantur.
1051 3718 1105 3775 Si
1135 3726 1311 3773 autem
1327 3733 1431 3772 vos
1451 3727 1635 3772 contra
1657 3718 1857 3773 Eccle-

269 3808 400 3863 siatn
420 3807 621 3864 Christi
637 3809 814 3864 altare
853 3809 1110 3874 erexisse,
1139 3819 1193 3865 et
1231 3824 1262 3864 a
1294 3808 1583 3863 christiana
1631 3809 1854 3875 unitate,

268 3914 384 3970 quae
427 3909 538 3954 toto
563 3901 692 3955 orbe
731 3899 1072 3967 diffunditur,
1102 3899 1362 3970 sacrilego
1389 3899 1677 3954 schismate
1694 3913 1855 3969 sepa-

268 4001 413 4048 ratos
443 4007 563 4047 esse
591 4002 646 4048 et
671 3993 884 4062 corpori
905 3991 1103 4046 Christi
1125 4033 1138 4054 ,
1183 3990 1326 4062 quod
1361 3999 1446 4047 est
1472 3990 1712 4046 Ecclesia
1743 3999 1857 4045 toto

267 4084 396 4140 orbe
425 4083 653 4152 dill‘usa,
700 4093 755 4143 et
789 4083 1172 4156 rebaptizando
1213 4094 1267 4140 et
1293 4083 1748 4155 blasphemando,
1800 4092 1857 4140 et

267 4183 521 4242 quantum
573 4174 799 4245 potestis
851 4173 1242 4245 Oppugnando,
1281 4173 1855 4230 adversari-sanctast

265 4265 520 4319 canonica
550 4265 825 4335 Scriptura
865 4264 1173 4331 convincit;
1202 4279 1298 4320 vos
1327 4264 1480 4335 impii
1509 4273 1670 4336 atque
1697 4265 1856 4319 sacri-

262 4353 389 4425 legi,
415 4355 491 4410 illi
529 4366 706 4412 autem
733 4357 822 4427 qui
853 4371 949 4411 vos
975 4371 1072 4427 pro
1110 4365 1255 4412 tanto
1284 4356 1488 4412 scelere
1522 4364 1635 4411 tam
1661 4356 1856 4411 leniter

266 4443 580 4502 damnorum
618 4447 1073 4503 admonitionibus
1097 4489 1112 4514 ,
1142 4447 1225 4502 vel
1273 4447 1533 4514 locorum,
1567 4445 1654 4501 vel
1672 4445 1852 4502 bono-

266 4548 405 4601 rum,
435 4538 518 4594 vel
546 4538 784 4608 pecunia
800 4538 1110 4610 privatione
1129 4537 1479 4593 deterrendos
1491 4536 1855 4592 cocueemlos—

267 4643 367 4703 quc
401 4630 718 4697 decernunt,
740 4640 804 4686 ut
826 4631 1121 4702 cogitantes
1147 4645 1311 4700 quare
1335 4630 1432 4684 ista
1457 4629 1752 4699 patiamini,
1777 4644 1856 4685 sa-

264 4720 538 4793 crilegium
582 4733 818 4777 vestrum
849 4722 1128 4794 cognitum
1166 4719 1398 4790 fugiatis,
1444 4730 1500 4775 et
1543 4720 1609 4775 ab
1651 4730 1853 4776 artem

263 4809 602 4868 damnatione
625 4811 964 4878 liberemini,
994 4820 1046 4867 et
1074 4819 1318 4867 rectores
1353 4809 1777 4882 diligentissimi,
1801 4819 1856 4866 ut

263 4903 597 4958 consultores
625 4903 846 4974 piissimi
874 4903 1217 4972 deputantur.
1255 4901 1402 4958 Hanc
1426 4902 1580 4957 vobis
1597 4901 1851 4958 dilectis»

263 5008 383 5050 nem
398 4995 592 5051 debent
607 4994 1142 5051 christianicatholici
1161 4996 1530 5066 imperatores,
1557 5003 1617 5050 ut
1643 4996 1852 5052 sacrile-

261 5087 344 5156 gia
367 5099 558 5153 vestra,
574 5097 628 5142 et
648 5097 865 5159 propter
893 5087 1234 5144 christianum
1255 5087 1714 5143 mansuetudinem
1739 5103 1851 5143 non

263 5194 358 5252 pro
373 5183 564 5237 merito
589 5181 855 5253 punienda
873 5180 1186 5247 decernant,
1207 5189 1488 5250 etpropter
1503 5179 1848 5234 christianam

260 5273 668 5330 sollicitudinem
699 5290 805 5329 non
844 5273 1063 5330 omnino
1116 5273 1372 5344 impunita
1399 5270 1688 5326 dimittant.
1740 5274 1850 5328 Hoc

261 5361 314 5418 in
355 5365 437 5419 eis
474 5364 614 5420 Deus
660 5373 932 5434 operatur,
962 5361 1114 5434 cujus
1142 5361 1566 5417 miscricordiam
1593 5363 1754 5419 etiam
1784 5363 1836 5418 in

259 5450 343 5508 bis
364 5453 642 5520 molestiis,
661 5453 730 5509 de
742 5454 932 5522 quibus
951 5452 1364 5524 conquerimini,
1381 5467 1487 5508 non
1507 5453 1669 5508 vultis
1692 5468 1850 5524 agno-

256 5556 430 5598 scere.
474 5542 582 5600 Nos
622 5554 801 5599 autem
823 5585 843 5610 ,
891 5551 1144 5614 quantum
1176 5543 1228 5597 in
1256 5543 1408 5598 nobis
1457 5550 1558 5608 est,
1591 5553 1845 5614 quantum

257 5633 511 5691 Dominus
536 5636 697 5690 donat
723 5645 880 5706 atque
907 5635 1181 5705 permittit,
1209 5649 1310 5690 nec
1333 5635 1473 5704 ipsas
1502 5634 1648 5705 leges
1672 5634 1842 5690 lenis-

256 5725 405 5780 sima:
453 5727 792 5783 coercitionis
827 5727 1092 5798 adversus
1137 5740 1231 5781 vos
1265 5740 1572 5793 movemus,
1635 5726 1733 5781 nisi
1786 5736 1842 5781 ut

1156 340 1328 380 vntco
1366 324 1454 380 DE
1493 322 1790 381 UNITAI‘E
1832 321 2188 380 ECCLESIE
2231 324 2431 380 LIBER
2472 324 2676 382 UNUS.

3460 333 3564 388 434
3619 388 3628 398 ,

1975 433 2212 488 Ecclesia
2252 436 2534 504 catholica,
2583 447 2800 508 propter
2829 439 3161 495 infirmorum
3187 440 3560 512 fragilitatem.

1973 534 2030 578 ut
2055 525 2132 579 eis
2163 525 2317 582 liceat
2344 527 2461 582 sine
2513 530 2702 584 timore
2729 531 2928 600 eligere
2966 532 3090 602 quid
3119 543 3334 588 teneant
3363 535 3445 590 vel
3474 551 3560 592 se-

1970 623 2235 683 quantur,
2260 633 2290 670 ιι
2320 618 2511 674 vestris
2532 621 2835 677 terroribus
2879 622 3043 678 libera
3080 634 3364 693 :prmslciur
3391 643 3404 678 :
3435 632 3487 681 ut
3518 628 3561 681 si

1971 705 2170 775 aliquid
2199 707 2357 762 vestri
2379 708 2432 762 in
2463 718 2677 764 nostros
2704 711 2966 767 violenter
2997 712 3254 778 fecerint,
3289 723 3412 768 tunc
3445 731 3560 784 vos,

1971 811 2106 865 quos
2139 806 2388 867 tanquam
2427 799 2643 855 obsides
2666 800 2721 854 in
2769 800 2944 858 fundis
2975 813 3030 857 et
3068 805 3117 857 in
3144 805 3444 860 civitatibus
3473 805 3563 860 ha-

1971 886 2181 956 bemus,
2217 903 2321 944 non
2346 890 2518 959 qualia
2545 893 2707 946 vestri
2735 892 2934 947 faciunt
2951 934 2970 960 ,
2999 895 3274 963 patiamini
3301 936 3316 961 ,
3348 895 3441 950 sed
3467 913 3565 964 per

1971 979 2216 1035 ordinata
2256 980 2452 1050 judicia
2499 981 2725 1052 subjecti
2773 984 2975 1054 legibus
3017 984 3216 1039 damno
3251 988 3567 1056 pecnniario

1971 1073 2252 1142 vapuletis.
2271 1073 2423 1142 Quod
2469 1074 2513 1128 si
2540 1074 2690 1130 vobis
2709 1090 2870 1144 grave
2898 1076 3135 1144 videtur;
3169 1079 3330 1132 vestri
3365 1078 3517 1133 nobis
3540 1081 3555 1110 ¹

1973 1177 2210 1236 parcant,
2243 1177 2296 1222 et
2350 1168 2644 1236 quiescant.
2692 1167 2750 1224 Si
2788 1179 2965 1224 autem
3014 1171 3066 1224 in
3137 1186 3238 1226 nos
3278 1187 3383 1225 non
3411 1173 3562 1242 quie-

1972 1257 2173 1313 scendo
2202 1259 2275 1313 illi
2305 1260 2529 1314 saeviunt
2548 1303 2563 1327 ,
2607 1261 2694 1331 qui
2728 1261 2807 1316 vel
2829 1261 2937 1316 sub
2962 1263 3114 1318 vobis
3135 1304 3148 1327 ,
3175 1265 3259 1318 vel
3294 1264 3562 1319 vobiscum

1969 1357 2127 1413 sunt;
2155 1349 2294 1418 quod
2338 1349 2404 1404 de
2432 1350 3010 1420 nobis‘conqueramini
3055 1369 3164 1407 non
3185 1353 3400 1407 habetis
3424 1393 3440 1418 ,
3470 1356 3564 1424 qui

1971 1437 2025 1494 in
2057 1449 2248 1505 vostra,
2278 1441 2363 1496 vel
2385 1455 2688 1498 vestrorum
2717 1453 2981 1512 potestate
3001 1445 3296 1514 posuimus,
3321 1452 3378 1498 ut
3401 1445 3562 1499 etiam

1969 1531 2234 1588 sectantes
2261 1533 2518 1590 haeresem
2563 1545 2823 1603 vestram,
2861 1537 3011 1590 nulla
3039 1536 3232 1591 damna
3261 1537 3561 1608 patiamini,

1971 1622 2016 1676 si
2044 1623 2216 1678 nulias
2239 1623 2518 1680 Catholica
2544 1667 2559 1692 ,
2615 1626 2726 1682 sive
2754 1642 2784 1681 a
2827 1626 3010 1693 vobis,
3037 1627 3150 1683 sive
3170 1642 3200 1682 a
3227 1628 3420 1683 vestris
3447 1629 3564 1685 vio-

1970 1711 2162 1768 lentias
2185 1715 2438 1784 patiatur.
2482 1715 2634 1792 Quod
2661 1717 2706 1771 si
2730 1717 2925 1787 aliqum
2967 1716 3121 1773 faeta:
3156 1716 3380 1780 fuerint.
3412 1719 3567 1774 vobis

1970 1803 2152 1858 invitis
2191 1813 2247 1858 et
2269 1819 2615 1876 compescere
2641 1823 2746 1861 non
2774 1809 3068 1863 valentibus
3088 1849 3103 1874 ,
3145 1809 3566 1865 misericorditer

1970 1893 2099 1965 ipsis
2124 1893 2335 1950 damnis
2361 1905 2417 1950 et
2452 1897 2596 1966 juste
2625 1897 2985 1952 admoncmini
3010 1941 3026 1966 ,
3053 1900 3236 1969 quales
3265 1900 3505 1956 habeatis
3533 1917 3564 1956 a

1968 1986 2160 2056 quibus
2185 2001 2279 2041 vos
2299 1988 2649 2042 contmninari
2677 2003 2781 2043 non
2811 1989 3007 2059 putatis
3025 2031 3039 2054 ,
3067 2000 3226 2059 stulte
3251 1990 3376 2045 hinc
3402 1991 3563 2046 intel-

1969 2075 2134 2146 ligere
2171 2076 2466 2147 -cogimini,
2519 2092 2680 2147 quam
2735 2078 2921 2135 inanes
2975 2079 3270 2136 calumnias
3308 2079 3566 2136 Ecclesiae

1967 2165 2164 2223 Christi
2199 2177 2320 2224 toto
2352 2169 2489 2224 orbe
2530 2169 2736 2224 diffuse
2771 2169 2996 2226 faciatis.
3038 2170 3222 2242 Neque
3269 2171 3379 2240 iam
3411 2171 3565 2226 nobis

1968 2258 2230 2330 objiciatis
2251 2300 2266 2326 ,
2292 2259 2434 2330 quod
2465 2260 2838 2330 persequimur
2862 2275 2987 2327 vos;
3012 2261 3113 2318 sed
3143 2262 3337 2317 vestris
3365 2262 3558 2330 potius,

1967 2348 2012 2404 si
2031 2356 2094 2403 et
2110 2363 2216 2404 nos
2237 2349 2355 2404 suis
2381 2349 2647 2406 violentiis
2674 2349 2931 2420 infestari,
2962 2360 3017 2407 et
3045 2366 3141 2407 vos
3170 2352 3398 2422 publicis
3426 2353 3559 2423 legi-

1969 2437 2068 2494 bus
2089 2439 2300 2495 malunt
2339 2442 2572 2506 conteri,
2597 2457 2759 2512 quam
2786 2458 2850 2498 se
2875 2457 2906 2497 a
2957 2443 3116 2498 solito
3145 2443 3327 2505 furore
3358 2445 3560 2500 sedari.

1968 2529 2026 2586 Si
2056 2530 2184 2601 quid
2229 2546 2358 2587 sane
2385 2547 2418 2588 a
2455 2535 2654 2588 nostris
2692 2533 2997 2590 christiana
3039 2535 3313 2592 charitatis
3342 2537 3562 2594 modum

1969 2632 2262 2693 votumque
2299 2639 2410 2680 non
2449 2626 2895 2694 custodientibus,
2941 2626 3126 2684 odiose
3167 2637 3223 2684 et
3262 2629 3562 2698 perniciose

1967 2712 2232 2784 patimini,
2258 2731 2370 2769 non
2395 2731 2514 2772 esse
2541 2717 2664 2772 illos
2689 2726 2902 2773 nostros
2917 2719 3033 2773 cito
3055 2719 3315 2784 dixerim;
3342 2719 3440 2775 sed
3468 2730 3561 2775 aut

1967 2803 2196 2872 futuros,
2222 2805 2268 2860 si
2293 2820 2356 2861 se
2375 2807 2708 2862 correxerint
2729 2847 2744 2872 ,
2771 2818 2860 2863 aut
2889 2810 2942 2863 in
2985 2809 3089 2864 ﬁne
3115 2810 3443 2880 separandos
3465 2851 3479 2875 ,
3514 2813 3558 2866 si

1972 2894 2028 2950 in
2069 2894 2269 2950 malitia
2298 2893 2639 2966 perdurarint
2671 2914 2684 2953 :
2710 2911 2807 2951 nos
2819 2906 3003 2953 tamen
3028 2913 3124 2953 nec
3147 2909 3366 2968 propter
3379 2900 3560 2970 pisces

1967 2985 2140 3040 malos
2184 2987 2317 3042 retia
2350 2987 2656 3057 rumpimus
2693 2987 2912 3055 (Matth.
2959 3004 3074 3051 xm.
3100 2989 3244 3061 47),
3289 3005 3388 3046 nec
3439 3006 3561 3062 pro-

1967 3084 2085 3145 pter
2109 3091 2233 3131 vasa
2275 3077 2327 3130 in
2352 3077 2729 3133 contumeliam
2774 3079 2909 3134 facta
2950 3079 3170 3135 domum
3201 3096 3446 3152 magnam
3467 3080 3560 3137 de-

1964 3166 2197 3222 serimus
2225 3165 2244 3232 (
2260 3166 2302 3222 ιι
2330 3166 2466 3222 Tim.
2505 3183 2547 3222 ιι
2570 3209 2586 3236 ,
2616 3166 2688 3222 ΕΟ
2709 3169 2752 3240 ι).
2779 3168 2935 3235 Quod
2963 3170 3009 3224 si
3036 3186 3132 3226 vos
3169 3187 3380 3243 quoque
3419 3173 3558 3240 illos,

1965 3271 1994 3308 a
2023 3256 2215 3326 quibus
2235 3257 2358 3312 talia
2388 3257 2660 3314 Catholica
2688 3259 2903 3330 patitur,
2932 3275 3039 3316 non
3061 3277 3185 3318 esse
3215 3272 3423 3318 vestros
3465 3279 3558 3318 ca-

1964 3345 2088 3402 dem
2116 3348 2296 3418 regula
2319 3347 2496 3404 dicitis
2525 3368 2539 3404 :
2576 3350 2797 3418 probate
2821 3351 3057 3406 animum
3097 3362 3356 3420 vesnum,
3383 3355 3560 3408 corri-

1962 3437 2071 3506 gite
2112 3453 2370 3505 errorem,
2399 3440 2781 3510 amplectimini
2826 3444 3081 3499 unitatem
3104 3445 3320 3515 spiritus
3346 3446 3408 3499 in
3439 3447 3554 3500 vin-

1962 3527 2083 3582 culo
2105 3529 2273 3598 pacis.
2311 3528 2444 3584 Nam
2483 3532 2528 3584 si
2556 3547 2656 3587 nec
2691 3547 2783 3588 vos
2811 3533 2884 3588 illi
2907 3536 3268 3591 contaminant
3293 3577 3308 3602 ,
3338 3551 3436 3591 nec
3461 3552 3558 3593 nos

1964 3619 2080 3685 isti;
2121 3622 2413 3678 nonnobis
2438 3623 2664 3680 invicem
2699 3625 2896 3681 alienis
2916 3628 3228 3684 criminibus
3261 3630 3559 3684 columnis-

1961 3725 2118 3763 mur:
2161 3710 2216 3764 in
2255 3727 2357 3765 una
2398 3712 2663 3770 clmritate
2715 3713 2979 3772 frumenta
3018 3733 3325 3772 crescamus
3351 3719 3552 3783 simul,

1961 3815 2131 3868 usque
2175 3799 2242 3854 ad
2271 3801 2622 3856 ventilabrum
2650 3804 2861 3872 paleam
2893 3807 3199 3860 toleremus.

2029 3887 2121 3945 56.
2160 3888 2522 3958 Quamobrem
2552 3892 2600 3946 si
2622 3893 2773 3947 nullo
2800 3893 3092 3964 interprete
3126 3896 3364 3964 indigent
3390 3910 3555 3949 cano-

1961 3979 2199 4035 nicarum
2229 3979 2622 4051 Scripturarum
2672 3983 2977 4038 testimonia
3021 3999 3141 4054 qua:
3178 3985 3556 4040 conmendant

1961 4070 2255 4127 Ecclesiam
2281 4073 2333 4128 in
2351 4075 2520 4131 totius
2537 4075 2683 4130 orbis
2724 4076 3101 4131 oonununione
3139 4077 3454 4141 cousistcre,
3497 4091 3558 4134 et

1959 4163 2282 4232 soparationi
2307 4174 2500 4221 vestrm
2523 4166 2580 4220 in
2598 4164 2791 4221 .Afsica
2813 4167 3114 4222 constituta:
3139 4183 3204 4223 es
3234 4167 3420 4223 iisdem
3463 4169 3554 4224 Li-

1960 4255 2070 4310 bris
2083 4255 2235 4311 nulla
2254 4256 2384 4311 talia
2409 4257 2636 4327 potestis
2671 4257 2918 4314 invenire
2947 4258 3216 4330 suffragia,
3265 4275 3364 4315 nec
3409 4260 3555 4331 juste

1957 4344 2026 4400 de
2052 4346 2511 4415 porsecutionihus
2533 4350 2946 4420 conqusrimini,
2976 4366 3107 4422 quas
3135 4351 3413 4423 graviores
3435 4351 3552 4422 ipsa

1960 4437 2272 4506 perpetitur,
2297 4452 2406 4508 quo
2446 4438 2605 4496 istius
2642 4439 2975 4511 tliﬂ'unditur,
3001 4457 3063 4496 ac
3090 4441 3224 4508 fide,
3251 4450 3309 4498 et
3344 4457 3460 4514 spe,
3500 4455 3554 4498 ct

1958 4526 2217 4584 charitate
2233 4529 2411 4584 omnis
2428 4529 2640 4599 tolerat,
2659 4546 2764 4587 non
2779 4542 2992 4586 tantum
3017 4533 3162 4598 talia,
3185 4533 3360 4604 qualia
3387 4536 3550 4589 vestri

1957 4617 2446 4685 Circumcelliones,
2471 4629 2740 4678 eteorum
2769 4621 2973 4679 similes
3003 4623 3092 4678 ubi
3127 4633 3352 4694 possunt
3384 4640 3549 4680 mem-

1959 4710 2068 4765 bris
2089 4709 2207 4780 ejus
2233 4709 2500 4782 infligunt,
2521 4711 2625 4768 sed
2664 4711 2849 4768 omnia
2896 4713 3164 4768 variarum
3207 4714 3547 4785 iniquitatem

1957 4801 2206 4857 scandala
2227 4817 2327 4871 per
2343 4803 2654 4858 universum
2679 4805 2937 4860 mundum
2958 4807 3244 4873 sententia,
3265 4807 3336 4862 de
3357 4807 3547 4876 quibut

1959 4893 2215 4949 Dominus
2235 4894 2572 4961 exclamavit,
2615 4893 2704 4952 γω
2731 4897 2920 4950 utendo
2943 4897 3006 4951 ab
3035 4898 3294 4952 scandatis
3315 4897 3544 4971 (Matth.

1959 5001 2115 5050 xvm,
2147 4983 2203 5058 7)
2225 4987 2474 5057 :gravius
2495 4987 3155 5058 enunpersequiturlilins
3183 4999 3391 5060 patrem
3409 4991 3545 5046 male

1961 5076 2206 5143 vivendo,
2251 5093 2411 5148 quam
2447 5087 2606 5147 .patcr
2637 5078 2804 5134 lilium
2855 5080 3199 5150 castigando;
3232 5091 3284 5136 et
3330 5081 3544 5150 gravius

1954 5169 2146 5224 ancilla
2177 5169 2364 5225 Saram
2395 5181 2672 5241 persecuta
2714 5181 2796 5226 est
2820 5187 2917 5241 per
2947 5172 3186 5243 iniquam
3217 5172 3543 5242 superbiam,

1953 5275 2110 5331 quam
2137 5276 2257 5316 eam
2283 5261 2414 5318 Sara
2446 5278 2540 5331 per
2564 5262 2799 5318 debitam
2827 5262 3160 5335 disciplinam
3191 5263 3354 5338 (Gen.
3391 5269 3540 5336 xvi),

1953 5363 2006 5408 et
2030 5356 2242 5425 gravius
2288 5355 2577 5410 'Dominum
2623 5357 3114 5426 persequebantur,
3144 5367 3362 5429 propter
3409 5373 3545 5430 quos

1951 5446 2148 5502 dictum
2177 5455 2283 5513 est,
2306 5447 2457 5502 Zelus
2482 5447 2660 5503 domus
2686 5457 2790 5504 tua:
2808 5451 3023 5505 comedit
3052 5465 3130 5506 me
3158 5449 3338 5523 (Psal.
3361 5467 3540 5514 vant,

1952 5539 2066 5609 10),
2088 5553 2246 5610 quam
2272 5553 2368 5595 eos
2392 5539 2507 5609 ipse
2527 5555 2648 5594 cum
2669 5555 2858 5596 eorum
2893 5557 3111 5598 mensas
3133 5543 3343 5605 evertit,
3370 5551 3424 5596 et
3443 5557 3540 5599 eos

1951 5746 1978 5783 τ
2015 5673 2030 5704 ι
2068 5681 2166 5722 Itm.
2197 5679 2245 5723 et
2276 5671 2583 5722 t'loriacensis
2603 5671 2756 5724 codex
2779 5708 2794 5736 ,
2814 5672 2942 5726 rubis
2962 5687 2979 5724 :
3000 5674 3211 5727 etinﬁ‘a:
3235 5685 3281 5728 St
3302 5681 3463 5728 autem
3499 5677 3546 5728 in

1979 5747 2046 5783 os.

1979 5747 2046 5784 οδ.
