4066 6200
355 317 458 374 ,αδδ
1411 307 1679 363 CONTRA
1724 299 2148 360 DONATISTAS
2185 304 2536 371 EPISTULA,

359 433 568 504 ﬂagello
597 433 662 490 de
690 431 883 500 templo
907 433 1107 498 cxpullt
1135 426 1313 497 (Joan.
1336 440 1394 492 ιι,
1425 423 1512 496 15)
1539 441 1551 476 :
1581 420 1703 493 quid
1736 418 1945 475 habctis

358 527 584 594 amplius
613 525 752 594 quod
778 523 965 576 dicatis
988 521 1010 574 ?
1089 550 1100 558 κ

429 616 653 672 CAPUT
683 615 802 671 XXI
829 613 926 686 (α).
946 645 1016 655 -—
1036 614 1126 669 57.
1161 613 1238 666 An
1263 609 1387 666 illud
1417 609 1658 662 ultimum
1687 615 1941 671 vestrum,

356 710 465 777 jam
496 708 707 776 placet,
739 707 791 760 in
819 706 1049 760 medium
1079 703 1442 775 proferamus?
1471 699 1609 754 Ecce
1631 741 1645 763 ,
1679 698 1942 767 inquiunt,

359 817 444 854 vos
496 799 671 852 tenetis
697 796 995 851 Ecclesium.
1024 795 1284 862 Quomodo
1312 812 1401 848 nos
1417 792 1689 862 suscipitis,
1709 790 1751 844 si
1779 790 1845 842 ad
1863 806 1947 841 vos

363 889 575 942 transire
590 889 930 943 voluerimus?
953 887 1192 941 Breviter
1220 884 1520 954 respondeo
1547 900 1560 935 :
1585 883 1673 938 Sic
1710 896 1804 935 vos
1825 894 1945 934 sus-

359 983 604 1050 cipimus,
636 980 903 1050 quomodo
955 978 1174 1048 suscipit
1197 977 1458 1041 Ecclesia,
1489 989 1646 1044 quam
1679 975 1728 1027 in
1753 973 1947 1026 sanctis

360 1073 534 1128 Libris
561 1073 834 1127 canonicis
879 1073 1200 1127 invenimus.
1235 1069 1484 1139 Deposita
1524 1068 1720 1137 quippe
1745 1066 1950 1119 animo-

361 1168 518 1221 sitate
545 1165 938 1220 contradicendi
961 1206 975 1224 .
1004 1171 1106 1232 qu’a
1150 1171 1356 1217 tument
1385 1177 1570 1214 omnes
1608 1159 1695 1228 qui
1726 1159 1947 1213 veritate

366 1255 456 1309 Dei
485 1254 622 1309 vinci
647 1255 850 1319 nolunt,
876 1263 929 1308 et
959 1268 1050 1308 sua
1080 1252 1426 1322 perversitate
1459 1250 1766 1310 vincuntur,
1797 1247 1950 1300 facile

367 1346 589 1412 potestis
616 1346 910 1415 intelligere
952 1353 1007 1399 et
1050 1344 1100 1396 in
1127 1343 1282 1397 bonis
1313 1337 1447 1394 'esse
1475 1349 1528 1393 et
1557 1339 1608 1392 in
1657 1338 1810 1392 malis
1853 1336 1950 1391 Sa-

362 1448 630 1490 cramenta
677 1437 888 1500 divina;
928 1434 1022 1489 sed
1061 1433 1114 1487 in
1158 1432 1265 1486 illis
1302 1431 1368 1484 ad
1408 1430 1667 1493 salutem,
1717 1430 1766 1482 in
1797 1427 1950 1482 malis

361 1526 428 1580 ad
453 1525 866 1580 damnationem.
911 1525 974 1578 Et
1000 1539 1121 1579 cum
1159 1531 1362 1576 tantum
1401 1520 1562 1576 distet
1589 1520 1726 1573 inter
1745 1533 1838 1572 eos
1861 1517 1949 1586 qui

365 1614 480 1670 lucc
520 1614 680 1684 digne
708 1615 1025 1685 indigneque
1047 1613 1406 1676 tractaverinl,
1430 1612 1542 1679 ipsa
1567 1620 1739 1665 tamen
1762 1607 1948 1662 eadem

360 1712 484 1758 sunt
509 1746 524 1767 ,
569 1705 674 1759 illis
717 1705 781 1759 ad
815 1705 1088 1787 prtetnium
1120 1703 1347 1758 valentia
1375 1701 1528 1784 ,.illis
1576 1700 1641 1754 ad
1667 1699 1946 1769 judicium.

432 1798 521 1851 58.
551 1798 885 1866 Quapropter
923 1795 1134 1866 quando
1167 1795 1344 1864 plures
1383 1809 1539 1862 quam
1568 1793 1801 1846 Joannes
1841 1791 1948 1845 Do-

365 1887 542 1940 minus
566 1887 896 1956 baptizabat,
933 1887 1072 1940 sicut
1112 1887 1164 1939 in
1199 1885 1486 1954 Evangelio
1531 1885 1784 1953 scriptum
1835 1892 1946 1949 est,

361 1978 451 2032 ubi
494 1978 716 2046 subjecit
757 1977 1115 2047 Evangelista,
1175 1976 1414 2042 Quamvis
1458 1977 1564 2045 ipse
1598 1991 1696 2028 non
1725 1973 1950 2045 baptiza-

360 2069 588 2133 bat,scd
634 2069 867 2140 discipuli
907 2071 1017 2141 ejus
1047 2068 1164 2142 (Id.
1198 2085 1268 2132 iv,
1298 2069 1349 2134 1,
1395 2067 1468 2139 2)
1518 2084 1531 2120 :
1578 2083 1696 2122 cum
1745 2075 1948 2122 tantum

359 2159 581 2215 distaret
626 2163 766 2215 inter
820 2160 1034 2214 Petrum
1093 2169 1147 2214 et
1185 2158 1408 2223 Judam,
1451 2157 1578 2211 nihil
1646 2167 1820 2212 tamen
1869 2159 1952 2211 di-

361 2251 537 2306 stabat
579 2251 716 2306 intcr
755 2251 1080 2320 Baptismum
1119 2250 1209 2320 qui
1235 2249 1460 2304 dabatur
1489 2264 1582 2319 per
1608 2249 1827 2304 Petrum
1851 2289 1865 2314 ,
1895 2257 1952 2304 et

360 2342 448 2410 qui
493 2341 716 2398 dabatur
778 2357 874 2412 per
923 2341 1136 2397 Judam.
1186 2339 1317 2395 illud
1374 2340 1514 2395 enim
1569 2339 1712 2410 quod
1738 2354 1832 2410 per
1851 2354 1948 2395 eos

363 2432 609 2498 dabatur,
642 2449 805 2486 unum
829 2442 963 2500 erat,
987 2447 1108 2487 eum
1134 2431 1234 2502 ipsi
1281 2446 1385 2486 non
1416 2440 1598 2487 essent
1635 2447 1797 2485 unum
1827 2446 1842 2486 :
1891 2440 1948 2486 et

363 2522 490 2577 illud
532 2523 729 2578 Christi
760 2533 917 2591 erat,
949 2524 1158 2578 illorum
1189 2531 1366 2578 autem
1409 2536 1546 2576 unus
1593 2521 1659 2576 ad
1707 2521 1946 2576 membra

363 2615 581 2681 Christi,
604 2616 738 2671 alter
761 2615 826 2671 ad
856 2625 1060 2686 partem
1088 2614 1284 2670 diaboli
1317 2614 1635 2684 pertinebat.
1661 2613 1792 2668 Cum
1817 2627 1945 2668 vero

357 2704 594 2762 Joannes
637 2705 870 2776 Baptista
911 2715 967 2760 et
1002 2705 1198 2760 Paulus
1241 2704 1527 2774 Apostolus
1553 2719 1714 2758 unum
1740 2712 1944 2772 essent,

359 2797 481 2866 quia
509 2807 730 2867 uterque
758 2798 939 2868 sponsi
964 2798 1166 2852 amicus
1191 2805 1325 2860 erat,
1357 2805 1532 2852 tamen
1557 2798 1677 2868 quia
1701 2812 1804 2852 non
1831 2805 1947 2852 erat

362 2903 500 2944 unus
542 2889 836 2960 baptisinus
873 2889 963 2960 qui
1001 2888 1224 2944 dabatur
1249 2903 1277 2943 a
1303 2888 1544 2953 Joanne,
1568 2898 1622 2942 et
1647 2888 1734 2959 qui
1783 2887 1946 2942 daba-

360 2989 448 3036 tur
471 2995 501 3034 a
527 2980 710 3047 Paulo,
736 2980 895 3050 jussit
931 2979 1124 3036 Paulus
1166 2980 1364 3036 Christi
1394 2980 1664 3050 Baptismo
1689 2979 1942 3050 baptizari

363 3087 478 3137 eos,
511 3073 604 3144 qui
647 3073 912 3142 baptismo
938 3071 1160 3128 Joannis
1205 3072 1416 3126 fuerant
1443 3071 1712 3140 baptizati.
1763 3071 1943 3141 Itaque

361 3161 451 3217 ille
478 3161 771 3232 baptismus
815 3162 1037 3218 Joannis
1090 3161 1262 3216 dictus
1307 3169 1433 3217 est:
1477 3161 1567 3230 qui
1623 3169 1798 3215 autem
1850 3177 1946 3230 per

362 3252 584 3309 Paullum
619 3253 774 3308 datus
803 3263 905 3318 est,
949 3268 1055 3309 non
1082 3261 1164 3309 est
1208 3252 1380 3308 dictus
1424 3253 1722 3323 haptismus
1763 3253 1940 3319 Pauli;

358 3346 627 3417 sed~jussit
647 3363 749 3413 eos,
781 3347 972 3419 inquit,
1000 3347 1245 3418 baptizari
1273 3346 1325 3400 in
1344 3343 1542 3402 Christo
1562 3345 1696 3417 (Act.
1725 3361 1819 3400 xu
1839 3385 1854 3410 ,
1884 3347 1939 3411 4,

359 3436 458 3504 5).
511 3437 650 3494 Ecce
693 3454 856 3493 unum
889 3447 1015 3492 sunt
1058 3438 1292 3492 Joannes
1345 3445 1400 3492 ct
1440 3437 1634 3491 Paulus
1660 3477 1675 3502 ,
1729 3444 1784 3491 et
1831 3453 1937 3491 non

359 3547 524 3585 unum
549 3531 677 3585 dant
706 3549 720 3585 :
744 3547 871 3587 ecce
896 3546 1000 3586 non
1041 3538 1165 3585 sunt
1193 3547 1356 3585 unum
1383 3531 1572 3586 Petrus
1599 3538 1652 3584 et
1671 3529 1854 3594 Judas,
1888 3539 1944 3586 et

362 3636 524 3674 unum
553 3621 682 3676 dant
709 3641 722 3675 :
749 3630 803 3675 at
838 3637 963 3676 vero
988 3623 1178 3676 Petrus
1213 3631 1270 3676 et
1295 3621 1489 3676 Paulus
1526 3629 1580 3676 et
1605 3635 1767 3675 unum
1795 3631 1939 3688 sunt,

358 3721 412 3765 et
442 3727 602 3765 unum
630 3712 776 3766 dant.
813 3711 1081 3766 Abraham
1119 3721 1174 3767 et
1199 3711 1477 3766 Cornelius
1513 3726 1582 3766 ex
1615 3710 1720 3765 ﬁde
1741 3711 1938 3781 justiti-

357 3803 458 3856 cati
491 3817 651 3856 llllllm
677 3809 830 3868 sunt,
854 3811 906 3857 et
943 3817 1048 3856 non
1079 3818 1241 3857 unum
1278 3801 1679 3857 Sacramentum
1717 3817 1940 3873 accepe-

359 3903 480 3947 runt
513 3911 528 3947 :
579 3894 810 3964 itemque
850 3893 1129 3948 Cornelius
1153 3901 1210 3948 et
1246 3892 1430 3947 Simon
1468 3893 1648 3962 Magus
1676 3908 1782 3948 non
1819 3901 1946 3948 sunt

360 3999 561 4048 unum,
602 3993 656 4039 et
699 3999 860 4038 unum
911 3984 1309 4040 Sacramentum
1344 3993 1701 4052 acceperunt:
1729 3993 1783 4037 at
1815 3999 1944 4038 vero

359 4075 673 4139 Cornelius.
719 4084 776 4131 et
820 4076 908 4131 ille
939 4075 1127 4146 spado,
1167 4089 1326 4146 quem
1368 4074 1645 4144 Philippus
1669 4075 1724 4128 in
1753 4075 1944 4130 itinere

363 4164 666 4230 baptizavit,
722 4175 777 4220 et
819 4181 983 4220 unum
1035 4176 1178 4232 sunt,
1235 4174 1290 4221 et
1336 4181 1497 4221 unum
1538 4164 1943 4221 Sacramentum

360 4265 682 4324 acceperunt
721 4255 840 4327 (Id.
890 4273 923 4310 x
950 4299 964 4321 ,
1014 4256 1083 4312 48
1107 4297 1122 4324 ,
1153 4267 1201 4311 et
1229 4273 1342 4325 vui,
1367 4258 1454 4324 15,
1501 4255 1628 4329 58).
1653 4255 1784 4311 Cum
1814 4273 1944 4327 ergo

364 4362 525 4400 unum
555 4355 638 4401 est
679 4347 1103 4411 Sacramentum,
1134 4362 1234 4403 nec
1249 4347 1446 4402 diversi
1473 4347 1709 4415 datores,
1737 4362 1836 4402 nec
1859 4348 1943 4402 di-

359 4435 498 4490 versi
513 4446 850 4506 pcrceptores
864 4437 1058 4492 faciunt
1069 4446 1242 4492 utnon
1259 4438 1329 4493 sit
1343 4454 1502 4494 unum
1513 4439 1654 4509 quod
1671 4453 1830 4494 unum
1843 4447 1944 4493 est.

431 4527 522 4582 59.
573 4525 661 4581 lsti
701 4535 874 4583 autem
919 4527 1046 4583 dum
1090 4529 1274 4584 volunt
1320 4529 1594 4585 hominum
1640 4545 1759 4587 esse
1802 4532 1942 4601 quod

363 4617 558 4674 Clu-isti
593 4628 674 4674 est
697 4661 712 4684 ,
741 4635 828 4676 res
868 4620 1181 4677 falsissimas
1207 4632 1262 4678 et
1289 4623 1698 4678 absurdissimas
1722 4638 1943 4694 persua-

363 4715 494 4766 dere
519 4723 799 4775 couautur,
823 4722 880 4768 ut
905 4729 1070 4784 prope
1092 4724 1170 4770 tot
1185 4715 1294 4770 sint
1314 4715 1583 4786 baptismi,
1610 4725 1739 4786 quot
1766 4717 1942 4772 homi-

361 4816 457 4856 nes
488 4817 583 4872 per
608 4818 742 4872 quos
769 4803 980 4859 dantur.
1029 4805 1207 4876 Itaque
1248 4805 1378 4859 illud
1408 4807 1550 4876 quod
1597 4808 1848 4861 Dominus
1871 4811 1945 4862 ait

361 4893 428 4946 de
455 4892 671 4948 homine
694 4903 748 4950 et
776 4911 937 4966 opere
953 4895 1204 4961 hominis,
1230 4895 1394 4949 Arbor
1413 4895 1542 4949 bona
1565 4895 1720 4950 bonos
1747 4899 1944 4966 fructus

359 4985 501 5056 facit,
543 4986 694 5040 arbor
725 4987 862 5040 mala
898 4987 1059 5041 malos
1076 4991 1268 5058 fructus
1293 4986 1416 5056 facit
1445 4985 1657 5060 (Matth.
1687 5003 1783 5054 vn,
1814 4987 1940 5058 l7);

358 5076 442 5129 isti
464 5077 529 5129 ad
558 5075 660 5130 hoc
681 5076 1006 5147 detorquere
1033 5087 1314 5142 conantur,
1343 5086 1400 5131 ut
1429 5091 1458 5130 a
1476 5076 1616 5132 bono
1644 5079 1943 5147 baptizatus

358 5167 530 5221 bonus
552 5169 642 5235 sit,
665 5177 720 5224 et
743 5185 773 5222 a
795 5170 936 5223 malo
958 5170 1251 5239 baptizatus
1273 5169 1443 5224 malus
1467 5171 1554 5225 sit.
1585 5171 1736 5228 Unde
1762 5173 1942 5242 sequi-

357 5267 445 5312 tur
471 5272 586 5322 eos,
620 5259 824 5313 etiamsi
854 5260 1114 5323 nolint,ut
1136 5275 1164 5313 a
1192 5260 1412 5316 meliore
1438 5262 1732 5330 baptizatus
1754 5263 1944 5317 melior

356 5351 445 5415 sit,
479 5360 532 5404 et
562 5351 629 5405 ab
654 5351 904 5406 inferiore
947 5351 1242 5422 baptizatus
1282 5353 1501 5408 inferior
1525 5355 1612 5408 sit.
1654 5355 1732 5409 Ex
1759 5370 1864 5425 quo
1888 5356 1944 5410 lit

355 5450 412 5492 nt
458 5442 529 5495 illi
576 5457 711 5513 quos
752 5451 878 5498 ante
931 5443 1137 5498 Domini
1173 5445 1470 5513 passionem
1500 5461 1603 5500 non
1632 5447 1745 5516 ipse
1790 5447 1944 5502 Jesus

357 5528 676 5598 baptizabat,
714 5534 810 5588 sed
838 5533 1078 5604 discipuli
1120 5535 1266 5604 ejus,
1300 5536 1467 5590 multo
1496 5539 1728 5591 sanctius
1756 5553 1941 5592 nasce-

362 5630 576 5689 rentur,
600 5624 643 5678 si
673 5625 743 5679 ab
772 5624 888 5694 ipso
923 5625 1332 5695 baptizarentur.
1363 5625 1494 5690 Quis
1526 5628 1664 5683 cnim
1692 5628 1772 5684 vel
1795 5630 1940 5700 cogi-

417 5728 488 5790 (ιι)
519 5733 657 5794 ωἷὶιη,
685 5749 787 5797 cap.
832 5738 900 5785 18.

3533 313 3642 369 ιὸϐ

2057 426 2171 473 tare
2207 423 2392 489 possit,
2422 433 2674 492 quantum
2712 424 2964 479 intererat
3003 423 3142 480 inter
3169 426 3366 495 ipsum,
3405 438 3459 483 et
3484 429 3649 484 disci-

2055 510 2209 578 pulos
2253 511 2368 580 cjus
2409 528 2440 565 a
2469 513 2662 582 quibus
2701 514 3142 586 baptizabantur?
3168 518 3308 589 Ergo
3343 521 3529 575 invidit
3569 525 3651 578 eis

2055 603 2372 657 sanctiorem
2393 607 2790 674 generationem
2809 650 2823 672 ,
2850 625 2982 678 quos
3011 624 3040 663 a
3071 611 3344 681 discipulis
3382 613 3491 668 suis
3525 630 3651 671 sese

2056 691 2143 748 hic
2167 695 2454 750 constituto
2478 699 2656 753 maluit
2691 700 2979 769 baptizari?
3012 703 3165 770 Quod
3189 705 3370 774 utique
3404 708 3651 777 quisquis

2055 777 2262 845 credit,
2304 779 2522 836 insanus
2557 794 2658 837 est.
2685 784 2820 850 Quid
2847 801 2973 856 ergo
3011 788 3266 843 Dominus
3294 804 3361 844 eo
3390 792 3504 859 ipso
3546 791 3650 847 de-

2057 881 2354 926 monstrare
2381 871 2629 942 dignatus
2645 885 2744 943 est,
2774 876 2875 931 nisi
2904 893 3056 932 suum
3086 894 3206 935 esse
3232 881 3372 949 quod
3401 882 3646 946 daretur.

2055 974 2152 1028 per
2176 963 2464 1030 quemlibet
2487 965 2736 1032 daretur;
2761 975 2816 1022 et
2843 983 2901 1022 se
2923 969 3213 1039 baptizare.
3229 972 3297 1026 de
3317 988 3421 1042 quo
3439 975 3651 1030 amicus

2057 1051 2145 1105 ille
2172 1055 2352 1122 sponsi
2378 1055 2602 1124 dixerat,
2636 1057 2739 1112 Hic
2758 1067 2830 1112 est
2851 1062 2938 1130 qui
2958 1061 3180 1131 baptizat
3201 1063 3220 1134 (
3241 1063 3397 1118 Joan.
3429 1082 3466 1126 ι.
3499 1067 3570 1122 ’55
3591 1067 3646 1132 );

2057 1158 2151 1212 per
2176 1145 2458 1214 cujuslibet
2480 1164 2667 1205 manus
2691 1152 2916 1206 ministri
2949 1153 3327 1222 baptizaretur,
3352 1159 3440 1228 qui
3466 1161 3649 1215 credi-

2055 1233 2222 1288 disset
2249 1236 2298 1290 in
2324 1239 2481 1293 omn?
2510 1241 2646 1295 Dicit
2671 1243 2829 1296 etiam
2864 1244 3080 1309 Paulus,
3111 1245 3315 1302 Gratias
3349 1249 3471 1312 Deo,
3504 1253 3647 1322 quod

2056 1327 2300 1380 neminem
2321 1339 2535 1384 vestrum
2558 1333 2804 1402 baptizari
2827 1375 2842 1398 ,
2873 1337 2972 1390 nisi
3007 1335 3243 1408 Crispum
3277 1348 3322 1393 et
3348 1339 3550 1405 Gaium,
3585 1360 3652 1398 ne

2055 1417 2168 1487 quis
2190 1419 2323 1473 dicat
2361 1421 2496 1491 quod
2519 1424 2571 1476 in
2588 1426 2787 1479 nomine
2802 1443 2910 1480 meo
2935 1427 3187 1498 baptisuvi
3209 1431 3225 1498 (
3257 1432 3274 1484 l
3306 1431 3425 1486 Cor.
3453 1448 3505 1499 ι,
3535 1436 3606 1489 14
3629 1475 3646 1499 ,

2058 1507 2186 1577 15).
2219 1508 2287 1562 Ει
2324 1509 2424 1567 iste
2453 1528 2580 1582 ergo
2604 1515 2854 1572 credatur
2892 1518 3148 1576 invidisse
3196 1521 3499 1578 hominibus
3529 1542 3651 1581 me-

2057 1598 2243 1655 liorem
2273 1603 2763 1676 sanctiﬁcationem,
2792 1609 2836 1664 si
2862 1621 3060 1680 quanto
3099 1614 3291 1669 melior
3315 1625 3464 1682 erat,
3497 1625 3649 1673 tanto

2057 1691 2245 1746 melius
2285 1702 2530 1762 poterant
2573 1697 2849 1766 baptizari,
2880 1702 2967 1770 qui
2999 1702 3068 1757 ab
3094 1703 3186 1758 illo
3225 1705 3646 1774 baptizarentur.

2060 1782 2173 1837 lmo
2213 1799 2342 1839 vero
2367 1785 2433 1840 ad
2463 1787 2563 1842 hoc
2592 1789 2762 1858 ipsum
2793 1792 3023 1863 vigilavit
3047 1795 3339 1850 cautissimi
3365 1807 3420 1852 et
3448 1798 3650 1854 ﬁdelis-

2055 1871 2175 1926 simi
2201 1873 2583 1944 diSpensatoris
2609 1879 2851 1947 intentio,
2878 1899 2944 1938 ne
2961 1885 3238 1955 quisquam
3258 1886 3380 1942 ideo
3406 1890 3647 1947 sanctius

2055 1978 2114 2018 se
2139 1964 2459 2036 baptizatum
2489 1979 2728 2039 putaret,
2758 1974 2896 2042 quod
2925 1990 2955 2029 a
2985 1976 3232 2032 ministro
3259 1981 3525 2036 sanctiore
3552 1982 3649 2036 ba-

2054 2056 2364 2126 ptizaretur,
2397 2069 2452 2116 et
2479 2063 2618 2130 quod
2651 2065 2860 2120 Domini
2885 2077 3000 2122 erat
3022 2110 3035 2133 ,
3068 2085 3229 2124 servo
3257 2072 3533 2128 tribueret.

2125 2147 2214 2202 60.
2241 2147 2373 2204 Cum
2398 2151 2552 2222 igitur
2572 2155 2765 2210 boniet
2781 2158 2901 2212 mali
2931 2158 3060 2214 dent
3083 2169 3140 2216 et
3166 2161 3430 2232 accipiant
3459 2165 3646 2236 Bapti-

2053 2237 2157 2292 smi
2205 2252 2636 2311 sacramentum,
2691 2261 2791 2302 nec
2838 2251 3134 2320 regenerati
3191 2253 3538 2322 Spiritualiter
3587 2259 3644 2313 in

2053 2341 2248 2398 corpus
2300 2341 2356 2387 et
2396 2334 2634 2390 membra
2673 2337 2872 2393 Christi
2919 2340 3314 2399 coaediﬁcentur
3347 2345 3449 2399 nisi
3479 2347 3643 2414 boni;

2051 2422 2293 2491 profecto
2319 2425 2372 2479 in
2398 2425 2552 2482 bonis
2584 2438 2667 2484 est
2691 2431 2778 2484 illa
2807 2430 3046 2488 Ecclesia
3065 2476 3080 2502 ,
3112 2435 3198 2489 cui
3223 2435 3416 2491 dicitur
3445 2455 3460 2493 :
3495 2439 3649 2493 Sicut

2054 2510 2217 2567 lilium
2256 2516 2309 2570 in
2350 2519 2515 2572 medio
2554 2521 2837 2592 spinarum,
2867 2525 2937 2578 ita
2965 2527 3198 2596 proxima
3236 2546 3346 2583 mea
3383 2531 3435 2585 in
3477 2534 3646 2588 medio

2052 2602 2278 2670 ﬁliarum
2314 2605 2333 2677 (
2357 2606 2503 2662 Cant.
2551 2626 2607 2673 ιι,
2648 2610 2685 2664 2
2706 2612 2750 2682 ).
2778 2611 2834 2667 lu
2861 2613 2944 2668 his
2969 2623 3052 2670 est
3093 2617 3234 2671 enim
3261 2619 3348 2688 qui
3376 2621 3648 2678 aediﬁcant

2051 2708 2215 2764 super
2242 2706 2446 2766 petram
2472 2741 2487 2765 ,
2515 2700 2566 2755 id
2595 2711 2680 2756 est
2699 2742 2716 2770 ,
2745 2705 2834 2774 qui
2878 2705 3098 2761 audiunt
3142 2709 3301 2765 verba
3327 2710 3558 2778 Christi,
3584 2721 3646 2770 ct

2051 2783 2250 2841 faciunt
2278 2805 2292 2842 :
2318 2789 2436 2859 quia
2479 2798 2534 2846 et
2574 2791 2734 2847 Petro
2759 2793 3031 2850 conﬁtenti
3058 2810 3117 2851 se
3143 2796 3413 2854 Christum
3442 2800 3645 2858 Filium

2049 2875 2164 2941 Dei,
2189 2878 2267 2933 sic
2293 2879 2368 2933 ait
2393 2896 2407 2932 :
2435 2879 2501 2934 Et
2525 2898 2678 2951 super
2694 2883 2825 2938 hanc
2849 2895 3043 2956 petram
3065 2889 3328 2958 wdi/icabo
3356 2889 3645 2949 Ecclesians

2049 2986 2213 3024 meam
2239 2969 2461 3044 (Matth.
2491 2987 2598 3038 xvi,
2629 2975 2759 3045 18).
2788 2975 2904 3030 Non
2935 2987 3164 3050 estergo
3192 2980 3244 3036 in
3273 2983 3352 3038 eis
3383 2985 3470 3052 qui
3497 2986 3637 3038 redi-

2051 3062 2209 3117 ﬁcant
2237 3077 2400 3133 super
2425 3079 2665 3132 arenam,
2690 3067 2739 3122 id
2756 3079 2859 3134 est,
2880 3070 2968 3139 qui
2984 3070 3206 3126 audiunt
3229 3074 3384 3128 verba
3417 3074 3638 3143 Christi,

2049 3165 2102 3209 et
2128 3171 2233 3209 non
2269 3154 2485 3212 iaciunt.
2517 3158 2638 3228 Ipse
2676 3162 2819 3215 enim
2849 3160 3022 3218 dixit:
3051 3163 3152 3231 Qui
3184 3165 3326 3219 audit
3355 3167 3500 3220 verba
3525 3185 3643 3222 mea

2049 3247 2156 3302 htec
2175 3258 2221 3302 et
2243 3250 2364 3320 facit
2384 3266 2461 3314 ea,
2503 3252 2732 3307 similabo
2769 3271 2880 3307 eum
2908 3257 3013 3309 viro
3043 3257 3288 3326 sapienti,
3314 3260 3400 3326 qui
3419 3259 3646 3327 cedi/ica:

2047 3336 2254 3392 domum
2294 3357 2442 3394 suam
2487 3357 2640 3412 super
2669 3354 2881 3410 petram.
2928 3343 2996 3399 Et
3042 3346 3238 3401 ibidem
3289 3349 3447 3416 paulo
3475 3360 3640 3419 post:

2051 3431 2153 3498 Qui
2179 3432 2343 3496 audit,
2370 3433 2557 3503 inquit,
2591 3434 2736 3488 verba
2757 3452 2864 3489 mea
2882 3436 3011 3502 Iure,
3036 3446 3084 3490 et
3111 3454 3213 3491 non
3241 3441 3362 3509 facit
3391 3457 3470 3506 ea,
3493 3441 3641 3495 simi-

2047 3522 2161 3576 tabo
2185 3539 2296 3575 eum
2335 3523 2441 3575 viro
2465 3524 2638 3586 stulto,
2678 3526 2764 3594 qui
2785 3527 3006 3594 (edi/icat
3033 3527 3236 3582 domum
3285 3547 3435 3585 suam
3481 3549 3646 3599 super

2046 3629 2253 3666 arenam
2286 3612 2397 3684 (Id.
2426 3629 2530 3680 vn,
2555 3615 2644 3678 24,
2670 3615 2739 3669 26
2758 3616 2798 3685 ).
2827 3616 2924 3681 Qui
2965 3631 3093 3687 ergo
3125 3633 3380 3690 compage
3408 3623 3647 3678 citat-ita-

2049 3704 2116 3757 tis
2145 3703 2464 3774 incorporati
2495 3713 2618 3759 sunt
2646 3705 2871 3760 aedilicio
2898 3721 3060 3775 super
3093 3719 3292 3777 petram
3315 3713 3635 3782 constituta,

2047 3803 2102 3849 et
2124 3796 2235 3850 lilio
2263 3796 2402 3851 inter
2423 3798 2604 3867 spinas
2630 3798 2874 3854 candenti
2904 3840 2920 3866 ,
2947 3800 3045 3868 ipsi
3072 3801 3252 3870 utique
3289 3805 3646 3873 possidebunt

2049 3903 2268 3958 regnum
2299 3889 2412 3943 Dei.
2446 3889 2547 3956 Qui
2591 3897 2766 3944 autem
2797 3905 2960 3960 super
2989 3906 3203 3945 arenam
3234 3893 3532 3962 azdilicant,
3557 3899 3645 3952 vel

2049 3979 2101 4032 in
2142 3979 2310 4048 spinis
2349 3979 2694 4048 deputantur,
2727 3981 2844 4050 quis
2897 3981 3214 4037 dubitaverit
3254 3986 3393 4054 quod
3417 4003 3642 4058 regnum

2051 4068 2144 4122 Dei
2201 4084 2306 4122 non
2352 4071 2893 4139 possidebunt‘lNihil
2941 4074 3120 4142 utique
3185 4076 3374 4130 talibus
3426 4079 3645 4146 prodest

2048 4159 2302 4230 Baptismi
2354 4170 2742 4216 sacramentum
2793 4179 2807 4216 :
2869 4177 2969 4217 nec
3041 4173 3214 4218 tamen
3274 4177 3488 4235 propter
3549 4185 3645 4224 co-

2047 4267 2169 4306 rum
2210 4251 2454 4306 instabile
2497 4251 2896 4307 fundamentum
2944 4255 3286 4324 sterilemque
3338 4259 3592 4314 malitiam
3623 4304 3638 4328 ,

2049 4345 2208 4399 etiam
2268 4344 2614 4400 Sacramento
2668 4342 2809 4414 quod
2867 4344 3108 4414 habent,
3159 4349 3262 4402 ulla
3316 4350 3505 4420 injuria
3557 4353 3642 4406 fa-

2049 4433 2238 4489 cienda
2267 4444 2368 4489 est.

2112 4525 2341 4580 CAPUT
2378 4525 2543 4581 XXII.
2573 4555 2639 4566 --
2667 4526 2756 4582 61.
2790 4526 3019 4583 Proinde
3042 4528 3094 4584 in
3135 4529 3252 4585 loco
3290 4532 3380 4586 illo
3411 4549 3475 4588 ex
3514 4535 3646 4604 Epi~

2049 4623 2186 4676 stola
2220 4622 2372 4676 Pauli
2411 4624 2671 4694 apostoli,
2703 4639 2861 4694 quam
2902 4627 3117 4695 scripsit
3145 4627 3209 4681 ad
3237 4627 3452 4684 Galatas
3477 4670 3490 4692 ,
3524 4631 3645 4684 sine

2048 4713 2225 4768 studio
2249 4716 2607 4770 contentionis
2632 4715 2915 4785 advertite,
2947 4734 3105 4789 quam
3134 4729 3279 4775 recte
3308 4720 3416 4783 ﬁat,
3443 4729 3501 4774 ut
3532 4722 3646 4775 hac-

2049 4807 2270 4861 rcticum
2327 4808 2654 4878 corrigentes
2697 4825 2954 4878 errorem,
3003 4812 3048 4866 si
3091 4811 3494 4868 Sacramentum
3538 4815 3646 4871 hoc

2050 4894 2248 4952 habent
2271 4898 2412 4968 quod
2444 4899 2642 4954 habere
2659 4899 2978 4969 debuerunt,
3023 4904 3153 4959 illud
3188 4907 3452 4974 accipiant
3495 4909 3643 4976 quod

2049 4988 2130 5046 eis
2177 4992 2379 5058 deerat,
2430 5008 2535 5049 nou
2580 4995 2910 5066 improbetur
2945 5005 3002 5052 et
3051 4998 3451 5068 blasphemetur
3497 5001 3645 5069 quod

2049 5081 2239 5136 inerat.
2269 5082 2566 5155 Manifesta,
2596 5085 2784 5155 inquit,
2825 5095 2942 5139 sunt
2964 5102 3121 5156 opera
3152 5089 3320 5141 carnis
3343 5130 3355 5151 ,
3384 5105 3496 5158 quae
3526 5101 3646 5143 sunt

2049 5175 2425 5244 fornicationes,
2458 5176 2812 5240 immunditice,
2830 5177 3048 5232 luxuria:
3067 5221 3080 5245 ,
3122 5178 3378 5233 idolorum
3406 5182 3643 5249 servitus,

2049 5265 2306 5333 veneficia,
2335 5266 2630 5330 inimicitiae,
2661 5269 3017 5332 contentiones,
3046 5269 3411 5332 cenantationes,
3441 5271 3648 5326 animo-

2047 5357 2237 5420 sitates,
2265 5357 2597 5412 dissensiones
2617 5400 2629 5423 ,
2660 5360 2890 5423 hwrcscs,
2919 5360 3122 5414 invidia:
3141 5403 3154 5427 ,
3184 5362 3444 5416 ebrietates
3463 5404 3477 5428 ,
3503 5381 3646 5417 com-

2049 5449 2317 5502 essationes
2351 5489 2366 5512 ,
2411 5458 2455 5500 et
2497 5450 2576 5502 his
2618 5450 2836 5513 similia;
2871 5467 2985 5522 quae
3039 5451 3258 5520 prcedico
3299 5453 3456 5518 vobis,
3506 5455 3643 5508 sicut

2049 5541 2284 5609 pratdixi,
2316 5541 2553 5608 quoniam
2577 5542 2662 5610 qui
2679 5541 2801 5595 talia
2818 5552 2993 5612 agunt,
3019 5561 3227 5614 regnum
3259 5542 3352 5598 Dci
3379 5562 3479 5599 non
3514 5563 3646 5614 pos-

2047 5631 2276 5683 sidebunt
2326 5629 2522 5699 (Calat.
2548 5647 2600 5695 ν,
2635 5631 2839 5702 l9-2l).
2874 5633 2952 5703 (α)
2996 5635 3194 5691 Omnes
3217 5635 3496 5706 itaqueisti
3535 5653 3645 5694 non

2117 5743 2188 5806 (τι)
2226 5741 2343 5792 olim
2368 5742 2442 5793 hic
2467 5755 2568 5807 cap.
2601 5744 2674 5806 19,
2703 5745 2824 5805 apud
2848 5755 2927 5794 an)
2972 5753 3118 5798 ett-'1'.
