4066 6200
296 397 398 453 ιδ’)

296 527 420 572 sunt
447 516 501 570 in
532 515 680 579 lilio,
707 528 806 568 nec
832 526 993 581 super
1018 517 1221 580 petram
1271 528 1283 563 :
1315 509 1455 564 inter
1495 507 1593 562 hos
1623 515 1798 560 autem
1834 510 1890 557 et

299 605 536 662 haeretici
560 603 717 673 positi
743 613 887 656 sunt.
908 600 1018 656 Cur
1039 614 1164 669 ergo
1189 613 1300 664 vos,
1326 609 1382 653 ut
1404 598 1642 652 omittam
1667 603 1884 657 caetera,
1899 583 1914 594 ’

301 713 407 754 non
436 694 717 764 baptizatis
744 700 864 762 post
889 691 1130 746 ebriosos
1158 731 1172 755 ,
1197 689 1513 751 luxuriosos,
1541 686 1766 750 invidos,
1801 684 1890 754 qui

301 801 524 857 regnum
558 785 652 840 Dei
684 799 790 837 non
833 780 1219 851 possidebunt,
1251 788 1305 834 et
1343 777 1465 833 ideo
1507 778 1558 832 in
1600 785 1747 847 petra
1786 789 1894 829 non

303 887 454 940 sunt;
488 887 545 932 et
570 876 695 946 quia
721 875 772 928 in
804 881 951 943 petra
980 887 1084 927 non
1115 881 1272 937 sunt,
1297 871 1489 941 procul
1513 869 1677 924 dubio
1704 869 1756 922 in
1787 868 1891 922 Ec-

303 970 461 1025 clesia
487 984 592 1022 non
619 967 969 1036 deputantur;
996 964 1119 1034 quia
1147 980 1297 1034 super
1317 963 1447 1016 hanc
1463 974 1677 1033 petram,
1703 961 1888 1030 inquit,

308 1061 567 1132 tt'diﬁcabo
594 1059 878 1114 Ecclesium
909 1073 1071 1112 meam
1093 1072 1112 1110 :
1139 1065 1192 1111 et
1221 1070 1318 1109 nos
1344 1056 1361 1086 ι
1388 1054 1550 1109 vultis
1575 1061 1632 1106 ιιι
1655 1052 1894 1121 baptize-

309 1169 422 1206 mus
447 1161 570 1222 post
597 1150 898 1215 haereticos,
923 1148 1010 1218 qui
1038 1148 1176 1201 inter
1205 1144 1420 1200 easdem
1463 1143 1642 1212 spinas
1673 1157 1894 1212 regnum

313 1245 399 1300 Dei
429 1260 535 1298 non
564 1253 904 1312 possessuras
942 1237 1236 1294 enumerati
1261 1244 1384 1292 sunt
1405 1277 1421 1304 ,
1450 1243 1504 1290 et
1530 1235 1724 1305 quibus
1745 1233 1896 1288 simi-

311 1338 426 1392 liter
475 1336 820 1390 Sacramenta
867 1332 1067 1396 insunt,
1114 1329 1326 1401 quando
1369 1328 1557 1384 eadem
1600 1339 1758 1390 sunt;
1801 1325 1896 1380 sed

314 1442 412 1482 non
443 1433 686 1496 prosunt,
715 1423 838 1494 quia
867 1437 987 1478 cum
1033 1421 1121 1476 illa
1163 1427 1308 1476 recta
1357 1419 1483 1486 sint,
1534 1418 1632 1489 ipsi
1661 1415 1898 1490 perversi

314 1517 466 1574 sunt?

383 1612 469 1665 6‘2.
514 1609 638 1663 llmc
674 1607 790 1662 sine
814 1604 1105 1676 pertinacia
1126 1605 1528 1660 considerantes
1559 1611 1718 1672 atque
1756 1599 1902 1671 cogi—

319 1712 506 1764 tantes,
537 1700 689 1755 facile
711 1697 933 1768 potestis
959 1696 1257 1766 intelligere
1279 1738 1293 1762 ,
1325 1695 1377 1750 id
1405 1696 1456 1749 in
1483 1708 1698 1764 quoque
1726 1691 1899 1747 corri-

318 1792 543 1862 gendum
583 1804 704 1844 esse
729 1787 870 1858 quod
911 1800 1131 1857 pravum
1160 1795 1274 1852 est,
1298 1785 1438 1855 quod
1483 1794 1660 1840 autem
1697 1793 1900 1838 rectum

319 1892 417 1947 est,
443 1878 884 1950 approbandum;
912 1887 967 1933 et
994 1877 1096 1932 hoc
1127 1876 1359 1930 dandum
1391 1891 1512 1931 esse
1540 1875 1678 1945 quod
1709 1873 1898 1942 deerit,

319 1971 453 2042 quovl
481 1980 659 2024 autem
689 1969 862 2034 inerit,
892 1967 1306 2038 agnoscendum.
1335 1966 1564 2022 Veniens
1587 1966 1766 2035 itaque
1787 1964 1902 2019 ha:-

322 2065 517 2119 reticus
543 2071 603 2116 ut
629 2061 922 2116 catholicus
947 2061 1059 2126 liat,
1089 2073 1330 2114 errorem
1355 2059 1587 2128 corrigat
1609 2057 1900 2126 proprium,

322 2171 423 2209 non
460 2153 661 2208 Christi
705 2151 869 2205 violet
897 2151 1296 2205 Sacramentum
1327 2167 1340 2202 :
1369 2149 1593 2218 accipiat
1638 2147 1904 2202 vinculum

324 2246 463 2315 pacis
507 2243 649 2313 quod
681 2257 784 2296 non
813 2241 1076 2304 habebat,
1106 2241 1224 2296 sine
1263 2255 1370 2310 quo
1399 2240 1472 2294 illi
1505 2239 1761 2311 prodesse
1801 2252 1906 2293 non

323 2343 523 2404 poterat
541 2333 809 2402 Baptisms
835 2329 990 2400 quod
1023 2329 1268 2385 habebat.
1307 2329 1602 2400 Utrumque
1637 2328 1778 2384 enim
1809 2345 1908 2384 ne-

325 2425 612 2479 ceSsarium
659 2429 744 2477 est
780 2421 846 2475 ad
881 2435 1102 2490 regnum
1135 2418 1226 2474 Dei
1264 2419 1660 2489 adipiscendum
1686 2460 1702 2486 ,
1723 2427 1777 2474 et
1803 2419 1908 2474 Ba-

328 2519 567 2586 ptismns,
595 2526 648 2570 et
669 2515 892 2584 justitia.
925 2513 992 2568 Et
1018 2515 1069 2568 in
1092 2521 1460 2584 contemptore
1484 2512 1697 2582 quidem
1725 2511 1908 2582 Bapti-

327 2609 422 2662 smi
448 2607 642 2662 Christi
672 2623 776 2660 non
798 2612 973 2676 potest
997 2619 1117 2660 esse
1140 2603 1341 2674 justitia
1367 2620 1380 2656 :
1410 2603 1709 2672 Baptismus
1733 2610 1910 2656 autem

329 2708 378 2752 et
417 2699 468 2752 in
505 2714 575 2752 eo
621 2698 710 2766 qui
749 2696 1008 2767 justitiam
1048 2710 1155 2751 non
1184 2695 1380 2760 habet,
1412 2703 1588 2765 potest
1631 2708 1785 2758 esse,
1817 2692 1912 2749 sed

331 2806 430 2845 non
458 2801 632 2860 potest
665 2789 934 2859 prodesse.
959 2788 1110 2844 Sicut
1135 2788 1276 2843 enim
1309 2787 1520 2843 Veritas
1539 2786 1691 2851 dixit,
1717 2786 1777 2842 Si
1802 2787 1914 2856 quis

334 2903 428 2940 non
463 2893 670 2939 renatus
699 2884 851 2956 fuerit
895 2899 959 2938 ex
986 2899 1119 2953 aqua
1161 2891 1206 2936 et
1249 2882 1453 2952 spiritu,
1487 2897 1588 2935 non
1627 2879 1833 2934 intrabit
1861 2880 1915 2933 in

333 2993 536 3046 regnum
580 2975 818 3028 certorum
858 2972 1036 3045 (Joan.
1081 2989 1176 3040 nt,
1209 2974 1310 3042 5);
1359 2973 1431 3026 ita
1475 2971 1662 3027 eadem
1705 2970 1915 3026 Veritas

335 3065 480 3126 dixit.
512 3065 630 3118 Nisi
665 3064 992 3118 abundaverit
1012 3064 1214 3136 justitia
1243 3072 1405 3118 vestra
1430 3079 1586 3132 super
1615 3061 1915 3118 Scribarum

333 3167 377 3211 et
421 3155 800 3210 Pharisteorum
825 3197 840 3221 ,
882 3172 982 3208 non
1035 3155 1284 3208 intrabitis
1325 3155 1380 3208 in
1417 3170 1628 3225 regnum
1675 3153 1916 3208 caelorum

335 3248 541 3319 (Matth.
574 3247 748 3316 v,20)
777 3265 789 3300 :
818 3255 878 3300 ut
919 3261 1021 3301 non
1068 3247 1370 3315 Baptismus
1407 3246 1554 3300 solus
1577 3287 1592 3312 ,
1615 3245 1711 3299 sed
1754 3245 1915 3300 etiam

331 3339 531 3410 justitia
580 3337 831 3408 perducat
858 3337 923 3391 ad
964 3351 1218 3407 regnum;
1245 3337 1331 3390 cui
1373 3344 1550 3390 autem
1595 3335 1679 3390 vel
1709 3342 1915 3390 utrum-

334 3445 469 3499 que,
500 3429 586 3484 vel
627 3444 786 3482 unum
829 3428 1091 3496 defuerit,
1121 3429 1246 3484 illuc
1282 3431 1561 3497 pervenire
1599 3441 1704 3482 non
1726 3425 1913 3497 possit.

333 3521 668 3591 Quapropter
718 3535 840 3574 eum
893 3519 1099 3574 dicatur
1153 3518 1456 3585 hmreticis,
1511 3516 1720 3573 Justitia
1766 3517 1919 3572 vobis

337 3611 519 3676 deest,
548 3625 708 3679 quam
746 3611 861 3664 sine
895 3610 1154 3664 charitate
1196 3624 1259 3664 ac
1287 3609 1499 3663 vinculo
1534 3607 1678 3678 pacis
1720 3606 1919 3662 habere

341 3702 512 3756 nullus
544 3707 720 3770 potest
744 3716 758 3764 ;
781 3714 1008 3770 cumque
1047 3709 1101 3754 et
1145 3700 1245 3770 ipsi
1277 3699 1572 3764 fateantur,
1596 3698 1794 3753 multos
1814 3697 1917 3751 Ba-

341 3795 588 3863 ptismum
629 3791 828 3862 habere
851 3834 866 3859 ,
894 3802 947 3847 et
969 3793 1226 3862 justitiam
1258 3808 1364 3847 non
1409 3792 1628 3857 habere,
1659 3800 1712 3846 et
1737 3781 1917 3844 sinon

343 3884 639 3948 fateantur,
679 3897 775 3937 eos
825 3885 1105 3938 convincat
1151 3884 1422 3952 Scriptura
1464 3883 1642 3938 divina
1695 3900 1708 3937 :
1757 3883 1923 3937 miror

342 3973 610 4044 quomodo
644 3981 867 4044 potent,
889 3990 1010 4029 cum
1036 3989 1132 4029 eos
1161 3974 1418 4031 habentes
1456 3990 1563 4029 non
1600 3988 1754 4028 suum
1779 4015 1794 4041 ,
1826 3973 1919 4029 sed

342 4065 535 4119 Christi
584 4063 947 4132 Baptismum,
984 4066 1174 4120 iterum
1216 4066 1462 4120 nolumus
1503 4065 1809 4134 baptizare,
1850 4063 1920 4118 ita

344 4173 436 4213 nos
459 4171 619 4227 agere
642 4198 657 4222 ,
686 4171 748 4210 ac
776 4157 820 4210 si
847 4157 924 4211 eis
956 4157 1064 4226 jam
1109 4158 1239 4211 nihil
1279 4157 1468 4213 deesse
1509 4157 1838 4226 judicemus;
1870 4162 1925 4210 et

343 4249 456 4318 quia
480 4249 780 4318 Baptismus
807 4247 885 4303 eis
909 4249 960 4303 in
985 4248 1254 4304 Catholica
1294 4265 1397 4303 non
1427 4250 1582 4303 datur
1603 4289 1616 4312 ,
1644 4263 1803 4319 quem
1827 4247 1924 4302 ha-

347 4341 464 4394 bere
490 4341 831 4395 inveniuntur
851 4380 866 4406 ,
897 4341 1027 4395 nihil
1057 4355 1116 4396 se
1143 4341 1251 4396 illic
1289 4342 1531 4411 accipere
1563 4341 1921 4407 arbitrentur,

349 4432 429 4486 ubi
459 4433 559 4486 hoc
584 4432 874 4500 accipiunt,
915 4433 1030 4487 sine
1057 4446 1163 4502 quo
1187 4433 1311 4487 illud
1341 4433 1480 4503 quod
1511 4432 1727 4494 habent,
1756 4433 1834 4487 eis
1858 4431 1924 4487 ad

349 4523 630 4588 perniciem
660 4523 854 4585 valeat,
882 4538 985 4576 non
1014 4523 1078 4577 ad
1105 4523 1350 4577 salutem.
1379 4523 1532 4591 Quod
1563 4524 1606 4578 si
1630 4524 1816 4578 nolunt
1843 4523 1926 4578 in-

350 4613 601 4683 telligere,
633 4613 830 4667 sul'licit
856 4613 1008 4668 nobis
1035 4615 1175 4684 quod
1203 4630 1319 4670 eam
1348 4625 1588 4671 tenemus
1609 4616 1923 4683 Ecclesiam,

349 4719 461 4771 quae
487 4705 935 4761 manifestissimis
963 4717 1265 4761 sanctarum
1295 4718 1350 4762 et
1377 4709 1758 4764 canonicarum
1777 4709 1926 4766 Scri-

350 4807 617 4865 pturarum
651 4797 972 4853 testimoniis
1001 4799 1414 4854 demonstratur.

414 4886 502 4941 63.
546 4887 695 4942 Dicat
719 4888 846 4942 mihi
878 4905 1019 4944 nunc
1047 4891 1328 4946 hzcreticus
1362 4909 1373 4944 :
1406 4893 1686 4958 Quomodo
1707 4911 1792 4951 me
1813 4911 1932 4950 sus-

348 4976 518 5046 cipis?
553 4977 673 5033 Cito
709 4980 1009 5048 respondeo
1040 5000 1052 5036 :
1083 4981 1229 5037 Sicut
1269 4983 1490 5052 suscipit
1531 4984 1769 5041 Ecclesia
1797 5027 1811 5050 ,
1844 4985 1931 5040 cui

348 5070 589 5123 Christus
627 5071 872 5139 perhibet
911 5073 1294 5128 testimonium.
1339 5074 1602 5145 Numquid
1645 5085 1698 5130 tu
1742 5078 1931 5132 melius

349 5170 498 5229 potes
543 5176 702 5216 nosse
743 5163 1011 5232 quomodo
1035 5167 1400 5235 suscipiendus
1429 5168 1531 5232 sis,
1555 5184 1716 5239 quam
1747 5169 1932 5224 Salva.

351 5262 430 5306 tor
449 5263 634 5308 noster
661 5255 901 5309 medicus
923 5256 1155 5312 vulneris
1177 5259 1248 5311 tui
1271 5257 1294 5310 ?
1321 5257 1417 5313 Hic
1438 5258 1572 5314 forte
1596 5259 1728 5315 dicis
1753 5279 1765 5313 :
1792 5260 1932 5330 Lege

349 5345 475 5399 mihi
515 5361 644 5416 ergo
696 5347 1144 5416 quemadmodum
1192 5349 1433 5406 Christus
1475 5353 1672 5423 suscipi
1715 5354 1934 5423 jusserit

349 5450 460 5502 eos,
489 5439 580 5506 qui
622 5437 690 5491 ab
737 5437 1001 5494 haereticis
1031 5442 1259 5496 transire
1292 5443 1356 5497 ad
1393 5443 1683 5499 Ecclesium
1727 5445 1928 5498 volunt.

351 5523 459 5580 lloc
488 5538 670 5597 aperte
699 5537 858 5598 atque
881 5531 1184 5597 evidenter,
1216 5548 1314 5589 nec
1339 5549 1436 5604 ego
1467 5536 1583 5606 lego
1602 5578 1617 5602 ,
1649 5551 1746 5590 nec
1777 5547 1850 5591 tu.
1878 5537 1933 5593 Si

351 5618 489 5672 enim
519 5622 802 5676 haereticus
823 5631 964 5677 esset
989 5623 1243 5694 Joannes,
1279 5636 1332 5683 et
1360 5628 1412 5682 in
1435 5631 1649 5686 nomine
1680 5630 1850 5686 Patris
1880 5640 1934 5687 et

419 5767 435 5800 ⁸
469 5783 538 5820 sic
560 5777 667 5822 Mss.
695 5780 746 5823 Αι
763 5774 898 5836 editi,
923 5779 970 5826 et
991 5787 1085 5828 vos.

1185 406 1353 446 VULGO
1395 389 1480 444 DE
1521 384 1820 445 UNITATE
1859 380 2216 441 ECCLESIAS
2257 389 2458 444 LIBER
2503 341 2726 449 UNUS.‘

3473 390 3576 446 ηδ

1995 503 2114 560 Filii
2145 513 2198 560 et
2240 505 2470 576 Spiritus
2507 511 2673 565 sancti
2716 506 3007 578 baptizaret
3033 550 3045 573 ,
3076 519 3190 578 post
3222 509 3372 578 cujus
3404 507 3581 578 bapti-

1995 615 2167 654 smnm
2192 601 2351 670 jussit
2393 601 2586 656 Paulus
2622 603 2865 656 homines
2897 600 3186 670 baptizari;
3216 612 3268 654 tu
3309 601 3580 657 obtineres

1995 693 2137 760 quod
2166 692 2317 757 dicis,
2351 693 2420 746 ita
2443 703 2499 746 ut
2522 701 2704 748 contra
2735 694 2857 762 quid
2885 693 3140 761 dicerem,
3175 710 3280 748 non
3302 693 3578 748 haberem.

1998 783 2225 850 Rursus,
2252 785 2296 837 si
2319 784 2508 839 Petrus
2537 786 2587 838 in
2619 786 2833 839 nomine
2864 785 3034 838 Patris
3055 796 3107 839 et
3135 785 3247 839 Filii
3275 798 3326 840 et
3355 786 3584 856 Spiritus

1998 877 2165 929 Sancti
2207 875 2275 928 ab
2315 875 2578 930 haereticis
2605 876 2902 945 baptizatus
2952 875 3168 941 fuisset,
3205 877 3289 931 cui
3320 877 3578 931 Dominus

1999 964 2091 1028 ait,
2125 965 2223 1031 Qui
2250 965 2380 1018 lotus
2398 975 2468 1018 est
2496 965 2668 1032 semei,
2697 982 2798 1020 non
2837 967 2982 1019 habet
3021 967 3362 1021 necessitatem
3401 966 3582 1020 iterum

1999 1056 2202 1110 lavandi
2227 1055 2405 1126 (Joan.
2435 1073 2546 1121 xui,
2585 1056 2669 1130 10)
2695 1074 2708 1123 ;
2737 1072 2838 1126 ego
2867 1057 3160 1112 obtinerem
3184 1058 3322 1128 quod
3345 1057 3484 1122 dico,
3515 1059 3584 1111 ita

2001 1156 2058 1202 ut
2084 1156 2136 1202 tu
2183 1159 2364 1202 contra
2395 1148 2521 1219 quid
2556 1147 2798 1216 diceres,
2828 1163 2932 1203 non
2969 1148 3215 1203 haberes.
3261 1149 3411 1204 Nunc
3459 1165 3587 1203 vero

2000 1253 2120 1294 cum
2147 1237 2200 1291 in
2231 1237 2519 1308 Scripturis
2553 1252 2660 1292 non
2691 1238 3020 1294 inveniamus
3058 1229 3262 1308 aliquos
3307 1237 3371 1292 ad
3403 1239 3588 1293 Eccle-

2001 1331 2135 1386 siam
2181 1331 2436 1386 transisse
2478 1331 2544 1385 ab
2588 1330 2852 1396 hmreticis
2877 1371 2891 1396 ,
2916 1339 2971 1384 ct
3011 1330 3147 1384 sicut
3179 1345 3278 1402 ego
3318 1330 3469 1396 dico,
3501 1345 3590 1385 aut

2003 1421 2138 1476 sicut
2169 1430 2221 1475 tu
2249 1421 2404 1487 dicis,
2436 1437 2556 1477 esse
2585 1431 2896 1492 susceptos;
2928 1429 3057 1492 puto
3086 1422 3130 1475 si
3158 1422 3348 1491 aliquis
3378 1423 3591 1492 sapiens

2003 1515 2329 1578 exstitisset,
2359 1515 2444 1571 cui
2477 1515 2728 1570 Dominus
2753 1513 2999 1570 Christus
3027 1515 3386 1569 testimonium
3416 1513 3593 1584 perhi-

2003 1605 2186 1672 beret,
2216 1614 2270 1660 et
2316 1606 2384 1662 de
2429 1605 2530 1661 hac
2579 1605 2872 1676 qumstione
2922 1605 3292 1660 consuleretur
3333 1621 3364 1658 a
3416 1605 3596 1678 nobis,

2005 1699 2151 1753 nullo
2177 1697 2337 1753 modo
2375 1698 2621 1754 dubitare
2664 1699 2981 1755 deberemus
3026 1697 3076 1752 id
3115 1696 3289 1753 facere
3317 1697 3456 1768 quod
3502 1698 3593 1751 ille

2005 1788 2244 1855 dixisset,
2274 1803 2340 1843 ne
2371 1804 2474 1842 non
2504 1796 2609 1842 tam
2641 1788 2740 1858 ipsi
2763 1803 2920 1858 quam
2939 1788 3164 1844 Domino
3183 1787 3413 1854 Christo,
3442 1788 3593 1857 cujus

2006 1864 2312 1934 testimonio
2391 1878 2907 1944 commendabatur,
2973 1892 3270 1947 repugnare
3323 1877 3594 1947 judicare-

2007 1985 2129 2025 mur
2159 1969 2256 2041 (a).
2297 1968 2550 2023 Perhith
2587 1976 2763 2021 autem
2813 1967 3173 2022 testimonium
3218 1967 3461 2022 Christus
3493 1967 3596 2021 Ec-

2008 2062 2187 2118 clesiae
2225 2075 2356 2115 sum.
2387 2059 2522 2113 Ecce
2547 2057 2892 2128 Evangelium
2914 2097 2928 2123 ,
2953 2057 3070 2126 lege
3105 2058 3192 2112 ubi
3215 2056 3288 2110 ait
3320 2075 3333 2112 :
3371 2056 3592 2127 Oporte-

2011 2154 2094 2207 bat
2125 2152 2376 2207 Christum
2407 2151 2541 2222 pati,
2573 2159 2618 2205 et
2642 2165 2900 2220 resurgere
2935 2150 3080 2202 tertia
3109 2150 3189 2202 die
3208 2191 3222 2215 ,
3255 2159 3302 2203 et
3328 2149 3598 2221 pt‘wdicari

2010 2245 2063 2299 in
2091 2245 2292 2300 nomine
2317 2251 2426 2314 ejus
2457 2242 2796 2312 paenitentiam
2827 2251 2874 2295 et
2911 2241 3252 2295 remissionem
3281 2253 3598 2312 peccatorum

2012 2357 2102 2413 per
2150 2355 2318 2394 omnes
2365 2345 2554 2409 gentes,
2605 2334 2960 2405 incipientibus
3000 2336 3063 2388 ab
3103 2333 3387 2389 Jerusalem
3441 2333 3591 2406 (Luc.

2014 2449 2164 2499 xxw,
2201 2431 2292 2500 46,
2318 2429 2430 2502 Η).
2477 2428 2756 2496 Quomodo
2798 2442 2925 2499 ergo
2965 2428 3187 2500 suscipit
3226 2429 3325 2482 ista
3355 2427 3596 2483 Ecclesia

2013 2541 2111 2597 per
2131 2539 2317 2580 omnes
2343 2532 2529 2594 gentes
2554 2521 2926 2592 incipientibus
2947 2520 3015 2575 ab
3034 2520 3351 2588 Jerusalem,
3379 2521 3602 2576 remotis

2015 2615 2264 2672 omnibus
2307 2614 2620 2684 ambagibus
2647 2621 2702 2669 et
2736 2611 3261 2684 tergiversationibus
3283 2653 3298 2678 ,
3331 2612 3408 2666 sic
3430 2612 3600 2666 susci-

2015 2704 2243 2776 piendus
2270 2720 2351 2760 es.
2381 2703 2533 2772 Quod
2563 2705 2606 2758 si
2639 2718 2744 2758 non
2775 2704 2856 2758 vis
2879 2745 2894 2770 ,
2921 2718 3024 2758 non
3051 2703 3179 2757 mihi
3197 2745 3212 2767 ,
3239 2710 3329 2755 aut
3355 2702 3601 2770 cuiquam

2017 2795 2314 2860 hominum,
2343 2793 2434 2862 qui
2457 2804 2508 2847 te
2527 2793 2641 2848 vult
2662 2793 2731 2846 ita
2755 2793 3050 2862 suscipere,
3084 2791 3174 2847 sed
3207 2792 3305 2861 ipsi
3333 2791 3598 2848 Salvatori

2017 2896 2204 2943 contra
2250 2887 2477 2941 salutem
2523 2895 2667 2940 tuam
2698 2885 3148 2955 perniciosissime
3169 2883 3482 2951 reluctaris,
3514 2886 3604 2954 qui

2019 2985 2072 3032 te
2101 2977 2180 3032 sic
2222 2974 2617 3046 suscipiendum
2655 2989 2776 3030 esse
2820 2989 2925 3029 non
2958 2975 3037 3031 vis
3066 2974 3318 3036 credere,
3349 2974 3605 3046 quemad-

2019 3067 2236 3124 modum
2277 3065 2500 3136 suseipit
2535 3064 2622 3120 illa
2654 3064 2891 3120 Ecclesia
2912 3105 2926 3130 ,
2958 3079 3116 3134 quam
3165 3064 3471 3120 testimonio
3506 3080 3606 3120 suo

2019 3157 2359 3216 commendat
2394 3156 2484 3212 ille
2505 3197 2520 3226 ,
2549 3155 2636 3212 cui
2673 3157 2853 3212 fateris
2905 3155 3166 3212 nefarium
3202 3172 3324 3213 esse
3353 3173 3460 3213 non
3485 3173 3605 3213 cre-

2019 3248 2169 3306 dere.

2091 3341 2316 3398 CAPUT
2339 3339 2603 3397 XXlll.-—
2620 3341 2708 3398 64.
2738 3340 2803 3396 At
2823 3341 2956 3396 enim
2975 3341 3102 3396 dixit
3118 3338 3366 3396 Jeremias
3384 3357 3404 3395 :
3418 3359 3438 3393 ι
3451 3339 3610 3394 Facta

2021 3445 2093 3490 est
2123 3436 2248 3490 mihi
2273 3443 2327 3490 ut
2349 3451 2480 3504 aqua
2505 3435 2758 3501 mendax,
2803 3451 2903 3488 non
2931 3433 3117 3488 habens
3143 3432 3315 3504 fidem.
3352 3451 3371 3486 ι
3402 3430 3518 3486 Non
3542 3430 3610 3487 de

2023 3528 2125 3584 bac
2161 3545 2296 3600 aqua
2321 3529 2482 3595 dixit,
2511 3543 2671 3598 quam
2720 3535 2894 3598 putas.
2935 3525 3075 3596 Lege
3100 3525 3401 3596 diligenter.
3436 3523 3609 3594 Ipsam

2022 3627 2166 3682 enim
2197 3624 2532 3680 mendacium
2551 3621 2825 3676 hominum
2849 3619 3236 3676 multitudinem
3263 3618 3396 3674 dixit
3421 3633 3611 3688 aquam

2024 3716 2337 3772 mendacem
2378 3730 2527 3770 more
2557 3713 2869 3785 prophetico
2889 3753 2905 3778 ,
2936 3713 3074 3766 sicut
3105 3711 3325 3781 ﬁgurate
3355 3710 3499 3779 loqui
3526 3725 3613 3764 so-

2025 3809 2136 3862 lent
2159 3825 2171 3860 :
2197 3807 2333 3861 sicut
2370 3807 2420 3860 in
2459 3805 2814 3875 Apocalypsi,
2845 3804 3068 3873 populos
3107 3817 3362 3872 aquarum
3398 3803 3614 3857 nomine

2025 3896 2272 3953 novimus
2293 3895 2587 3964 appellatos
2617 3895 2802 3962 (Apoc.
2837 3909 2976 3959 xvn,
3004 3893 3114 3962 15).
3146 3891 3277 3946 Nam
3315 3893 3393 3947 sic
3423 3891 3498 3946 ait
3523 3892 3613 3947 Je-

2024 3987 2220 4044 remias
2250 4004 2263 4040 :
2298 3985 2490 4055 thuid
2517 3986 2603 4056 qui
2636 3985 2932 4038 contristant
2964 3999 3074 4048 me,
3107 3983 3424 4054 praevalent?
3445 3982 3613 4054 Plaga

2026 4097 2139 4135 mea
2168 4080 2338 4134 valida
2358 4087 2464 4148 est,
2493 4078 2627 4132 unde
2664 4075 2917 4132 sanabor?
2945 4074 3108 4129 Facta
3154 4083 3226 4130 est
3259 4076 3385 4130 mihi
3409 4086 3462 4146 ut
3482 4093 3615 4148 aqua

2027 4172 2248 4228 mendax
2291 4187 2392 4224 non
2429 4168 2616 4222 habens
2656 4168 2807 4238 ﬁdem
2847 4165 3059 4241 (larem.
3098 4182 3202 4236 xv,
3248 4166 3361 4237 l8).
3401 4167 3613 4237 Plagam

2029 4280 2180 4320 suam
2223 4262 2324 4317 sibi
2355 4261 2488 4315 dixit
2532 4259 2722 4314 factam
2755 4268 2814 4316 ut
2852 4273 3043 4330 aquam
3080 4257 3394 4314 mendacem
3423 4276 3437 4313 :
3465 4273 3613 4314 eam-

2029 4356 2152 4411 dem
2178 4370 2304 4410 vero
2332 4353 2540 4423 plagam
2566 4366 2716 4407 suam
2758 4365 2853 4406 eos
2889 4349 3174 4420 appellavit
3207 4349 3298 4420 qui
3336 4364 3398 4422 se
3419 4350 3618 4405 contri-

2029 4447 2260 4502 stabant.
2291 4444 2441 4512 Quod
2476 4443 2619 4498 enim
2658 4442 2763 4507 ait,
2785 4442 2870 4514 qui
2895 4442 3192 4496 contristant
3219 4458 3334 4506 me;
3359 4441 3461 4498 hoc
3483 4442 3620 4496 dixit

2030 4546 2252 4608 postea,
2289 4535 2442 4607 plaga
2474 4550 2622 4588 mea:
2651 4541 2707 4590 et
2741 4533 2882 4604 quod
2907 4547 3068 4602 supra
3098 4531 3272 4598 dixit,
3305 4533 3618 4602 pra'valent;

2031 4628 2134 4684 hoc
2160 4638 2339 4700 postea
2370 4626 2524 4692 dixit,
2555 4624 2725 4678 valida
2744 4634 2837 4679 est.

2105 4721 2193 4776 65.
2228 4719 2316 4775 Sic
2341 4726 2394 4774 et
2431 4717 2539 4772 illic
2568 4716 2773 4782 facitis,
2805 4714 2891 4770 ubi
2929 4714 3183 4784 scriptum
3223 4721 3341 4770 est:
3376 4712 3452 4768 Ab
3491 4729 3626 4784 aqua

2033 4815 2199 4869 aliena
2225 4811 2416 4867 abstine
2439 4821 2503 4875 te,
2532 4818 2578 4863 et
2608 4809 2670 4864 de
2701 4812 2839 4879 fonte
2863 4807 3028 4861 alieno
3052 4821 3115 4860 ne
3136 4805 3315 4860 biberis
3337 4803 3521 4876 (Prov.
3553 4821 3580 4856 ι·
3601 4845 3618 4871 ,

2037 4908 2152 4978 lii).
2189 4905 2392 4960 Putatis
2435 4903 2577 4958 enim
2607 4901 2672 4956 de
2702 4900 2972 4970 Baptismo
3003 4899 3204 4954 dictum
3245 4899 3333 4966 qui
3370 4906 3452 4952 est
3477 4895 3617 4968 apud

2037 4998 2339 5064 hazreticos,
2369 5006 2428 5053 ut
2451 4994 2573 5053 ideo
2593 4995 2662 5050 sit
2687 5007 2824 5062 aqua
2860 4991 3031 5047 aliena
3059 5031 3072 5055 ,
3101 4990 3226 5062 quia
3263 4988 3498 5044 haeretici
3537 5003 3624 5043 re-

2035 5109 2196 5164 gnum
2225 5090 2317 5146 Dei
2339 5106 2443 5144 non
2475 5085 2860 5158 possidebunt:
2889 5088 3041 5153 quasi
3064 5098 3169 5137 non
3197 5082 3268 5136 ita
3296 5082 3364 5136 sit
3390 5090 3444 5135 et
3479 5081 3620 5149 apud

2037 5182 2278 5237 ebriosos
2299 5221 2312 5246 ,
2339 5189 2393 5235 et
2418 5178 2567 5248 apud
2586 5167 2822 5240 invidos,
2848 5183 2902 5228 et
2927 5179 3149 5228 caeteros
3191 5169 3490 5242 hujusmodi
3510 5210 3524 5232 ,
3555 5169 3626 5224 de

2037 5273 2232 5344 quibus
2263 5270 2461 5340 pariter
2501 5268 2700 5323 dictum
2725 5275 2834 5329 est,
2868 5264 3103 5336 Regnum
3129 5261 3225 5317 Dei
3260 5277 3362 5316 non
3397 5259 3626 5331 possida-

2037 5364 2158 5420 bunt
2179 5362 2221 5434 (l
2268 5359 2387 5417 Cor.
2417 5375 2467 5413 vi
2490 5399 2504 5425 ,
2539 5358 2606 5414 10
2630 5399 2645 5423 ,
2677 5367 2721 5411 et
2752 5354 2921 5410 Galat.
2957 5369 3018 5419 v,
3045 5353 3136 5422 2i)
3191 5370 3204 5406 :
3249 5360 3302 5406 ct
3353 5361 3530 5404 tamen
3571 5350 3623 5404 in

2037 5453 2286 5508 omnibus
2308 5451 2500 5506 talibus
2526 5491 2541 5517 ,
2573 5449 2616 5503 si
2655 5445 2945 5503 secundum
2986 5442 3323 5514 Evangelium
3371 5440 3620 5510 baptizati

2039 5557 2182 5611 sunt,
2211 5545 2406 5600 Christi
2431 5552 2513 5598 est
2541 5535 2865 5610 Baptisinus,
2888 5554 2992 5592 non
3019 5537 3274 5605 ipsorum.
3305 5532 3455 5590 Unde
3483 5549 3618 5603 aqua

2041 5639 2127 5694 illa
2159 5653 2262 5693 non
2293 5644 2374 5692 est
2401 5635 2602 5697 aliena;
2625 5648 2747 5688 cum
2789 5631 2888 5702 ipsi
2937 5628 3096 5683 alieni
3140 5626 3283 5690 sint,
3309 5625 3505 5696 quibus
3534 5625 3618 5680 di-

2038 5811 2044 5815 -
2105 5791 2176 5854 (a)
2199 5787 2370 5840 Confer
2392 5787 2474 5838 lib.
2503 5788 2524 5836 ι
2549 5792 2714 5836 contra
2735 5783 3058 5840 cresconium,
3083 5791 3216 5841 capp.
3244 5777 3299 5827 51
3329 5784 3380 5828 et
3402 5777 3479 5827 53.
