4066 6200
352 344 456 399 459

350 470 535 511 cturus
573 463 689 516 est,
722 450 838 504 Non
869 464 981 502 novt
1023 462 1108 501 eos
1134 444 1348 518 (Matth.
1386 459 1496 509 vn,
1524 444 1639 514 25).
1678 441 1787 496 Cur
1825 454 1936 511 non

353 561 483 617 ergo
510 544 686 616 potius
707 540 997 609 intelligam
1022 551 1211 607 aquam
1235 535 1461 590 alienam
1494 545 1547 588 et
1572 533 1771 587 fontem
1804 531 1934 585 alie-

355 653 501 699 num,
534 635 827 689 doctrinam
862 643 983 685 esse
1012 627 1224 697 maligni
1264 625 1511 695 spiritus,
1535 640 1634 694 qua
1664 622 1941 691 decipiun-

356 740 440 782 tur
480 736 534 782 et
576 725 901 780 seducuntur
952 720 1167 775 alienati
1206 735 1235 771 a
1278 719 1387 772 Deo
1426 732 1520 787 per
1561 715 1933 786 ignorantiam,

353 835 470 886 qua:
490 827 570 871 est
601 817 652 869 in
678 814 802 880 illis,
822 820 1040 882 propter
1065 809 1358 864 caecitatem
1387 805 1562 862 cordis
1582 820 1765 860 eorum
1790 821 1805 870 ;
1840 804 1941 857 hoc

354 908 657 978 expressius
696 901 1106 959 commendante
1147 900 1404 970 Apostolo
1442 916 1455 951 :
1498 897 1723 968 Spiritus
1775 904 1939 947 autem

356 978 619 1073 manifeste
646 998 788 1064 dicit,
812 996 932 1068 quia
965 994 1018 1049 in
1058 992 1342 1048 novissimis
1383 990 1687 1060 temporibus
1712 988 1939 1042 recedent

355 1093 562 1163 quidam
602 1107 633 1143 a
667 1089 802 1159 ﬁde,
841 1087 1154 1142 attendentes
1174 1083 1433 1155 spiritibus
1474 1081 1852 1142 seductoribus,
1897 1087 1942 1134 et

355 1182 599 1236 doctrinis
641 1179 1007 1237 daemoniorum
1040 1175 1080 1249 (l
1120 1174 1254 1229 Tim.
1278 1190 1350 1241 tv,
1406 1174 1502 1245 i)?
1533 1173 1657 1227 [huc
1689 1181 1771 1226 est
1804 1185 1941 1241 aqua

357 1274 555 1340 aliena,
588 1281 642 1326 et
667 1271 781 1325 fons
804 1270 1030 1325 alienus.
1075 1266 1128 1323 Si
1156 1267 1298 1322 enim
1335 1280 1469 1334 aqua
1501 1264 1552 1317 in
1581 1264 1719 1318 bono
1748 1262 1945 1317 intelli-

360 1364 503 1433 gitur
521 1372 573 1416 et
603 1359 833 1429 Spiritus
855 1366 1099 1423 sanctus;
1124 1371 1219 1411 cur
1247 1372 1354 1409 non
1379 1369 1514 1424 aqua
1544 1353 1596 1407 in
1632 1353 1770 1406 malo
1799 1351 1947 1406 intel-

360 1454 555 1526 ligatur
578 1462 631 1507 et
660 1452 880 1521 spiritus
921 1450 1219 1519 malignus?
1248 1447 1364 1503 Non
1406 1446 1549 1502 enim
1593 1460 1812 1515 semper
1855 1444 1944 1501 ubi

361 1560 554 1616 aquam
598 1545 836 1599 nominat
860 1543 1167 1612 Scriptura,
1197 1541 1300 1597 hoc
1339 1540 1551 1595 visibile
1580 1539 1837 1608 Baptismi
1867 1553 1948 1594 sa-

361 1643 693 1692 cramentum
726 1634 841 1689 vult
870 1634 1090 1705 intelligi
1121 1651 1134 1685 :
1167 1632 1260 1688 sed
1297 1631 1585 1701 aliquando
1616 1633 1819 1697 ipsum,
1852 1629 1949 1684 ali-

362 1725 578 1796 quando
606 1725 773 1780 aliud.
796 1724 915 1779 Jam
943 1724 1085 1779 enim
1116 1722 1219 1778 hoc
1255 1721 1447 1777 visibili
1485 1721 1759 1791 Baptismo
1787 1721 1949 1776 etiam

360 1817 495 1871 alios
516 1815 759 1884 discipuli
780 1814 983 1869 Domini
1004 1813 1421 1883 baptizaverant,
1440 1823 1721 1881 antequam
1746 1810 1954 1867 veniret

366 1910 417 1962 in
438 1921 531 1963 eos
554 1905 842 1962 secundum
865 1906 981 1973 ejus
1008 1903 1412 1973 promissionem
1437 1901 1667 1971 Spiritus
1697 1910 1911 1957 sanctus
1935 1917 1949 1955 :

367 1998 436 2054 de
464 2012 571 2068 quo
602 2008 776 2051 tamen
808 1995 947 2050 idem
976 1993 1133 2049 Jesus
1162 1993 1308 2059 dicit,
1339 1992 1398 2047 Si
1418 1993 1531 2061 quis
1559 1992 1683 2059 sitit,
1714 1992 1878 2047 ueniat
1906 1999 1954 2046 et

366 2091 539 2144 bibat:
566 2086 650 2158 qui
678 2086 837 2141 credit
879 2086 933 2140 in
957 2101 1067 2150 me,
1095 2086 1223 2138 sicut
1248 2083 1368 2138 dicit
1408 2082 1677 2151 Scriptura
1695 2123 1711 2149 ,
1739 2082 1955 2152 ﬂumina

367 2194 514 2249 aqua!
532 2178 654 2233 viva:
680 2178 840 2249 ﬂuent
885 2175 947 2229 de
976 2185 1144 2228 ventre
1170 2174 1299 2243 ejus.
1338 2172 1405 2226 Et
1437 2173 1676 2242 sequitur
1716 2173 1955 2244 Evange-

328 2312 333 2317 ρ
371 2271 511 2335 lista,
538 2278 590 2324 et
618 2267 833 2337 exponit
861 2266 1001 2321 unde
1029 2266 1098 2321 sit
1126 2265 1324 2319 dictum
1353 2282 1366 2318 :
1406 2263 1518 2317 Hoc
1542 2272 1729 2327 autem,
1759 2263 1951 2333 inquit,

371 2365 563 2418 dicebat
592 2363 655 2417 de
693 2361 925 2433 Spiritu,
953 2378 1100 2432 quem
1132 2360 1386 2429 accepturi
1421 2368 1563 2413 erant
1587 2360 1623 2413 ii
1656 2358 1815 2429 quiin
1842 2373 1957 2411 eum

375 2466 517 2511 erant
541 2455 798 2510 credituri.
833 2453 1057 2525 Spiritus
1084 2454 1216 2507 enim
1242 2452 1465 2505 nondum
1490 2460 1598 2505 erat
1632 2451 1809 2514 datus,
1837 2448 1957 2518 quia

370 2547 521 2601 Jesus
559 2547 786 2601 nondum
825 2547 987 2616 {uerat
1027 2544 1338 2613 clari/iectus
1376 2541 1553 2614 (Joan.
1602 2558 1671 2596 vn
1697 2583 1711 2604 ,
1745 2540 1956 2611 57-59).

378 2639 514 2692 Ecce
538 2653 727 2708 aquam
756 2636 883 2691 dicit
917 2634 1194 2706 Spiritum,
1225 2634 1315 2705 qui
1346 2633 1581 2688 nondmu
1611 2642 1725 2688 erat
1761 2632 1918 2687 datus
1941 2675 1956 2700 ,

373 2746 495 2783 cum
519 2730 626 2799 jam
650 2743 783 2798 aqua
817 2729 902 2783 illa
931 2726 1183 2796 Baptismi
1212 2726 1391 2783 multis
1419 2724 1607 2780 fuisset
1631 2724 1775 2779 data.

447 2820 536 2875 66.
566 2818 718 2875 Unde
743 2828 798 2872 et
839 2817 965 2873 illud
992 2860 1008 2885 ,
1038 2816 1180 2887 quod
1210 2816 1456 2871 similiter
1488 2832 1592 2870 non
1626 2814 1918 2885 iutelligitis
1942 2856 1959 2882 ,

376 2912 516 2982 quod
541 2912 794 2982 scriptum
820 2920 922 2978 est,
945 2909 1068 2965 Bibe
1091 2925 1272 2981 aquam
1297 2908 1359 2963 de
1386 2908 1483 2964 tuis
1514 2908 1676 2975 uasis,
1699 2917 1745 2964 et
1775 2907 1837 2961 de
1862 2923 1961 2979 pu—

377 3014 570 3057 teorum
592 3010 792 3056 tuorum
820 3003 1043 3073 fontibus
1061 3016 1081 3066 ;
1106 3011 1153 3055 et
1180 3005 1294 3073 fons
1326 3015 1473 3070 aqua:
1498 3009 1598 3054 tuae
1624 3005 1691 3053 sit
1728 2998 1816 3052 tibi
1845 3014 1964 3070 pro-

383 3093 557 3160 prius,
584 3102 631 3144 et
677 3108 821 3145 nemo
855 3092 1048 3145 alienus
1082 3090 1410 3145 communicet
1443 3088 1561 3156 tibi,
1584 3098 1632 3143 et
1666 3104 1767 3143 non
1790 3104 1968 3160 super-

378 3178 540 3251 ﬂuant
570 3182 656 3234 tibi
676 3196 821 3251 aqum
845 3185 1005 3252 foras,
1038 3190 1082 3236 et
1107 3180 1159 3234 in
1178 3181 1354 3249 plateis
1384 3180 1480 3233 tuis
1505 3179 1792 3233 discurrant
1821 3194 1967 3250 aqutz

382 3288 484 3329 tua:
520 3273 702 3345 (Prov.
748 3289 801 3326 v.
844 3272 1038 3344 15-17)
1092 3289 1107 3326 :
1149 3288 1253 3327 non
1298 3272 1560 3327 visibilem
1604 3271 1963 3342 Baptismum,

382 3381 538 3435 quem
590 3373 809 3435 possunt
842 3361 1039 3418 habere
1080 3372 1135 3419 et
1175 3362 1361 3429 alieni,
1395 3363 1445 3418 id
1473 3374 1589 3428 est,
1612 3363 1701 3434 qui
1739 3378 1962 3433 regnum

386 3457 479 3510 Dei
520 3472 623 3513 non
667 3454 1053 3526 possidebunt;
1097 3454 1191 3509 sed
1240 3453 1342 3510 hoc
1386 3455 1586 3510 donum
1626 3454 1968 3511 commendat

385 3549 614 3617 Spiritus
628 3548 813 3613 sancti,
844 3547 990 3619 quod
1017 3547 1288 3619 proprium
1305 3557 1386 3602 est
1414 3558 1598 3603 eurum
1624 3556 1849 3614 tantum,
1876 3548 1967 3619 qui

386 3637 682 3710 ‘regnabunt
707 3653 826 3692 cum
852 3637 1066 3694 Christo
1087 3639 1141 3693 in
1163 3646 1445 3694 aeternum.
1464 3638 1724 3707 Quoniam
1747 3640 1968 3698 charitas

388 3729 503 3796 Dei,
531 3728 667 3783 sicut
696 3728 823 3784 dicit
848 3729 1135 3801 Apostolus
1154 3771 1169 3796 ,
1193 3728 1383 3797 diffusa
1421 3740 1495 3785 est
1522 3731 1577 3786 in
1600 3732 1835 3788 cordibus
1872 3751 1967 3789 no-

384 3820 501 3873 stris
531 3830 618 3890 pe’r
648 3818 898 3890 Spiritum
936 3829 1165 3874 sanctum
1186 3862 1201 3887 ,
1228 3822 1317 3892 qui
1342 3822 1491 3876 datus
1516 3831 1589 3878 est
1613 3824 1756 3879 nobis
1785 3823 1968 3895 (Rom.

386 3926 439 3976 ν,
466 3910 546 3981 5).
581 3910 694 3979 ipsa
721 3911 861 3965 enim
890 3911 1110 3967 latitudo
1137 3911 1316 3970 cordis
1341 3955 1356 3980 ,
1385 3929 1543 3984 quam
1570 3914 1801 3971 charitas
1822 3914 1968 3984 facit,

387 3999 527 4055 unde
558 4001 701 4055 illam
745 4000 989 4056 diﬁ'usam
1019 4002 1182 4068 dicit,
1212 4011 1267 4057 et
1291 4002 1431 4058 unde
1459 4003 1526 4056 ad
1568 4003 1872 4059 Corinthios
1898 4005 1971 4060 ita

388 4088 640 4161 loquitur,
673 4090 747 4146 οδ
767 4100 992 4145 nostrum
1014 4100 1147 4160 patet
1172 4092 1240 4145 ad
1264 4108 1350 4146 vos
1369 4133 1383 4154 ,
1409 4108 1440 4146 ο
1465 4089 1743 4162 Corinthii,
1764 4110 1851 4148 cor
1874 4111 1973 4150 no-

386 4192 546 4235 strum
570 4182 839 4235 dilatatam
864 4191 935 4235 est
958 4182 1020 4254 (ll
1044 4182 1161 4237 Cor.
1183 4198 1256 4252 vi,
1287 4181 1399 4257 li),
1435 4184 1729 4255 platearum
1757 4187 1973 4245 nomine

388 4273 679 4343 signiﬁcata
696 4282 799 4328 est.

462 4364 551 4419 61.
575 4362 727 4429 Quod
756 4376 887 4433 ergo
914 4370 1096 4432 aperte
1116 4363 1380 4432 audimus,
1415 4365 1589 4423 Nolite
1608 4367 1747 4422 omni
1771 4368 1973 4439 spiritui

389 4452 625 4517 credere,
654 4452 741 4506 sed
785 4452 990 4523 probate
1028 4453 1235 4522 spiritus
1261 4456 1304 4510 si
1343 4473 1407 4511 ex
1429 4456 1540 4513 Deo
1577 4458 1676 4512 sint
1698 4459 1715 4491 ί
1743 4456 1786 4530 (Ι
1813 4457 1973 4516 Joan.

391 4560 464 4611 iv,
491 4543 579 4614 i);
609 4542 712 4598 hoc
751 4542 975 4613 ﬁgurate
1013 4544 1288 4613 audimus,
1313 4546 1389 4603 Ab
1426 4564 1561 4618 aqua
1586 4550 1755 4604 aliena
1782 4549 1978 4605 abstine

393 4645 472 4703 te,
495 4643 541 4690 et
567 4634 630 4689 de
659 4636 797 4702 fonte
827 4633 992 4689 alieno
1032 4652 1096 4691 ne
1120 4635 1320 4692 biberis.
1343 4637 1413 4694 Et
1438 4639 1579 4709 quod
1608 4651 1794 4711 aperte
1822 4641 1979 4695 audi-

397 4742 537 4793 mus,
557 4725 790 4782 Charitas
818 4722 912 4780 Dei
944 4725 1134 4794 ili/fusa
1174 4737 1246 4783 est
1283 4729 1338 4783 in
1380 4729 1615 4785 cordibus
1661 4731 1846 4786 nostris
1888 4748 1978 4802 per

393 4817 649 4887 Spiritum
691 4826 919 4872 sanctum
943 4859 958 4886 ,
985 4819 1073 4890 qui
1110 4819 1262 4875 datus
1287 4829 1361 4874 est
1406 4822 1579 4890 nobis,
1610 4821 1715 4879 hoc
1756 4823 1979 4895 ﬁgurate

389 4907 655 4975 audimus,
690 4906 829 4964 Fons
851 4925 994 4980 aqua
1018 4920 1121 4964 tua:
1141 4911 1207 4964 sit
1227 4910 1316 4965 tibi
1336 4912 1589 4983 praprius,
1616 4922 1664 4969 et
1682 4931 1829 4970 nemo
1850 4913 1979 4970 alie-

392 5016 488 5055 nus
511 5001 838 5055 communicet
864 5001 972 5055 tibi.
1001 5000 1160 5055 Multa
1186 5002 1329 5057 enim
1369 5017 1593 5060 munera
1622 5003 1718 5061 Dei
1757 5014 1981 5076 possunt

395 5091 594 5148 habere
618 5099 674 5146 et
700 5090 878 5156 alieni,
910 5104 1015 5144 non
1043 5091 1217 5145 solum
1240 5092 1341 5147 ista
1368 5095 1672 5149 communia
1699 5110 1820 5150 cum
1845 5096 1979 5167 lapi-

393 5182 549 5238 dibus
577 5190 632 5238 et
655 5180 965 5247 arboribus,
994 5180 1149 5235 sicuti
1179 5190 1261 5238 est
1288 5196 1409 5239 esse
1433 5193 1484 5240 et
1512 5185 1725 5256 vigere;
1756 5201 1856 5242 nec
1893 5201 1982 5242 so-

397 5274 507 5328 lum
531 5271 832 5329 communia
873 5286 995 5325 cum
1022 5272 1309 5341 pecoribus
1329 5313 1345 5337 ,
1396 5274 1551 5330 sicuti
1587 5276 1824 5346 spirare,
1853 5290 1980 5332 sen-

398 5365 500 5420 tire
531 5381 546 5419 :
575 5362 667 5419 sed
694 5364 855 5417 etiam
888 5362 1087 5432 majora
1107 5362 1215 5433 jam
1243 5364 1518 5419 hominum
1545 5368 1760 5436 propria
1780 5409 1796 5434 ,
1827 5367 1982 5423 sicuti

398 5463 481 5509 est
505 5454 672 5517 ratio,
702 5452 897 5506 locutio
916 5492 932 5519 ,
957 5460 1098 5507 artes
1121 5453 1297 5517 utiles,
1320 5454 1732 5511 innumerabiles
1755 5496 1771 5522 ,
1800 5466 1854 5512 et
1878 5457 1981 5513 alia

401 5543 586 5599 multa.
620 5544 735 5615 Ipsa
758 5544 918 5598 etiam
944 5558 1064 5614 quae
1083 5542 1263 5599 domui
1294 5544 1389 5599 Dei
1410 5545 1532 5600 data
1557 5556 1699 5613 sunt,
1732 5547 1983 5603 nonnulla

405 5648 470 5690 ex
514 5636 591 5691 eis
629 5636 829 5691 habent
855 5636 1011 5692 alieni
1040 5679 1055 5702 ,
1082 5636 1133 5690 id
1162 5644 1246 5691 est
1268 5680 1281 5701 .
1307 5653 1414 5692 non
1440 5639 1738 5708 possessuri
1765 5654 1983 5698 reﬂuum

470 5748 485 5778 ¹
523 5744 847 5811 Floriaccnsis,
872 5748 1063 5814 probate
1095 5748 1315 5812 spiritum
1359 5749 1440 5813 qui
1472 5763 1533 5800 ex
1576 5760 1671 5801 Deo
1702 5765 1743 5802 ε.

1400 330 1671 387 CONTRA
1715 324 2138 385 DONATISTAS
2178 326 2531 391 EPISTOLA,

3528 330 3630 384 ΗΟ

2051 436 2166 506 Dei,
2188 439 2381 509 quibus
2409 440 2461 493 in
2488 439 2592 494 ﬁne
2617 439 2839 506 dicetur,
2876 439 2997 493 Non
3021 439 3133 495 novi
3162 456 3286 505 vos;
3317 441 3475 496 etiam
3502 458 3628 498 cum

2045 530 2302 597 dixerint,
2334 529 2399 584 In
2425 532 2624 585 nomine
2649 541 2734 584 tuo
2754 532 3161 600 praphetavimus
3181 542 3228 585 et
3251 534 3470 586 virtutes
3496 535 3637 588 mulo

2047 629 2125 675 tas
2154 621 2382 691 fecimus.
2406 619 2563 687 Quia,
2590 617 2703 673 Etsi
2732 619 2962 687 habeam,
2998 620 3187 690 inquit,
3224 622 3563 690 prophetiam.
3586 635 3637 676 et

2046 713 2202 767 sciam
2228 714 2398 766 omnia
2432 722 2748 767 sacramenta
2776 722 2822 767 et
2850 728 3047 766 omnem
3079 715 3369 777 scientiam,
3392 719 3503 771 etsi
3544 717 3638 769 Ita-

2049 806 2199 859 buero
2226 821 2422 859 onmem
2451 805 2625 874 ﬁdem,
2656 806 2728 858 ita
2756 815 2809 858 ut
2837 816 3029 859 montes
3059 810 3383 876 trans/eram,
3409 811 3639 861 charito-

2048 904 2144 948 tem
2175 904 2346 949 autem
2373 911 2475 950 non
2500 878 2731 960 habeam,
2754 897 2883 949 nihil
2910 913 3023 951 sum
3052 896 3094 969 (l
3121 895 3241 951 Cor.
3273 913 3391 965 xm,
3420 900 3497 969 2).
3525 901 3639 956 [loc

2047 993 2130 1039 est
2156 999 2283 1054 ergo
2308 983 2509 1039 donum
2536 983 2765 1055 Spiritus
2791 985 2962 1039 sancti
2989 986 3261 1055 proprium
3293 1000 3601 1042 sanctorum
3624 1030 3641 1052 ,

2048 1075 2189 1133 unde
2218 1089 2376 1132 nemo
2414 1076 2771 1131 communicat
2803 1077 3030 1133 alienus.
3070 1078 3183 1133 Hoc
3204 1078 3359 1134 deest
3386 1083 3642 1136 ninuihus

2049 1166 2293 1237 malignis
2319 1176 2374 1222 et
2410 1166 2671 1237 gehennze
2708 1167 2853 1233 ﬁliis,
2881 1169 3091 1223 etiamsi
3129 1170 3325 1225 Christi
3365 1171 3641 1241 Baptismo

2049 1256 2402 1326 baptizentur,
2428 1259 2567 1314 sicut
2592 1258 2775 1315 Simon
2797 1259 2973 1316 fuerat
2996 1262 3311 1331 baptizatus.
3340 1264 3450 1319 Hoc
3479 1265 3641 1321 deest

2051 1353 2211 1404 etiam
2238 1349 2503 1406 haereticis
2529 1369 2544 1407 :
2575 1351 2678 1408 hoc
2697 1353 2984 1423 accipiunt,
3015 1369 3136 1409 cum
3161 1357 3390 1411 correcti
3416 1358 3649 1414 veniunt

2053 1449 2107 1497 et
2134 1442 2351 1497 unitatis
2382 1444 2653 1499 vinculum
2682 1446 2960 1501 sinceriter
2983 1448 3397 1516 amplecwntur.
3420 1450 3573 1517 Quod
3596 1452 3644 1506 si

2055 1547 2165 1588 non
2214 1533 2549 1603 acciperent,
2578 1537 2741 1590 etiam
2781 1535 3038 1592 habentes
3066 1537 3395 1610 Baptismum
3421 1539 3643 1608 Christi,

2053 1641 2161 1682 non
2191 1635 2343 1682 erant
2358 1627 2654 1696 possessuri
2676 1642 2895 1699 regnum
2917 1629 3148 1695 Christi;
3172 1632 3293 1701 quia
3312 1648 3415 1686 non
3434 1634 3650 1689 introie~

2054 1727 2174 1774 rant
2198 1717 2265 1773 ad
2308 1719 2507 1773 fontem
2545 1719 2695 1774 illum
2734 1721 3009 1790 proprium
3036 1707 3294 1792 aquaﬁm
3329 1723 3647 1779 discurren-

2056 1810 2187 1865 tium
2222 1810 2276 1865 in
2322 1810 2513 1880 plateis
2554 1821 2862 1868 sanctorum
2888 1853 2903 1878 ,
2929 1820 2984 1867 et
3032 1813 3173 1868 foras
3215 1830 3322 1870 non
3358 1830 3653 1871 excurrat.

2056 1901 2212 1967 tium,
2241 1917 2348 1973 quo
2371 1902 2518 1958 fonte
2550 1902 2783 1958 charitas
2817 1903 2912 1958 Dei
2946 1903 3137 1960 diﬁ'usa
3168 1914 3254 1961 est
3298 1906 3349 1962 in
3394 1908 3652 1965 cordibus

2057 1994 2255 2049 nostris
2297 2008 2394 2064 per
2419 1993 2676 2065 Spiritum
2716 2002 2959 2050 sanctum
2981 2036 2998 2061 ,
3028 1997 3117 2062 qui
3157 1996 3313 2052 datus
3339 2006 3424 2053 est
3468 2000 3647 2055 nobis.

2059 2085 2298 2142 Desinite
2327 2086 2505 2156 itaque
2530 2086 2615 2141 illa
2634 2087 2936 2143 testimonia
2953 2101 3377 2144 commemorare
3390 2105 3528 2160 ,qua:
3556 2099 3653 2146 aut

2059 2192 2165 2233 non
2195 2177 2489 2249 intelligitis
2506 2219 2521 2244 ,
2550 2188 2643 2233 aut
2673 2194 2770 2251 pro
2793 2179 2947 2234 nobis
2974 2187 3157 2235 contra
3184 2195 3281 2234 vos
3306 2195 3426 2235 esse
3452 2182 3654 2235 intelli-

2060 2269 2201 2340 gitis.
2231 2268 2383 2336 Quod
2427 2270 2471 2323 si
2501 2269 2751 2340 ambigue
2785 2270 2953 2339 posita
2979 2310 2994 2336 ,
3021 2277 3076 2323 et
3121 2285 3216 2339 pro
3247 2271 3401 2324 nobis
3424 2312 3440 2335 ,
3470 2283 3524 2325 et
3552 2288 3652 2341 pro

2064 2360 2214 2415 vobis
2252 2368 2469 2430 possent
2498 2359 2869 2428 interpretari,
2929 2360 3057 2414 nihil
3105 2360 3287 2429 utique
3339 2362 3655 2429 adjuvarent

2060 2465 2277 2508 causam
2304 2460 2534 2507 vestram
2566 2469 2578 2504 :
2606 2452 2729 2521 quia
2755 2460 2810 2508 et
2838 2466 2937 2507 nos
2959 2452 3003 2506 si
3036 2453 3225 2507 talibus
3247 2455 3317 2507 uti
3347 2456 3606 2508 vellemus
3632 2497 3649 2521 ,

2062 2542 2543 2598 innumerabilibus
2571 2551 2872 2609 uteremur,
2904 2558 3024 2614 qua:
3049 2558 3261 2598 causam
3297 2554 3531 2599 nostram
3564 2546 3651 2599 ni-

2064 2634 2139 2690 hil
2159 2634 2406 2689 similiter
2431 2634 2763 2705 adjuvarent.
2806 2634 2912 2691 Sed
2947 2636 3105 2706 plane
3144 2636 3268 2692 talia
3295 2638 3488 2691 malum
3516 2652 3650 2692 cau-

2065 2740 2178 2780 sam
2204 2726 2286 2780 vel
2313 2740 2488 2781 moras
2519 2726 2758 2781 faciendo
2783 2736 3102 2784 sustentant.

2135 2810 2363 2872 CAPUT
2400 2815 2591 2871 XXIV.
2619 2847 2693 2857 —
2720 2817 2809 2872 68.
2850 2816 3002 2884 Ecce,
3041 2818 3305 2888 inquiunt,
3347 2819 3409 2875 de
3431 2836 3651 2890 corpore

2069 2906 2275 2963 Domini
2304 2924 2435 2979 aqua
2462 2910 2728 2978 pro/luxit.
2760 2909 2826 2965 Et
2848 2910 2973 2980 quid
3003 2919 3054 2966 te
3083 2910 3187 2966 hoc
3211 2913 3441 2983 adjuvat,
3474 2928 3506 2967 ο
3536 2913 3659 2968 has-

2068 2998 2271 3054 rctice?
2294 2997 2536 3065 Multum,
2569 2999 2777 3069 inquit:
2811 2998 3076 3069 Baptisma
3107 3003 3243 3055 enim
3272 3003 3524 3074 signiﬁcat
3550 3021 3658 3059 non

2068 3103 2195 3154 esse,
2222 3088 2320 3142 nisi
2339 3088 2391 3142 in
2415 3104 2626 3159 corpore
2648 3089 2871 3156 Domini,
2900 3090 2954 3144 id
2978 3099 3070 3157 est,
3099 3092 3152 3144 in
3183 3091 3432 3146 Ecclesia.
3468 3094 3661 3149 Melius

2070 3179 2298 3246 diceres,
2346 3179 2415 3236 de
2452 3195 2679 3251 corpore
2721 3181 2953 3249 Domini,
2994 3183 3096 3237 hoc
3140 3191 3245 3249 est,
3269 3183 3339 3238 de
3382 3184 3656 3252 Ecclesia;

2070 3272 2281 3333 etiamsi
2311 3272 2421 3342 jam
2477 3281 2685 3328 constet
2731 3273 2899 3343 (quod
2945 3273 3121 3330 adhuc
3168 3275 3307 3330 forte
3351 3275 3662 3345 diligentius

2070 3364 2446 3434 requirendum
2475 3366 2604 3437 est),
2634 3380 2772 3436 aqua
2800 3366 2889 3420 illa
2925 3367 3253 3436 Baptismum
3284 3383 3405 3423 esse
3451 3368 3661 3438 signiﬁ-

2071 3463 2268 3509 catum.
2295 3454 2428 3509 Nam
2449 3464 2503 3510 et
2533 3471 2630 3511 nos
2657 3456 2982 3525 Baptismum
3009 3472 3168 3526 quem
3195 3457 3423 3524 habetis,
3452 3458 3519 3513 de
3538 3474 3666 3513 cor-

2073 3558 2203 3614 pore
2247 3545 2460 3599 Domini
2510 3560 2630 3600 esse
2674 3545 2920 3612 dicimus,
2972 3546 3076 3601 hoc
3116 3556 3218 3613 est,
3275 3549 3343 3604 de
3393 3550 3663 3616 Ecclesia,

2072 3634 2315 3703 quamvis
2353 3635 2405 3688 in
2450 3650 2515 3689 ea
2548 3634 2649 3703 ipsi
2681 3650 2786 3689 non
2830 3635 2966 3699 sitis,
3013 3636 3152 3691 sicut
3189 3653 3376 3693 omnes
3419 3641 3510 3708 qui
3551 3657 3665 3696 non

2073 3725 2338 3781 aediﬁcant
2375 3742 2535 3796 super
2587 3737 2812 3796 petram,
2862 3727 2956 3782 sed
2997 3743 3157 3798 super
3184 3745 3435 3805 _arenum.
3480 3731 3667 3797 Quare

2078 3823 2252 3870 tamen
2290 3830 2396 3871 non
2428 3816 2661 3872 attendis
2686 3831 2876 3887 aquam
2910 3818 3072 3882 illam,
3100 3835 3201 3888 qua
3231 3820 3555 3889 Baptismum
3590 3825 3666 3876 si-

2075 3904 2380 3973 gniﬁcatum
2431 3905 2598 3974 dicis,
2649 3921 2755 3961 non
2806 3915 3011 3962 tantum
3059 3909 3111 3963 in
3161 3924 3388 3979 corpore
3448 3911 3663 3967 Domini

2078 3980 2260 4058 fuisse,
2305 3992 2401 4049 sed
2428 3994 2589 4049 etiam
2627 3995 2694 4050 de
2738 4010 2966 4065 corpore
3004 3997 3118 4067 ejus
3160 3996 3303 4053 foras
3350 4000 3564 4064 exiisse,
3606 4011 3667 4056 et

2076 4080 2180 4141 hoc
2204 4097 2301 4152 per
2328 4083 2518 4139 vulnus
2560 4086 2961 4154 persecutoris?
2988 4087 3167 4157 Neque
3206 4088 3349 4143 enim
3391 4097 3446 4144 et
3492 4091 3667 4145 lucre-

2080 4172 2168 4226 tici
2192 4181 2247 4229 et
2265 4188 2452 4228 omnes
2474 4174 2595 4228 mali
2617 4190 2799 4230 secum
2826 4175 2970 4232 foras
2987 4175 3328 4233 Sacramenta
3352 4180 3660 4246 traxissent,

2077 4266 2124 4320 si
2155 4265 2374 4321 unitatis
2404 4266 2761 4336 integritatem
2807 4268 2859 4321 in
2900 4284 3124 4338 corpore
3156 4271 3364 4326 Domini
3399 4272 3665 4327 custodis-

2078 4366 2219 4414 sent.
2256 4349 2361 4415 Sed
2389 4359 2548 4413 etiam
2582 4358 2681 4412 hoc
2707 4359 2899 4414 videtis
2942 4375 3100 4430 quam
3132 4363 3452 4431 profundum
3481 4364 3571 4431 sit,
3608 4375 3667 4420 et

2078 4456 2279 4521 quanta
2306 4448 2546 4520 mysterii
2570 4448 2848 4504 altitudine
2875 4450 3162 4505 occultum.

2153 4540 2243 4597 69.
2282 4539 2402 4595 Jam
2445 4539 2675 4595 sufﬁciat
2704 4558 2718 4593 :
2747 4540 2974 4597 desinite
3018 4542 3210 4598 talibus
3256 4560 3434 4615 agere.
3471 4547 3664 4603 Omnia

2080 4647 2202 4703 quae
2228 4631 2535 4702 hujusmodi
2563 4633 2909 4703 protuleritis,
2937 4643 3030 4688 aut
3058 4650 3155 4705 pro
3186 4639 3338 4693 nobis
3375 4649 3520 4706 sunt,
3547 4650 3665 4705 aut,

2081 4732 2141 4777 ut
2167 4723 2394 4777 multum
2432 4737 2608 4779 causa:
2635 4733 2833 4779 nostra:
2871 4724 3128 4790 minuam,
3160 4727 3418 4783 incertum
3458 4742 3540 4784 est
3568 4746 3671 4800 pro

2083 4813 2276 4884 quibus
2318 4813 2445 4869 sint.
2484 4811 2589 4870 Sed
2618 4814 2845 4869 libenter
2871 4815 2925 4869 in
2955 4816 3158 4885 opertis
3190 4818 3565 4885 immoramiui,
3600 4837 3673 4875 ne

2084 4904 2240 4961 fateri
2260 4915 2442 4979 aperta
2472 4906 2753 4977 cogamini.
2785 4907 2924 4963 Ecce
2953 4906 3212 4975 Ecclesia,
3245 4924 3395 4980 rogo,
3425 4911 3550 4981 quid
3578 4928 3676 4980 pa-

2086 4997 2295 5053 timini?
2323 4997 2465 5053 Ecce
2494 4997 2733 5053 Ecclesia
2776 5005 2855 5053 tot
2894 4999 3344 5056 manifestissimis
3366 5011 3679 5058 sanctarum

2086 5098 2481 5169 Scripturarum
2528 5096 2847 5153 testimoniis
2883 5096 3255 5153 commendata
3299 5106 3355 5152 et
3393 5112 3678 5168 expressa,

2086 5192 2339 5263 prtedicta
2365 5200 2419 5246 et
2463 5190 2823 5247 demonstrata
2845 5207 2859 5244 :
2881 5189 3026 5244 Sicut
3050 5189 3351 5256 audivimus,
3378 5189 3451 5243 ita
3477 5200 3521 5243 et
3539 5191 3682 5245 vidi-

2087 5301 2199 5339 mus
2216 5281 2386 5355 (.Psal.
2414 5297 2579 5345 xnvn,
2606 5280 2683 5351 9).
2710 5279 2848 5347 Quid
2873 5279 3238 5350 tergiversaris
3262 5280 3529 5350 quomodo
3548 5296 3680 5337 sus-

2094 5376 2345 5448 cipieris?
2371 5373 2482 5430 Cur
2505 5373 2773 5429 detrectas
2799 5374 2877 5428 sic
2901 5371 3119 5440 suscipi,
3144 5371 3412 5443 quomodo
3434 5372 3523 5426 illa
3549 5387 3682 5427 sus-

2090 5468 2267 5541 cipit,
2314 5468 2401 5521 cui
2453 5466 2811 5523 testimonium
2862 5463 3104 5535 perhibet
3158 5464 3248 5534 qui
3302 5464 3511 5519 mentiri
3566 5481 3681 5521 non

2093 5560 2300 5633 potuit?
2357 5559 2500 5612 Doce
2545 5557 2845 5625 Scripturas
2893 5556 3178 5610 canonicas
3220 5564 3402 5623 aperte
3448 5555 3676 5623 dixisse,

2093 5647 2467 5721 baptizandum
2498 5660 2617 5700 esse
2647 5646 2698 5700 in
2725 5646 2985 5699 catholica
3017 5646 3250 5699 Ecclesia
3282 5646 3369 5713 qui
3396 5644 3531 5715 apud
3562 5646 3680 5697 lue-

2094 5767 2131 5799 ,νς
2340 5742 2398 5789 in.
2433 5740 2649 5794 nomine
2691 5738 2857 5795 Patris
2889 5749 2940 5794 et
2982 5738 3104 5794 Filii
3144 5748 3197 5794 et
3236 5738 3463 5808 Spiritus
3501 5735 3673 5792 sancti
