4066 6200
382 376 481 432 ιιι

385 490 540 548 fuerit
579 488 894 560 baptizatus.
937 486 1090 554 Quod
1131 487 1175 542 si
1229 485 1329 541 hoc
1371 486 1565 542 docere
1615 501 1722 541 non
1780 494 1964 554 potes;

385 583 510 640 illud
538 583 696 646 doce,
747 580 874 634 huic
908 577 1269 633 communioni
1310 587 1434 643 tum,
1465 578 1516 632 id
1546 587 1649 643 est,
1691 579 1826 647 parti
1859 577 1964 630 Do-

383 678 511 740 nati,
544 675 633 730 ubi
682 673 785 727 hoc
811 671 1064 736 didicisti,
1107 678 1351 740 apertum
1395 669 1611 741 aliquod
1650 681 1704 725 et
1748 668 1970 724 manife-

383 778 522 823 stum
566 764 927 820 testimonium
972 778 1000 816 a
1041 761 1330 831 Scripturis
1355 761 1624 816 canonicis
1655 761 1964 830 perhiberi:

383 868 433 914 et
457 856 663 910 fatebor
709 854 776 909 ad
814 864 865 908 te
911 866 1031 907 esse
1069 851 1470 917 transeundum,
1509 865 1611 906 nec
1649 851 1805 904 aliter
1841 865 1968 906 esse

380 945 748 1016 suscipiendos
788 944 1088 1010 haereticos,
1119 957 1279 1014 qnam
1310 943 1448 997 sicut
1486 941 1708 1013 suscipit
1739 942 1966 998 ecclesia
1987 939 2037 981 θ’

381 1046 433 1102 in
473 1061 577 1115 qua
616 1058 697 1108 es,
736 1043 858 1113 quia
903 1042 994 1096 tali
1030 1043 1333 1097 testimonio
1373 1039 1641 1096 declarata
1689 1048 1793 1096 est.
1828 1038 1966 1107 Quid

381 1138 610 1193 aestuas?
641 1135 765 1206 quid
793 1135 1118 1204 perturberis
1136 1134 1162 1186 Ἰ
1187 1132 1304 1188 Νοη
1344 1131 1555 1186 invenis
1595 1131 1647 1186 in
1674 1131 1968 1200 Scripturis

381 1228 670 1291 canonicis,
702 1226 842 1296 quod
869 1241 898 1280 a
923 1234 973 1281 te
998 1225 1296 1295 iustissime
1332 1223 1633 1294 exigimus?
1663 1222 1794 1278 Nam
1822 1221 1964 1292 quod

380 1320 558 1376 dicere
581 1319 784 1382 soletis,
806 1315 902 1371 Ubi
932 1318 1117 1388 pascis,
1147 1316 1234 1369 ubi
1258 1315 1411 1370 cubas
1430 1315 1483 1368 in
1500 1315 1704 1368 meridie
1733 1313 1902 1387 (Cant.
1922 1330 1962 1382 t,

381 1413 464 1482 6);
491 1411 644 1464 vides
668 1410 825 1480 quale
850 1409 937 1475 sit,
963 1416 1020 1463 et
1043 1423 1202 1478 quam
1235 1421 1330 1478 pro
1357 1416 1412 1462 te
1441 1421 1547 1460 non
1575 1406 1665 1462 sit.
1694 1405 1808 1460 Noli
1835 1417 1965 1475 ergo

383 1502 500 1557 talia
530 1514 789 1571 quaerere.
822 1497 954 1566 Quia
998 1507 1052 1553 et
1079 1497 1123 1551 si
1162 1496 1214 1551 in
1253 1497 1492 1566 partibus
1529 1495 1794 1566 aquilonis
1822 1501 1966 1550 esset

382 1607 504 1663 pars
525 1591 736 1658 Donati,
759 1605 880 1660 quae
905 1589 1186 1644 contrariae
1211 1597 1338 1643 sunt
1369 1589 1602 1658 partibus
1629 1587 1958 1656 meridianis,

379 1685 580 1740 diceret
608 1683 678 1738 de
704 1696 765 1738 se
790 1695 910 1738 esse
937 1680 1136 1736 dictum
1166 1697 1180 1733 :
1212 1679 1412 1734 Montes
1456 1678 1605 1747 Sion,
1636 1679 1794 1734 latera
1819 1679 1964 1750 aqui-

379 1776 529 1840 lonis,
563 1774 737 1828 civitas
772 1772 906 1841 regis
931 1771 1101 1842 magni
1128 1769 1302 1841 (Psal.
1331 1785 1494 1837 xsvu,
1524 1771 1602 1840 3).
1623 1769 1756 1825 Nam
1783 1771 1964 1840 utique

377 1866 563 1920 civitas
590 1865 734 1934 regis
771 1863 946 1933 magni
973 1876 1077 1916 non
1106 1871 1188 1917 est
1216 1862 1316 1916 nisi
1347 1862 1581 1918 Ecclesia
1605 1879 1619 1927 ;
1647 1861 1825 1918 ethoc
1861 1877 1960 1930 po-

380 1958 486 2012 tius
523 1955 888 2012 indubitanter
926 1964 1080 2009 sonat
1122 1954 1436 2021 Eeclesiam,
1476 1969 1632 2024 quam
1677 1953 1829 2019 illud,
1865 1953 1965 2009 Ubi

377 2049 563 2119 pascis,
594 2048 680 2102 ubi
708 2048 858 2102 cubas
877 2047 931 2101 in
959 2047 1185 2101 meridie.
1214 2045 1320 2102 Sed
1358 2045 1584 2102 fortasse
1607 2046 1698 2102 illo
1721 2047 1965 2102 testimo-

378 2141 469 2195 nio
508 2139 740 2196 Marcion
769 2137 1052 2193 haereticus
1076 2144 1338 2205 uteretur,
1369 2137 1457 2208 qui
1484 2137 1679 2192 dicitur
1705 2137 1962 2192 Ponticus

376 2230 560 2294 fuisse,
576 2246 695 2301 qua:
721 2238 902 2299 partes
928 2229 994 2284 ad
1020 2227 1320 2298 aquilonem
1347 2237 1488 2282 sunt.
1505 2228 1707 2282 Rursus
1732 2230 1774 2281 si
1793 2229 1846 2280 in
1868 2244 1964 2282 ocb

375 2321 584 2375 eidente
605 2329 751 2375 esset
779 2335 900 2389 pars
927 2320 1135 2385 Donati,
1165 2319 1370 2374 diceret
1393 2318 1460 2374 de
1485 2333 1544 2372 se
1571 2333 1690 2374 esse
1719 2320 1916 2373 dictum
1945 2335 1959 2372 :

375 2412 486 2466 lter
530 2413 683 2482 facite
725 2412 771 2466 ei
819 2413 904 2478 qui
951 2411 1173 2465 ascendit
1213 2427 1365 2482 super
1415 2427 1688 2477 occasum;
1713 2410 1963 2466 Dominus

375 2519 556 2556 nomen
594 2511 668 2557 est
693 2501 770 2555 illi
799 2500 970 2571 (Psal.
1014 2517 1178 2568 stn,
1209 2503 1278 2574 5).
1321 2501 1586 2558 Fortassis
1615 2505 1758 2559 enim
1797 2505 1964 2560 subli-

374 2597 515 2652 mius
565 2611 688 2652 esse
730 2597 951 2660 diceret,
1001 2596 1224 2650 ascendit
1273 2613 1423 2666 super
1468 2613 1729 2662 occasum;
1778 2613 1958 2668 quam,

375 2689 523 2743 cubat
550 2690 603 2743 in
646 2689 871 2743 meridie.
901 2689 1024 2744 llaze
1062 2690 1280 2761 mystica
1322 2698 1465 2754 sunt,
1497 2701 1682 2760 operta
1721 2701 1865 2758 sunt,
1896 2692 1962 2746 ll-

375 2791 560 2850 gurata
592 2789 718 2836 sunt
745 2798 757 2834 :
785 2780 984 2850 aliquid
1011 2781 1349 2836 manifestum
1370 2781 1512 2853 quod
1543 2783 1832 2850 interprete
1854 2784 2011 2840 non;
2030 2801 2049 2832 ε

374 2881 549 2943 egeat,
580 2887 610 2926 a
638 2871 789 2927 vobis
814 2872 1130 2943 ﬂagitamus.

449 2963 540 3018 70.
581 2963 696 3034 Ego
727 2964 902 3033 itaque
928 2965 1004 3018 sic
1031 2973 1080 3019 te
1108 2963 1821 3036 suscipio,quemadmodum
1837 2982 1959 3023 sus-

372 3055 504 3126 cipit
551 3069 735 3110 semen
766 3055 1012 3120 Abrahte,
1045 3056 1098 3109 in
1129 3072 1226 3125 quo
1256 3055 1616 3112 benedicuntur
1640 3075 1810 3114 omnes
1836 3075 1962 3131 gen-

370 3155 450 3202 tes
484 3145 634 3216 (Gen.
663 3162 798 3211 xxn,
827 3145 932 3218 l8).
983 3146 1094 3201 lloc
1136 3147 1272 3202 forte
1313 3148 1599 3204 obscurum
1645 3159 1810 3216 esset,
1857 3151 1959 3205 nisi

370 3237 572 3292 Paulus
615 3237 910 3308 aperuisset
937 3251 1118 3292 semen
1157 3237 1384 3292 Abrahae
1417 3240 1557 3308 quod
1593 3249 1676 3294 est
1714 3240 1960 3297 Christus

372 3326 570 3398 (ﬂutat.
597 3343 678 3393 ιιι,
707 3329 821 3398 16).
864 3327 954 3383 Sic
982 3336 1034 3382 te
1075 3329 1327 3397 suscipio,
1349 3330 1794 3398 quemadmodum
1831 3347 1958 3387 sus-

366 3418 502 3488 cipit
566 3418 653 3472 illa
691 3420 894 3485 sterilis,
927 3419 1078 3488 cujus
1113 3418 1261 3473 multi
1299 3420 1414 3489 ﬁlii,
1461 3421 1624 3493 magis
1651 3439 1803 3492 quant
1843 3426 1958 3495 ejus

363 3525 484 3581 qua:
525 3511 669 3565 habet
702 3511 880 3565 virum.
909 3511 1059 3579 Quod
1095 3512 1379 3568 obscurum
1424 3523 1586 3581 esset,
1621 3515 1721 3570 nisi
1760 3515 1958 3572 Paulus

364 3603 613 3666 dixisset,
644 3603 810 3672 ipsam
837 3618 957 3658 esse
981 3604 1274 3659 Ecclesium
1304 3615 1526 3661 matrem
1557 3616 1792 3663 nostram
1818 3626 1831 3662 :
1865 3610 1952 3664 cui

364 3693 570 3746 dictum
596 3703 696 3757 est,
742 3693 983 3748 Dominus
1007 3695 1094 3764 qui
1128 3696 1257 3748 eruit
1297 3706 1359 3761 te,
1400 3697 1509 3765 ipse
1546 3697 1683 3752 Deus
1711 3700 1957 3754 universa:

366 3793 520 3837 terra
560 3784 816 3837 vocabitur
853 3783 1005 3856 (lsai.
1051 3800 1162 3850 LIV,
1205 3786 1255 3850 1,
1285 3786 1351 3852 5;
1386 3786 1556 3840 Galat.
1601 3803 1674 3853 tv,
1705 3788 1796 3850 26,
1827 3788 1950 3860 2ης

366 3873 457 3928 cui
497 3873 698 3928 dictum
740 3883 840 3939 est,
886 3872 1042 3928 Terra
1078 3885 1165 3928 tua
1206 3876 1340 3930 orbis
1370 3886 1614 3930 terrarum
1645 3877 1797 3946 (Isai.
1826 3895 1950 3944 un,

365 3964 448 4032 4).
479 3963 628 4018 Sicut
658 3963 876 4030 suscipit
909 3965 1092 4034 regina
1129 3965 1243 4032 illa,
1276 3964 1343 4021 de
1371 3981 1472 4036 qua
1515 3967 1568 4020 in
1615 3967 1841 4022 Psalmis
1875 3968 1956 4022 di-

363 4056 530 4121 citur,
552 4057 720 4110 Astitit
744 4057 917 4127 regina
945 4074 977 4110 a
1009 4057 1196 4112 dextris
1223 4058 1321 4112 tuis
1344 4073 1363 4112 :
1381 4068 1429 4113 et
1458 4059 1542 4114 cui
1593 4059 1808 4124 dicitur,
1845 4060 1950 4116 Pro

365 4147 600 4218 patribus
624 4149 723 4200 tuis
749 4147 856 4201 nati
891 4157 1006 4202 sunt
1031 4149 1119 4202 tibi
1143 4149 1258 4218 filii,
1287 4151 1556 4205 constitues
1583 4169 1667 4206 eos
1696 4152 1953 4223 principes

363 4254 522 4307 super
558 4255 756 4292 omnem
794 4249 978 4292 terram
1020 4237 1188 4311 (Psal.
1218 4257 1358 4308 mv,
1389 4243 1476 4308 10,
1508 4243 1616 4308 i7).
1649 4243 1950 4311 Postremo,

363 4341 440 4380 ne
465 4327 630 4380 multa
657 4343 1090 4394 commemorem,
1139 4330 1217 4385 sic
1253 4340 1304 4386 te
1332 4332 1583 4402 suscipio,
1613 4333 1750 4388 sicut
1777 4336 1952 4388 susci-

362 4417 444 4486 pit
473 4417 710 4473 Ecclesia
743 4435 831 4488 per
867 4435 1035 4474 omnes
1073 4432 1243 4492 gentes
1284 4423 1528 4492 incipiens
1570 4423 1632 4476 ab
1668 4422 1952 4478 Jerusalem

370 4504 525 4576 (Luc.
575 4523 720 4572 xstv,
767 4508 858 4580 47)
885 4525 898 4561 :
927 4510 1065 4564 sicut
1107 4512 1329 4581 suscipit
1371 4513 1606 4569 Ecclesia
1649 4530 1768 4584 quae
1813 4517 1950 4570 testis

365 4608 460 4661 est,
484 4599 697 4656 Christo
725 4602 776 4655 in
799 4599 1104 4670 Jerusalem,
1133 4613 1178 4658 et
1200 4604 1377 4658 intota
1398 4605 1582 4659 Iudaea
1608 4617 1655 4660 et
1687 4606 1950 4676 Samaria,

362 4701 415 4745 et
457 4708 611 4761 usque
647 4694 717 4746 ad
761 4703 916 4748 totam
949 4711 1135 4748 terram
1183 4695 1317 4764 (Act.
1355 4713 1394 4763 t,
1444 4698 1520 4766 8).
1569 4699 1664 4754 llle
1708 4701 1851 4754 enim
1899 4709 1952 4757 te

360 4781 608 4850 suscipit,
640 4784 728 4852 qui
755 4783 857 4838 hoc
875 4783 944 4839 de
975 4784 1063 4838 illa
1093 4785 1244 4850 dixit,
1273 4785 1363 4856 qui
1394 4787 1584 4842 talibus
1603 4803 1722 4843 eam
1751 4789 1948 4858 verbis,

363 4884 438 4924 ne
479 4872 758 4942 quisquam
789 4873 856 4928 de
895 4874 980 4928 illa
1009 4874 1294 4941 dubitaret,
1316 4877 1570 4931 ostendit.
1600 4877 1691 4933 Sic
1736 4887 1792 4934 te
1835 4896 1952 4935 sns-

359 4960 507 5030 cipio
526 5003 541 5027 ,
563 4963 1009 5030 quemadmodum
1039 4967 1257 5035 suscipit
1294 4967 1525 5022 triticum
1551 4970 1867 5025 seminatnm
1897 4972 1947 5026 in

358 5067 514 5122 agro,
540 5054 682 5123 quod
707 5070 828 5109 cum
857 5055 1076 5110 zizaniis
1103 5059 1296 5112 crescit
1317 5072 1484 5128 usque
1513 5059 1579 5114 ad
1605 5075 1856 5117 messem.
1885 5062 1948 5118 ili

358 5155 487 5200 sunt
503 5146 644 5200 enim
661 5147 759 5214 lilii
773 5149 914 5217 regni
931 5165 1080 5220 ;ager
1090 5160 1255 5216 autem
1268 5159 1340 5203 est
1355 5152 1594 5220 mundus,
1613 5154 1786 5208 messis
1806 5165 1878 5209 est
1895 5156 1952 5224 ﬁ-

357 5236 444 5290 nis
465 5238 636 5291 siccati
655 5237 869 5307 (Matth.
891 5253 1009 5299 χιιι.
1033 5239 1121 5304 50,
1140 5239 1228 5302 38.
1255 5241 1344 5312 39)
1373 5259 1388 5298 :
1411 5243 1665 5299 Dominus
1681 5247 1946 5315 exposuit,

359 5327 709 5398 Evangelium
736 5338 840 5395 est,
867 5331 1028 5386 verba
1069 5331 1276 5388 Domini
1310 5343 1453 5403 sunt,
1493 5336 1774 5393 manifesta
1803 5348 1948 5396 sunt.

362 5417 582 5473 Possem
627 5419 720 5474 tibi
751 5422 967 5477 dicere:
1001 5421 1090 5477 Sic
1120 5431 1172 5478 te
1217 5425 1468 5494 suscipio,
1496 5429 1948 5497 quemadmodum

359 5517 421 5564 et
444 5523 536 5563 vos
579 5511 889 5580 suscepistis
924 5528 1060 5583 quos
1090 5514 1440 5571 Praetextatus
1479 5527 1533 5572 et
1575 5519 1874 5575 Felicianus
1918 5534 1949 5576 a

359 5600 514 5655 vobis
538 5601 798 5668 damnati,
831 5612 980 5659 extra
1003 5616 1231 5666 vestram
1256 5611 1685 5666 communionem
1715 5613 1946 5682 baptiza-

364 5701 571 5746 vernnt.
600 5691 697 5748 Cui
737 5694 812 5748 rei
839 5695 961 5763 quid
993 5698 1346 5764 contradicas,
1374 5701 1591 5754 omnino
1622 5717 1725 5755 non
1756 5703 1940 5759 habes.

363 5779 472 5835 Sed
503 5783 602 5837 hoc
631 5785 806 5854 potius
834 5783 1024 5854 dicam,
1054 5786 1194 5857 quod
1232 5799 1284 5842 et
1321 5788 1575 5845 adversus
1603 5790 1746 5862 ipsos
1778 5792 1938 5849 Maxi-

1267 384 1440 427 vuwo
1479 368 1566 424 DE
1605 366 1906 424 UNiT.\TE
1946 364 2303 425 celasset:
2341 372 2549 431 LIBER
2589 377 2786 434 unus.

3561 395 3667 452 ιη

2079 486 2353 542 mianistas
2384 491 2729 552 invictissime
2759 496 2949 566 valeat,
2983 501 3071 572 qui
3099 517 3191 558 vos
3218 505 3272 559 in
3299 507 3506 566 duobus
3531 527 3666 582 pra:-

2075 577 2231 646 cipue
2276 582 2594 639 testimoniis
2637 587 2828 657 quibus
2869 591 3282 662 imperitissime,
3330 609 3503 656 tamen
3531 577 3663 660 vere-

2079 665 2309 724 berrime
2359 673 2432 724 uti
2484 675 2689 743 soletis,
2737 681 2955 734 omnino
3011 684 3273 754 vicerunt,
3329 697 3384 742 et
3432 690 3498 746 de
3545 707 3662 762 pau-

2075 761 2238 816 citate
2265 769 2318 816 et
2343 762 2410 818 de
2432 766 2672 822 meridie.
2696 768 2807 824 Hoc
2823 786 2951 842 ergo
2969 772 3161 838 dicam,
3188 779 3329 846 quod
3358 796 3451 836 vos
3477 761 3662 838 omnes

2077 860 2328 922 tanquam
2361 857 2560 924 pariter
2575 869 2761 914 contra
2790 876 2888 917 nos
2911 865 3215 936 insurgatis,
3235 871 3556 942 exstinguat.
3572 873 3661 930 Sic

2056 952 2170 997 ‘vos
2197 945 2538 1016 suscipimus,
2571 949 2614 1004 si
2639 952 2835 1023 corrigi
2862 956 3038 1023 vultis,
3068 962 3512 1028 quemadmodum
3540 981 3660 1020 sns-

2073 1033 2204 1104 cipit
2255 1035 2529 1105 Ecclesia,
2575 1056 2734 1110 quam
2787 1045 3043 1102 Dominus
3091 1049 3247 1106 Jesus
3289 1053 3423 1108 dixit
3463 1055 3530 1109 ab
3571 1056 3655 1112 ie.

2074 1124 2305 1180 rusalem
2349 1137 2669 1199 cmpturam,
2718 1142 2773 1188 et
2818 1135 2871 1189 in
2910 1137 3130 1193 Actibus
3173 1141 3548 1210 Apostolorum
3579 1147 3658 1202 le-

2072 1215 2246 1284 gimus
2288 1218 2414 1274 inde
2459 1221 2691 1290 coepisse
2717 1241 2732 1279 :
2759 1234 2814 1280 et
2853 1242 2952 1297 per
2992 1243 3180 1285 omnes
3213 1242 3399 1302 gentes
3443 1237 3657 1303 ituram,

2072 1315 2128 1361 et
2161 1307 2213 1362 in
2251 1309 2474 1367 Actibus
2516 1315 2892 1384 Apostolorum
2925 1319 3149 1391 legimus
3185 1338 3282 1392 per
3307 1328 3500 1383 multas
3529 1330 3654 1396 isse,

2071 1406 2356 1469 antequam
2399 1405 2605 1460 veniret
2649 1406 2704 1461 in
2735 1407 2990 1475 Africam,
3035 1419 3090 1465 et
3119 1428 3213 1480 per
3253 1427 3440 1471 omnes
3471 1429 3659 1488 gentes

2071 1487 2262 1544 ituram
2287 1501 2571 1563 antequam
2594 1497 2772 1552 veniat
2800 1497 2920 1553 linis
2943 1517 2957 1566 ;
2989 1503 3107 1571 quia
3135 1505 3246 1572 ipse
3278 1487 3531 1565 Dominus
3560 1514 3654 1576 ait.

2071 1577 2446 1638 Prtedicabitur
2479 1587 2574 1640 hoc
2603 1587 2933 1660 Euangelium
2979 1593 3030 1646 in
3061 1596 3290 1650 omnibus
3330 1602 3578 1668 gentibus,
3610 1614 3656 1657 et

2071 1681 2190 1727 tunc
2234 1676 2393 1730 veniet
2445 1678 2585 1746 ﬁnis.
2634 1678 2774 1736 Ecce
2813 1696 3158 1753 purgamenta
3210 1688 3368 1756 ejus:
3402 1691 3652 1758 Quoniam

2068 1767 2342 1822 abundauit
2367 1771 2625 1840 iniquitas,
2649 1773 2936 1844 refrigescet
2959 1779 3179 1833 citaritas
3200 1781 3492 1837 multorum.
3519 1785 3656 1841 Ecce

2068 1852 2332 1914 frumenta
2380 1861 2497 1929 ejus
2537 1879 2551 1915 :
2597 1863 2700 1930 Qui
2746 1875 2914 1919 autem
2967 1872 3352 1936 perseveraverit
3396 1889 3551 1944 usque
3602 1875 3654 1928 in

2067 1948 2239 2017 ﬁnem,
2269 1950 2351 2004 hic
2370 1953 2540 2007 salvus
2567 1955 2660 2007 erit
2685 1953 2794 2025 (Id.
2823 1971 2968 2024 xxnv,
2997 1958 3206 2030 12-”).
3237 1960 3338 2017 Ubi
3364 1961 3450 2017 hic
3476 1964 3654 2019 Africa

2068 2039 2338 2096 nominata
2367 2050 2448 2097 est
2473 2043 2526 2097 in
2568 2053 2718 2114 parte
2747 2046 2974 2102 Donati?
3001 2049 3137 2105 Ecce
3166 2054 3356 2108 iterum
3391 2054 3654 2111 frumenta

2067 2130 2227 2200 ejus:
2262 2131 2328 2186 Ut
2368 2134 2518 2200 scias,
2567 2135 2737 2206 inquit
2787 2138 3092 2207 Apostolus,
3143 2145 3562 2212 quemadmodum
3609 2158 3656 2201 te

2068 2232 2292 2290 oporteat
2317 2227 2373 2278 in
2411 2225 2562 2280 domo
2591 2226 2684 2281 Dei
2708 2233 3011 2297 conversari,
3041 2250 3154 2302 qua:
3193 2247 3266 2288 est
3293 2234 3521 2292 Ecclesia
3562 2238 3656 2292 Dei

2066 2317 2183 2382 vivi,
2233 2318 2469 2372 columna
2497 2329 2543 2374 et
2570 2322 2941 2390 ﬁrmamentum
2983 2327 3222 2382 veritatis.
3260 2328 3324 2381 Et
3362 2331 3470 2384 sine
3498 2331 3650 2384 dubio

2067 2421 2308 2476 magnum
2343 2418 2417 2463 est
2454 2411 2652 2479 pietatis
2689 2425 3080 2482 sacramentum,
3116 2419 3250 2487 quod
3277 2421 3652 2492 manifestatum

2065 2508 2138 2552 est
2163 2499 2217 2552 in
2242 2515 2412 2561 carne.
2434 2501 2776 2570 justi/iculum
2804 2513 2876 2559 est
2908 2507 2962 2560 in
2991 2509 3190 2577 spiritu,
3221 2513 3460 2580 apparuit
3484 2513 3652 2584 Ange-

2067 2588 2150 2652 lis,
2178 2589 2508 2655 pra’dicatum
2531 2601 2604 2646 est
2630 2593 2681 2646 in
2703 2595 2954 2665 gentibus,
2987 2598 3229 2652 creditum
3259 2611 3332 2654 est
3358 2603 3408 2654 in
3437 2605 3644 2669 mundo,

2067 2690 2380 2750 assumptum
2420 2692 2494 2736 est
2535 2684 2588 2737 in
2633 2685 2796 2755 gloria
2825 2687 2869 2756 (Ι
2897 2687 3027 2741 Tim.
3081 2706 3156 2753 m,
3202 2692 3288 2757 15,
3341 2691 3451 2764 ili).
3511 2695 3652 2750 Ecce

2066 2781 2412 2841 purgamenta
2457 2775 2573 2842 ejus
2606 2791 2619 2828 :
2651 2775 2876 2844 Spiritus
2921 2789 3110 2843 autem,
3155 2781 3342 2850 inquit,
3389 2786 3654 2853 manifeste

2065 2862 2206 2926 dicit,
2253 2863 2373 2934 quia
2399 2863 2450 2916 in
2480 2865 2759 2920 novissimis
2794 2868 3097 2936 temporibus
3125 2874 3351 2924 recedent
3378 2876 3582 2944 quidam
3621 2894 3652 2929 a

2064 2955 2186 3023 ﬁde,
2229 2957 2538 3010 attendentes
2575 2957 2834 3028 spiritibus
2875 2961 3235 3029 seductoribus,
3269 2965 3510 3020 doctrinis
3544 2967 3650 3021 da:-

2064 3047 2370 3113 moniorum,
2397 3046 2509 3116 (Id.
2542 3064 2612 3113 tv,
2642 3049 2696 3121 i)
2727 3058 2830 3105 etc.
2864 3050 2964 3107 Ubi
3015 3062 3069 3108 et
3096 3053 3179 3109 hic
3207 3056 3382 3112 Africa
3411 3058 3462 3112 in
3500 3067 3650 3128 parte

2065 3136 2254 3192 Donati
2287 3141 2556 3194 nominata
2581 3150 2682 3206 est,
2722 3151 2780 3196 ut
2809 3143 2860 3196 in
2891 3157 2953 3197 ea
2977 3148 3292 3201 remanserit
3321 3148 3568 3204 columna
3595 3161 3650 3206 et

2064 3229 2456 3286 ﬁrmamentum
2486 3232 2743 3300 veritatis,
2775 3244 2863 3288 aut
2893 3236 3102 3304 pietatis
3139 3250 3554 3306 sacramentum,
3580 3243 3648 3298 de

2063 3333 2168 3388 quo
2211 3335 2381 3390 usque
2423 3321 2475 3375 ln
2521 3322 2679 3375 linem
2729 3324 2799 3378 ita
2843 3327 3097 3386 cucurrit.
3141 3336 3198 3382 ut
3241 3328 3461 3395 diceret,
3504 3331 3647 3387 Pro:-

2061 3410 2286 3465 dicatum
2309 3422 2382 3466 est
2405 3413 2458 3466 in
2480 3414 2724 3483 gentibus,
2754 3416 3000 3470 creditum
3029 3428 3100 3471 est
3128 3419 3179 3473 in
3211 3421 3420 3487 mundo,
3448 3439 3646 3477 assum-

2061 3511 2200 3573 ptum
2229 3512 2302 3556 est
2329 3503 2380 3556 in
2402 3504 2565 3574 gloria
2582 3506 2608 3559 Ρ

2132 3590 2221 3646 7|.
2260 3592 2397 3659 Quid
2442 3609 2570 3664 ergo
2614 3595 2853 3664 pluribus
2895 3598 3142 3653 teneam?
3180 3599 3278 3666 Qui
3322 3605 3646 3672 respondere

2058 3683 2258 3754 cogitat
2307 3683 2431 3738 huic.
2461 3686 2733 3754 Epistolas,
2776 3697 3046 3742 scrutetur
3083 3689 3386 3759 Scripturas
3417 3712 3429 3747 :
3462 3704 3516 3748 et
3555 3708 3647 3751 aut

2059 3773 2397 3828 manifestum
2428 3775 2496 3829 de
2534 3776 2734 3844 Africa,
2772 3780 2855 3832 vel
2903 3781 3084 3850 inqua
3129 3784 3264 3848 sola,
3314 3786 3396 3838 vel
3447 3801 3509 3840 ex
3540 3803 3644 3857 qua

2058 3863 2169 3918 sola
2218 3873 2300 3918 est
2343 3881 2465 3932 pars
2514 3866 2725 3929 Donati,
2784 3869 3014 3936 proferat
3067 3873 3428 3928 testimonium
3459 3893 3470 3926 ε
3501 3877 3643 3944 quod

2058 3953 2181 4008 ideo
2212 3953 2450 4024 proferre
2490 3971 2594 4010 non
2638 3965 2832 4027 potest,
2873 3962 2992 4028 quia
3034 3961 3136 4014 illis
3169 3973 3274 4016 tam
3318 3964 3637 4033 manifestis,

2057 4059 2176 4114 qua:
2214 4059 2244 4098 a
2275 4045 2429 4100 nobis
2459 4046 2660 4115 prolata
2702 4057 2846 4112 sunt,
2879 4063 3178 4120 repugnare
3215 4051 3486 4122 Scriptura
3532 4072 3638 4110 non

2056 4144 2275 4204 potest:
2308 4143 2400 4188 aut
2449 4135 2492 4189 si
2549 4151 2768 4192 suarum
2815 4139 3197 4207 suspicionum,
3249 4143 3336 4197 vel
3383 4145 3638 4198 crimina-

2058 4225 2282 4292 tionum,
2327 4227 2407 4280 vel
2435 4228 2822 4283 calumniarum
2871 4239 3163 4287 sectatores
3206 4234 3454 4290 credulos
3483 4253 3632 4306 qua:-

2055 4316 2145 4381 rit,
2174 4323 2228 4370 et
2252 4318 2366 4372 vult
2396 4319 2673 4375 traducere
2709 4321 2760 4374 in
2797 4321 2937 4377 aliud
2966 4323 3328 4394 Evangelium,
3360 4328 3501 4397 quod
3531 4344 3638 4384 non

2054 4417 2139 4463 est
2163 4404 2324 4478 aliud,
2365 4420 2524 4482 atque
2560 4414 2878 4470 annnntiare
2914 4417 3065 4472 nobis
3106 4430 3457 4490 praeterquam
3494 4425 3636 4493 quod

2054 4503 2376 4571 accepimus,
2433 4504 2532 4558 etsi
2579 4506 2797 4574 angelus
2840 4507 2907 4563 de
2952 4509 3089 4562 ccelo
3136 4519 3298 4576 esset,
3349 4513 3633 4568 anathema

2055 4605 2198 4650 esset
2239 4595 2435 4666 (Galat.
2461 4612 2499 4660 ι,
2533 4595 2588 4668 8)
2623 4599 2916 4667 :qnoniam
2957 4609 3011 4654 et
3051 4599 3316 4668 diabolus,
3371 4605 3460 4674 qui
3511 4622 3637 4674 pro-

2055 4695 2238 4756 pterea
2263 4685 2331 4740 de
2361 4686 2498 4740 caelo
2523 4686 2736 4752 cecidit,
2762 4688 2882 4757 quia
2913 4689 2964 4743 in
2990 4689 3214 4746 veritate
3256 4709 3360 4747 non
3390 4696 3558 4759 stetit,
3593 4696 3637 4750 si

2053 4777 2337 4833 anathema
2359 4778 2545 4835 inisset
2568 4779 2790 4847 homini,
2815 4782 3026 4852 quando
3047 4784 3092 4838 ei
3117 4793 3468 4856 przeterquam
3496 4789 3640 4858 quod

2054 4883 2084 4922 a
2112 4870 2336 4924 Domino
2364 4870 2472 4925 Deo
2499 4883 2802 4940 acceperat,
2830 4874 3177 4940 aununtiavit,
3210 4876 3362 4944 primi
3388 4888 3636 4946 parentes

2053 4959 2230 5014 carnis
2257 4971 2471 5024 nostras,
2500 4976 2599 5015 nec
2625 4963 2674 5016 in
2709 4977 2923 5031 pinnam
2945 4964 3130 5019 mortis
3169 4965 3502 5033 incidissent,
3536 4983 3636 5023 nec

2053 5048 2122 5106 de
2151 5050 2270 5106 loco
2299 5051 2563 5106 felicitatis
2589 5053 2844 5107 exissent.

2128 5141 2351 5200 CAPUT
2377 5143 2524 5199 XXV
2545 5144 2809 5215 (a).—72.
2829 5144 3161 5216 Quapropter
3177 5163 3291 5214 vos,
3309 5148 3634 5214 cbarissimi,

2053 5237 2244 5307 quibus
2291 5237 2428 5292 banc
2473 5237 2765 5306 Epistulam
2805 5237 3002 5304 scribo,
3045 5250 3366 5310 praeceptum
3410 5242 3638 5310 pastoris

2054 5327 2145 5398 qui
2187 5327 2416 5381 annnam
2464 5341 2614 5381 suam
2661 5326 2840 5396 posuit
2869 5343 2964 5396 pro
2992 5329 3182 5383 ovibus
3219 5330 3351 5396 suis,
3397 5339 3451 5385 et
3496 5346 3638 5386 nunc

2053 5418 2377 5488 glorilicatus
2414 5426 2468 5472 et
2510 5417 2775 5474 exaltatus
2805 5419 2955 5473 sedet
2985 5420 3052 5474 ad
3081 5419 3354 5474 dexteram
3400 5422 3492 5476 Dei
3532 5422 3628 5477 Pa-

2054 5510 2170 5574 tris,
2197 5509 2358 5563 corde
2380 5509 2691 5564 ﬁdelissimo
2716 5519 2771 5565 et
2797 5510 3104 5566 ﬁrmissimo
3130 5513 3356 5566 retinete
3381 5511 3628 5576 dicentis.

2057 5601 2186 5669 Quae
2210 5610 2326 5655 sunt
2349 5616 2462 5655 oues
2488 5617 2629 5664 mete,
2659 5617 2826 5655 vocem
2869 5619 3032 5655 meam
3069 5602 3302 5666 audiunt,
3345 5612 3394 5656 et
3421 5619 3633 5672 sequim-

2055 5703 2135 5745 tur
2162 5709 2238 5746 me
2265 5691 2440 5762 (Joan.
2472 5708 2528 5757 ι,
2559 5691 2674 5762 27).
2704 5691 2939 5747 Audistis
2959 5692 3077 5761 ejus
3100 5707 3284 5748 vocem
3317 5694 3632 5752 maniiesds-

2119 5803 2193 5868 (η)
2227 5804 2362 5866 Olim,
2384 5817 2487 5866 cap.
2513 5803 2574 5854 20
2588 5803 2712 5866 apud
2739 5810 2835 5854 Am.
2866 5810 2917 5854 et
2943 5809 3016 5852 Er.
