4066 6200
434 377 541 434 443

431 497 641 558 simam,
672 506 774 544 non
806 486 977 543 Solum.
1011 500 1103 551 per
1125 483 1318 551 Legem
1359 480 1494 548 ejus,
1525 487 1579 532 et
1609 474 1923 544 Prophetas,
1955 479 2008 524 et

431 586 688 645 l’salmos,
731 579 822 633 sed
861 589 1018 630 etiam
1059 591 1154 644 per
1192 592 1252 626 os
1282 572 1552 640 proprium
1583 565 2009 624 commendantis

431 674 720 730 Ecclesiam
745 685 892 722 suam
921 668 1171 721 futuram.
1205 665 1272 720 Et
1298 680 1358 718 ea
1381 680 1497 732 qu:e
1526 661 1786 730 praedixit,
1816 673 2005 728 quem-

426 763 710 818 admodum
756 778 818 813 cx
868 760 1054 812 ordine
1101 765 1384 812 consecuta
1427 755 1554 817 sint,
1596 754 1646 806 iu
1695 752 1915 805 Actibus
1957 760 2009 803 ct

429 855 646 909 Litteris
691 851 1092 920 Apostolorum,
1131 864 1249 917 qua:
1275 846 1573 900 divinarum
1615 844 2006 911 Scripturarum

425 958 684 999 canouem
715 943 1001 1008 complent,
1035 939 1258 1009 legendo
1285 938 1602 1006 perspicitis.
1632 935 1745 988 Non
1797 944 1878 989 cst
1908 933 2006 986 ob-

427 1051 580 1092 scura
612 1035 837 1104 qua'slio
868 1035 918 1085 in
945 1048 1042 1101 qua
1075 1047 1172 1084 vos
1205 1030 1403 1092 fallant,
1449 1044 1581 1096 quos
1613 1028 1725 1094 ipse
1756 1026 2008 1078 Dominus

429 1125 672 1196 praedixit
693 1124 896 1177 futuros
922 1132 1078 1190 atque
1103 1121 1358 1184 dicturos,
1389 1117 1518 1171 Ecce
1543 1117 1623 1169 hic
1651 1126 1724 1169 est
1754 1115 2004 1181 Christus,

428 1235 537 1272 ecce
575 1219 678 1270 illic
697 1233 715 1270 :
743 1232 852 1269 ecce
879 1217 929 1268 in
956 1215 1174 1278 deserto,
1206 1213 1356 1280 quasi
1384 1211 1469 1264 ubi
1513 1225 1616 1262 nou
1649 1217 1730 1262 est
1760 1208 2006 1277 frequen-

427 1311 496 1362 tia
541 1307 890 1361 multitudinis
921 1324 933 1358 :
965 1321 1074 1358 ecce
1111 1305 1162 1356 in
1203 1302 1444 1356 cubiculis
1485 1299 1694 1370 (Matth.
1732 1314 1878 1362 xxw,
1910 1299 2000 1362 25,

425 1398 542 1466 ‘26),
585 1398 733 1466 quasi
769 1398 819 1448 in
867 1395 1089 1449 secretis
1134 1391 1503 1445 traditionibus
1538 1401 1696 1457 atque
1723 1388 2002 1442 doctrinis.

428 1487 643 1540 llabetis
675 1486 962 1539 Ecclesiam
993 1484 1187 1552 ubique
1211 1481 1452 1542 diffundi,
1481 1488 1534 1532 et
1563 1494 1808 1533 crescere
1834 1494 2002 1547 usque

425 1577 491 1631 ad
533 1591 784 1629 messem.
821 1574 1034 1644 Habetis
1061 1573 1349 1635 civitatem,
1391 1570 1458 1623 de
1485 1584 1585 1636 qua
1631 1568 1744 1637 ipse
1769 1569 1857 1636 qui
1885 1583 2004 1622 eam

423 1666 679 1730 condidit,
716 1666 789 1718 ait
815 1682 828 1717 :
857 1663 975 1717 Non
1004 1673 1162 1734 potest
1189 1662 1363 1715 ciuitas
1399 1659 1638 1713 abscondi
1673 1675 1825 1726 super
1855 1674 2002 1712 mon-

424 1771 519 1812 tem
551 1759 821 1812 constituta
849 1758 871 1828 (
901 1755 985 1808 Id.
1045 1771 1099 1819 v,
1155 1755 1219 1808 14
1247 1754 1288 1822 ).
1323 1753 1438 1822 Ipsa
1481 1761 1564 1806 est
1589 1766 1715 1819 ergo
1745 1766 1864 1819 quae
1896 1765 2001 1804 non

423 1849 476 1901 iu
507 1849 681 1916 aliqua
717 1855 864 1915 parte
893 1854 1180 1904 terrarum,
1227 1842 1321 1897 sed
1368 1841 1559 1910 ubique
1589 1840 1863 1894 notissima
1893 1849 1997 1895 est.

422 1939 550 1993 llaec
588 1937 909 2005 temporales
937 1933 1221 2003 aliquando
1268 1933 1426 1986 etiam
1478 1932 1530 1984 in
1573 1930 1685 1984 suis
1723 1928 2002 1983 frumentis

421 2030 620 2102 patitur
651 2036 1014 2097 tempestates,
1065 2033 1121 2078 ιιι
1168 2025 1218 2076 in
1257 2021 1569 2092 quibusdam
1597 2020 1728 2074 locis
1769 2035 1875 2073 non
1904 2033 2000 2073 co-

419 2129 775 2192 gnoscantur:
835 2117 929 2173 sed
986 2125 1160 2170 tamen
1216 2123 1374 2168 etiam
1433 2113 1542 2166 illic
1588 2111 2001 2179 latcnt:neque

420 2213 561 2268 enim
603 2211 706 2264 falli
738 2217 910 2279 potest
935 2207 1112 2262 divina
1148 2203 1433 2270 sententia,
1473 2201 1722 2272 quoniam
1753 2208 2000 2256 crescunt

419 2317 585 2372 Usque
610 2300 674 2354 ad
701 2314 954 2354 messem.

486 2396 576 2450 75.
620 2394 797 2461 Itaque
822 2391 940 2446 etin
967 2391 1084 2443 aliis
1111 2389 1357 2460 gentibus
1382 2403 1523 2456 saepe
1551 2385 1800 2440 nonnulla
1830 2399 1996 2439 mem-

417 2485 509 2540 bra
542 2485 794 2538 Ecclesia:
835 2481 1242 2552 prcevalentibus
1286 2480 1546 2532 ha-resum
1570 2487 1623 2531 et
1652 2477 1998 2531 schismatum

416 2575 789 2636 seditionibus,
817 2587 998 2643 pressa
1029 2579 1189 2641 atque
1210 2569 1523 2624 obumbrata
1550 2575 1710 2628 sunt;
1747 2574 1798 2620 et
1823 2572 1999 2619 tamen

416 2666 538 2736 quia
567 2667 795 2730 inerant,
830 2663 985 2732 paulo
1016 2672 1138 2732 post
1169 2661 1317 2715 nullo
1350 2659 1624 2714 dubitante
1651 2657 1954 2711 claruerunt
1983 2673 1996 2709 :

415 2767 470 2812 et
506 2757 556 2810 in
589 2757 700 2824 ipsa
731 2755 905 2809 Africa
937 2762 1056 2824 post
1107 2753 1230 2807 illud
1270 2751 1498 2806 Secundi
1548 2748 1820 2820 Tigisitani
1859 2747 1999 2818 apud

414 2846 788 2917 Carthaginem
833 2845 1144 2899 seditiosum
1187 2843 1650 2910 turbulentumque
1692 2840 1996 2903 concilium,

415 2939 502 2994 ubi
551 2947 606 2992 et
650 2954 678 2989 a
708 2937 898 2992 femina
927 2935 1090 2990 nobili
1116 2934 1314 2990 Lucilio
1339 2943 1554 3003 operata
1589 2933 1858 3004 corruptio
1889 2930 1963 3002 (a)
1983 2971 1998 2995 ,

419 3040 598 3100 postea
625 3029 967 3099 iudicialibus
988 3027 1166 3083 Gestis
1183 3037 1596 3083 commemorata
1611 3033 1714 3091 est,
1733 3039 1854 3080 cum
1878 3023 2001 3079 inde

415 3122 609 3176 littera:
639 3135 774 3189 pene
805 3135 898 3189 per
925 3129 1087 3173 totam
1113 3119 1367 3181 Africam,
1395 3133 1494 3188 qua
1525 3117 1778 3171 Ecclesia:
1804 3115 2000 3170 Christi

415 3212 521 3282 jam
547 3212 992 3281 germinavcraut,
1020 3211 1194 3264 missa;
1216 3208 1734 3275 fuissent,creditum
1761 3219 1842 3262 est
1863 3207 2004 3262 litte-

418 3306 494 3360 ris
533 3305 774 3369 concilii;
823 3317 994 3374 neque
1029 3302 1169 3357 enim
1210 3301 1365 3355 aliter
1407 3300 1684 3369 oportebat
1712 3317 1726 3354 :
1751 3309 1805 3354 et
1849 3299 1999 3369 quasi

420 3399 532 3451 visa
552 3406 675 3450 sunt
704 3413 799 3467 per
819 3397 1047 3466 aliquam
1079 3403 1281 3464 partem
1313 3393 1424 3460 agri
1455 3391 1712 3446 frumenta
1735 3390 1999 3446 dominica

419 3488 712 3550 defecisse;
757 3486 904 3539 nullo
951 3486 1110 3538 modo
1143 3495 1319 3539 autem
1362 3484 1681 3545 defecerant,
1729 3498 1848 3551 qum
1876 3497 2001 3536 vere

419 3577 681 3632 frumenta
720 3584 872 3631 erant
900 3575 1267 3645 praedestinata
1313 3584 1468 3642 atque
1511 3574 1789 3637 seminata,
1816 3583 1870 3627 et
1897 3573 2000 3627 alta

421 3668 602 3723 radice
646 3667 893 3721 feraciter
922 3668 936 3697 ¹
965 3667 1335 3735 germinantia.
1373 3665 1526 3719 Salva
1555 3665 1696 3718 enim
1725 3665 2002 3719 conscien-

421 3759 491 3811 tia
531 3757 718 3810 litteris
756 3755 965 3811 concilii
1009 3755 1343 3810 crediderant
1378 3772 1390 3808 :
1424 3770 1593 3824 neque
1621 3755 1761 3807 enim
1797 3753 1865 3807 ab
1906 3753 2005 3807 bo-

419 3850 650 3902 minibus
672 3847 738 3900 de
760 3846 876 3900 aliis
900 3845 1204 3901 hominibus
1229 3845 1425 3914 aliquid
1454 3844 1760 3900 incredibile
1784 3844 1998 3899 diceba-

423 3950 540 4003 tur,
588 3947 678 3990 aut
733 3938 810 3992 eis
862 3947 1045 3991 contra
1100 3937 1445 4004 Evangelium
1513 3935 1846 3989 credebatur.
1897 3935 2000 3990 Sed

422 4042 762 4100 posti-aquam
789 4030 859 4084 illi
885 4028 1134 4082 furiosam
1162 4028 1503 4096 pertinaciam
1527 4042 1692 4095 usque
1712 4027 1778 4079 ad
1799 4027 2004 4081 dissen-

421 4122 623 4174 sionem
656 4121 963 4186 sacrilegam
992 4131 1174 4174 contra
1221 4128 1386 4172 totum
1429 4117 1612 4170 orbem
1657 4117 2002 4171 christianum

421 4212 762 4264 Contentione
795 4208 1208 4263 ob~tinatissima
1241 4207 1634 4276 perduxerunt,
1665 4218 1822 4277 atque
1854 4207 2003 4261 iuno-

425 4301 525 4354 tuit
547 4301 698 4354 bouis
725 4299 966 4354 fidelibus
987 4314 1119 4368 quos
1142 4313 1170 4350 a
1199 4298 1485 4352 Casciliano
1519 4297 1840 4352 alienaverat
1874 4297 2005 4351 falsa

425 4388 725 4442 criminatio
753 4404 766 4439 :
799 4388 1043 4440 viderunt
1068 4401 1143 4448 se,
1179 4387 1222 4439 si
1266 4387 1317 4439 in
1365 4387 1452 4439 illa
1483 4387 1856 4441 communione
1881 4401 2004 4456 per-

422 4481 688 4540 sisterent,
741 4494 842 4530 nou
862 4477 970 4544 jam
1015 4477 1080 4530 de
1119 4476 1347 4544 quodam
1408 4477 1642 4539 homine,
1677 4477 1757 4532 vel
1790 4477 1855 4531 de
1884 4478 2004 4546 qui-

427 4571 648 4625 busdam
697 4569 1018 4633 hominibus,
1064 4569 1155 4622 sed
1195 4568 1263 4622 de
1311 4569 1546 4623 Ecclesia
1593 4577 1702 4624 toto
1747 4578 2004 4623 terrarum

424 4664 553 4716 orbe
587 4661 772 4716 diffusa
808 4677 1022 4728 pravum
1070 4660 1264 4714 habere
1304 4659 1588 4728 judicium;
1619 4669 1673 4713 et
1708 4661 2008 4714 maluerunt

425 4753 622 4806 Christi
658 4752 960 4821 Evangelii»,
989 4765 1144 4821 quam
1175 4750 1494 4818 collegarum
1522 4749 1747 4803 concilio
1764 4749 2002 4804 credere.

428 4844 608 4914 Itaque
637 4844 737 4897 illis
765 4843 979 4906 relictis,
1014 4858 1134 4896 mox
1179 4841 1242 4894 ad
1283 4841 1594 4895 catholicam
1624 4855 1806 4909 pacem
1833 4841 2004 4905 multi,

426 4950 479 4994 et
510 4938 776 5008 episcopi,
807 4947 858 4992 et
884 4935 1094 4996 clerici,
1122 4943 1176 4987 et
1211 4933 1389 5002 populi
1432 4932 1706 4986 redierunt
1741 4949 1752 4986 :
1783 4931 1922 5002 quod
1955 4939 2010 4986 et

427 5039 709 5100 antequam
760 5029 1015 5090 facerent,
1076 5026 1131 5080 in
1171 5025 1345 5079 tritico
1397 5023 1808 5092 deputabantur.
1859 5023 2010 5078 'l‘unc

425 5123 569 5177 enim
598 5138 702 5174 non
732 5119 1015 5183 faciebant,
1048 5133 1167 5172 cum
1198 5117 1452 5172 advorsus
1477 5116 1719 5172 homines
1741 5117 1879 5172 male
1906 5117 2009 5172 sibi

428 5228 456 5265 a
489 5211 708 5280 collegis
756 5208 1078 5270 insinuatos,
1122 5224 1226 5261 non
1267 5207 1520 5262 adversus
1561 5207 1849 5261 Ecclesiam
1894 5207 2008 5273 Dei,

428 5320 546 5374 qua:
595 5304 644 5355 in
686 5301 888 5354 cunctis
914 5299 1159 5368 gentibus
1202 5299 1413 5363 crescit,
1459 5299 1546 5352 illa
1590 5315 1774 5354 eorum
1801 5309 2014 5354 contra-

428 5393 588 5451 t't:tio
626 5392 892 5448 nitebatur
916 5391 958 5442 '.
991 5389 1169 5460 Itaque
1208 5398 1262 5445 et
1306 5389 1357 5444 in
1401 5389 1576 5449 Africa
1609 5391 1835 5447 triticum
1871 5389 2013 5461 quod

496 5630 515 5697 ξ
553 5630 690 5697 rutili,
713 5624 1306 5697 veraciter._t=lor_iare_i_isis
1328 5626 1766 5697 codex,_feraciter,

493 5690 516 5720 *
547 5691 618 5736 sic
641 5689 950 5737 l-‘loriacensis
973 5695 1053 5736 tus.
1079 5695 1128 5736 Αι
1151 5688 1286 5749 editi,
1312 5688 1624 5739 caturadictio
1645 5688 1910 5741 tenebatur.

493 5767 566 5825 (a)
592 5774 754 5826 supra,
771 5780 873 5829 cap.
907 5768 978 5828 ts,
1004 5782 1049 5816 n.
1089 5766 1156 5814 l6.

1179 365 1446 420 CONTRA
1486 356 1912 416 DONATISTAS
1958 355 2312 422 EPISTULA,
2356 373 2528 414 vumo
2579 359 2666 413 DE
2698 359 3014 428 UNITATE,
3056 374 3177 415 ετο.

3595 366 3698 428 ιιι

2120 469 2285 525 Filius
2331 471 2560 526 hominis
2587 474 2972 538 seminaverat,
3005 475 3234 530 triticum
3278 477 3473 534 mansit
3505 499 3516 533 :
3548 493 3603 536 et
3630 501 3698 539 ex

2117 559 2209 614 illo
2235 577 2400 629 usque
2428 562 2601 616 adhuc
2625 565 2809 624 crevit,
2840 576 2894 619 et
2919 567 3130 631 crescit,
3167 578 3221 622 et
3247 569 3500 639 deinceps
3529 588 3698 644 uSque

2117 653 2182 706 ad
2229 669 2454 708 messem
2509 654 2845 710 fruetilicabit
2885 667 2938 711 et
2989 668 3213 724 crescet,
3265 661 3401 716 sicut
3454 664 3506 718 iu
3549 669 3697 722 omni

2055 741 2096 763 "
2116 746 2332 800 mundo.

2187 837 2273 890 74.
2315 837 2560 892 Nonnulli
2591 841 2750 894 etiam
2773 841 2926 895 bona:
2950 842 3258 911 voluntatis,
3302 861 3396 915 per
3424 850 3696 907 carnalem

2113 928 2414 996 caliginem,
2447 932 2604 983 etiam
2636 942 2750 999 post
2778 934 3147 988 confirmatum
3187 946 3370 990 contra
3403 939 3699 995 Ecclesium

2116 1017 2205 1072 Dei
2245 1019 2592 1088 malignorum
2641 1020 2895 1084 furorem.
2929 1023 2980 1076 in
3011 1024 3096 1077 illa
3125 1026 3458 1082 dissensione
3494 1031 3697 1088 diutius

2111 1118 2442 1173 erraverunt,
2478 1121 2725 1178 tanquam
2761 1113 2805 1165 si
2848 1113 3022 1167 adhuc
3053 1116 3227 1170 mollia
3253 1119 3696 1177 conculcarentur

2112 1196 2396 1265 frumenta,
2449 1210 2502 1254 et
2545 1202 2724 1256 radice
2765 1204 2878 1257 viva
2917 1203 3094 1259 herba:
3129 1207 3278 1276 vigor
3329 1218 3689 1266 altereretur:

2110 1289 2268 1342 etiam
2297 1290 2406 1358 ipsa
2431 1300 2605 1346 tamen
2637 1294 2899 1349 frumenta
2918 1312 3011 1350 sua
3034 1309 3251 1353 noverat
3275 1300 3431 1361 Deus.
3450 1306 3697 1372 quamvis

2111 1389 2170 1434 ut
2212 1383 2592 1438 reviviscerent
2633 1387 2899 1454 arguenda
2928 1398 2983 1442 et
3022 1389 3360 1458 increpanda.
3401 1393 3516 1448 Non
3545 1396 3691 1452 enim

2109 1485 2176 1526 eo
2203 1473 2362 1527 modo
2380 1473 2577 1529 dictum
2599 1486 2681 1532 est
2694 1477 2872 1542 Petro,
2889 1477 3021 1532 Redi
3031 1490 3142 1550 post
3154 1497 3250 1544 me,
3263 1479 3456 1536 Salano
3473 1485 3691 1552 (Matth.

2111 1578 2223 1629 xw,
2254 1565 2324 1618 23
2344 1567 2363 1636 )
2385 1582 2398 1630 ;
2431 1567 2696 1636 quomodo
2721 1568 2918 1624 dictum
2941 1579 3024 1624 est
3049 1570 3117 1626 de
3131 1570 3284 1636 Juda,
3311 1570 3456 1628 Unus
3474 1592 3536 1629 ea:
3553 1577 3695 1632 vobis

2107 1653 2337 1709 diabolus
2355 1665 2431 1711 est
2475 1656 2669 1727 (Joan.
2702 1675 2774 1724 vr,
2807 1662 2867 1714 7f
2893 1659 2933 1730 ).
2958 1661 3183 1728 Quidam
3217 1679 3428 1734 quoque
3454 1676 3508 1720 et
3537 1683 3695 1736 apru—

2107 1745 2326 1800 tissima:
2354 1749 2560 1802 veritati
2588 1750 2728 1805 malo
2752 1751 2926 1806 studio
2952 1752 3390 1810 contradixerunt
3417 1775 3430 1810 :
3466 1758 3538 1813 illi
3561 1776 3692 1816 vero

2106 1835 2359 1890 eradicati
2389 1839 2469 1892 vel
2500 1840 2704 1906 przecisi
2733 1849 2917 1906 erant;
2959 1843 3052 1898 sed
3085 1860 3189 1897 non
3236 1858 3611 1913 permanentes
3639 1854 3690 1906 iu

2105 1922 2434 1993 infidelitate,
2454 1928 2592 1983 sicut
2615 1929 2685 1984 de
2712 1931 3026 2000 quibusdam
3055 1935 3219 1990 ramis
3246 1935 3425 1992 fractis
3457 1940 3690 2008 Aposto-

2104 2015 2190 2071 lus
2215 2017 2364 2084 dicit,
2397 2034 2554 2074 manu
2581 2021 2756 2075 divina
2793 2023 3106 2090 replantati,
3152 2034 3247 2079 aut
3273 2026 3468 2082 iterum
3505 2030 3689 2084 inserti

2102 2117 2226 2162 sunt
2254 2108 2430 2180 (Rom.
2466 2126 2542 2175 ιι,
2578 2112 2791 2182 17-25).
2818 2113 2967 2168 Tunc
2992 2115 3133 2168 enim
3162 2117 3384 2186 quisque
3407 2118 3692 2175 iufruetum

2103 2213 2214 2265 sus,
2246 2209 2300 2255 et
2327 2201 2563 2256 nondum
2590 2219 2618 2255 a
2650 2203 2826 2258 radice
2856 2210 3108 2272 praecisus
3129 2214 3240 2269 est,
3271 2222 3392 2262 cum
3433 2211 3567 2263 mala
3597 2227 3691 2266 eu-

2105 2291 2325 2360 piditate
2359 2293 2468 2363 agit
2490 2294 2701 2362 quidem
2734 2296 2817 2349 illa
2841 2310 3002 2365 opera
3036 2295 3103 2351 de
3141 2297 3331 2366 quibus
3355 2300 3550 2354 dictum
3581 2313 3688 2366 est,

2107 2381 2358 2448 Quoniam
2398 2387 2484 2455 qui
2511 2387 2634 2439 talia
2662 2397 2840 2455 agunt,
2871 2404 3080 2458 regnum
3109 2388 3199 2442 Dei
3224 2406 3324 2443 non
3365 2393 3693 2460 possidebunt

2108 2475 2323 2547 (Colat.
2359 2494 2411 2544 v,
2436 2477 2501 2531 2|
2532 2477 2551 2548 )
2582 2496 2594 2530 :
2624 2479 2717 2533 sed
2761 2494 2882 2532 eum
2930 2495 3024 2546 pro
3064 2480 3192 2548 ipsis
3233 2483 3483 2550 operibus
3525 2485 3688 2537 etiam

2102 2567 2312 2622 veritati
2338 2568 2686 2637 apertissima:
2715 2585 2817 2640 qua
2847 2569 3198 2639 redarguitur,
3221 2572 3474 2627 resistere
3505 2588 3690 2643 carpe-

2104 2657 2196 2724 rit,
2226 2666 2350 2712 tunc
2398 2659 2722 2727 praeciditur.
2755 2659 2822 2712 Et
2869 2660 3018 2712 multi
3057 2659 3186 2714 tales
3229 2671 3353 2715 sunt
3391 2661 3442 2716 in
3495 2663 3688 2717 Sacra-

2104 2759 2404 2804 mentorum
2435 2751 2806 2806 communione
2833 2766 2952 2805 eum
2988 2753 3244 2818 Ecclesia,
3273 2763 3329 2808 et
3359 2763 3533 2808 tamen
3571 2754 3686 2824 jam

2105 2859 2209 2896 non
2247 2852 2372 2896 sunt
2401 2842 2452 2896 in
2480 2843 2740 2898 Ecclesia.
2786 2844 3036 2913 AliOquin
3067 2845 3110 2898 si
3145 2855 3272 2900 tunc
3295 2847 3515 2916 quisque
3546 2863 3689 2916 pra:-

2103 2932 2315 2997 ciditur,
2343 2947 2464 2987 cum
2494 2934 2770 2988 visibiliter
2800 2936 3328 2997 exconununicatur;
3358 2952 3693 3005 consequens

2103 3024 2205 3078 erit
2230 3031 2288 3078 ut
2317 3032 2438 3077 tunc
2465 3040 2648 3078 rursus
2678 3025 2964 3089 inseratur,
3004 3042 3125 3080 cum
3154 3027 3428 3080 visibiliter
3451 3043 3693 3082 commu-

2104 3114 2248 3168 nioni
2280 3114 2594 3168 restituitur.
2627 3115 2763 3183 Quid
2799 3115 2841 3170 si
2881 3131 3010 3186 ergo
3063 3116 3216 3171 fictus
3251 3118 3502 3184 accedat,
3532 3129 3696 3189 atque

2103 3205 2360 3262 adversus
2397 3206 2674 3260 veritatem
2715 3215 2770 3260 et
2808 3208 3096 3262 Ecclesiam
3129 3223 3224 3262 eor
3269 3209 3695 3265 inimiciSsimum

2105 3305 2274 3364 gerat,
2304 3297 2550 3364 quamvis
2573 3306 2853 3367 peragatur
2879 3298 2932 3351 in
2961 3313 3026 3351 eo
3053 3298 3142 3352 illa
3173 3299 3502 3365 solemnitas,
3530 3318 3696 3356 itum-

2104 3388 2231 3457 quid
2272 3389 2685 3455 reconciliatur,
2717 3389 2970 3458 numquid
3014 3389 3299 3444 inseritur?
3341 3391 3509 3445 Absit.
3543 3391 3700 3448 Sicut

2104 3494 2232 3549 ergo
2253 3480 2362 3549 jam
2399 3480 2575 3535 denuo
2611 3483 3012 3535 communicans
3039 3481 3272 3535 nondum
3307 3482 3535 3537 insertus
3571 3495 3694 3550 est;

2105 3571 2181 3626 sic
2205 3581 2258 3626 et
2285 3581 2566 3641 antequam
2598 3573 2878 3627 visibililer
2903 3575 3414 3638 excommunicetur,
3447 3577 3696 3646 quiSquis

2104 3671 2288 3716 contra
2317 3662 2610 3726 veritatem,
2638 3678 2741 3731 qua
2783 3662 3115 3716 convincitur
3139 3666 3195 3717 et
3221 3665 3483 3732 arguitur,
3517 3667 3702 3720 inimi-

2104 3769 2226 3808 cum
2260 3763 2430 3823 gestat
2470 3754 2704 3808 animum
2727 3795 2742 3820 ,
2777 3755 2885 3822 jam
2921 3753 3171 3823 pmcisus
3208 3764 3310 3807 est.
3345 3754 3416 3808 Ita
3453 3756 3511 3809 lit
3551 3767 3611 3809 ut
3642 3770 3702 3813 et

2105 3861 2289 3900 semen
2319 3845 2512 3899 bonum
2531 3887 2545 3910 ,
2578 3854 2632 3899 et
2663 3859 2844 3902 semen
2880 3845 3097 3909 malum,
3133 3853 3354 3914 utraque
3384 3861 3477 3912 per
3507 3863 3702 3916 agrum

2105 3944 2348 3990 crescant
2378 3951 2542 4004 usque
2574 3936 2640 3990 ad
2683 3950 2911 3990 messem
2941 3952 2954 3988 :
2987 3936 3036 3989 id
3065 3943 3176 4002 est,
3207 3947 3261 3990 et
3291 3937 3382 3991 ﬁlii
3427 3941 3574 4006 regni
3596 3981 3610 4003 ,
3640 3952 3703 3995 et.

2107 4027 2200 4081 filii
2226 4027 2439 4096 maligni
2471 4027 2678 4096 utrique
2709 4044 2803 4096 per
2845 4027 3102 4081 mundum
3133 4038 3377 4082 crescant
3427 4045 3594 4098 usque
3639 4031 3700 4084 in

2108 4118 2264 4170 tinent
2293 4116 2508 4181 szcculi;
2543 4116 2647 4171 illis
2675 4117 2902 4173 fructum
2926 4118 3214 4173 ferentibus
3241 4134 3361 4172 cum
3391 4119 3702 4188 tolerantia,

2110 4207 2211 4260 illis
2231 4223 2352 4260 cum
2381 4208 2660 4261 sterilitate
2687 4207 3122 4262 amaricantibus.

2181 4297 2268 4353 75.
2315 4295 2420 4350 Vos
2446 4305 2621 4350 autem
2661 4297 2944 4350 innitentes
2978 4305 3055 4350 tot
3097 4296 3512 4352 evidentissimis
3543 4301 3704 4354 testi~

2109 4389 2303 4443 moniis
2331 4387 2508 4457 Legis,
2544 4387 2949 4457 Prophetarum,
2991 4387 3358 4453 Psalmorum,
3387 4390 3550 4458 ipsius
3589 4391 3704 4444 Do-

2110 4480 2259 4543 mini,
2284 4489 2331 4533 et
2366 4478 2764 4547 Apostolorum,
2805 4477 2874 4532 de
2917 4491 3098 4532 sancta
3130 4480 3366 4534 Ecclesia
3395 4491 3505 4536 toto
3535 4494 3707 4538 terra-

2110 4586 2226 4624 rum
2265 4569 2396 4624 orbe
2436 4569 2647 4633 dilfusa,
2698 4569 2897 4638 exigite
2941 4568 3010 4622 ab
3055 4569 3170 4624 istis
3215 4579 3271 4623 ut
3313 4572 3594 4626 ostendant
3631 4573 3707 4628 de

2110 4659 2309 4723 Africa,
2344 4659 2484 4730 quod
2513 4660 2703 4714 attinet
2731 4660 2795 4713 ad
2827 4670 3029 4729 partem
3061 4661 3282 4728 Donati,
3313 4663 3486 4732 aliqua
3525 4666 3704 4718 maui-

2113 4753 2242 4808 festa
2293 4753 2360 4808 de
2403 4752 2672 4807 canonicis
2715 4752 2888 4807 Libris
2930 4753 3258 4809 testimonia.
3298 4755 3482 4824 Neque
3529 4757 3704 4822 enim,

2110 4845 2248 4900 sicut
2284 4846 2393 4915 jam
2435 4846 2579 4909 dixi,
2613 4845 2720 4898 ullo
2747 4843 2906 4899 modo
2953 4844 3064 4899 fieri
3112 4855 3289 4914 posset
3337 4856 3394 4899 ut
3439 4847 3706 4912 Ecclesia,

2112 4940 2250 4994 sicut
2277 4938 2478 5003 dicunt,
2510 4936 2732 5006 etquod
2760 4937 2916 5002 absit,
2950 4947 3053 4990 tam
3099 4937 3206 4991 cito
3233 4952 3299 4991 ex
3345 4947 3420 4992 tot
3449 4941 3706 5006 gentibus

2115 5033 2368 5101 peritura,
2401 5040 2475 5085 tot
2496 5030 2814 5084 testimoniis
2838 5039 2943 5084 tam
2961 5029 3262 5084 sublimiter
3277 5040 3330 5086 et
3353 5041 3456 5084 tam
3487 5032 3691 5087 indubi-

2115 5131 2289 5176 tanter
2310 5121 2716 5191 praedicaretur;
2736 5129 2790 5174 et
2803 5119 2870 5174 de
2893 5121 3012 5182 ista,
3036 5135 3192 5190 quam
3216 5121 3420 5187 volunt,
3443 5139 3556 5185 sua.
3581 5139 3708 5193 quas

2116 5229 2284 5283 usque
2310 5213 2360 5266 in
2395 5212 2576 5277 finem,
2599 5211 2735 5265 sicut
2760 5197 3106 5282 contendunt,
3133 5227 3476 5280 permansura
3507 5213 3709 5281 fuerat,

2117 5313 2399 5358 taceretur.
2429 5302 2751 5356 Mementote
2781 5303 2922 5356 enim
2947 5302 3074 5372 quid
3111 5303 3182 5356 illi
3212 5303 3360 5356 diviti
3383 5303 3584 5358 dictum
3609 5305 3706 5370 Sil,

2117 5411 2238 5451 cum
2295 5393 2432 5462 apud
2481 5391 2679 5448 inferos
2719 5401 3073 5462 torqueretur,
3123 5402 3178 5446 et
3229 5393 3294 5446 ad
3337 5393 3525 5448 fratres
3576 5412 3710 5452 suos

2119 5487 2351 5556 aliquem
2379 5501 2443 5540 ex
2471 5485 2695 5539 mortuis
2723 5485 2857 5538 mitti
2882 5484 3060 5538 vellet.
3095 5482 3296 5537 Habent
3323 5486 3463 5550 illic,
3511 5486 3712 5554 inquit,

2123 5579 2334 5650 Moysen
2369 5588 2415 5632 et
2454 5576 2756 5646 PrOphctas.
2802 5577 2868 5630 Et
2911 5591 3032 5630 cum
3082 5577 3170 5632 ille
3198 5577 3420 5642 diceret,
3464 5593 3568 5631 non
3611 5594 3714 5632 eos

2121 5671 2435 5732 credituros,
2480 5668 2578 5721 nisi
2614 5667 2677 5721 ad
2709 5683 2801 5722 eos
2833 5668 2961 5722 isset
3001 5667 3191 5737 aliquis
3232 5677 3561 5722 mortuorum
3593 5685 3605 5719 :
3641 5668 3710 5720 Si

2130 5761 2357 5831 Moysen,
2390 5759 2575 5827 inquit,
2601 5769 2643 5809 et
2673 5756 2954 5826 I’i'bphetas
2995 5774 3093 5812 non
3123 5757 3374 5823 audiunt,
3403 5775 3491 5812 nec
3518 5759 3559 5812 si
3590 5760 3708 5825 quis
