4066 6200
457 355 561 411 847

458 476 641 529 venire
658 479 957 541 potuerunt;
973 483 1092 535 qum
1114 466 1204 520 tibi
1223 466 1392 520 visum
1417 476 1502 519 est
1526 465 1783 519 adversus
1811 479 1872 520 ea
1900 463 2035 518 scri-

459 567 584 621 bere
610 563 824 625 debere,
858 576 975 628 quae
1001 558 1259 612 Petiliam
1292 558 1523 611 Cirtensi
1561 556 1815 625 episcopo
1856 564 2041 610 vestro

459 655 788 710 iterationem
820 649 1073 721 Baptismi
1110 659 1353 705 astruere
1395 648 1669 711 ttiolieuti,
1702 656 1757 702 et
1794 662 2036 702 commu-

461 750 671 801 nionem
702 754 937 799 nostram
958 759 1061 797 non
1083 742 1522 797 documentorum
1546 737 1782 810 pondere
1809 739 2038 808 urgenti,

453 836 549 891 sed
578 835 983 890 maledictorum
1010 833 1224 889 levitate
1243 832 1566 897 criminanti,
1598 840 1655 885 ut
1680 830 1828 899 potui
1859 830 2040 885 brevi-

454 938 564 1000 ter“
585 943 682 995 pro
718 936 866 995 parte
908 925 1158 994 respondi
1222 924 1334 977 Non
1367 923 1509 977 enim
1539 930 1647 975 tota
1673 921 1790 990 ejus
1815 920 2042 989 cpistola

457 1023 745 1075 in'manus
777 1034 922 1074 meas
954 1026 1079 1073 tunc
1120 1026 1361 1083 venerat,
1403 1015 1498 1071 sed
1531 1030 1690 1084 parva
1714 1029 1843 1085 pars
1873 1015 2039 1084 prior.

454 1111 605 1179 Quod
634 1127 730 1165 cur
755 1111 1029 1176 acciderit,
1057 1109 1184 1179 quid
1224 1124 1358 1177 opus
1385 1117 1467 1161 est
1493 1121 1736 1177 quaerere
1759 1147 1774 1171 ,
1801 1105 2046 1175 quando-

454 1203 668 1269 quidem
685 1217 806 1257 cum
834 1201 898 1255 ad
922 1216 1018 1254 nos
1036 1208 1216 1269 postea
1236 1199 1480 1252 universa
1498 1196 1759 1267 pervenit,
1779 1195 2044 1249 universae

456 1292 781 1361 respondere
814 1307 917 1345 non
948 1290 1144 1360 piguit?
1174 1289 1266 1344 llis
1290 1303 1421 1357 ergo
1451 1287 1641 1342 litteris
1669 1287 1793 1350 tuis,
1823 1301 1955 1356 quas
1975 1285 2043 1341 ad

456 1398 543 1439 me
568 1382 778 1446 dedisti,
813 1382 857 1437 si
887 1396 992 1435 non
1021 1380 1393 1441 rescriberem,
1438 1378 1667 1432 fortasse
1694 1376 2045 1431 contumelio-

456 1487 572 1526 sum
605 1480 822 1541 putares
856 1470 1037 1540 :quod
1084 1478 1259 1523 autem
1304 1468 1563 1534 rescribo,
1608 1481 1821 1522 rursum
1853 1480 2046 1521 vereor

459 1578 527 1617 ne
552 1563 940 1617 contentiosum
963 1569 1135 1631 putes.
1160 1560 1263 1615 Sed
1291 1560 1335 1615 si
1359 1569 1414 1613 tu
1432 1560 1662 1614 inventis
1678 1559 1868 1614 litteris
1885 1559 2039 1625 meis,

459 1667 565 1707 non
592 1653 657 1708 ad
686 1661 737 1709 te
760 1652 920 1718 datis,
952 1662 1153 1707 tantum
1181 1652 1302 1721 quia
1326 1652 1635 1721 episcopum
1659 1651 1826 1720 partis
1853 1650 2045 1705 Donati

456 1744 541 1797 vel
574 1745 739 1812 ipsam
771 1752 974 1813 partem
1010 1744 1198 1798 Donati
1230 1742 1553 1813 redarguere
1578 1741 1896 1796 videbantur
1918 1782 1933 1807 ,
1975 1740 2043 1796 ad

453 1833 688 1888 officium
717 1842 863 1888 tuum
890 1834 1158 1902 pertinere
1184 1833 1473 1887 arbitratus
1498 1847 1588 1899 es,
1620 1847 1742 1887 cum
1770 1831 1865 1886 tibi
1894 1845 2044 1886 esses

455 1926 681 1993 alicujus
707 1926 951 1980 conscius
982 1924 1246 1979 facultatis
1265 1966 1279 1989 ,
1311 1924 1582 1992 suscipere
1611 1930 1770 1993 atque
1796 1936 2045 1978 exserere

454 2014 930 2069 contradictionem
949 2055 966 2082 ,
997 2015 1116 2084 quia
1140 2014 1257 2084 ejus
1278 2013 1670 2069 communionis
1692 2029 1774 2081 es,
1801 2014 2045 2084 quamvis

457 2105 599 2160 nulla
654 2104 923 2159 functioue
965 2104 1235 2159 clericatui
1271 2104 1521 2158 astrictus
1568 2121 1583 2158 :
1619 2112 1818 2173 quanto
1861 2103 2044 2158 minus

458 2196 586 2250 mihi
614 2196 764 2251 licuit
791 2212 885 2265 pro
911 2211 1131 2250 munere
1160 2195 1383 2249 sarcina:
1414 2209 1577 2259 mete,
1612 2194 1695 2247 vel
1712 2202 1909 2248 contra
1936 2193 2043 2249 Pe-

458 2286 693 2340 tilianmn
726 2286 807 2339 vel
848 2295 1030 2339 contra
1077 2293 1128 2339 te
1170 2285 1341 2354 ipsum
1383 2293 1579 2349 tacere,
1608 2298 1729 2337 cum
1758 2282 1846 2337 ille
1872 2298 2044 2352 oppu-

455 2384 643 2445 gnaret
680 2375 966 2430 Ecclesium
1010 2390 1109 2445 pro
1144 2390 1249 2445 qua
1275 2374 1484 2440 milito;
1516 2384 1570 2428 tn
1595 2385 1774 2429 autem
1803 2374 1852 2427 in
1883 2373 2044 2429 simili

457 2484 619 2537 opere
644 2468 802 2523 etiam
831 2468 1140 2521 nominatim
1167 2467 1232 2521 ad
1254 2482 1345 2521 me
1372 2467 1712 2534 institueres,
1736 2481 2040 2537 premeres,

457 2561 933 2630 conscriberesque
960 2560 1305 2615 sermonem?

527 2650 581 2703 2.
610 2650 665 2703 In
692 2650 842 2719 cujus
870 2650 1052 2719 primis
1077 2650 1317 2719 partibus
1361 2648 1642 2715 laborasti,
1690 2658 1747 2704 ut
1787 2658 2043 2719 suspecta

459 2740 765 2795 hominibus
808 2741 1109 2811 eloquentia
1158 2741 1447 2795 videretur.
1489 2741 1621 2795 Nam
1650 2742 1793 2797 velut
1822 2740 2043 2796 laudans

458 2849 624 2903 genus
650 2833 857 2888 dicendi
895 2848 1070 2887 meum
1097 2872 1111 2897 ,
1151 2840 1206 2887 et
1248 2847 1436 2887 rursus
1461 2832 1603 2887 velut
1630 2833 1823 2887 timens
1849 2848 1915 2917 ne
1940 2832 2043 2888 hoc

458 2939 653 2994 genere
666 2934 718 2978 te
729 2923 813 2979 vel
827 2938 1143 2992 quemquam
1169 2921 1299 2977 falsa
1322 2923 1693 2993 persuadendo
1713 2923 2040 2995 decipercm,

455 3016 508 3070 in
535 3016 926 3069 accusationem
960 3017 976 3047 ί
1007 3015 1172 3085 ipsius
1203 3014 1519 3084 eloquentia:
1557 3015 1858 3086 perrexisti,
1888 3015 2043 3071 adhi-

455 3105 589 3160 bens
618 3106 777 3159 etiam
810 3104 1173 3158 testimonium
1207 3103 1463 3158 adversus
1493 3119 1610 3158 eam
1651 3104 1720 3160 de
1753 3102 2044 3175 Scripturis

452 3196 673 3259 sanctis,
706 3195 792 3249 ubi
833 3195 1031 3249 dictum
1075 3203 1229 3263 putes
1254 3196 1296 3259 ³,
1330 3194 1413 3248 Ea:
1440 3196 1601 3249 multa
1629 3198 1911 3267 eloquentia
1940 3216 2041 3253 non

452 3284 663 3356 eﬂ'agies
696 3288 954 3356 peccatum
986 3302 1005 3338 :
1033 3299 1151 3339 cum
1184 3283 1383 3338 dictum
1411 3300 1515 3339 non
1547 3285 1636 3352 sit,
1666 3300 1728 3341 ea;
1750 3287 1911 3341 multa
1935 3292 2041 3343 elo-

453 3378 695 3446 quentia;
736 3376 831 3432 scd
854 3416 870 3442 ,
919 3392 982 3430 ex
1020 3375 1333 3443 multiloquio
1361 3374 1543 3448 (Prov.
1574 3393 1628 3442 κ,
1662 3376 1773 3447 19).
1807 3374 2040 3432 Multilo-

453 3469 634 3539 quium
665 3476 842 3524 autem
882 3475 964 3522 est
1007 3466 1274 3536 superﬂua
1323 3466 1539 3534 locutio,
1596 3469 1783 3523 vitium
1838 3470 2042 3524 scilicet

454 3558 702 3630 loquendi
732 3574 914 3614 amore
942 3567 1290 3613 contractum.
1323 3558 1641 3627 Plerumque
1687 3570 1864 3614 autem
1896 3561 2038 3630 loqui

454 3660 681 3716 amant,
739 3650 896 3704 etiam
945 3650 1035 3718 qui
1088 3649 1336 3703 nesciunt
1394 3649 1519 3718 quid
1574 3650 1895 3718 loquantur,
1950 3653 2035 3705 vel

454 3742 722 3812 quomodo
752 3741 1053 3811 loquantur,
1084 3740 1197 3794 sive
1224 3740 1291 3794 ad
1322 3741 1603 3795 sanitatem
1628 3740 2035 3806 sententiarum,

453 3834 566 3888 sive
589 3832 654 3887 ad
686 3833 855 3902 ipsum
878 3832 966 3902 qui
996 3839 1111 3885 arte
1134 3831 1475 3900 grammatica
1504 3830 1750 3898 discitur,
1775 3831 2037 3900 integrum

454 3942 643 3981 sonum
689 3924 1038 3993 ordinemque
1085 3923 1390 3978 verborum.
1438 3923 1750 3993 Eloquentia
1796 3938 1927 3977 vero
1956 3923 2037 3977 fa-

457 4018 629 4074 cultas
652 4016 859 4071 dicendi
898 4024 999 4079 est,
1028 4024 1388 4085 congruenter
1413 4013 1686 4082 explicans
1717 4029 1835 4084 quae
1863 4014 2035 4071 senti-

454 4127 574 4166 mus
606 4130 618 4165 :
648 4126 748 4180 qua
778 4118 905 4163 tunc
934 4107 1190 4162 utendum
1226 4116 1308 4160 est
1332 4148 1350 4171 ,
1393 4121 1518 4161 cum
1556 4115 1700 4160 recta
1752 4106 2033 4160 sentimus.

452 4203 565 4257 lloc
612 4200 769 4255 modo
818 4215 877 4253 ea
922 4214 1029 4252 non
1066 4198 1143 4251 usi
1171 4206 1285 4251 sunt
1317 4196 1556 4250 Iumetici.
1598 4194 1730 4249 Nam
1774 4196 1951 4264 utique
1990 4196 2037 4249 si

448 4302 590 4347 recta
612 4291 929 4352 sensissent,
957 4304 1061 4341 non
1088 4288 1261 4340 solum
1292 4286 1421 4341 nihil
1450 4284 1599 4350 mali,
1630 4300 1811 4340 verum
1834 4294 1887 4338 et
1914 4286 2035 4341 boni

450 4381 644 4451 aliquid
682 4389 857 4445 esset,
887 4379 1026 4448 quod
1058 4380 1369 4446 eloquenter
1400 4379 1670 4447 explicare
1717 4378 2033 4446 potuissent.

450 4472 666 4528 Frustra
694 4471 851 4540 igitur
878 4471 1100 4523 istorum
1132 4469 1498 4538 exemplorum
1526 4468 2036 4525 commemoratione

447 4563 709 4618 accusasti
761 4561 1139 4630 eloquentiam.
1190 4559 1374 4629 Neque
1417 4561 1560 4615 enim
1604 4571 1885 4631 propterea
1940 4576 2035 4631 pm

450 4654 618 4724 patria
663 4666 769 4705 non
812 4660 892 4705 est
921 4650 1074 4705 miles
1099 4651 1406 4717 armandus,
1438 4651 1557 4721 quia
1584 4662 1767 4706 contra
1811 4653 2034 4722 patriam

1218 350 1490 407 CONTRA
1531 348 1964 405 CRESCONIUM
1999 348 2454 415 DUNATISTAN,
2496 351 2553 407 S.
2585 352 2947 410 AUGUSTINI

3627 366 3727 422 ΗΒ

2150 460 2384 515 nonnulli
2420 477 2568 516 arma
2600 474 2944 534 sumpserunt
2976 481 3109 522 :aut
3133 468 3255 525 ideo
3284 471 3359 527 uti
3402 478 3509 529 non
3536 475 3731 533 debent

2145 551 2269 605 boni
2296 561 2349 606 et
2371 553 2513 607 docti
2544 554 2736 610 medici
2757 555 3096 613 ferramentis
3121 560 3528 621 medicinalibus
3550 567 3619 621 ad
3646 584 3729 622 sa-

2146 643 2332 710 lutem,
2364 646 2485 714 quia
2517 646 2599 701 his
2623 647 2690 701 ad
2715 650 3010 717 perniciem
3054 653 3213 707 etiam
3246 654 3442 711 indocti
3486 662 3724 730 pessimi-

2145 748 2248 803 que
2291 736 2599 791 abutuntur.
2639 739 2769 804 Quis
2811 740 2955 795 enim
2994 743 3181 804 nescit,
3206 745 3365 801 sicuti
3393 759 3475 803 est
3498 760 3587 805 aut
3614 752 3725 809 fue-

2146 825 2252 878 rint
2284 825 2301 856 ¹
2330 841 2391 880 ea
2417 842 2536 895 qua:
2560 838 2908 898 quaeruntur;
2943 833 3015 887 ita
3053 835 3411 905 eloquentiam
3429 881 3444 903 ,
3474 839 3577 897 hoc
3605 854 3688 898 est
3712 888 3729 911 ,

2147 915 2390 983 peritiam
2436 915 2852 990 facultatemth
2899 921 3111 979 dicendi
3156 926 3237 981 sic
3280 943 3401 985 esse
3431 931 3616 987 utilem
3647 935 3729 992 vel

2148 1003 2388 1061 inutilem
2408 1049 2424 1073 ,
2466 1018 2523 1063 ut
2559 1010 2756 1067 fuerint
2784 1014 2931 1068 utilia
2963 1015 3047 1071 vel
3078 1016 3283 1073 inutilia
3312 1036 3432 1091 qua:
3457 1022 3731 1081 dicuntur?

2147 1097 2289 1166 quod
2320 1113 2420 1154 nec
2447 1109 2497 1154 te
2522 1101 2755 1157 arbitror
2780 1104 3047 1175 ignorare.

2217 1187 2444 1244 CAPUT
2474 1190 2537 1245 ll.
2566 1222 2637 1232 —
2661 1194 2716 1249 5.
2745 1193 2870 1258 Sed,
2897 1196 3060 1253 credo
3086 1238 3109 1266 ,
3155 1214 3278 1255 cum
3322 1218 3413 1259 me
3458 1206 3668 1264 videres
3704 1225 3731 1263 a

2149 1278 2420 1334 nonnullis
2465 1283 2640 1351 putari
2682 1283 3042 1354 eloquentem,
3073 1297 3133 1344 ut
3166 1306 3195 1343 a
3227 1307 3314 1348 me
3350 1294 3563 1351 lectoris
3590 1299 3732 1353 audi-

2151 1370 2346 1425 torisve
2372 1372 2604 1429 studium
2628 1374 2964 1445 deterreres,
3016 1384 3372 1439 accusandam
3420 1389 3730 1447 existimasti

2146 1459 2507 1531 eloquentiam
2538 1482 2551 1517 :
2586 1474 2645 1519 ut
2682 1466 2794 1537 jam
2832 1470 2960 1539 quid
2989 1470 3226 1529 dicerem
3257 1490 3363 1531 non
3389 1480 3689 1538 attenderet
3716 1524 3731 1548 ,

2147 1552 2391 1622 quisquis
2420 1554 2515 1610 abs
2545 1564 2597 1611 te
2642 1561 2961 1628 perterritus
3004 1572 3256 1634 tanquam
3299 1568 3612 1639 eloquenter
3652 1589 3734 1630 me

2148 1642 2413 1699 dicentem
2441 1660 2507 1700 eo
2535 1646 2652 1717 ipso
2683 1648 2791 1718 jam
2824 1651 3117 1708 cavendum
3162 1655 3573 1731 fugiendumque
3613 1677 3734 1719 cen-

2148 1743 2312 1792 seret.
2342 1735 2475 1793 Vide
2502 1753 2651 1809 ergo,
2684 1755 2752 1795 ne
2794 1741 2894 1797 hoc
2929 1744 3070 1814 quod
3117 1745 3328 1815 fecisti,
3358 1751 3427 1805 sit
3452 1754 3576 1807 artis
3600 1756 3735 1813 illius

2147 1826 2318 1893 malm,
2349 1843 2521 1894 quam,
2579 1828 2717 1885 sicut
2752 1831 2821 1887 de
2869 1832 3091 1891 Platone
3115 1844 3569 1909 commemorasti,
3612 1861 3736 1900 non-

2148 1916 2279 1971 nulli
2304 1926 2435 1972 recte
2448 1920 2812 1989 judicaverunt
2836 1923 2900 1977 de
2924 1925 3122 1980 ciuitate
3140 1944 3202 1981 ac
3224 1930 3287 1984 de
3307 1930 3519 1987 humani
3542 1937 3736 2005 generis

2148 2007 2384 2061 societate
2407 2009 2714 2078 pellendum.
2742 2012 2868 2068 Haec
2888 2029 2998 2069 non
3021 2024 3104 2071 est
3124 2018 3449 2090 eloquentia,
3482 2040 3603 2094 qua:
3632 2029 3733 2081 uti.

2149 2116 2273 2155 nam
2296 2102 2435 2156 mild
2464 2103 2533 2157 ad
2561 2106 2880 2176 explicanda
2900 2124 2968 2164 ea
2993 2126 3111 2180 quae
3138 2114 3323 2169 sentio
3352 2131 3448 2185 pro
3472 2117 3736 2175 desiderio

2150 2192 2519 2261 provenisset:
2544 2195 2643 2250 sed
2673 2197 2915 2266 quaedam
2941 2201 3229 2269 sophistica
3262 2212 3318 2259 et
3345 2207 3575 2279 maligna
3611 2225 3733 2280 pro-

2150 2281 2343 2350 fessio,
2392 2299 2511 2353 qua:
2551 2285 2650 2340 sibi
2701 2289 2967 2358 proponit,
3010 2306 3118 2346 non
3164 2308 3228 2347 ex
3270 2296 3484 2365 animo,
3537 2301 3632 2355 sed
3672 2318 3732 2357 ex

2148 2375 2492 2430 contentione
2520 2377 2603 2430 vel
2632 2380 2955 2447 commodo,
3008 2399 3105 2452 pro
3145 2386 3397 2443 omnibus
3447 2399 3501 2445 et
3546 2403 3734 2448 contra

2148 2468 2324 2522 omnia
2356 2468 2553 2525 dicere.
2578 2472 2654 2528 De
2678 2472 2777 2528 hac
2805 2477 2826 2507 '
2857 2476 2931 2530 ait
2952 2487 3138 2533 sancta
3164 2478 3442 2552 Scriptura
3470 2502 3484 2538 :
3516 2484 3623 2551 Qui
3653 2502 3733 2540 so-

2148 2559 2361 2628 phistica
2390 2559 2629 2631 loquitur,
2686 2565 2887 2621 odibilis
2927 2578 3000 2622 est
3049 2569 3234 2640 (Eccli.
3280 2589 3484 2643 xxxvtt,
3512 2576 3628 2646 25).
3661 2577 3739 2632 Ab

2148 2647 2250 2703 hac
2285 2650 2413 2706 mihi
2451 2652 2663 2708 videtur
2700 2655 2894 2711 Paulus
2931 2662 3205 2728 apostolus
3247 2662 3583 2731 iuventutem
3646 2668 3738 2723 Ti—

2148 2740 2351 2797 mothei
2379 2744 2682 2812 prohibere,
2715 2746 2802 2801 ubi
2829 2749 2903 2803 ait
2936 2767 2948 2802 :
2981 2749 3107 2806 Noli
3132 2754 3290 2810 verbis
3309 2758 3646 2823 contendere;
3674 2761 3741 2813 ad

2144 2830 2278 2885 nihil
2297 2834 2429 2887 enim
2448 2835 2571 2888 utile
2586 2846 2678 2904 est,
2706 2838 2805 2891 nisi
2828 2840 2896 2892 ad
2920 2842 3292 2899 subt‘ersionem
3317 2848 3648 2903 audientium.
3678 2852 3743 2906 Et

2149 2938 2221 2979 ne
2243 2940 2274 2978 a
2302 2923 2552 2980 facultate
2581 2936 2727 2984 recte
2750 2929 2960 2986 dicendi
2992 2949 3113 2988 eum
3160 2937 3490 3006 prohibuisse
3520 2952 3743 3009 putare-

2152 3021 2260 3081 tur,
2289 3016 2542 3070 continuo
2566 3017 2793 3087 subjecit
2824 3038 2837 3074 :
2870 3021 3011 3077 Satis
3041 3042 3135 3095 age
3164 3037 3213 3081 te
3238 3029 3406 3098 ipsum
3432 3032 3743 3098 probabilem

2148 3106 2435 3175 aperarium
2484 3107 2781 3176 exhibendo,
2815 3128 2915 3165 non
2960 3114 3348 3186 erubescentem,
3378 3121 3579 3175 verbum
3608 3124 3743 3176 veri-

2148 3194 2264 3248 tatis
2291 3205 2425 3249 reete
2454 3205 2755 3252 tractantem
2782 3200 2801 3270 ί
2820 3200 2861 3254 ll
2891 3200 3027 3257 Tim.
3069 3221 3127 3270 ιι,
3181 3208 3269 3272 ﬂ,
3321 3208 3432 3280 15).
3478 3210 3742 3266 Nimirum

2148 3286 2326 3357 itaque
2352 3288 2446 3341 tibi
2474 3287 2589 3343 litec
2621 3291 2783 3346 animi
2817 3294 3085 3365 subrepsit
3104 3296 3336 3365 aﬂ'ectio,
3360 3301 3503 3371 quod
3528 3314 3742 3357 contra-

2146 3375 2360 3432 dicendi
2390 3380 2569 3435 studio
2600 3381 2731 3451 (non
2762 3399 2868 3452 quo
2892 3386 2959 3439 ita
2999 3388 3245 3455 sentires,
3277 3391 3371 3445 sed
3398 3408 3505 3462 quo
3530 3407 3560 3447 a
3587 3395 3745 3450 nobis

2145 3466 2493 3524 intentionem
2513 3472 2718 3527 discere
2734 3477 2959 3530 volentis
2978 3479 3268 3551 avertercs)
3291 3483 3611 3551 perbibuisti
3648 3501 3746 3541 nos

2144 3557 2478 3627 eloquentes,
2525 3571 2581 3616 et
2637 3564 2943 3633 vituperasti
2997 3569 3375 3637 eloquentiam.
3426 3573 3560 3629 Nam
3611 3593 3744 3647 quo-

2144 3649 2303 3704 modo
2341 3659 2392 3706 te
2428 3652 2531 3707 hoc
2570 3669 2635 3708 ex
2677 3656 2855 3710 animo
2885 3657 3073 3714 fecisse
3111 3662 3361 3731 credam,
3405 3681 3526 3721 cum
3573 3672 3744 3725 sciam

2143 3741 2592 3809 quemadmodum
2637 3747 2934 3815 praedicare
2975 3750 3191 3806 soleatis
3237 3755 3604 3825 eloquentiam
3642 3764 3745 3816 Do-

2142 3831 2250 3883 nati
2274 3872 2288 3893 ,
2330 3832 2698 3901 Parmeniani,
2729 3838 3058 3910 aliorumque
3104 3852 3401 3901 vestrorum
3436 3866 3450 3903 :
3479 3866 3584 3920 qua
3620 3855 3746 3923 quid

2140 3932 2287 3977 esset
2316 3926 2527 3993 utilius,
2557 3927 2602 3981 si
2632 3939 2736 3983 tam
2764 3930 2914 4001 largo
2940 3931 3157 3991 ﬂumine
3184 3951 3280 4005 pro
3319 3954 3450 4008 pace
3481 3941 3693 3999 Christi
3720 3987 3736 4010 ,

2144 4028 2241 4107 pro
2271 4015 2511 4107 unitate,
2538 4019 2786 4086 veritate,
2813 4021 3071 4080 cbaritate
3111 4028 3403 4096 proflueret
3423 4033 3447 4085 ?
3469 4032 3574 4090 Sed
3612 4038 3742 4107 quid

2141 4101 2211 4156 de
2235 4102 2355 4193 aliis
2382 4103 2609 4174 loquar?
2637 4107 2691 4161 In
2718 4118 2772 4164 te
2799 4110 2915 4181 ipso
2940 4128 3119 4170 nonne
3147 4122 3419 4186 aperuisti,
3449 4139 3612 4193 quam
3630 4101 3740 4181 non

2142 4204 2208 4246 ex
2243 4192 2444 4258 animo,
2476 4194 2569 4249 sed
2600 4212 2670 4251 ex
2700 4203 3041 4258 contentione
3070 4206 3399 4275 vituperatur
3427 4210 3594 4266 fueris
3628 4215 3740 4269 elo-

2139 4285 2368 4353 quentiae
2384 4302 2398 4350 ;
2414 4300 2532 4340 cum
2550 4297 2603 4341 et
2618 4298 2812 4345 extera
2834 4308 2951 4362 qua:
2977 4297 3235 4366 scripsisti
3259 4316 3354 4368 per
3372 4303 3740 4372 eloquentiam

2139 4376 2388 4443 suadere,
2415 4388 2468 4432 et
2495 4379 2737 4435 eamdem
2791 4383 2958 4452 ipsam
3010 4388 3366 4460 eloquentiam
3415 4396 3739 4467 eloquenter

2138 4484 2392 4525 accusare
2416 4480 2642 4526 conatus
2668 4474 2765 4528 es?
3633 4473 3642 4479 ’

2209 4561 2437 4616 CAPUT
2477 4561 2561 4616 Ill.
2595 4594 2663 4605 —
2700 4566 2756 4622 4.
2787 4566 2917 4622 Nam
2944 4572 3086 4641 quod
3119 4583 3172 4630 te
3205 4576 3372 4644 dicis,
3409 4589 3459 4632 et
3499 4592 3616 4637 arte
3653 4544 3765 4636 di-I

2142 4652 2289 4706 cendi
2316 4653 2563 4722 imparem
2610 4656 2769 4722 nobis,
2802 4668 2845 4711 et
2869 4664 3114 4731 exemplis
3151 4666 3276 4738 legis
3311 4669 3607 4727 christiana:
3652 4691 3741 4743 pe-

511 4775 629 4846 nem
651 4767 698 4846 iu
851 4762 1033 4846 Theod.
1058 4761 1097 4836 1ζ
1119 4764 1198 4846 ξι),
1221 4762 1285 4846 d‘e
1307 4770 1487 4846 limi-et.
1521 4781 1542 4809 et
1558 4780 1667 4812 ΔΛΔ.
1687 4765 1909 4846 Diotimio
1925 4776 2016 4812 suo
2038 4760 2269 4846 saliua:—
2291 4764 2550 4846 Opuntisttp
2559 4769 2928 4846 superstitionis
2958 4772 3239 4846 haereticos.
3281 4792 3591 4846 quocumque
3626 4784 3741 4845 loci,

452 4851 476 4876 α
500 4828 581 4878 vel
606 4829 834 4882 fatentes,
860 4825 940 4875 vel
964 4826 1223 4885 convicms,
1246 4825 1373 4884 legis
1396 4832 1569 4874 tenore
1600 4835 1814 4887 servato,
1840 4838 2029 4887 pmnam
2062 4825 2275 4887 debitam
2298 4826 2483 4887 absque
2506 4825 2737 4877 dilatione

2770 4832 3055 4900 persolvere
3077 4832 3398 4900 decernimus.
3426 4832 3529 4893 Dat'.
3552 4832 3598 4895 vi
3633 4832 3743 4896 idus

455 4912 476 4937 σι
499 4891 751 4957 decembr.
778 4888 828 4949 (8
846 4888 1096 4937 decembr.
1123 4900 1202 4957 an.
1222 4887 1336 4957 403A)
1364 4894 1571 4957 navenn.
1599 4886 1855 4957 Sli‘liqllOtlé
1890 4894 1993 4957 net
2019 4886 2271 4957 Anthemio
2293 4886 2420 4957 {loss}
2449 4903 2470 4931 »
2487 4893 2591 4957 tiae
2613 4886 2847 4957 Honorius
2877 4896 3127 4945 sanctione
3154 4886 3544 4954 vultitionatiwslas
3560 4886 3740 4957 balreuri

449 4964 498 5024 ut
523 4946 1105 5024 luereticos'quocumque
1131 4948 1263 5024 loco,
1274 4955 1336 5024 et
1350 4948 1876 5024 adpmnam'debitam,
1972 4955 2048 5024 est
2063 4946 2463 5024 multamdeclem
2487 4948 2715 4998 librarum
2730 4954 2857 5014 auri,
2876 4967 2986 5016 qua:
3007 4964 3181 5008 tenore
3218 4946 3741 5024 Ιὲεςίξῖῖίίὲᾘοᾶἶῖἶέξ

443 5006 833 5078 ῙυινίεΑἱῃ-οιιωρέ
851 5006 1110 5078 ιιίῐειςειίὶιοε
1133 5006 1344 5078 eratjam
1363 5006 1477 5057 olim
1495 5011 1770 5078 constituta,
1796 5006 2166 5078 persolvendam
2184 5008 2426 5078 compelli.

518 5074 732 5153 uitem
751 5070 3139 5153 eitensaeseseesesuumemersasrestituite.meeiesreuususmpi
3164 5081 3415 5153 danaum
3433 5088 3492 5153 ad
3509 5102 3633 5153 seum
3659 5105 3743 5153 ap-

448 5136 730 5205 pellatione,
752 5135 897 5183 docet
920 5134 1281 5205 augustinus‘in
1305 5130 1448 5205 bujits
1469 5130 1777 5205 operis’libro
1793 5133 1841 5188 '5,
1859 5130 2039 5205 cap.
2056 5144 2281 5205 ignecnon
2307 5130 2542 5181 Possidius
2563 5134 2735 5205 inlita
2760 5130 2823 5183 Au

455 5192 477 5245 it
500 5199 666 5258 spinus
690 5192 1015 5258 proconsulari
1039 5200 1091 5244 et
1116 5193 1320 5258 libellari
1342 5192 1587 5258 sententia
1612 5200 1688 5258 est
1706 5192 2039 5258 pronuntiatus
2063 5192 2324 5258 haereticus
2349 5206 2363 5251 ;
2392 5207 2476 5254 pro
2497 5207 2595 5256 quo
2619 5193 2703 5243 ille
2724 5208 2818 5258 apu

2922 5140 3024 5211 nni,
3042 5140 3145 5203 cap.
3176 5144 3250 5203 is,
3273 5148 3362 5211 unt
3377 5150 3538 5198 scribit
3560 5166 3571 5200 :
3598 5170 3621 5197 ι
3638 5140 3740 5201 er‘i-

2872 5206 3177 5275 tzognitorem
3193 5206 3457 5258 catholicus
3479 5223 3523 5269 e,
3544 5214 3742 5275 iscopns

455 5219 477 5245 ι
500 5214 666 5305 sputis
690 5214 1015 5267 proponsutun
1039 5214 1091 5244 et
1116 5214 1320 5266 unt-ituri
1342 5214 1587 5264 δυμιυιιιιει
1612 5214 1688 5264 ιξδι
1706 5214 2039 5264 pronuntiatus
2063 5214 2324 5262 ιιῑισιύιιιξυδ
2349 5214 2363 5251 ς
2392 5214 2476 5254 ιιι-υ
2497 5214 2595 5256 quo
2620 5214 2703 5243 lue
2724 5214 2850 5258 apuu
2872 5214 3177 5271 cognttorem
3193 5214 3457 5258 catholicus
3479 5223 3523 5269 e,
3546 5214 3740 5275 isoopus

453 5279 474 5306 ε
499 5260 518 5327 ς
540 5258 810 5327 mmncnsts
833 5268 1089 5327 (Episcopus
1105 5255 1368 5327 fosstdtus)
1393 5261 1691 5327 intercessu,
1717 5266 1782 5327 ne
1801 5266 1988 5327 aurarta
2006 5251 2154 5327 multa
2180 5261 2495 5327 eXIgeretut-_;
2524 5263 2586 5327 _e.t_
2608 5258 2655 5304 ei
2690 5266 2766 5306 est
2788 5260 3079 5311 beneficntm
3100 5276 3427 5327 impetratum.
3457 5273 3588 5323 Unde.
3626 5290 3740 5324 cum

452 5341 474 5368 ι
498 5315 717 5383 ingratus
739 5317 797 5365 ad
823 5315 1872 5387 1iissimumPrincipemprovomsset,_etab
1897 5315 2433 5387 imperatore-relationi
2456 5316 2676 5387 debitum
2695 5327 2772 5387 est
2792 5333 3078 5382 responsum
3098 5315 3326 5387 solutum,
3352 5315 3407 5379 et
3417 5315 3740 5385 ὦιίὲῖἑιιῖἆῆί

452 5402 475 5430 ι
498 5374 577 5432 est
600 5374 913 5443 przecepttnn,
937 5376 1069 5424 nullo
1086 5374 1280 5485 prorsus
1303 5374 1407 5426 loco
1429 5378 1684 5426 haereticos
1707 5374 1977 5425 Donatistas
1997 5388 2111 5424 esse
2127 5374 2335 5433 debere,
2357 5383 2408 5425 et
2432 5389 2518 5426 eos
2533 5377 2591 5425 ad
2615 5380 2710 5427 vim
2730 5374 2893 5451 legum
2911 5388 3123 5435 omnium
3146 5374 3741 5445 maia'uéér'éiiétig‘iéwm‘l

452 5464 474 5485 ι
497 5456 604 5485 rmn
627 5442 811 5485 nhiuue
836 5438 995 5485 teneri
1019 5438 1081 5485 de
1105 5452 1225 5485 )CI‘C.
1245 5446 1309 5485 Ex
1335 5452 1432 5485 (tuo
1456 5446 1508 5485 et
1520 5438 1696 5485 Judex.
1727 5446 1779 5485 et
1800 5439 2011 5485 Officium
2028 5473 2041 5485 .
2070 5443 2121 5485 et
2143 5436 2274 5484 idem
2294 5439 2554 5485 Crisuinus.
2579 5440 2706 5485 ouod
2725 5444 2921 5485 minime
2947 5446 3084 5485 funi-it
3117 5460 3319 5485 ιηειριηρ
3369 5465 3595 5485 mam...“
3624 5466 3734 5485 οη...

452 5464 474 5491 ι
497 5438 610 5493 1-1ιηὶ
627 5438 817 5503 ubique
836 5438 995 5503 teneri
1019 5438 1081 5503 de

1105 5452 1225 5517 iere.
1245 5446 1309 5510 Es
1335 5452 1432 5517 quo
1456 5446 1508 5488 et
1520 5438 1697 5517 Judex,
1727 5446 1779 5488 et
1800 5439 2041 5517 (iiIi-cium:
2070 5436 2274 5508 etidem
2294 5439 2554 5517 Crispin‘t‘t‘s',
2575 5436 2925 5517 Iquor-{minime
2947 5446 3092 5517 fuerit
3117 5436 3319 5499 exactus
3618 5436 3739 5507 Eu'ﬁi

452 5523 474 5551 ε
496 5505 648 5578 {genus
670 5498 939 5581 auritllbras
948 5498 1493 5581 jttrtliusainf‘efre.
1512 5517 1535 5545 ι
1569 5499 1682 5551 vide
1705 5499 1894 5549 concilii
1915 5499 2304 5561 Carthaginiensis
2325 5500 2435 5546 anni
2459 5499 2552 5548 4M
2574 5498 2885 5564 legationem,
2915 5506 3033 5555 infra
3065 5511 3115 5557 iu
3147 5498 3737 5581 Appmia'iéé'él’litigiil

445 5568 563 5617 stini
588 5572 752 5629 epistt.
771 5563 851 5617 88.
877 5576 927 5611 n.
948 5562 995 5622 7,
1028 5561 1130 5621 185,
1158 5576 1241 5610 nn.
1265 5560 1428 5615 25-27.

513 5712 529 5742 ι
567 5710 686 5771 Editi
724 5708 933 5765 addunt,
975 5705 1150 5759 totius:
1184 5708 1312 5770 quod
1351 5707 1490 5757 abest
1528 5721 1557 5757 a
1622 5708 1973 5771 manuscriptis.

510 5771 530 5799 ⁸
562 5770 635 5817 sic
658 5777 760 5817 Mss.
792 5777 842 5817 At
867 5771 1001 5830 editi,
1030 5775 1184 5831 putas.

2206 5651 2223 5680 ί
2244 5649 2377 5718 Editi,
2392 5647 2533 5721 sicuti
2554 5650 2774 5721 utiliore!
2795 5653 2981 5707 inutilia
2996 5660 3493 5721 [iteriutJ’rtetnlimus
3510 5676 3737 5720 veterum

2597 5713 2872 5802 legtniqnncm,
2900 5713 3088 5772 tametsi
3111 5724 3265 5776 adhuc
3288 5713 3390 5790 per,
3409 5713 3588 5779 texam.

2260 5780 2437 5821 Omnes
2460 5778 2564 5823 Mss.
2638 5773 2699 5826 de
2721 5776 2824 5827 hoc.
