4066 6200
390 358 489 413 549

381 470 520 521 nitus
548 483 650 521 non
678 466 979 521 instructum
1001 508 1015 533 ,
1056 482 1163 535 quo
1191 467 1459 536 pertinet,
1489 465 1751 521 obsecro?
1800 466 1967 520 Num-

381 559 633 630 quidnam
656 567 711 614 te
729 558 961 627 compuli
984 569 1169 612 contra
1192 573 1308 613 mea
1335 559 1531 627 scripta
1559 557 1890 620 rescribere;
1917 565 1971 611 et

381 652 499 705 ideo
527 651 829 705 recusantis
870 659 925 704 et
969 651 1274 705 excusantis
1318 650 1435 705 haec
1472 665 1574 705 vox
1603 650 1729 704 est?
1758 648 1815 704 Si
1843 664 1974 719 ergo

384 744 595 813 penitus
650 757 757 797 non
812 742 1100 797 instructus
1149 758 1227 808 es,
1276 758 1373 797 cur
1418 758 1525 798 non
1583 743 1755 812 potius
1787 751 1967 805 taces,

380 846 461 892 aut
494 836 566 889 ita
592 835 829 905 loqueris
858 845 914 889 ut
941 836 1129 890 instrui
1176 846 1226 891 te
1265 834 1577 891 desideres?
1620 834 1827 889 Instare
1850 850 1928 888 me
1949 874 1965 898 ,

378 927 527 992 dicis,
560 937 607 981 et
646 944 920 997 provocare
971 944 1193 997 semper,
1244 938 1301 981 ut
1342 927 1410 981 ad
1449 927 1842 999 dignoscendam
1867 926 1969 980 veri

377 1020 701 1091 quaestionem
732 1035 927 1072 mecum
956 1018 1107 1071 vestri
1139 1018 1419 1089 disceptent
1450 1033 1470 1071 :
1506 1018 1597 1074 sed
1634 1025 1818 1071 vestros
1848 1034 1967 1088 pru-

378 1112 576 1164 dentius
621 1126 685 1163 ac
732 1110 1005 1179 patientius
1054 1113 1222 1180 facere
1247 1151 1263 1177 ,
1315 1110 1403 1180 qui
1429 1110 1481 1163 in
1511 1109 1740 1163 Ecclesia
1772 1118 1967 1162 tantum

376 1216 487 1271 qua:
508 1202 562 1254 in
591 1199 727 1269 Lege
753 1200 995 1253 mandata
1022 1209 1140 1254 sunt
1184 1200 1400 1269 populos
1449 1200 1647 1264 docent,
1699 1214 1791 1254 nec
1823 1199 1967 1253 nobis

374 1292 680 1361 respondere
702 1302 917 1356 curant;
946 1292 1153 1346 scientes
1175 1292 1293 1362 quia
1318 1292 1364 1346 si
1393 1291 1475 1346 lea:
1498 1292 1670 1346 divina
1695 1300 1744 1346 et
1771 1301 1842 1345 tot
1866 1292 1965 1345 do-

376 1392 610 1437 eumenta
653 1383 896 1453 legalium
937 1384 1305 1454 scripturarum
1333 1382 1477 1438 nobis
1501 1384 1623 1453 quid
1644 1384 1710 1439 sit
1739 1384 1919 1439 melius
1945 1424 1962 1452 ,

373 1474 494 1544 quid
540 1475 737 1539 uerius,
769 1473 984 1528 suadere
1016 1490 1117 1528 non
1169 1483 1399 1545 possunt,
1440 1491 1697 1544 nunquam
1738 1475 1963 1529 humana

372 1574 521 1634 queat
546 1566 823 1619 auctoritas
848 1581 937 1618 nos
964 1564 1208 1619 discussis
1243 1565 1495 1620 erroribus
1525 1565 1594 1618 ad
1620 1565 1846 1619 veritatis
1881 1581 1965 1619 re-

372 1658 546 1727 gulam
571 1674 827 1712 revocare.
852 1657 989 1726 Quid
1017 1656 1110 1711 tibi
1132 1672 1262 1727 ergo
1292 1657 1466 1711 visum
1493 1666 1596 1725 est,
1622 1666 1681 1712 ut
1705 1657 1963 1714 adversus

372 1761 471 1802 nos
516 1748 618 1802 illis
666 1748 963 1803 tacentibus
1008 1756 1062 1801 tu
1106 1747 1379 1817 loquaris?
1417 1746 1549 1802 Nam
1600 1747 1649 1803 si
1700 1748 1838 1803 bene
1879 1747 1960 1805 fa-

370 1840 532 1904 ciunt,
558 1854 656 1893 cur
677 1854 782 1893 non
805 1837 1065 1893 imitaris?
1090 1839 1136 1893 si
1162 1839 1321 1907 male,
1344 1853 1444 1895 cur
1460 1839 1680 1895 laudas?

438 1933 494 1988 5.
544 1932 687 1986 Dicis
741 1931 889 2001 quod
935 1932 1255 1986 intoleranda
1292 1932 1596 2003 arrogantia
1638 1931 1840 1985 credant
1880 1946 1961 1986 me

368 2023 532 2077 solum
572 2023 843 2076 terminare
892 2038 1065 2091 posse,
1107 2022 1243 2092 quod
1287 2023 1402 2078 aliis
1433 2023 1567 2077 velut
1608 2022 1961 2093 inexplicabile

368 2114 550 2177 visum,
591 2122 741 2185 atque
760 2113 881 2166 ideo
902 2113 1066 2181 iudici
1092 2112 1201 2167 Deo
1227 2113 1491 2167 dimissum
1517 2121 1608 2167 est.
1639 2113 1768 2169 Cum
1796 2112 1958 2182 paulo

368 2204 618 2274 superius
654 2204 877 2272 dixeris,
909 2205 1003 2259 hoc
1029 2220 1110 2258 me
1136 2205 1261 2259 velle
1298 2206 1447 2275 ﬁnire
1484 2214 1597 2277 post
1634 2213 1705 2259 tot
1749 2220 1911 2259 annos
1941 2246 1954 2270 ,

368 2305 481 2364 post
509 2304 581 2348 tot
597 2295 800 2365 judices
833 2306 985 2365 atque
1012 2296 1245 2360 arbitros,
1278 2296 1416 2367 quod
1440 2295 1581 2366 apud
1606 2295 1858 2366 principes
1886 2304 1958 2349 tot

367 2387 761 2457 disceptautibus
790 2388 1019 2441 litteratis
1041 2387 1106 2441 ab
1132 2388 1388 2459 utriusque
1418 2388 1577 2457 partis
1614 2388 1864 2458 episcopis
1891 2388 1956 2456 IL

367 2479 465 2532 uiri
492 2495 594 2532 non
622 2479 804 2547 potuit.
835 2477 997 2534 Certe
1034 2479 1181 2534 solus
1225 2478 1349 2534 hinc
1388 2488 1593 2551 satago,
1621 2488 1772 2535 certe
1808 2479 1956 2534 solus

367 2568 718 2637 quaestionem
752 2568 909 2621 istam
944 2568 1083 2622 ﬁniri
1121 2568 1469 2638 disceptando
1505 2568 1792 2623 desidero?
1820 2569 1955 2624 Puto

364 2659 507 2712 ettim
552 2660 597 2713 si
643 2658 790 2713 solos
836 2667 1049 2715 nostros
1077 2659 1131 2714 id
1158 2668 1379 2715 conatos
1403 2659 1625 2730 culpare
1652 2660 1911 2715 voluisses
1932 2701 1948 2727 ,

366 2766 471 2806 non
499 2751 661 2807 etiam
684 2761 893 2807 vestros
922 2752 975 2805 in
1004 2766 1071 2808 eo
1097 2761 1319 2807 conatos
1343 2751 1508 2807 fuisse
1534 2751 1796 2808 fatereris.
1820 2752 1953 2820 Quia

369 2859 497 2914 ergo
522 2842 677 2897 illum
695 2853 967 2910 conatum,
992 2845 1135 2900 illam
1167 2844 1495 2901 voluntatem
1523 2854 1577 2901 et
1605 2846 1911 2901 instantiam
1936 2888 1950 2912 ,

362 2937 550 2991 saltem
578 2945 796 3005 propter
823 2945 1048 3003 vestros,
1071 2937 1465 3007 reprehendere
1484 2937 1596 3007 jam
1623 2952 1729 2992 non
1768 2945 1949 3007 potes;

365 3028 491 3082 nolo
513 3042 636 3083 esse
667 3043 696 3081 a
737 3036 843 3082 tam
878 3028 1020 3083 bono
1065 3042 1229 3099 opere
1278 3029 1504 3085 alienus.
1549 3028 1686 3096 Quid
1730 3027 1953 3097 arguis?

364 3120 488 3190 quid
513 3119 864 3189 reprehendis
882 3120 907 3173 ?
928 3122 1013 3174 An
1033 3120 1280 3176 invides?
1307 3120 1422 3176 Non
1450 3121 1552 3177 hoc
1576 3121 1645 3176 de
1673 3130 1726 3176 te
1752 3129 1953 3176 temere

364 3210 690 3265 credendum
730 3219 835 3265 est.
888 3210 1075 3266 Restat
1117 3225 1245 3281 ergo
1280 3219 1340 3265 ut
1375 3211 1553 3267 studio
1594 3211 1953 3267 contentionis

367 3303 466 3357 hoc
516 3302 569 3357 in
619 3318 707 3356 me
750 3303 931 3373 culpes
956 3344 970 3368 ,
1010 3303 1153 3373 quod
1193 3302 1356 3358 etiam
1402 3304 1459 3358 in
1501 3304 1696 3358 vestris
1732 3303 1954 3359 laudare

363 3394 725 3463 compelleris.
1750 3390 1753 3393 λ

437 3484 667 3541 CAPUT
698 3486 781 3540 IV.
807 3515 879 3526 —-
905 3485 959 3543 6.
983 3486 1051 3541 At
1074 3486 1216 3541 enim
1243 3484 1385 3555 quod
1430 3484 1569 3540 inter
1598 3492 1684 3540 tot
1707 3498 1770 3540 ac
1816 3484 1953 3541 tales

372 3577 579 3631 ﬁnitum
649 3592 753 3645 non
799 3586 913 3644 est,
962 3576 1313 3632 intolerabilis
1378 3577 1679 3647 arrogantia
1727 3584 1810 3632 est
1856 3590 1953 3647 per

368 3686 427 3726 se
490 3669 667 3724 solum
733 3668 871 3722 ﬁniri
936 3682 1093 3737 posse
1152 3683 1496 3738 praisumere.
1555 3668 1672 3735 Nc,
1724 3684 1951 3739 quaeso,

366 3762 491 3815 mihi
550 3762 649 3816 soli
708 3760 809 3815 hoc
855 3760 1187 3814 tribuendum
1240 3770 1395 3829 putes
1440 3778 1453 3815 :
1501 3760 1712 3829 plurimi
1768 3775 1953 3814 sumus

365 3851 452 3918 qui
504 3851 607 3906 hoc
648 3860 709 3905 ut
746 3850 996 3916 ﬁniatur,
1055 3851 1162 3905 imo
1204 3850 1313 3920 jam
1365 3858 1418 3904 nt
1472 3849 1677 3904 ﬁnitum
1708 3864 1828 3906 esse
1875 3850 1957 3903 in-

367 3952 641 4009 notescat,
687 3943 964 3998 instamus.
1009 3942 1087 3998 Illi
1133 3942 1541 3998 enimdixerunt
1561 3957 1668 3997 non
1694 3958 1813 3998 esse
1837 3942 1955 3997 ﬁni-

362 4041 512 4097 tum,
542 4034 632 4103 qui
665 4033 838 4088 eidem
873 4033 960 4088 ﬁni
1003 4032 1310 4089 consentire
1357 4032 1676 4099 noluerunt,
1722 4049 1954 4104 eumque

366 4125 514 4179 vobis
540 4124 940 4179 occultaverunt
959 4167 972 4190 ,
1000 4134 1058 4180 ut
1092 4126 1253 4181 etiam
1280 4138 1377 4180 vos
1405 4140 1593 4180 eorum
1633 4127 1953 4182 auctoritate

366 4215 571 4284 decepti
602 4215 806 4270 ﬁnitum
838 4230 943 4270 non
971 4230 1091 4271 esse
1116 4215 1366 4271 credatis.
1412 4214 1593 4271 Nostri
1640 4226 1817 4272 autem
1840 4259 1853 4283 ,
1886 4232 1950 4272 ex

368 4322 472 4376 quo
500 4306 704 4360 ﬁnitum
731 4314 847 4373 est,
874 4306 1025 4361 nullo
1069 4319 1286 4377 prorsus
1313 4315 1555 4377 tempore
1591 4315 1651 4361 ut
1689 4307 1803 4376 ipse
1833 4306 1953 4361 ﬁnis

369 4395 726 4453 innotesceret
751 4405 1130 4465 cessaverunt,
1158 4397 1427 4468 quomodo
1460 4396 1512 4452 id
1542 4397 1751 4467 publice
1770 4400 1949 4469 priva-

318 4512 330 4524 -
368 4490 566 4561 timque
590 4504 747 4560 agere
789 4499 1108 4562 potuerunt;
1132 4506 1201 4547 ne
1229 4493 1509 4563 quisquam
1532 4493 1583 4547 in
1608 4493 1949 4563 perniciosis-

365 4582 504 4637 simo
523 4597 710 4639 errore
729 4583 1026 4654 persistens
1043 4625 1059 4650 ,
1088 4583 1157 4639 de
1179 4584 1399 4655 segnitia
1431 4586 1571 4640 circa
1600 4601 1659 4641 se
1683 4586 1952 4642 ministro-

367 4687 481 4727 rum
512 4672 606 4729 Dei
637 4674 690 4727 in
723 4674 910 4729 ultimo
930 4673 1130 4744 judicio
1172 4683 1505 4743 quereretur.
1551 4676 1665 4730 Non
1696 4690 1823 4747 ergo
1855 4690 1953 4731 nos

366 4765 492 4817 olim
543 4764 747 4819 ﬁnitam
777 4780 991 4820 causam
1018 4765 1085 4821 de
1115 4766 1322 4835 integro
1346 4765 1591 4820 volumus
1625 4775 1948 4831 retractare;

366 4855 458 4909 sed
508 4856 957 4925 quemadmodum
1001 4856 1144 4911 ﬁnita
1175 4857 1245 4911 sit
1282 4856 1691 4923 demonstrare,
1735 4868 1953 4929 propter

366 4959 461 4999 eos
487 4947 718 5001 maxime
743 4947 833 5016 qui
889 4946 991 5002 hoc
1042 4947 1328 5002 nesciunt:
1362 4955 1419 5002 ut
1467 4962 1589 5002 cum
1640 4947 1951 5005 defensores

365 5039 753 5093 convincuntur
767 5038 965 5093 erroris
984 5080 997 5103 ,
1029 5046 1121 5093 aut
1146 5038 1305 5094 etiam
1335 5040 1431 5109 ipsi
1458 5040 1685 5096 correcti
1713 5041 1950 5097 liberen-

366 5136 486 5194 tur;
513 5138 604 5183 aut
625 5138 773 5184 certe
800 5129 929 5198 ipsis
954 5129 1237 5184 confutatis
1272 5138 1327 5183 et
1365 5129 1416 5183 in
1446 5139 1630 5200 aperta
1660 5132 1950 5200 pertinacia

367 5219 763 5274 remanentibus
782 5258 798 5286 ,
833 5218 883 5273 hi
914 5220 1003 5289 qui
1046 5219 1349 5289 cupidiores
1375 5230 1499 5274 sunt
1524 5223 1763 5276 veritatis
1791 5238 1947 5292 quam

366 5312 742 5377 contentionis,
773 5311 988 5367 videant
1009 5311 1135 5381 quid
1165 5321 1477 5382 sequantur.

435 5398 661 5456 CAPUT
695 5401 841 5456 V.—
859 5403 912 5456 7.
935 5401 1117 5471 Neque
1137 5402 1231 5455 hoc
1250 5402 1309 5472 ﬁt
1332 5403 1440 5457 sine
1466 5404 1654 5474 fructu,
1685 5412 1742 5456 ιιι
1770 5404 1951 5457 existi-

366 5507 499 5549 mas.
516 5494 648 5549 Nam
666 5495 709 5550 si
730 5511 918 5566 posses
938 5495 1117 5551 videre
1134 5511 1292 5567 quam
1316 5497 1469 5567 longe
1486 5496 1694 5566 lateque
1717 5495 1948 5551 Africam

366 5599 516 5640 error
540 5588 641 5643 iste
666 5590 1020 5657 pervaserat‘,
1048 5598 1102 5644 et
1121 5604 1277 5659 quam
1320 5603 1488 5658 pauca
1529 5588 1645 5657 ejus
1674 5603 1949 5644 remanse-

367 5679 471 5732 rint
497 5694 617 5749 qua:
642 5680 877 5735 nondum
909 5680 959 5735 iu
976 5696 1158 5752 pacem
1187 5680 1503 5736 catholicam
1525 5691 1763 5737 correcta
1785 5692 1951 5737 trans-

430 5795 445 5826 ⁸
483 5794 602 5847 editi
625 5793 902 5859 pervaserit.
927 5798 1097 5848 vet-lus
1120 5798 1444 5861 manuscripti,
1473 5806 1761 5861 pervaserat.

1755 354 1949 409 LIBER
1992 352 2261 410 PRIMUS.

3561 371 3663 425 650

2084 464 2291 530 ierunt,
2321 466 2468 523 nullo
2511 471 2673 526 modo
2722 485 3047 531 assertorum
3086 480 3390 535 christiana:
3436 484 3583 551 paris
3611 499 3665 538 ct

2076 557 2295 613 unitatis
2339 559 2720 618 infructuosam
2766 576 2820 621 et
2849 567 3064 623 inanetn
3094 572 3433 628 arbitrareris
3457 575 3664 628 instan-

2077 651 2204 704 tiam
2233 655 2512 722 :quamvis
2534 657 2693 711 etiam
2725 659 2769 713 si
2808 662 2893 715 cui
2914 664 2929 693 ί
2960 663 3228 734 diligentia
3258 666 3536 722 medicinae
3564 669 3660 722 hu.

2069 741 2157 810 jus
2188 743 2430 813 impensa
2463 763 2569 803 non
2599 752 2833 819 prodest,
2854 755 3045 809 suﬁicit
3070 757 3137 811 ad
3162 759 3417 813 rationem
3437 760 3664 815 redden-

2073 830 2195 886 dam
2226 834 2335 890 Deo
2360 836 2504 905 quod
2534 855 2639 893 non
2668 845 2896 898 cessavit
2925 846 3180 915 impendi.
3205 848 3354 903 Sicut
3378 850 3520 905 enim
3540 866 3661 906 ma-

2074 923 2247 993 lignus
2275 940 2464 982 suasor
2494 932 2693 999 peccati
2718 974 2733 999 ,
2766 936 2972 990 etiamsi
3001 954 3107 991 non
3133 943 3492 1009 persuaserit,
3535 958 3656 998 me-

2071 1016 2176 1069 rito
2202 1032 2412 1086 poenam
2454 1020 2757 1092 deceptoris
2802 1026 3076 1083 incurret:
3110 1032 3179 1083 ita
3228 1031 3396 1086 ﬁdelis
3437 1033 3661 1102 iustitiae

2070 1108 2418 1176 praedicator,
2447 1111 2656 1167 etiamsi
2682 1113 2751 1168 ab
2778 1114 3081 1172 hominibus
3108 1133 3403 1189 respuatur,
3435 1124 3571 1178 absit
3602 1135 3657 1178 ut

2068 1197 2208 1265 apud
2240 1198 2406 1254 Deum
2434 1202 2516 1255 sui
2544 1201 2704 1257 officii
2754 1206 3004 1261 mercede
3043 1207 3335 1263 fraudetur.
3381 1212 3487 1266 Res
3511 1215 3652 1267 enim

2067 1298 2213 1344 certa
2239 1289 2300 1344 ﬁt
2322 1290 2387 1345 ad
2412 1293 2692 1348 incertum.
2724 1294 2986 1351 Incertum
3011 1307 3189 1352 autem
3209 1299 3328 1354 dico
3348 1342 3363 1367 ,
3394 1316 3497 1355 non
3521 1318 3660 1371 prae-

2067 1380 2234 1434 mium
2298 1380 2563 1449 facientis,
2617 1385 2715 1439 sed
2760 1386 2995 1441 animum
3045 1389 3329 1446 audientis.
3387 1390 3653 1447 incertum

2065 1472 2208 1526 enim
2238 1482 2320 1528 est
2341 1474 2514 1541 nobis,
2538 1485 2713 1531 utrum
2740 1494 3056 1535 assensurus
3084 1483 3151 1537 sit
3178 1483 3263 1537 cui
3288 1485 3482 1539 veritas
3520 1500 3656 1553 prm-

2065 1565 2275 1621 dicatur
2305 1585 2318 1621 :
2349 1568 2445 1623 sed
2469 1580 2673 1624 certum
2704 1580 2804 1634 est,
2825 1572 2983 1627 etiam
3013 1574 3207 1628 talibus
3224 1576 3498 1630 veritatem
3521 1591 3658 1646 pra:-

2064 1656 2228 1713 dicari
2255 1668 2537 1730 oportere;
2560 1671 2615 1716 et
2642 1673 2847 1718 certum
2885 1674 3002 1731 est,
3045 1666 3272 1722 ﬁdeliter
3308 1683 3424 1723 eam
3456 1670 3653 1739 praedi-

2064 1758 2245 1804 cantes
2270 1749 2483 1821 dignam
2515 1754 2919 1809 retributionem
2946 1771 3182 1823 manere,
3212 1758 3325 1812 sive
3356 1761 3651 1830 suscipian-

2065 1845 2180 1905 tur,
2210 1840 2323 1895 sive
2367 1851 2710 1910 spernantur,
2739 1844 2853 1899 sive
2879 1846 3039 1899 etiam
3072 1855 3353 1916 propterea
3401 1851 3654 1918 qualibet

2062 1930 2660 1999 temporaliteradversa
2683 1934 2969 2002 patiantur.
2995 1934 3249 1990 Dominus
3260 1936 3387 1991 dicit
3403 1939 3455 1991 in
3474 1940 3651 1993 Evan-

2059 2019 2199 2089 gelio
2228 2038 2242 2074 :
2272 2018 2399 2076 Cum
2428 2022 2639 2093 ingressi
2661 2025 2873 2095 fueritis,
2905 2025 3073 2091 dicite,
3107 2026 3222 2081 Pax
3241 2028 3357 2081 huic
3386 2030 3559 2084 domui
3575 2033 3651 2085 :si

2060 2111 2201 2181 digni
2230 2112 2416 2182 fuerint
2440 2114 2527 2182 qui
2570 2114 2638 2167 ibi
2659 2124 2810 2181 sunt,
2836 2118 3108 2186 requiescet
3138 2135 3291 2189 super
3311 2136 3395 2173 eos
3417 2137 3521 2191 pax
3564 2137 3651 2175 oe-

2058 2209 2189 2265 stro;
2211 2203 2253 2254 si
2281 2204 2567 2271 quominus,
2591 2206 2658 2256 ad
2685 2220 2772 2258 vos
2796 2216 3068 2260 revertetur
3098 2208 3309 2279 (Matth.
3342 2226 3394 2275 κ,
3428 2211 3513 2277 ιε,
3536 2211 3648 2279 15).

2058 2291 2323 2362 Numquid
2344 2305 2518 2349 certos
2548 2295 2669 2349 fecit
2694 2296 2835 2365 quod
2867 2307 3047 2352 essent
3073 2314 3257 2353 eorum
3306 2316 3488 2371 pacem
3524 2317 3649 2357 sus-

2058 2385 2297 2454 cepturi,
2327 2386 2520 2455 quibus
2548 2401 2666 2441 eam
2697 2387 3050 2457 praedicarent
3074 2391 3099 2441 ‘i
3128 2392 3314 2447 Certos
3354 2404 3528 2448 tamen
3567 2393 3649 2450 fc-

2057 2475 2166 2540 cit,
2197 2486 2253 2529 ut
2279 2491 2397 2530 eam
2426 2477 2542 2532 sine
2570 2478 2909 2533 cunctatione
2936 2479 3305 2549 praadicarent.

2128 2565 2353 2624 CAPUT
2380 2566 2463 2622 Vl.
2493 2596 2567 2607 —
2593 2568 2647 2622 8.
2675 2570 2963 2638 Apostolus
2987 2572 3148 2625 etiam
3175 2572 3389 2641 Paulus,
3410 2574 3646 2641 Servum,

2057 2657 2229 2728 inquit
2255 2700 2269 2725 _.
2288 2658 2492 2714 Domini
2513 2660 2711 2731 litigare
2729 2677 2830 2715 non
2868 2671 3063 2733 Oportet
3089 2703 3104 2730 ,
3152 2664 3241 2718 sed
3260 2681 3366 2719 esse
3384 2667 3555 2722 mitem
3581 2667 3650 2722 ad

2055 2764 2245 2817 names,
2264 2750 2548 2816 docibilem,
2567 2752 2856 2821 patientem,
2869 2753 2923 2806 in
2940 2754 3183 2808 modestia
3200 2757 3549 2825 corripientem
3564 2759 3649 2810 di-

2053 2856 2199 2895 rersa
2230 2841 2531 2907 sentientes;
2557 2858 2620 2895 ne
2645 2843 2776 2912 forte
2799 2843 2881 2897 det
2923 2844 3028 2898 illis
3060 2845 3193 2899 Deus
3218 2849 3558 2917 pmnilentiam
3579 2849 3648 2902 ad

2056 2934 2454 3003 cognoscendam
2482 2935 2759 3001 veritatem,
2774 2944 2822 2988 et
2841 2936 3136 3007 resipiscant
3152 2938 3215 2990 de
3229 2938 3416 2992 diaboli
3434 2938 3645 3008 laqueis,

2056 3025 2295 3092 captivati
2313 3025 2377 3077 ab
2403 3024 2517 3095 ipso
2533 3025 2585 3078 in
2604 3024 2767 3095 ipsius
2786 3027 3089 3081 voluntatem
3107 3027 3172 3098 (ll
3190 3027 3323 3081 Tim.
3344 3045 3402 3095 ιι,
3415 3029 3506 3096 Ξ4,
3524 3030 3646 3101 9-5).

2057 3113 2280 3170 Intende
2302 3115 2607 3184 quomodo,
2633 3131 2793 3186 quem
2820 3117 2989 3171 noluit
3014 3117 3250 3188 litigare,
3277 3122 3441 3175 voluit
3469 3131 3646 3176 tamen

2057 3206 2111 3260 in
2133 3204 2394 3262 modestia
2421 3207 2693 3277 corripere
2716 3206 2927 3262 diversa
2950 3213 3247 3266 sentientes
3279 3229 3292 3264 :
3322 3228 3389 3266 ne
3412 3212 3503 3268 Dei
3523 3228 3647 3268 ser-

2055 3313 2153 3353 vus
2210 3300 2625 3369 prohibitionem
2670 3301 3007 3371 petulantias,
3058 3304 3394 3359 occasionem
3438 3314 3650 3376 putaret

2056 3405 2178 3446 esse
2225 3392 2471 3461 pigritia.
2503 3392 2697 3445 Verum
2727 3392 2849 3462 quia
2877 3392 3029 3447 multi
3067 3402 3122 3448 ct
3154 3394 3321 3463 ipsam
3353 3398 3649 3466 correptio-

2058 3497 2179 3538 nem
2208 3499 2325 3554 quae
2352 3481 2592 3539 modeste
2622 3484 2707 3549 ﬁt,
2732 3484 2816 3539 vel
2841 3485 3077 3555 peccatis
3102 3488 3212 3541 suis
3251 3487 3519 3553 faventes,
3554 3490 3640 3544 vel

2058 3574 2182 3646 quid
2211 3574 2571 3646 respondeant
2591 3590 2695 3629 non
2723 3575 3058 3631 invenientes
3080 3619 3093 3641 ,
3118 3593 3217 3633 nec
3238 3587 3414 3633 tamen
3440 3581 3649 3636 veritati

2056 3665 2485 3735 acquiescentes,
2515 3680 2739 3721 onerose
2762 3681 2826 3722 ac
2850 3669 3075 3723 moleste
3091 3668 3299 3735 ferunt;
3326 3685 3421 3724 eos
3445 3671 3533 3740 qui
3562 3685 3649 3727 sc-

2057 3770 2180 3809 cum
2202 3754 2386 3808 sedulo
2423 3765 2584 3824 agunt
2605 3796 2620 3820 ,
2650 3770 2749 3810 nec
2771 3758 2839 3810 ab
2861 3773 3045 3812 eorum
3067 3758 3435 3813 convincenda
3462 3775 3648 3816 errore

2057 3846 2424 3909 dissimulant,
2467 3845 2723 3914 litigiosos
2752 3857 2806 3901 et
2842 3850 3207 3903 contentiosos
3234 3859 3441 3904 vocant.
3476 3850 3650 3906 Falsi-

2059 3945 2141 3991 tas
2164 3936 2304 3990 enim
2332 3950 2452 4005 quae
2476 3934 2661 3989 nudari
2689 3944 2741 3989 et
2766 3937 3011 4005 redargui
3038 3939 3255 4002 metuit,
3284 3953 3468 3993 eorum
3492 3941 3648 3995 vitio-

2058 4042 2175 4081 rum
2200 4026 2415 4081 nomine
2436 4040 2554 4096 que)
2591 4026 2789 4080 veritas
2812 4025 3063 4093 damnat,
3094 4028 3419 4098 diligentiam
3445 4030 3645 4084 verita-

2057 4119 2126 4174 tis
2169 4124 2404 4173 accusat.
2434 4116 2695 4186 Numquid
2743 4117 2862 4173 ideo
2925 4129 3103 4174 tamen
3146 4121 3215 4176 ab
3261 4120 3361 4176 hac
3390 4122 3639 4177 instantia

2057 4208 2422 4264 desistendum
2452 4218 2535 4263 est
2571 4209 2594 4262 Ἰ
2634 4207 2768 4263 Vide
2816 4210 3259 4278 quemadmodum
3305 4212 3643 4267 Timotheum

2056 4300 2197 4355 idem
2225 4300 2523 4370 obstringat
2551 4300 2868 4370 Apostolus,
2914 4317 2982 4356 ne
3012 4312 3227 4373 propter
3252 4303 3498 4360 homines
3524 4306 3644 4375 qui-

2058 4391 2157 4446 bus
2182 4393 2419 4447 insuavis
2445 4401 2524 4446 est
2549 4391 2855 4461 praedicatio
2880 4394 3116 4448 veritatis
3134 4435 3150 4461 ,
3175 4396 3347 4466 aliqua
3388 4398 3437 4453 ei
3461 4399 3644 4467 segni-

2056 4483 2126 4536 tia
2158 4482 2478 4552 pmdicandi
2522 4484 2853 4554 subreperet.
2882 4483 3169 4554 Testi/icor,
3218 4487 3422 4557 inquit,
3471 4505 3646 4544 coram

2054 4572 2165 4628 Deo
2195 4585 2241 4628 et
2266 4572 2467 4628 Christo
2503 4572 2542 4626 Ι
2544 4590 2647 4636 esu,
2679 4576 2767 4645 qui
2784 4576 3110 4646 judicaturus
3138 4586 3210 4631 est
3250 4578 3383 4632 vivos
3411 4594 3471 4631 ac
3509 4596 3648 4633 mor-

2056 4675 2168 4719 tuos
2192 4706 2205 4727 ,
2239 4676 2285 4719 et
2325 4681 2413 4735 per
2428 4665 2449 4697 ²
2472 4664 2927 4734 manifestationcm
2952 4675 2997 4719 et
3023 4683 3230 4738 regnum
3256 4669 3366 4735 ejus
3384 4711 3399 4733 ,
3423 4671 3647 4737 praedico

2056 4754 2281 4819 verbum,
2306 4756 2438 4809 insta
2465 4764 2765 4824 opportune,
2792 4757 3102 4827 importune;
3127 4775 3300 4829 argue,
3325 4760 3545 4827 hortare,
3559 4763 3643 4815 in-

2056 4860 2225 4913 crepa,
2256 4845 2307 4897 in
2325 4845 2462 4898 omni
2480 4846 2863 4915 longanimitate
2889 4856 2937 4900 et
2962 4847 3213 4901 doctrina.
3246 4849 3375 4915 Quis
3408 4833 3521 4906 hinc
3545 4868 3643 4906 au-

2055 4938 2205 4992 diens
2224 4976 2239 5003 ,
2271 4938 2314 4991 si
2341 4939 2448 4992 Deo
2475 4937 2703 4993 ﬁdeliter
2729 4938 2914 5005 servit,
2934 4940 2976 4993 si
3004 4939 3220 4995 dolosus
3241 4943 3516 5011 operarius
3538 4959 3641 4998 non

2056 5036 2169 5094 est,
2191 5029 2260 5082 ab
2289 5028 2389 5083 hac
2414 5028 2683 5099 diligentia
2710 5038 2765 5083 et
2805 5029 3055 5085 instantia
3089 5033 3433 5103 conquiescat
3461 5034 3484 5086 ?
3514 5035 3645 5102 Quis

2055 5122 2156 5175 sub
2180 5131 2321 5175 tanta
2348 5122 2719 5177 testiﬁcatione
2771 5123 2951 5193 segnis
2992 5139 3113 5180 esse
3142 5126 3375 5180 audeat?
3399 5126 3515 5181 Non
3548 5128 3644 5181 ita-

2055 5228 2159 5283 que
2180 5213 2333 5267 nobis
2359 5214 2631 5283 obstrepat
2658 5213 2709 5267 in
2755 5214 2853 5268 hac
2882 5229 3042 5269 causa
3070 5215 3311 5271 facundia
3340 5226 3425 5271 tua
3455 5232 3470 5272 :
3504 5232 3642 5286 pne-

2055 5304 2294 5359 dicamus
2319 5304 2539 5358 omnino
2572 5304 2622 5358 in
2649 5304 2916 5374 adjutorio
2944 5305 3150 5360 Domini
3180 5308 3270 5361 Dei
3304 5309 3470 5362 nostri
3500 5308 3643 5363 chri-

2055 5400 2239 5453 stiante
2259 5397 2477 5451 unitatis
2495 5396 2795 5462 utilitatem,
2817 5398 3090 5467 pietatem,
3124 5401 3485 5468 sanctitatem,
3506 5417 3642 5471 prae-

2055 5490 2294 5547 dicamus
2320 5489 2621 5544 volentibus
2645 5500 2971 5558 opportune,
3025 5491 3380 5546 renitentibus
3429 5492 3630 5562 impor-

2057 5594 2215 5647 tune;
2240 5590 2296 5637 et
2320 5581 2531 5651 quantis
2556 5581 2792 5637 valemus
2816 5581 3017 5637 viribus
3045 5582 3198 5637 istam
3223 5583 3362 5638 inter
3403 5599 3498 5638 nos
3522 5600 3643 5654 par-

2120 5738 2136 5769 ¹
2174 5742 2222 5785 tn
2246 5742 2375 5790 Mss,
2398 5731 2566 5785 sicubi.

2122 5801 2141 5830 ³
2176 5798 2426 5851 Particula.
2448 5810 2553 5860 per,
2578 5798 2716 5846 abest
2738 5797 2799 5846 ab
2831 5798 3051 5846 erunibus
3077 5804 3181 5847 Mss.
