4066 6200
386 241 482 298 451

385 376 602 436 temque
647 361 832 419 Donati
862 357 1236 429 quzestionem,
1289 361 1344 408 et
1385 351 1607 422 quibus'
1655 362 1965 420 possumus,

384 459 512 514 olim
547 456 744 510 ﬁnitam
775 467 893 508 esse
921 458 1296 504 monstramus.

457 545 680 603 CAPUT
722 543 831 596 VII.
871 571 943 582 —
990 541 1042 595 9.
1077 543 1380 608 Agnoscant
1431 535 1481 589 in
1527 550 1588 590 se
1616 531 1967 589 contentiosa:

376 635 734 694 animositatis
765 648 958 688 nomen
979 640 1030 685 et
1055 632 1254 684 crimen
1277 670 1289 691 ,
1318 629 1406 697 qui
1437 627 1516 680 vel
1541 626 1798 694 pervicaci
1824 632 1969 677 astu—

378 734 448 785 tia
487 728 727 797 pra:bent
766 724 1114 795 patrocinium
1138 721 1372 782 falsitati,
1401 718 1483 772 vel
1515 717 1688 771 invida
1712 715 1966 784 jactantia

379 822 686 874 ministrant
710 817 1030 887 praeconium
1051 812 1279 867 veritati.
1307 811 1598 878 Utrumque
1628 811 1726 864 hoc
1746 816 1968 860 conten-

375 914 636 966 tiosorum
667 923 834 978 genus
859 907 1131 977 apostolus
1155 903 1350 958 Paulus
1378 900 1638 970 expl'CSSll
1665 918 1678 953 :
1714 897 1836 951 illud
1861 897 1966 965 pri-

377 1018 526 1056 mum
569 1001 621 1054 in
663 997 998 1060 Alexandro,
1047 995 1115 1048 de
1153 1010 1257 1062 quo
1306 993 1374 1046 ait
1407 989 1730 1043 :Alexander
1754 989 1964 1041 azrarius

377 1096 540 1149 multa
566 1094 710 1146 mala»
732 1091 854 1143 mihi
881 1089 1128 1151 ostendit;
1158 1085 1332 1138 reddet
1370 1083 1448 1136 illi
1495 1082 1743 1135 Dominus
1786 1097 1965 1133 secun-

379 1188 503 1240 dum
534 1202 686 1254 opera
716 1185 825 1252 ejus
853 1199 871 1236 :
893 1196 1035 1244 quem
1067 1189 1113 1231 et
1141 1187 1194 1230 tu
1231 1176 1417 1237 devita;
1442 1173 1588 1226 valde
1624 1173 1758 1224 enim
1786 1170 1964 1223 restitit

380 1275 565 1327 nostris
587 1270 896 1324 sermonibus
919 1266 981 1336 (ll
1009 1264 1142 1317 Tim.
1167 1279 1242 1325 tv,
1278 1263 1326 1324 l,
1359 1262 1414 1323 2,
1445 1262 1532 1327 flii,
1569 1259 1676 1326 l5);
1710 1257 1810 1310 hoc
1837 1271 1965 1310 vero

380 1363 607 1418 alterum
633 1362 683 1413 in
711 1360 787 1412 eis
808 1358 874 1411 de
901 1356 1092 1424 quibus
1123 1354 1194 1406 ait
1220 1371 1232 1405 :
1260 1351 1477 1415 Quidam
1507 1348 1706 1420 quidem
1732 1363 1793 1400 ex
1836 1346 1966 1399 invi-

381 1454 467 1506 dia
497 1462 540 1506 et
565 1451 879 1505 contentione
906 1447 1162 1500 Christum
1192 1443 1524 1506 annnntiant,
1551 1457 1650 1492 non
1670 1447 1826 1502 caste,
1857 1437 1966 1491 exi-

381 1546 640 1598 stimantes
661 1539 1032 1593 tribulationem
1060 1533 1296 1588 suscitari
1319 1531 1528 1585 vinculis
1554 1529 1696 1582 meis.
1723 1528 1852 1581 Nam
1887 1525 1964 1580 illi

386 1637 566 1707 procul
593 1633 755 1688 dubio
779 1632 1006 1699 idipsum
1025 1626 1407 1682 annuutiabant
1431 1622 1572 1693 quod
1603 1620 1828 1682 Paulus;
1856 1633 1961 1672 non

384 1739 562 1784 tamen
589 1741 652 1780 eo
673 1725 873 1787 animo,
908 1737 1010 1775 non
1039 1734 1099 1774 ea
1125 1719 1395 1772 voluntate
1413 1757 1428 1780 ,
1459 1730 1562 1766 non
1584 1729 1649 1766 ex
1676 1710 1960 1770 charitate.

384 1819 477 1873 sed
505 1833 572 1872 ex
602 1815 825 1878 invidia,
855 1813 989 1866 sicut
1011 1810 1160 1873 dixit,
1180 1816 1234 1861 et
1253 1823 1317 1860 ex
1345 1803 1705 1864 contentione,
1724 1801 1964 1855 volentes

382 1906 615 1976 superbo
646 1920 805 1959 sensu
830 1903 880 1956 in
929 1900 1113 1953 eadem
1145 1898 1254 1966 ipsa
1299 1891 1701 1963 annuntiatione
1742 1887 1964 1958 praecel-

385 1999 520 2059 lere.
551 2005 606 2051 et
625 1993 869 2064 apostolo
899 1990 1061 2045 Paulo
1107 1985 1376 2055 anteponi.
1405 1981 1556 2051 Quod
1585 1982 1673 2035 ille
1709 1994 1813 2033 non
1844 1993 1962 2032 mo-

383 2092 514 2146 leste
541 2089 740 2147 ferens,
773 2086 880 2140 imo
908 2084 1066 2138 etiam
1089 2079 1344 2151 gaudens.
1369 2075 1510 2145 quod
1536 2074 1603 2128 ab
1623 2073 1701 2128 eis
1725 2071 1853 2126 illud
1877 2070 1962 2124 vi-

387 2183 545 2238 debat
575 2177 847 2250 prardicari
873 2217 888 2240 ,
915 2173 1056 2244 quod
1104 2171 1261 2225 latius
1309 2169 1640 2222 innotescere
1675 2163 1958 2231 cupiebat:

387 2273 523 2340 Quid
547 2272 679 2325 enim
703 2311 719 2333 ,
763 2267 964 2334 inqttit,
1011 2264 1132 2317 dum
1161 2262 1297 2314 omni
1322 2259 1471 2311 modo
1491 2298 1506 2322 ,
1538 2255 1638 2310 sive
1666 2254 1959 2317 occasione,

380 2369 483 2422 sive
509 2367 714 2420 veritate
749 2362 981 2417 Christus
1009 2353 1379 2410 annuntietur?
1407 2349 1588 2420 Neque
1614 2349 1756 2403 enim
1782 2345 1962 2420 cordis

378 2461 461 2514 sui
488 2460 709 2514 veritate
730 2497 744 2518 ,
771 2453 892 2524 quia
925 2466 1028 2506 non
1055 2451 1258 2504 sincera
1285 2445 1578 2500 intentione
1597 2484 1613 2508 ,
1653 2440 1746 2498 sed
1770 2439 1960 2502 temula

378 2549 738 2610 contentione,
771 2545 1045 2606 veritatem
1079 2551 1274 2602 tamen,
1309 2537 1410 2591 hoc
1429 2545 1508 2590 est
1537 2532 1806 2588 Christum
1826 2571 1843 2598 ,
1867 2547 1961 2586 an-

379 2641 710 2697 nuntiahant.
768 2637 848 2691 Tu
880 2636 1034 2704 igitur
1059 2648 1180 2687 cum
1205 2630 1366 2700 judex
1417 2627 1730 2681 interiorum
1784 2622 1960 2684 cordis

378 2733 544 2790 nostri
573 2746 690 2786 esse
738 2743 842 2784 nou
895 2726 1092 2796 poSsis,
1140 2718 1508 2776 tantummodo
1533 2727 1712 2771 utrum
1753 2712 1960 2769 veritati

377 2827 719 2885 resistamus,
767 2833 952 2874 aneos
980 2817 1070 2886 qui
1122 2814 1329 2869 veritati
1378 2812 1636 2866 resistunt
1677 2808 1952 2863 revincere

381 2921 676 2989 cupiamus,
709 2915 946 2969 adverte.
975 2911 1104 2966 Nam
1138 2908 1320 2978 procul
1373 2905 1536 2959 dubio
1585 2905 1628 2957 si
1675 2902 1955 2954 veritatem

375 3011 664 3066 suademus
685 3018 1028 3072 erroremque
1049 2999 1363 3064 refellimus,
1383 2995 1588 3052 etiamsi
1615 3008 1718 3048 non
1738 2990 1960 3047 veritate

380 3101 606 3173 propriae
638 3095 946 3153 intentionis
966 3134 978 3155 ,
1011 3092 1104 3146 sed
1135 3090 1548 3145 emolumentum
1577 3083 1758 3140 szeculi
1801 3082 1959 3150 hujus

377 3206 432 3250 et
462 3195 744 3248 humanam
769 3189 993 3260 gloriam
1021 3194 1324 3254 qumrentes
1352 3180 1401 3235 id
1435 3193 1688 3249 agamus;
1727 3175 1958 3246 gaudere

377 3288 575 3343 debent
603 3285 885 3340 dilectores
916 3277 1176 3341 veritatis,
1203 3275 1326 3344 quia
1351 3283 1407 3328 et
1433 3273 1533 3326 hac
1557 3271 1838 3326 occasione
1868 3282 1960 3322 vc-

379 3380 508 3434 ritas
531 3375 898 3438 annuntiatur,
925 3372 1064 3426 sicut
1083 3367 1370 3436 Apostolus
1397 3364 1486 3434 qui
1516 3363 1672 3417 dicit:
1691 3361 1834 3420 Elin
1863 3359 1958 3414 hoc

378 3469 604 3542 gaudebo
634 3463 891 3538 (Philipp.
925 3477 964 3526 ι,
999 3461 1084 3524 17,
1141 3457 1252 3526 18).
1307 3455 1386 3518 Si,
1410 3459 1588 3506 autem
1639 3449 1820 3521 (quod
1848 3449 1957 3503 Deo

377 3559 608 3616 maxime
639 3565 820 3609 notum
842 3559 958 3613 est.
988 3559 1042 3605 et
1073 3546 1214 3619 quod
1245 3546 1334 3600 tibi
1366 3545 1524 3599 etiam
1552 3542 1674 3611 ipsi,
1700 3549 1955 3611 quantum

374 3664 453 3709 eat
484 3650 749 3706 facultatis
779 3648 1043 3705 humanm,
1087 3641 1131 3696 si
1165 3639 1440 3694 nobiscum
1470 3637 1678 3690 viveres
1701 3672 1719 3703 ,
1767 3643 1954 3692 notum

372 3757 492 3798 esse
532 3741 807 3812 potuisset)
865 3737 947 3805 pia
1000 3729 1356 3788 sollicitudine
1401 3726 1677 3781 cbaritatis
1710 3725 1763 3780 in
1796 3725 1958 3794 hujus

373 3831 786 3903 dispenSationis
835 3828 1016 3882 labore
1061 3835 1381 3885 versamur;
1443 3825 1569 3887 puto
1623 3833 1956 3887 nequaquam

370 3928 514 3994 juste
526 3921 841 3993 reprehendi
865 3919 1214 3975 ministerium
1234 3926 1498 3981 nostrum,
1514 3915 1560 3968 si
1587 3922 1773 3968 contra
1790 3927 1956 3982 quos-

377 4017 505 4072 libet
530 4013 868 4081 adversarios
893 4011 1130 4066 veritatis
1150 4007 1370 4064 ferventi
1399 4006 1584 4076 spiritu
1618 4021 1714 4075 pro
1733 4004 1958 4059 veritate

372 4117 660 4162 certemus.

447 4195 671 4252 CAPUT
700 4193 834 4248 VIII.
857 4223 928 4234 —
946 4193 1031 4248 to.
1059 4191 1190 4247 Nam
1215 4190 1262 4247 si
1287 4190 1650 4245 contentiosus
1675 4188 1898 4244 habetur
1923 4204 1954 4243 a

376 4289 528 4342 vobis
552 4287 636 4342 vel
663 4287 938 4340 animosus
962 4293 1283 4352 paratorque
1301 4282 1554 4346 rixarum,
1579 4278 1817 4350 quisquis
1841 4280 1957 4334 cui-

372 4395 530 4451 quam
580 4379 845 4433 sermonis
886 4374 1408 4430 altercationem‘vel
1431 4371 1627 4426 inferre
1644 4369 1727 4426 vel
1757 4373 1958 4427 referre

372 4473 665 4536 curaverit;
703 4471 876 4524 videte
920 4467 1043 4538 quid
1083 4467 1152 4522 de
1177 4467 1292 4535 ipso
1317 4465 1540 4519 Domino
1567 4464 1694 4519 Iesu
1722 4462 1954 4529 Christo,

371 4565 591 4634 ejusque
614 4561 784 4618 servis
814 4559 1094 4628 Prophetis
1115 4567 1168 4612 et
1188 4555 1456 4625 Apostolis
1471 4555 1730 4609 sentiatis.
1757 4552 1958 4622 Nempe

373 4655 518 4707 enim
549 4653 802 4706 Dominus
827 4652 938 4719 ipse
964 4648 1128 4702 Filius
1158 4645 1286 4711 Dei,
1311 4644 1566 4714 numquid
1593 4660 1712 4700 cum
1731 4642 1858 4698 solis
1875 4643 1956 4697 di-

373 4742 591 4814 scipulis
616 4741 698 4794 vel
727 4739 894 4793 turbis
916 4739 1004 4807 qui
1020 4738 1202 4790 incum
1215 4735 1578 4799 crediderunt,
1597 4749 1782 4788 annon
1798 4742 1956 4788 etiam

374 4850 494 4889 cum
528 4831 758 4886 inimicis
784 4828 1128 4893 tentantibus,
1158 4825 1597 4891 obtrectantibus,
1624 4836 1956 4892 Interrogan-

373 4926 533 4989 tibus,
564 4921 953 4981 resistentibus,
991 4917 1426 4971 maledicentibus
1450 4958 1463 4980 ,
1495 4917 1675 4970 habuit
1719 4915 1784 4970 de
1814 4915 1956 4969 veri-

375 5027 482 5072 tate
516 5010 853 5070 sermonem?
885 5009 1145 5078 Numquid
1185 5025 1305 5062 eum
1356 5009 1516 5063 etiam
1543 5023 1662 5062 cum
1706 5023 1805 5061 una
1839 5024 1956 5061 mu-

374 5110 504 5162 liere
520 5107 586 5160 de
611 5104 905 5174 qu:estione
930 5102 1186 5156 orationis
1205 5111 1387 5155 contra
1409 5101 1711 5169 opinionem
1737 5101 1820 5154 vel
1852 5101 1959 5154 ha:-

374 5214 546 5256 rescm
592 5195 1046 5252 Samaritanorum
1088 5194 1250 5262 piguit
1293 5193 1600 5263 disputare?
1644 5192 1746 5247 Sed
1791 5193 1954 5256 illaut,

374 5293 550 5363 inquis
569 5287 892 5344 credituram
918 5299 1035 5340 esse
1060 5283 1392 5353 prmsciebat.
1416 5281 1552 5349 Quid
1586 5283 1742 5337 toties
1768 5280 1957 5336 adver-

377 5399 470 5438 sus
513 5381 748 5444 Judaios,
793 5378 1108 5442 Pbarismos,
1139 5375 1480 5437 Sadducmos.
1535 5391 1637 5428 non
1663 5375 1832 5430 solum
1869 5376 1958 5428 tni-

374 5477 518 5530 nimc
543 5473 862 5534 credituros,
891 5483 1074 5522 verum
1095 5465 1257 5521 etiam
1285 5466 1513 5520 maxime
1536 5464 1958 5522 contradictores

445 5643 462 5672 ⁸
495 5661 592 5701 Am.
621 5660 672 5702 et
692 5659 784 5712 Fr,
811 5658 854 5702 et
879 5651 1023 5716 quod.
1051 5659 1174 5711 Mss,
1198 5655 1241 5699 et
1260 5661 1346 5712 pro
1369 5647 1552 5710 quibus.

1163 231 1432 287 CONTRA
1473 226 1905 285 CRESCONIUM
1949 227 2402 296 DONATISTAM,
2434 232 2488 291 S.
2521 235 2880 294 AUCUSTINI

3551 245 3658 298 452

2076 359 2128 406 et
2152 363 2542 418 persecuturos,
2573 370 2752 408 coram
2793 359 2846 409 in
2897 371 2958 411 os
2985 370 3170 410 eorum
3199 372 3358 427 quam
3390 358 3552 412 multa
3582 362 3659 412 Io-

2074 453 2228 496 cutus
2255 445 2373 498 est?
2408 445 2594 498 Nonne
2621 447 2688 499 ab
2715 448 2793 500 eis
2825 447 2983 506 ultro.
3016 462 3136 500 cum
3165 448 3356 512 voluit,
3389 450 3529 517 quod
3564 466 3661 503 vo-

2074 536 2169 589 luit
2194 537 2481 606 iuquisivit,
2500 549 2554 590 ut
2571 555 2756 603 eorum
2780 541 2897 592 illos
2917 541 3265 606 responsione
3285 543 3663 596 convinceret?

2072 625 2260 680 Nonne
2287 627 2391 680 illis
2417 628 2602 682 dolose
2633 629 2885 684 tentando
2911 633 3292 699 qurrentihus,
3326 648 3446 686 cum
3477 634 3667 688 redar-

2072 719 2178 786 gnti
2206 718 2654 786 obmutescerent,
2685 721 2800 774 sine
2827 723 2934 774 ulla
2953 722 3295 790 ambiguitate
3328 725 3602 791 respondit
3630 726 3657 779 ?

2071 805 2223 872 Quod
2272 823 2391 862 cum
2423 807 2637 873 faceret,
2675 809 2848 862 nullus
2889 826 2952 863 ex
2999 810 3079 862 his
3104 810 3292 878 legitur
3327 811 3542 866 adeum
3571 828 3667 867 se-

2071 899 2336 966 quendum
2389 900 2550 954 fuisse
2595 915 2904 954 conversus.
2934 900 3002 954 Et
3040 903 3221 969 utique
3265 913 3503 968 noverat,
3534 905 3659 973 quia

2073 992 2324 1058 prtescius
2348 1001 2463 1045 erat
2489 1034 2502 1057 ,
2534 992 2664 1048 nihil
2703 1007 2760 1046 se
2788 993 2852 1046 ad
2883 1007 3070 1047 eorum
3099 994 3343 1056 salutem,
3373 1011 3495 1049 cum
3529 997 3650 1052 haec

2069 1081 2136 1134 ad
2160 1097 2255 1136 eos
2281 1082 2363 1136 vel
2395 1083 2446 1136 in
2469 1098 2583 1146 eos,
2621 1083 2704 1138 vel
2732 1083 2989 1138 adversus
3019 1099 3113 1138 eos
3139 1085 3340 1140 diceret
3364 1127 3378 1149 ,
3409 1090 3656 1156 profutu-

2070 1188 2208 1226 rum.
2235 1174 2338 1228 Sed
2375 1191 2470 1230 nos
2508 1175 2734 1230 fortasse
2775 1190 2874 1230 suo
2901 1178 3130 1231 lirmavit
3159 1181 3423 1248 exemplo,
3463 1182 3549 1248 qui
3579 1181 3662 1234 fu-

2045 1271 2245 1328 turam
2289 1264 2444 1319 [idem
2475 1267 2817 1336 perlidiamve
2850 1266 3122 1321 hominum
3173 1285 3506 1338 pramoscere
3545 1287 3655 1326 non

2070 1357 2336 1422 valemus;
2363 1373 2431 1413 ne
2455 1359 2502 1411 si
2526 1359 2736 1427 quando
2763 1360 2982 1413 nimium
3005 1360 3154 1413 duris
3179 1361 3504 1429 nimiumque
3527 1377 3659 1431 per-

2073 1448 2242 1501 versis
2281 1448 2398 1502 sine
2427 1447 2602 1502 fructu
2631 1449 2818 1503 salutis
2847 1464 3032 1504 eorum
3061 1450 3222 1504 locuti
3261 1450 3530 1517 fuerimus,
3559 1452 3660 1506 de-

2071 1537 2309 1592 ﬁciamus
2337 1549 2392 1592 ct
2417 1539 2736 1594 desistamus
2756 1541 2823 1595 ab
2849 1540 3095 1594 instantia
3130 1540 3452 1612 pra‘dicandi
3479 1581 3494 1605 ,
3527 1557 3652 1595 cum

2070 1627 2298 1684 inaniter
2343 1631 2571 1699 piguerit
2609 1632 2868 1686 laborare.
2915 1631 3076 1698 Quid,
3104 1633 3247 1702 quod
3289 1634 3446 1686 etiam
3480 1634 3656 1702 ipsum

2068 1717 2361 1785 diabolum,
2406 1736 2564 1790 quem
2591 1721 2699 1791 jam
2733 1737 2838 1776 non
2869 1723 3040 1776 solum
3065 1723 3208 1778 Deus
3231 1763 3246 1785 ,
3273 1723 3366 1777 sed
3395 1739 3460 1777 ne
3483 1725 3658 1778 homi-

2068 1821 2164 1862 nes
2185 1808 2396 1878 quidem
2417 1811 2664 1866 dubitare
2685 1821 2927 1882 possunt,
2953 1813 3097 1866 nullo
3123 1814 3282 1869 modo
3303 1813 3368 1872 ad
3391 1813 3655 1882 justitiam

2066 1912 2382 1955 conversum
2409 1902 2471 1956 iri
2491 1904 2529 1966 ί,
2554 1903 2721 1958 Filius
2743 1905 2833 1958 Dei
2855 1906 3027 1959 tamen
3053 1905 3309 1961 insidiose
3335 1914 3650 1974 teutantcm,

2066 1989 2210 2045 etde
2247 1990 2534 2061 Scripturis
2577 1997 2774 2050 sanctis
2815 1997 3166 2065 quaestionum
3233 1997 3449 2067 laqueos
3487 2014 3654 2069 oppo.

2067 2091 2304 2147 nentem,
2333 2084 2401 2139 de
2425 2084 2718 2154 Scripturis
2755 2089 2956 2144 sanctis
2977 2089 3348 2158 respondendo
3377 2091 3612 2145 convicit
3632 2139 3651 2162 ,

2065 2190 2165 2232 nec
2183 2176 2440 2246 judicavit
2467 2178 2739 2250 indignum
2777 2196 2898 2236 eum
2921 2181 3112 2235 Satana
3141 2181 3384 2236 Christus
3413 2182 3480 2236 de
3508 2183 3650 2237 divi-

2066 2267 2148 2320 nis
2188 2269 2412 2338 eloquiis
2450 2268 2650 2325 habere
2695 2271 3017 2342 colloquium
3065 2271 3278 2341 (Matth.
3313 2290 3364 2327 tv
3387 2315 3404 2340 ,
3433 2275 3568 2330 5-10
3594 2275 3647 2337 Π

2065 2357 2190 2425 quid
2218 2359 2398 2428 utique
2443 2361 2742 2429 prmvidens
2767 2403 2782 2428 ,
2815 2363 2914 2416 nisi
2941 2362 3082 2432 quod
3108 2363 3307 2418 Iudicis
3331 2374 3386 2419 et
3430 2365 3649 2421 diabolo

2063 2447 2194 2502 nihil
2221 2451 2494 2518 proderat,
2525 2453 2810 2506 credituris
2838 2452 3094 2510 Gentibus
3121 2454 3494 2523 profuturum?

2059 2601 2061 2604 ,
2136 2541 2224 2596 tl.
2263 2541 2556 2612 Prophetas
2594 2545 2754 2600 etiam
2798 2545 3019 2615 legimus
3061 2547 3255 2601 mimos
3291 2546 3357 2601 ad
3398 2543 3648 2603 homines

2063 2638 2171 2685 tam
2201 2632 2594 2701 inobedientes,
2628 2643 2685 2690 ut
2715 2636 2854 2691 Deus
2884 2638 2995 2706 ipse
3019 2638 3106 2707 qui
3139 2638 3433 2707 Prophetas
3463 2639 3648 2693 mitte-

2061 2721 2169 2788 bat,
2197 2723 2266 2778 de
2285 2723 2378 2785 his
2406 2724 2472 2779 ad
2500 2741 2635 2795 quos
2663 2727 2904 2781 mittebat
2932 2729 3268 2797 praediceret,
3298 2729 3436 2798 quod
3467 2731 3647 2785 verbis

2063 2828 2248 2869 eorum
2276 2816 2688 2886 obtemperaturi
2729 2833 2835 2874 non
2870 2831 3070 2874 essent.
3104 2819 3304 2874 Omitto
3339 2821 3476 2890 quod
3515 2837 3647 2890 pro-

2061 2907 2275 2977 pbetico
2295 2909 2480 2978 spiritu
2501 2925 2607 2980 quo
2631 2910 2805 2965 futura
2829 2913 3136 2978 cernebant,
3159 2913 3321 2968 etiam
3345 2912 3447 2968 hoc
3467 2913 3648 2982 utique

2060 3013 2219 3053 nosse
2244 2999 2560 3067 potuissent,
2589 3001 2730 3069 quod
2755 3017 2941 3056 eorum
2963 3002 3124 3060 verba
3153 3003 3507 3072 contempturi
3532 3003 3652 3058 fue-

2061 3100 2217 3159 rant,
2245 3093 2434 3162 quibus
2461 3109 2525 3148 ea
2556 3103 2729 3150 tamen
2757 3095 3060 3150 vehementi
3089 3097 3334 3150 instantia
3362 3111 3468 3152 non
3499 3105 3648 3150 tace-

2061 3186 2209 3240 bant.
2232 3186 2582 3254 Apertissime
2605 3187 2862 3243 Dominus
2883 3188 2948 3244 ad
2972 3188 3304 3244 Ezechielem
3333 3187 3647 3257 prophetam

2061 3277 2189 3332 dicit
2217 3295 2230 3332 :
2269 3276 2407 3332 Vade
2433 3289 2478 3332 et
2507 3279 2640 3333 intra
2667 3280 2720 3333 in
2754 3280 2957 3334 domum
2981 3279 3165 3343 Israel,
3199 3289 3247 3334 et
3273 3281 3476 3348 loquere
3500 3279 3652 3332 verba

2061 3384 2172 3421 mea
2197 3367 2265 3420 ad
2292 3367 2431 3438 ipsos
2462 3382 2482 3423 :
2505 3370 2625 3438 quia
2657 3385 2757 3422 non
2792 3369 2860 3421 ad
2899 3371 3142 3438 papulum
3166 3369 3352 3436 ignotis
3379 3369 3564 3438 lingula
3591 3377 3651 3421 tu

2061 3457 2302 3521 mitteris,
2331 3457 2399 3510 ad
2424 3457 2629 3511 domum
2658 3456 2857 3521 Israel;
2884 3473 2973 3510 nec
2999 3459 3068 3510 ad
3106 3459 3320 3527 papulas
3349 3458 3532 3511 multos
3561 3457 3650 3510 di-

2060 3546 2216 3600 versis
2239 3555 2327 3599 aut
2356 3545 2588 3616 gravibus
2613 3546 2798 3617 linguis
2826 3547 3096 3616 loquentes,
3129 3563 3342 3615 quorum
3370 3547 3518 3600 verba
3547 3563 3652 3601 non

2063 3641 2224 3710 possis
2249 3639 2463 3702 audire;
2488 3647 2533 3692 et
2562 3639 2606 3691 si
2629 3643 2696 3691 ad
2725 3638 2848 3692 tales
2877 3637 3118 3692 misissem
3145 3646 3209 3700 te,
3233 3639 3446 3707 forsitan
3474 3639 3654 3693 audis-

2061 3741 2168 3786 sent
2193 3741 2259 3785 te.
2287 3731 2481 3786 Domus
2505 3741 2671 3786 autem
2698 3729 2860 3784 Israel
2885 3747 2985 3784 non
3009 3729 3210 3783 audient
3235 3740 3303 3795 te,
3325 3732 3445 3799 quia
3469 3731 3654 3784 nolunt

2061 3822 2238 3877 audire
2266 3840 2362 3876 me.
2399 3823 2576 3876 Omnis
2605 3823 2737 3876 enim
2765 3823 2944 3876 domus
2982 3820 3145 3874 Israel
3181 3822 3400 3890 inquieto
3437 3831 3484 3874 et
3517 3821 3651 3874 duro

2060 3917 2211 3970 corde
2234 3925 2326 3970 est.
2356 3915 2468 3985 Ego
2497 3925 2663 3970 autem
2689 3916 2804 3969 dedi
2831 3917 3010 3987 faciem
3040 3926 3176 3968 tuam
3208 3919 3387 3985 fortem
3411 3916 3652 3969 adversus

2061 4007 2243 4078 [aciem
2281 4022 2486 4068 eorum,
2525 4015 2573 4060 et
2611 4017 2858 4060 certamen
2899 4017 3040 4060 tuum
3071 4007 3374 4073 .confortabo
3411 4007 3650 4059 adversus

2060 4108 2308 4150 certamen
2338 4113 2512 4150 eorum
2545 4096 2770 4169 (Ezech.
2801 4113 2889 4162 ut,
2926 4098 3080 4165 4-8).
3119 4097 3260 4151 Ecce
3297 4098 3521 4152 mittitur
3553 4099 3648 4152 Dei

2061 4201 2269 4252 servus,
2295 4197 2351 4243 et
2378 4189 2457 4242 eis
2484 4189 2624 4258 loqui
2649 4188 2882 4256 jubetur,
2914 4188 3003 4256 qui
3031 4203 3151 4242 eum
3182 4203 3285 4242 non
3313 4198 3466 4242 erant
3491 4189 3647 4242 audi-

2063 4281 2186 4344 turi,
2203 4295 2270 4336 eo
2289 4281 2404 4350 ipso
2426 4280 2647 4334 Domino
2667 4281 2754 4348 qui
2778 4279 3020 4332 mittebat
3038 4290 3090 4332 et
3111 4280 3252 4348 loqui
3272 4281 3492 4349 jubehat
3513 4297 3648 4349 pra:-

2061 4369 2271 4426 dicente
2290 4369 2429 4438 quod
2455 4385 2558 4422 non
2579 4378 2730 4422 erant
2753 4368 3002 4422 audituri.
3025 4369 3138 4437 Qua
3162 4385 3342 4436 causa,
3371 4371 3455 4424 cui
3481 4371 3647 4436 bono,

2062 4477 2166 4531 quo
2193 4461 2384 4524 fructu,
2407 4475 2578 4528 quove
2604 4461 2792 4514 ell'ectu
2819 4461 3043 4514 mittitur
3066 4461 3132 4515 ad
3157 4472 3426 4518 certamen
3455 4463 3651 4531 prtedi-

2061 4553 2244 4607 candte
2265 4553 2499 4606 veritatis
2521 4553 2773 4607 adversus
2792 4561 3086 4608 certaturos
3106 4562 3158 4606 et
3181 4570 3284 4608 non
3307 4554 3651 4608 obedituros?

2061 4643 2197 4698 Num
2229 4643 2504 4712 quisquam
2534 4643 2714 4698 dicere
2741 4643 2955 4698 audebit
2982 4655 3196 4698 sanctos
3230 4645 3318 4698 Dei
3354 4644 3651 4713 Pmphetas

2063 4735 2312 4791 incidisse
2349 4737 2400 4789 in
2436 4736 2780 4804 opprobrium
2817 4736 2911 4790 abs
2941 4745 2991 4791 te
3025 4737 3153 4790 mihi
3187 4735 3453 4804 ohjectum
3477 4778 3492 4800 ,
3524 4751 3648 4790 cum

2061 4827 2267 4882 diceres
2296 4846 2310 4882 :
2343 4827 2403 4881 Si
2433 4837 2485 4880 tu
2522 4827 2620 4881 scis
2658 4843 2761 4879 rem
2793 4827 2856 4880 de
2893 4844 2992 4896 qua
3026 4828 3192 4896 agitur
3228 4843 3259 4878 a
3293 4835 3339 4879 te
3376 4826 3515 4894 ﬁniri
3547 4843 3651 4879 non

2063 4936 2235 4989 posse,
2264 4936 2353 4972 cur
2379 4921 2632 4973 incassum
2658 4918 2880 4973 laborem
2904 4919 3093 4973 sumis?
3119 4935 3208 4971 cur
3228 4919 3429 4972 inanem
3455 4920 3646 4983 impen-

2062 5012 2140 5066 dis
2161 5012 2406 5082 operam?
2425 5029 2515 5064 cur
2533 5027 2840 5082 supervacue
2859 5028 2918 5064 ac
2937 5011 3043 5063 sine
3064 5014 3227 5079 fructu
3249 5010 3507 5063 contendis
3523 5011 3550 5065 ?
3568 5009 3649 5064 Att

2063 5122 2164 5159 non
2191 5121 2402 5174 magnus
2430 5121 2571 5156 error
2596 5112 2689 5169 est,
2718 5103 2843 5157 velle
2869 5102 3003 5171 quod
3036 5119 3136 5155 non
3164 5103 3332 5155 valeas
3356 5102 3654 5170 explicare?

2063 5213 2176 5249 cum
2205 5205 2248 5250 et
2278 5194 2380 5248 Lex
2406 5203 2604 5250 moneat
2629 5194 2825 5256 dicens,
2863 5210 2880 5243 ι
2912 5191 3106 5246 Altiora
3132 5200 3178 5243 te
3203 5207 3263 5243 ne
3286 5191 3570 5260 qua’sieris,
3604 5201 3652 5244 et

2064 5287 2277 5358 fortiora
2301 5294 2347 5338 te
2371 5303 2433 5338 ne
2457 5293 2708 5338 scrutatus
2743 5283 2898 5351 [ueris
2931 5301 2949 5334 ι
2983 5281 3170 5349 (Eccli.
3203 5297 3280 5346 Ill,
3311 5282 3438 5348 22);
3471 5291 3519 5334 et
3552 5285 3646 5334 ite.

2064 5393 2198 5440 rum,
2232 5394 2250 5426 ‹
2294 5375 2455 5428 Homo
2480 5375 2738 5428 animosus
2765 5383 2911 5444 Paret
2936 5374 3066 5437 lites,
3095 5382 3141 5426 et
3166 5373 3239 5426 vir
3263 5373 3538 5426 iracundus
3562 5380 3655 5426 n—

2065 5475 2270 5538 aggerat
2299 5475 2557 5536 peccatum
2593 5484 2609 5516 ι
2644 5464 2762 5537 (Id.
2805 5480 2994 5528 xxmt,
3041 5465 3097 5518 ll
3119 5462 3175 5534 )?
3211 5463 3473 5520 Ezccltieli
3503 5473 3650 5520 certe

2132 5646 2146 5675 ¹
2184 5651 2229 5692 ιη
2255 5642 2476 5690 omnibus
2495 5647 2620 5696 Mss,
2648 5652 2996 5690 (emersurum.
