4024 6194
425 325 529 382 ‘53

422 442 520 495 ista
553 454 657 492 non
684 437 891 492 diceres
911 478 925 500 ,
955 437 1044 506 qui
1075 450 1195 489 cum
1227 434 1392 490 verbo
1423 432 1516 488 Dei
1559 431 1786 486 mittitur
1815 429 2008 482 inferre

422 537 694 584 certamen
724 526 1026 580 hominibus
1053 540 1158 580 non
1188 523 1506 587 ohedituris,
1532 533 1716 576 contra
1752 519 2008 584 sensuris,

421 627 608 674 contra
634 615 892 678 dicturis,
924 624 1108 669 contra
1140 614 1374 669 iacturis.
1415 612 1545 667 Nam
1577 613 1621 665 si
1649 611 1890 676 diceres,
1927 624 2012 663 re-

420 708 711 778 sponderet
740 708 834 762 tibi
865 707 1090 762 fortasse
1108 747 1124 771 ,
1153 706 1292 776 quod
1321 705 1521 760 eisdem
1547 704 1744 759 .ludaeis
1773 702 2012 772 Apostoli

422 799 812 868 responderunt
830 838 846 865 ,
869 797 962 852 Cui
986 797 1186 852 obedire
1210 796 1444 864 oportet?
1463 795 1573 851 Deo
1599 796 1759 865 magis
1778 834 1793 858 ,
1823 811 1888 847 an
1916 795 2012 847 ho-

421 889 639 943 minibus
671 887 820 960 (Act.
854 904 927 955 tv,
962 889 1050 955 19,
1080 898 1126 942 et
1159 903 1212 953 v,
1243 886 1393 957 29)?
1427 887 1536 942 Hoc
1573 887 1664 942 tibi
1701 887 1861 942 etiam
1900 885 2014 955 ipse

423 980 813 1048 responderim.
1905 992 1908 993 '

492 1068 718 1124 CAPUT
749 1068 840 1123 IX.
865 1099 938 1110 —-
962 1067 1049 1122 12.
1083 1068 1180 1124 Hic
1208 1069 1250 1123 si
1282 1077 1338 1122 tu
1364 1067 1682 1138 ﬂagitaveris
1704 1107 1718 1134 ,
1748 1074 1805 1120 ut
1834 1076 2015 1120 osten-

423 1159 546 1214 dam
574 1159 660 1214 ubi
689 1161 851 1214 etiam
882 1159 1011 1213 mihi
1043 1159 1184 1214 Deus
1212 1159 1523 1228 praeceperit
1559 1157 1611 1211 id
1649 1171 1806 1228 agere
1825 1198 1841 1224 ,
1871 1156 2014 1226 quod

425 1261 478 1305 tu
522 1249 806 1321 prohibes;
848 1259 1117 1304 memento
1151 1249 1474 1320 apostolicas
1495 1249 1759 1318 Epistolas
1795 1263 1904 1302 non
1935 1248 2014 1303 eis

425 1350 631 1396 tantum
658 1342 882 1410 scriptas
908 1342 996 1412 qui
1025 1351 1266 1412 tempore
1292 1341 1382 1396 illo
1405 1356 1513 1410 quo
1536 1339 1903 1396 scribebantur
1921 1354 2017 1394 au-

422 1430 668 1497 diebant,
699 1432 792 1487 sed
822 1433 983 1487 etiam
1021 1432 1176 1488 nobis
1208 1450 1222 1486 :
1255 1447 1360 1487 non
1391 1433 1534 1489 enim
1559 1433 1630 1487 ob
1655 1431 1799 1486 aliud
1827 1431 1879 1486 in
1907 1431 2014 1487 Ec-

422 1523 584 1578 clesia
611 1524 919 1579 recitantur.
953 1524 1183 1580 Attende
1211 1525 1370 1580 etiam
1400 1523 1530 1579 illud
1558 1525 1700 1594 quod
1727 1521 2016 1593 Apostolus

424 1613 499 1668 ait
527 1631 540 1667 :
573 1614 651 1668 An
680 1614 829 1669 vultis
857 1615 1254 1684 experimentum
1283 1615 1390 1684 ejus
1415 1615 1640 1683 accipere
1656 1613 1743 1683 qui
1764 1613 1818 1667 in
1843 1630 1921 1667 me
1941 1613 2019 1668 lo-

425 1704 595 1772 quitur
622 1702 850 1759 Christus
883 1703 959 1774 (ll
990 1703 1108 1758 Cor.
1149 1719 1273 1768 xut,
1301 1703 1389 1772 3).
1429 1703 1494 1758 Et
1522 1703 1700 1758 recole
1730 1703 1840 1772 jam
1860 1744 1876 1768 ,
1910 1719 2016 1757 non

426 1793 554 1864 quid
583 1794 804 1862 Paulus,
834 1793 928 1848 sed
965 1792 1092 1863 quid
1128 1808 1224 1863 per
1255 1808 1378 1848 eum
1404 1791 1650 1849 Christus
1681 1793 1888 1847 locutus
1913 1793 2014 1858 sit,

427 1883 567 1954 quod
598 1885 753 1954 paulo
787 1893 911 1940 ante
938 1884 1352 1940 commemoravi
1370 1924 1386 1951 ,
1416 1883 1653 1938 Prautica
1679 1883 1909 1949 verbum,
1936 1884 2018 1937 in—

428 1982 504 2029 sta
532 1983 834 2045 opportune,
858 1975 1161 2044 importune,
1193 1983 1298 2029 etc.
1327 1973 1556 2029 Attende
1579 1973 1738 2028 etiam
1763 1970 2016 2043 quemad-

423 2065 645 2135 modum
666 2066 732 2120 ad
755 2065 930 2122 Titum
950 2080 1070 2121 cum
1094 2066 1382 2136 explicaret
1405 2064 1576 2136 qualis
1597 2078 1714 2120 esse
1735 2063 2016 2134 episcopus

431 2157 640 2223 debeat,
663 2157 820 2212 etiam
849 2165 1279 2226 perseverantem
1304 2156 1440 2212 dixit
1459 2171 1578 2211 esse
1599 2165 1847 2226 oportere
1865 2155 2016 2226 juxta

429 2249 721 2305 doctrinam
750 2249 921 2305 fidelis
942 2250 1110 2317 verbi,
1141 2248 1209 2305 Ut
1237 2258 1412 2320 potem
1434 2250 1520 2316 sit,
1550 2249 1738 2318 inquit,
1765 2257 1811 2302 et
1835 2247 2018 2302 exhor-

429 2341 528 2394 tari
552 2342 604 2395 in
628 2341 854 2394 doctrina
879 2356 1024 2404 sana,
1049 2349 1096 2396 et
1118 2341 1509 2394 contradicentes
1535 2339 1855 2410 redarguere.
1883 2338 2018 2392 Sunt

429 2432 563 2484 enim
591 2432 737 2485 multi
763 2447 862 2485 non
892 2430 1097 2493 subditi,
1127 2431 1401 2500 uaniloqui,
1431 2440 1480 2485 et
1507 2432 1685 2484 mentis
1711 2431 2014 2494 seductores,

429 2521 650 2574 maxime
679 2520 764 2590 qui
799 2536 860 2574 ea:
889 2520 1267 2574 circumcisione
1297 2530 1454 2584 sunt;
1485 2536 1609 2588 quos
1636 2528 1827 2589 Oportet
1858 2520 2020 2590 refelli

431 2610 574 2679 (Tit.
609 2627 645 2676 ι,
674 2610 796 2666 9-H
818 2610 858 2681 ).
893 2609 1009 2665 Non
1044 2625 1171 2681 ergo
1207 2610 1351 2666 solos
1385 2610 1475 2680 qui
1511 2626 1578 2665 ex
1615 2609 2020 2664 circumcisione

429 2711 576 2766 sunt,
610 2703 704 2757 sed
733 2717 826 2758 eos
855 2703 1086 2757 maxime
1115 2702 1244 2757 tales
1269 2718 1390 2758 esse
1418 2702 1493 2756 ait
1519 2719 1532 2755 :
1565 2710 1816 2772 Oportere
1847 2708 2021 2756 tamen

432 2794 486 2848 in
511 2793 752 2848 doctrina
790 2807 919 2848 sana
960 2793 1206 2864 redargui
1241 2792 1518 2863 refellique
1550 2792 1618 2847 ab
1645 2793 1896 2862 episcopo
1929 2806 2023 2844 va-

435 2883 682 2952 niloquos
705 2891 758 2937 et
782 2883 976 2936 mentis
1001 2881 1328 2947 seductores,
1354 2882 1642 2936 indubitata
1669 2881 2022 2951 praeceptione

435 2975 680 3030 firmavit.
709 2973 858 3030 Unde
886 2974 988 3028 hoc
1007 2975 1165 3029 etiam
1188 2974 1317 3028 mihi
1337 2975 1542 3042 jussum
1569 2989 1689 3029 esse
1713 2989 1976 3044 cognosco
2005 2992 2017 3027 :

435 3064 538 3120 hoc
571 3080 668 3136 pro
695 3065 899 3120 viribus
935 3079 1068 3136 ago;
1112 3063 1234 3119 huic
1275 3064 1452 3133 operi,
1487 3074 1742 3134 quantum
1782 3065 1894 3133 ipse
1930 3065 2020 3136 qui

431 3154 590 3226 jussit
631 3155 877 3225 adjuvat,
927 3163 1328 3224 perseveranter
1367 3153 1576 3209 insisto.
1621 3153 1755 3220 Quid
1800 3153 2021 3208 obstas?

436 3242 562 3314 quid
590 3241 890 3312 obstrepis?
927 3257 1024 3298 cur
1062 3241 1354 3312 prohibes?
1391 3257 1487 3297 cur
1525 3241 2025 3313 reprehendisiTi-

436 3335 560 3391 biue
589 3335 806 3390 obedire
835 3343 1062 3406 oportet,
1091 3350 1158 3389 an
1188 3335 1329 3390 Deo?

507 3427 732 3484 CAPUT
759 3427 828 3482 X.
851 3458 922 3468 -—
947 3429 1037 3484 15.
1061 3428 1173 3484 Nisi
1199 3427 1336 3484 forte
1364 3427 1462 3483 ista
1483 3443 1601 3498 qua:
1624 3442 1653 3481 a
1679 3443 1767 3484 me
1787 3427 1856 3484 de
1881 3427 2024 3484 Scri-

437 3521 608 3594 pturis
635 3521 830 3576 sanctis
857 3521 1174 3575 documenta
1205 3520 1409 3590 prolata
1437 3529 1582 3586 sunt,
1611 3520 1688 3575 sic
1715 3520 2022 3590 accipienda

437 3611 731 3676 arbitraris,
764 3619 821 3665 ιιι
845 3609 985 3680 quod
1010 3618 1215 3665 vestros
1244 3610 1480 3665 factitare
1503 3609 1748 3676 laudaSti,
1773 3609 1825 3664 in
1851 3610 2024 3666 eccle-

438 3702 516 3756 sia
544 3710 744 3756 tantum
772 3717 890 3773 quae
919 3703 973 3756 in
1003 3702 1144 3773 Lege
1172 3701 1418 3756 mandata
1443 3709 1570 3756 sunt
1594 3694 1771 3770 populi
1796 3701 2026 3756 docean-

441 3802 544 3848 tur.
578 3792 652 3848 lbi
691 3793 834 3848 enim
873 3791 1091 3847 forsitan
1134 3800 1287 3862 putas
1323 3789 1688 3860 corripiendos
1717 3800 1771 3844 et
1797 3790 2022 3844 convin-

437 3883 640 3940 cendos
662 3899 780 3940 esse
804 3883 1010 3939 diversa
1039 3883 1348 3948 sentientes,
1377 3889 1433 3935 ut
1456 3881 1814 3951 unusquisque
1837 3880 2024 3935 doctor

437 3990 657 4032 suorum
684 3974 1046 4030 tantummodo
1067 3973 1384 4044 disputando
1405 3981 1460 4028 et
1481 3972 1818 4043 praedicando
1837 3987 2024 4027 emen-

438 4065 532 4123 det
556 4081 790 4122 crrorem
819 4086 833 4121 :
855 4065 899 4121 si
920 4065 1044 4136 quid
1069 4073 1245 4128 autem
1271 4065 1372 4119 tale
1396 4079 1516 4118 cum
1542 4063 1619 4118 eis
1639 4063 1729 4134 qui
1749 4063 1876 4118 foris
1900 4071 2025 4119 sunt

438 4140 599 4230 agere
622 4161 638 4190 ³
672 4157 954 4223 institerit,
988 4165 1112 4210 tunc
1150 4155 1422 4210 animosus
1444 4195 1459 4220 ,
1498 4162 1624 4208 tunc
1660 4153 2025 4210 contentiosus

438 4248 523 4303 vel
556 4248 812 4317 litigiosus
851 4246 1125 4301 habendus
1150 4247 1252 4310 sit;
1280 4245 1401 4315 quia
1430 4254 1474 4299 et
1503 4247 1609 4314 ipse
1637 4244 1904 4311 Ezechiel,
1941 4245 2026 4299 iu-

439 4339 580 4409 quis,
605 4349 654 4392 et
680 4337 770 4390 alii
797 4335 1066 4406 Propheta:
1084 4352 1198 4390 cum
1217 4335 1375 4390 verbis
1404 4333 1495 4390 Dei
1518 4335 1586 4388 ad
1611 4351 1755 4388 suum
1781 4335 2026 4405 populum

442 4431 782 4494 mittebantur,
810 4428 1061 4484 Israelita:
1089 4429 1292 4483 scilicet
1314 4427 1380 4482 ad
1411 4427 1690 4482 lsraelitas.

511 4521 739 4579 CAPUT
765 4521 856 4576 XI.
884 4551 957 4561 -—
984 4521 1070 4575 M.
1099 4519 1178 4575 Ad
1205 4519 1320 4574 lucc
1346 4534 1556 4590 quoque
1584 4519 1674 4574 tibi
1703 4518 2022 4590 respondeo.

441 4615 559 4672 iam
594 4613 806 4686 quidem
850 4627 1009 4683 supra
1052 4611 1498 4676 commemoravi,
1537 4611 1816 4665 Dominum
1856 4612 2024 4680 ipsum

440 4706 645 4787 Iesum,
673 4706 762 4778 qui
792 4721 851 4762 se
880 4705 1190 4788 imitandpm
1220 4703 1492 4772 discipulis
1522 4703 1766 4772 praebuit,
1799 4719 1904 4756 non
1935 4718 2027 4757 so-

444 4783 551 4854 lum
582 4797 808 4862 Judmis.
840 4813 1023 4853 verum
1054 4783 1213 4851 etiam
1248 4795 1564 4859 Pharisaeis,
1598 4804 1652 4850 et
1685 4794 2024 4861 Sadducseis,

444 4898 497 4945 et
522 4889 888 4954 Samaritauis,
918 4896 975 4944 et
1000 4887 1099 4958 ipsi
1125 4885 1336 4942 diabolo
1367 4885 1589 4956 principi
1616 4884 1850 4939 omnium
1880 4886 2029 4939 falla—

441 4980 644 5034 ciarum
673 4988 727 5035 et
753 4992 992 5034 errorum
1019 4991 1260 5032 asserere
1284 4976 1582 5040 veritatem,
1610 4983 1664 5030 et
1689 4974 1754 5028 de
1780 4973 1918 5044 Lege
1946 4990 2030 5029 re-

440 5069 707 5140 spondere
727 5082 832 5123 non
849 5066 1208 5137 dedignatum.
1227 5065 1330 5121 Sed
1349 5079 1417 5120 ne
1433 5065 1535 5120 hoc
1553 5064 1774 5119 Domino
1795 5063 2026 5131 licuisse,

446 5160 613 5216 servis
634 5167 810 5214 autem
837 5157 953 5227 ejus
978 5157 1251 5211 existimes
1277 5171 1382 5209 non
1411 5155 1592 5218 licere,
1619 5155 1800 5223 accipe
1823 5154 1949 5225 quid
1977 5156 2029 5209 in

446 5249 664 5307 Actibus
692 5247 1069 5319 Apostolorum
1100 5247 1318 5316 legatur.
1351 5244 1566 5299 Juda’us
1599 5253 1765 5298 autem
1793 5245 2028 5314 quidam,

443 5341 628 5412 Apollo
655 5340 876 5403 nomine,
903 5336 1276 5393 Alexandrinus
1300 5351 1498 5410 genere,
1524 5335 1717 5389 devenit
1744 5335 2024 5403 Ephesum,

443 5440 618 5502 potens
637 5431 689 5486 in
705 5429 983 5501 Scripturis
1003 5447 1021 5482 :
1036 5429 1118 5483 hic
1136 5428 1472 5483 catechizntus
1489 5437 1596 5482 erat
1615 5428 1744 5482 viam
1765 5427 1971 5482 Domini
1987 5431 2028 5494 ’,

509 5627 526 5693 ξ
563 5628 790 5693 Verbum,
811 5639 975 5693 agere,
999 5628 1141 5693 abest
1161 5639 1188 5676 a
1212 5623 1455 5693 nonnullis
1475 5632 1583 5675 Mss.

508 5690 529 5719 ‘
564 5686 932 5753 antiquissimus
961 5686 1269 5753 Corbeiensis
1304 5689 1459 5738 colex
1484 5695 1536 5737 et
1573 5686 1654 5753 alii
1684 5687 1881 5753 quidam
1901 5693 2028 5746 Mss,

442 5748 764 5802 satecltisatus
801 5757 905 5802 erat
938 5750 1094 5814 viam;
1124 5751 1298 5802 omissa
1321 5762 1456 5810 voce,
1506 5749 1694 5799 Domini
1710 5748 1732 5798 ξ
1757 5761 1898 5812 quam
1926 5763 2024 5798 rur-

1811 315 2011 370 l.lBF.R
2055 315 2325 376 PRIMUS.

3607 315 3705 370 I54

2119 437 2162 479 et
2193 430 2388 486 terrens
2418 431 2613 499 Spiritu
2650 432 2959 503 loquebatur,
2986 442 3038 485 et
3072 432 3279 486 docebat
3317 429 3566 484 uerissime
3596 447 3710 502 qua!

2107 527 2260 586 juxta
2275 518 2470 583 Iesum,
2490 523 2648 575 sciens
2669 523 2828 576 solum
2853 524 3150 591 baptismum
3171 525 3392 576 Joannis
3444 521 3537 575 llic
3558 522 3708 575 etiam

2115 609 2262 676 coepit
2287 610 2301 640 ¹
2331 610 2634 677 ﬁducialiter
2661 629 2808 682 agere
2829 614 2880 665 iu
2905 629 3179 682 synagoya.
3214 613 3369 678 Quem
3392 628 3503 663 cum
3529 611 3708 662 audis-

2116 709 2226 752 sent
2263 700 2446 770 Aquila
2481 711 2529 755 et
2567 701 2802 755 Priscilla
2821 744 2835 769 ,
2866 713 3242 770 assumpscrunt
3271 719 3383 754 cum
3404 742 3418 767 ,
3449 713 3493 754 et
3523 702 3705 754 certius

2116 789 2196 842 illi
2219 801 2555 858 emposuerunt
2585 796 2713 846 riam
2751 793 2970 846 Domini.
3011 794 3216 848 Valente
3253 806 3416 846 autem
3446 795 3534 847 illo
3560 795 3632 845 ire
3655 795 3705 845 in

2119 879 2383 945 Achaiam,
2410 883 2658 936 exhortati
2682 888 2864 954 fratres
2891 886 3194 954 scripserunt
3221 885 3484 952 discipulis
3512 893 3565 936 ut
3593 899 3706 936 eum

2115 971 2412 1041 reciperent.
2439 973 2538 1038 Qui
2559 991 2669 1026 cum
2691 977 2918 1036 venisset,
2952 977 3163 1028 multum
3191 976 3400 1028 cantulit
3428 977 3505 1028 his
3530 977 3614 1044 qui
3639 977 3703 1028 ibi

2117 1065 2438 1118 crediderunt
2461 1081 2480 1117 :
2501 1067 2812 1119 vehementer
2840 1067 2971 1118 enim
3001 1065 3032 1118 .1
3041 1068 3208 1118 udteos
3235 1066 3508 1119 revincebat
3536 1066 3689 1135 publi.

2117 1170 2204 1221 ce,
2234 1156 2497 1210 ostendens
2523 1172 2610 1226 per
2640 1156 2934 1225 Scripturas
2959 1173 3064 1210 csse
3091 1156 3124 1208 J
3131 1174 3268 1210 esum
3295 1158 3542 1210 Christum
3567 1157 3684 1225 (Act

2118 1262 2280 1313 xvut,
2308 1246 2525 1318 2t-28).
2555 1247 2690 1314 Quid
2719 1248 2784 1303 de
2812 1249 2913 1304 isto
2941 1249 3113 1303 dicis?
3137 1249 3261 1318 quid
3295 1250 3496 1303 sentis?
3523 1249 3696 1302 Nonne

2118 1336 2342 1392 fortasse
2379 1353 2500 1392 eum
2545 1339 2934 1393 contontiosntn
2978 1351 3030 1394 et
3073 1340 3370 1394 animosum
3414 1341 3707 1392 concitato-

2118 1444 2338 1499 rcmque
2363 1430 2594 1484 rixarum
2622 1430 3055 1493 criminaretnini,
3085 1431 3186 1484 nisi
3211 1439 3354 1484 tanta
3381 1429 3498 1483 libri
3539 1430 3706 1483 sancti

2119 1519 2432 1574 auctoritate
2457 1520 2872 1588 premeremini?

2191 1610 2414 1665 CAPUT
2445 1611 2553 1666 ΧΠ.
2584 1612 2772 1666 -15.
2815 1613 2895 1664 An
2931 1612 3050 1680 quia
3095 1609 3310 1664 Judacus
3349 1609 3400 1664 iu
3438 1610 3705 1664 Christum

2119 1700 2440 1764 crediderat,
2463 1709 2742 1768 propterea
2767 1701 2978 1754 Judzuos
2997 1701 3300 1754 christiana:
3322 1700 3440 1752 lidoi
3469 1701 3708 1754 resistam

2120 1800 2231 1857 tes,
2261 1802 2315 1848 et
2335 1792 2517 1847 Jesum
2545 1802 2798 1863 nrgantes
2823 1808 2941 1846 esse
2967 1793 3234 1848 Christum
3252 1833 3264 1851 .
3295 1791 3503 1860 publice
3531 1793 3708 1845 revin-

2119 1897 2244 1938 cere
2267 1883 2524 1948 debebat;
2554 1899 2652 1938 uos
2679 1896 2855 1937 autem
2885 1883 3006 1952 quia
3034 1884 3197 1952 partis
3226 1882 3408 1936 Donati
3441 1898 3708 1952 nunquam

2121 1973 2336 2038 fuimus,
2362 1985 2640 2044 propterea
2671 1986 2871 2044 partem
2900 1977 3084 2029 Donati
3113 1976 3446 2030 resistentem
3469 1975 3711 2030 christia-

2120 2080 2204 2120 nze
2235 2066 2421 2120 unitati
2447 2067 2720 2122 revincere
2758 2082 2862 2121 non
2901 2067 3195 2121 debemus?
3224 2066 3485 2136 Numquid
3517 2067 3711 2120 l’anlus

2119 2156 2390 2225 apostolus
2408 2157 2694 2227 aliquando
2711 2159 2805 2211 fuit
2821 2159 2993 2212 cultor
3015 2157 3299 2222 idolorum,
3318 2167 3407 2210 aut
3426 2157 3712 2226 aliquando

2119 2245 2219 2301 fuit
2240 2248 2293 2302 in
2318 2247 2508 2303 haeresi
2535 2249 2911 2317 Epicureorum
2937 2249 3014 2302 vel
3038 2248 3358 2311 Stoicorum,
3381 2263 3500 2301 cum
3522 2248 3712 2316 quibus

2123 2346 2301 2393 tamen
2323 2354 2444 2394 eum
2467 2354 2566 2394 nec
2589 2339 2771 2409 puduit
2791 2354 2890 2394 nec
2912 2339 3077 2408 piguit
3097 2339 3162 2392 de
3182 2338 3476 2408 quaestione
3497 2338 3585 2391 Dei
3608 2337 3710 2389 vivi

2121 2440 2178 2486 et
2207 2432 2318 2486 veri
2359 2433 2555 2488 habere
2594 2432 2931 2487 sermonem?
2958 2431 3153 2500 Accipe
3186 2430 3311 2500 quid
3342 2431 3407 2484 de
3437 2428 3536 2484 hac
3572 2443 3630 2482 re
3659 2429 3711 2482 in

2122 2521 2310 2576 eodem
2332 2522 2466 2577 libro
2485 2522 2588 2576 seri
2597 2531 2741 2592 ptum
2762 2523 2850 2576 sit.
2875 2520 3072 2574 Paulus
3092 2530 3256 2573 autent
3277 2537 3392 2572 cum
3416 2519 3529 2573 illos
3556 2519 3712 2572 Athe-

2124 2614 2203 2668 nis
2226 2625 2568 2682 exspectaret,
2601 2616 2894 2668 imitabatur
2921 2615 3103 2683 spiritu
3129 2629 3222 2666 suo
3258 2613 3390 2664 intra
3423 2629 3509 2676 se,
3541 2611 3713 2664 uidens

2125 2705 2260 2758 circa
2282 2706 2422 2759 idola
2444 2723 2550 2760 esse
2571 2707 2838 2760 civitatem.
2875 2706 3176 2774 Disputabat
3214 2706 3370 2773 iqitur
3393 2703 3591 2758 Jutlazis
3611 2706 3630 2735 ’
3660 2705 3713 2756 in

2123 2811 2415 2867 synagoga,
2455 2806 2502 2850 et
2542 2795 2813 2859 Gentibus,
2854 2804 2901 2849 et
2934 2794 3242 2856 colentibus,
3275 2803 3322 2846 et
3359 2794 3412 2846 in
3445 2797 3590 2863 foro,
3626 2810 3714 2862 per

2125 2905 2324 2943 omnem
2351 2889 2516 2954 diem,
2547 2889 2614 2940 ad
2640 2904 2724 2942 eos
2748 2889 2834 2957 qui
2860 2887 3090 2939 aderant.
3127 2886 3345 2949 Quidam
3373 2900 3488 2938 vero
3521 2884 3714 2954 Epicu-

2124 2997 2324 3035 reorum
2360 2991 2406 3035 et
2447 2981 2738 3035 Stoicorum
2786 2979 3199 3050 philosophorum
3236 2977 3557 3046 conferebant
3600 2993 3715 3030 cum

2125 3072 2215 3126 illo
2245 3087 2265 3125 :
2289 3079 2334 3126 et
2362 3071 2566 3142 quidam
2591 3071 2854 3136 dicebant,
2891 3070 3145 3134 Quidnam
3174 3071 3280 3122 vult
3306 3069 3577 3122 seminator
3601 3084 3714 3120 uer-

2125 3164 2303 3218 borum
2319 3163 2402 3216 hic
2424 3163 2587 3216 dicere
2599 3163 2625 3216 7
2643 3163 2745 3216 Alii
2768 3177 2882 3214 vero
2900 3177 2918 3214 :
2939 3159 3330 3230 Peregrinarum
3351 3159 3714 3213 daemoniorum

2124 3254 2320 3308 videtur
2339 3253 2666 3306 annuntiator
2687 3268 2814 3306 esse.
2838 3251 2975 3306 Ecce
2999 3251 3268 3322 apostolus
3293 3249 3484 3302 Paulus
3507 3249 3715 3304 Stoicos

2126 3357 2181 3403 ct
2201 3348 2511 3419 Epicureos,
2528 3347 2787 3407 diversas,
2811 3361 2916 3399 non
2939 3345 3109 3398 solum
3131 3343 3200 3396 ab
3219 3343 3532 3408 illo,‘verum
3553 3342 3714 3396 etiam

2126 3440 2264 3494 inter
2287 3453 2367 3503 se,
2395 3437 2750 3507 adversasque
2773 3436 3005 3490 hzrreses
3027 3449 3208 3489 secum
3235 3433 3479 3488 conferre
3508 3447 3611 3486 non
3639 3447 3718 3486 rc-

2125 3529 2288 3599 spuit,
2317 3543 2421 3583 non
2449 3537 2650 3582 tantum
2677 3537 2826 3583 extra
2856 3525 3168 3590 Ecclesium,
3193 3524 3285 3579 sed
3308 3535 3456 3580 extra
3484 3536 3714 3594 synago-

2125 3637 2242 3693 gam
2269 3620 2544 3689 disputans
2568 3633 2688 3673 cum
2719 3618 2830 3682 eis;
2865 3631 2964 3672 nec
2985 3633 3172 3672 eorum
3201 3615 3458 3670 conviciis
3489 3613 3715 3667 exterri-

2129 3722 2214 3765 tus
2233 3711 2377 3764 vclut
2397 3711 2516 3763 lites
2537 3709 3013 3776 contentionesque
3034 3707 3308 3763 declinans
3330 3722 3356 3757 a
3381 3704 3714 3772 prardicanda

2127 3797 2412 3854 christiana
2439 3798 2660 3849 veritate
2679 3797 2926 3850 cessavit.
2949 3795 3079 3847 Nam
3103 3795 3220 3848 vide
3241 3793 3364 3862 quid
3386 3807 3718 3860 consequen-

2130 3898 2212 3944 ter
2241 3896 2421 3942 sancta
2461 3886 2730 3954 Scriptura
2771 3892 2994 3938 testatur
3020 3901 3033 3935 :
3061 3883 3541 3952 Apprehcnsumque
3563 3899 3678 3934 eum
3697 3922 3713 3947 ,

2129 3978 2330 4048 inquit,
2367 3977 2422 4029 in
2458 3976 2780 4045 Are0pagum
2815 3976 3100 4037 duxerunt,
3141 3973 3358 4024 dicentes
3385 3986 3405 4024 :
3441 3969 3716 4024 Possumus

2129 4072 2256 4125 scire
2273 4085 2385 4141 quae
2403 4069 2502 4122 sint
2528 4069 2633 4122 hazc
2651 4083 2765 4137 qua:
2784 4083 2815 4120 a
2837 4076 2883 4120 te
2903 4065 3140 4118 dicuntur
3155 4065 3182 4118 ?
3202 4063 3227 4117 1
3237 4072 3412 4118 nsueta
3435 4064 3565 4116 enim
3589 4079 3718 4132 qua:-

2128 4160 2249 4214 dam
2286 4158 2440 4226 alfers
2476 4159 2529 4211 in
2566 4174 2712 4210 aures
2741 4166 2937 4210 nostras
2965 4170 2984 4209 :
3012 4156 3240 4209 volumus
3269 4169 3386 4224 ergo
3415 4153 3544 4206 scire
3567 4153 3716 4222 quid-

2129 4271 2248 4308 nam
2275 4253 2425 4306 uelint
2454 4251 2560 4304 haec
2588 4266 2710 4303 esse.
2749 4248 3073 4302 Athenienses
3102 4256 3266 4302 autem
3305 4256 3351 4299 et
3389 4245 3594 4298 advena
3620 4245 3716 4298 ho-

2129 4347 2284 4415 spites
2305 4344 2372 4397 ad
2401 4342 2526 4396 nihil
2555 4340 2697 4394 aliud
2730 4339 2994 4405 uacabant,
3023 4355 3176 4410 quam
3201 4338 3364 4391 dicere
3388 4337 3504 4390 noui
3527 4336 3718 4400 aliquid

2131 4447 2220 4492 aut
2240 4437 2432 4490 audire.
2459 4435 2612 4489 Stans
2638 4449 2752 4487 vero
2779 4431 2974 4485 Paulus
3001 4431 3244 4484 in~mcdio
3265 4429 3529 4499 AreOpago
3550 4429 3714 4482 dixit:

2145 4531 2250 4586 Viri
2283 4528 2637 4589 Athenienses,
2677 4543 2766 4596 per
2801 4525 2971 4578 omnia
3005 4523 3374 4592 superstitiosos
3404 4538 3489 4576 vos
3526 4520 3667 4575 video
3699 4537 3717 4574 :

2133 4622 2486 4694 perambulans
2519 4620 2650 4672 enim
2679 4628 2726 4672 et
2751 4617 3074 4671 considerans
3107 4617 3378 4670 simulacra
3414 4625 3604 4676 vestra,
3635 4614 3720 4666 in-

2131 4714 2243 4767 veni
2280 4713 2429 4765 etiam
2464 4726 2640 4773 aram,
2677 4710 2730 4762 in
2766 4725 2865 4777 qua
2899 4717 3008 4761 erat
3044 4707 3322 4775 scriptum,
3366 4703 3549 4776 Ignoto
3588 4704 3715 4758 Deo.

2138 4804 2298 4871 Quem
2332 4819 2449 4873 ergo
2483 4804 2773 4871 ignorantes
2810 4800 3000 4863 colitis,
3035 4800 3167 4852 hunc
3194 4814 3285 4868 ego
3315 4799 3560 4850 annuntio
3585 4797 3721 4849 vobis

2138 4895 2246 4969 (Id.
2275 4911 2406 4958 xvu,
2430 4892 2615 4964 lii-9.5)
2641 4911 2653 4946 :
2679 4901 2731 4947 et
2750 4900 2941 4946 caetera
2963 4906 3080 4960 quae
3099 4904 3520 4944 commemorare
3545 4887 3716 4942 omnia

2135 4987 2347 5055 longum
2372 4994 2474 5039 est.
2503 4984 2653 5051 Quod
2686 4994 2860 5038 tamen
2899 4985 2964 5036 ad
3003 4983 3352 5051 quarstionem
3391 4994 3549 5048 quam
3582 4993 3723 5031 nunc

2135 5075 2465 5136 discutimus,
2487 5074 2698 5136 sufﬁcit,
2721 5071 2957 5138 attende,
2988 5072 3212 5126 obsecro
3238 5079 3309 5135 te,
3343 5069 3620 5123 Hebraeum
3653 5082 3720 5121 ex

2137 5165 2374 5220 Hebraeis
2410 5163 2721 5233 Apostolum
2751 5161 2949 5216 Christi
2991 5170 3220 5214 stantem
3257 5174 3322 5214 ac
3359 5157 3716 5212 sermocinan-

2139 5266 2274 5319 tem,
2317 5268 2421 5308 uon
2460 5254 2513 5306 in
2553 5267 2815 5323 synagoga
2852 5250 3154 5305 Judmorum
3198 5265 3370 5318 neque
3409 5249 3459 5301 in
3498 5246 3722 5300 ecclesia

2137 5346 2557 5402 Christianorum
2577 5386 2592 5411 ,
2626 5344 2720 5399 sed
2752 5345 2802 5398 in
2833 5343 3114 5414 Areopago
3155 5340 3553 5397 Atheniensium
3574 5377 3590 5404 ,
3625 5337 3724 5392 hoc

2136 5513 2243 5552 sum
2267 5505 2566 5561 praetereunt
2602 5495 2745 5559 paulo
2788 5503 2895 5560 post
2933 5495 2990 5544 ad
3023 5495 3126 5544 haec
3151 5494 3316 5553 verba,
3353 5499 3400 5543 et
3432 5488 3608 5541 certius
3646 5487 3717 5539 illi

2139 5560 2461 5624 estpOSttertmt
2483 5560 2624 5608 viam.

2205 5627 2220 5656 ι
2256 5629 2304 5670 In
2331 5631 2452 5678 uss,
2477 5626 2707 5683 σαίρω-ατε
2881 5681 2888 5683 Α
2956 5677 2971 5683 _
3206 5675 3249 5683 __
3379 5672 3388 5681 ,
3433 5677 3438 5683 ’

2201 5687 2221 5717 ²
2255 5683 2390 5739 illiti,
2414 5674 2524 5730 cum
2548 5674 2749 5729 ἶηιιΙτυὶδ.
2775 5677 3020 5736 t‘articnla,
3043 5689 3167 5732 cum,
3206 5675 3282 5725 hic
3307 5683 3351 5723 ct
3371 5674 3497 5739 riaf'ra
3517 5711 3529 5734 ,
3570 5689 3618 5724 n.
3649 5674 3722 5735 18,

2140 5749 2280 5799 abest
2302 5758 2329 5794 a
2361 5744 2698 5805 maxiuscriptis
2721 5751 2770 5791 et
2794 5756 2818 5789 a
2841 5755 3000 5802 ετωου
3024 5747 3164 5790 textu
3191 5738 3412 5800 Apes-toti.
