4066 6200
452 330 553 385 835

448 455 552 511 est,
566 440 1017 498 contentiosorum
1041 437 1270 495 maxime
1290 438 1682 507 impiorumque
1702 434 2032 491 Graecorum.

451 532 526 589 Ibi
556 536 695 589 enim
726 532 1112 603 loquacissimae
1151 531 1587 601 philosophorum
1618 529 1852 583 haereses
1877 525 2040 581 exsti-

451 636 655 685 terunt,
684 640 905 694 quarum
936 623 1206 678 nonnull:e
1226 665 1241 688 ,
1269 623 1406 677 sicut
1434 622 1533 690 ipsi
1564 621 1653 691 qui
1688 620 1773 674 hic
1801 632 2039 673 comme-

452 716 641 771 morati
662 725 787 771 sunt
804 716 987 781 Stoici,
1011 716 1177 785 magis
1198 714 1264 770 de
1285 715 1566 769 verborum
1588 728 1747 783 quam
1769 711 1835 766 de
1858 723 2041 765 rerum

450 807 769 861 adversitate
790 808 805 837 ¹
835 808 1123 876 confligunt
1148 824 1159 858 :
1184 804 1322 874 quod
1352 806 1638 874 Apostolus
1666 801 1934 873 prohibuit
1953 800 2043 854 Ti-

450 897 722 953 motheum
744 938 757 960 ,
787 896 972 951 dicens
998 896 1064 950 ad
1094 896 1221 949 nihil
1249 911 1368 950 esse
1395 895 1522 949 utile
1542 935 1555 957 ,
1586 893 1694 967 nisi
1714 892 1781 947 ad
1812 890 2041 945 subver-

449 993 654 1046 sionem
683 989 1009 1044 audientium
1037 988 1115 1058 (ll
1156 987 1291 1041 Tim.
1330 1003 1396 1051 ιι,
1431 986 1551 1057 li).
1582 985 1712 1039 Nam
1740 983 1807 1039 de
1836 981 1953 1047 his,
1985 988 2043 1033 ut

451 1085 613 1149 nosti,
638 1082 841 1136 Tullius
861 1082 937 1134 ait
960 1099 973 1134 :
1013 1079 1154 1133 Verbi
1180 1080 1313 1132 enim
1339 1078 1671 1131 controversia
1690 1077 1803 1144 jam
1828 1073 1915 1126 diu
1942 1082 2045 1124 tor-

449 1182 563 1243 quet
603 1173 826 1225 homines
867 1169 1157 1235 (ἐναταίοις,
1203 1169 1531 1222 contentionis
1572 1166 1855 1237 cupidiores
1890 1178 2043 1233 quam

450 1266 672 1319 veritatis
700 1262 834 1334 (Lib.
860 1264 884 1315 l
912 1262 974 1315 de
1001 1261 1233 1325 Oratore,
1260 1278 1372 1330 cap.
1402 1261 1484 1324 11,
1516 1276 1567 1312 η.
1592 1257 1705 1329 48).
1731 1256 1839 1311 Hos
1867 1263 2042 1309 tamen

453 1356 650 1410 Paulus
686 1365 867 1409 noster
905 1354 1251 1423 alloquendos
1282 1352 1734 1423 corrigendosque
1762 1347 2038 1417 suscepit:

455 1462 553 1501 nec
587 1446 749 1513 ipsius
782 1446 879 1498 loci
914 1444 1127 1497 nomine
1156 1444 1439 1497 exterritus
1461 1483 1476 1507 ,
1504 1441 1647 1512 quod
1672 1456 1737 1496 ex
1762 1440 1929 1494 Marte
1958 1438 2043 1491 in-

433 1536 619 1589 ‘ditum
648 1545 891 1595 resonat,
924 1549 1080 1603 quem
1109 1533 1265 1587 deum
1296 1533 1481 1587 dicunt
1506 1547 1627 1587 esse
1653 1532 1942 1595 bellorum,
1972 1530 2043 1585 ibi

453 1624 670 1694 pacifica
699 1625 981 1678 creditoris
1008 1623 1306 1692 intrepidus
1335 1624 1668 1692 loquebatur,
1700 1624 1770 1675 ibi
1800 1622 2047 1690 spiritua-

452 1717 591 1771 libus
609 1716 875 1770 accinctus
898 1714 1060 1768 armis
1085 1716 1413 1785 perniciosos
1435 1715 1769 1784 expugnabat
1794 1730 2041 1779 errores;

453 1823 552 1862 nec
579 1810 942 1861 contentiosos
969 1816 1217 1875 tanquam
1251 1806 1581 1870 mitissimus,
1614 1820 1713 1860 nec
1740 1803 2046 1859 dialecticos

453 1909 703 1970 tanquam
731 1899 1158 1965 simplicissimus
1190 1896 1526 1950 formidabat.

523 1992 747 2048 CAPUT
774 1990 910 2044 Xlll.
932 2020 1001 2029 —
1026 1991 1110 2043 16.
1138 1989 1289 2043 Nosti
1310 1989 1449 2043 enim
1473 2003 1630 2057 quam
1656 1988 1885 2041 maxime
1906 1984 2045 2056 apud

453 2082 665 2137 Stoicos
704 2080 934 2151 viguisse
963 2080 1297 2134 dialecticam
1330 2096 1344 2131 :
1373 2079 1617 2148 quamvis
1642 2087 1698 2133 et
1726 2078 1825 2147 ipsi
1852 2078 2046 2145 Epicu-

453 2173 569 2237 rei,
597 2188 731 2241 quos
768 2171 1027 2239 imperitia
1067 2169 1365 2224 liberalium
1392 2169 1790 2239 disciplinarum
1823 2182 1927 2222 non
1955 2182 2046 2221 so-

453 2265 563 2320 lum
596 2278 701 2318 non
738 2261 1001 2332 pudebat,
1026 2275 1213 2314 verum
1241 2261 1401 2315 etiam
1428 2259 1726 2315 delectabat
1744 2300 1760 2324 ,
1788 2257 2047 2329 quasdam

454 2356 759 2426 disputandi
790 2356 996 2425 regulas
1021 2355 1212 2425 quibus
1237 2353 1462 2423 quisque
1492 2367 1622 2409 usus
1642 2352 1867 2406 minime
1896 2350 2049 2405 falle-

456 2458 636 2509 retur,
668 2461 725 2501 se
758 2446 933 2517 potius
963 2455 1017 2500 et
1055 2455 1238 2500 tenere
1274 2454 1328 2500 et
1363 2444 1557 2499 docere
1591 2443 1883 2514 iactabant.
1908 2440 2048 2509 Quid

456 2548 540 2594 est
578 2538 718 2591 enim
757 2538 896 2591 aliud
934 2536 1244 2599 dialectica,
1284 2551 1441 2605 quam
1481 2536 1668 2605 peritia
1705 2532 2049 2604 disputandi?

459 2630 608 2696 Quod
639 2630 758 2684 ideo
784 2628 1128 2699 aperiendum
1153 2627 1359 2698 putavi,
1388 2628 1510 2698 quia
1537 2627 1695 2682 etiam
1723 2626 1895 2696 ipsam
1916 2623 2049 2679 mihi

457 2723 691 2792 objicere
721 2720 955 2783 voluisti,
985 2720 1135 2789 quasi
1163 2719 1469 2775 christiana;
1493 2734 1600 2772 non
1628 2724 1885 2787 congruat
1908 2716 2049 2773 veri-

458 2817 573 2877 tati,
603 2822 657 2868 et
688 2813 806 2867 ideo
835 2827 920 2866 me
945 2812 1192 2866 doctores
1218 2811 1383 2866 vestri
1411 2810 1555 2864 velut
1578 2808 1853 2863 hominem
1878 2808 2050 2863 diale-

456 2905 649 2958 cticum
692 2904 882 2957 merito
918 2901 1221 2972 fugiendum
1253 2901 1426 2971 potius
1453 2910 1505 2955 et
1535 2899 1860 2964 cavendum,
1890 2912 2050 2969 quam

458 2995 804 3050 refellendum
846 2994 1333 3063 revincendumque
1372 2994 1695 3048 censuerint.
1735 2991 1887 3058 Quod
1927 3006 2048 3046 cum

460 3085 553 3138 tibi
577 3101 680 3138 non
708 3083 1096 3152 persuaserint;
1123 3098 1244 3137 nam
1269 3092 1320 3139 te
1338 3082 1595 3137 adversus
1622 3096 1718 3137 nos
1738 3082 1897 3137 etiam
1919 3082 2051 3137 scri-

460 3175 635 3230 bendo
658 3175 928 3243 disputare
956 3190 1060 3228 non
1094 3173 1285 3243 piguit;
1322 3180 1375 3226 tu
1408 3182 1582 3228 tamen
1611 3174 1663 3227 iu
1692 3187 1778 3228 me
1801 3171 2047 3228 dialecti—

453 3281 576 3322 cam
615 3266 927 3320 criminatus
963 3281 1054 3330 es,
1095 3280 1200 3335 quo
1239 3263 1451 3320 falleres
1488 3264 1795 3335 imperitos,
1826 3265 2051 3335 illosque

458 3357 704 3412 laudares
732 3357 819 3426 qui
855 3356 1177 3425 disputando
1214 3371 1419 3412 meeum
1455 3356 1706 3427 congredi
1747 3358 2047 3413 noluerant.

456 3446 563 3501 Sed
590 3456 643 3500 tu
671 3447 915 3500 videlicet
938 3463 1043 3501 non
1068 3446 1342 3502 dialectica
1372 3447 1554 3512 uteris,
1587 3462 1708 3502 cum
1738 3459 1922 3501 contra
1951 3461 2051 3500 nos

457 3537 682 3592 scribis?
716 3535 911 3605 thuid
941 3546 993 3590 te
1020 3552 1147 3606 ergo
1176 3537 1228 3590 in
1260 3544 1461 3591 tantum
1497 3537 1805 3606 disputandi
1844 3536 2052 3607 pericu-

461 3627 572 3680 lum
597 3626 899 3695 proiecisti,
926 3640 1047 3680 cum
1071 3625 1341 3696 disputare
1362 3642 1465 3681 non
1489 3627 1736 3682 noveris?
1759 3627 1864 3682 Aut
1887 3626 1933 3682 si
1957 3642 2053 3682 no-

458 3720 549 3784 sti,
578 3734 674 3772 cur
698 3717 1006 3773 dialecticus
1034 3718 1367 3774 dialecticam
1395 3718 1724 3785 criminaris;
1762 3719 1833 3774 ita
1863 3719 1945 3774 vel
1974 3730 2051 3774 te-

461 3811 741 3877 merarius,
766 3811 846 3865 vel
872 3812 1128 3881 ingratus,
1154 3820 1210 3865 ut
1234 3820 1327 3866 aut
1352 3812 1668 3882 imperitiam
1693 3827 1797 3882 qua
1823 3812 2051 3867 vinceris

461 3920 567 3957 non
593 3890 865 3968 relrmnes,
893 3909 985 3956 aut
1007 3902 1302 3957 doctrinam
1328 3918 1431 3973 qua
1456 3902 1658 3973 jnvaris
1684 3903 1940 3959 accuses?
1966 3902 2051 3957 ln-

459 3997 627 4064 spirio
651 4010 951 4050 sermonem
978 4003 1145 4059 tuum,
1170 3994 1325 4049 istum
1349 3996 1523 4063 ipsum
1541 4009 1697 4072 quem
1720 3994 1786 4048 ad
1806 4009 1894 4050 me
1914 3994 2048 4050 scri-

460 4088 645 4158 psisli;
672 4088 829 4141 video
854 4097 904 4142 te
931 4085 1176 4156 qtttedam
1203 4086 1418 4155 copiose
1444 4093 1733 4153 ornateque
1760 4085 2045 4155 explicare,

461 4180 561 4235 hoc
582 4191 683 4245 est,
706 4180 1047 4249 eloquenter;
1068 4178 1313 4247 quzedam
1331 4193 1457 4232 vero
1477 4176 1742 4234 subtiliter
1760 4186 2048 4247 arguteque

458 4272 725 4326 disserere
744 4312 759 4337 ,
788 4270 889 4325 hoc
916 4277 1001 4324 est
1021 4311 1036 4336 ,
1064 4270 1341 4325 dialectice
1372 4286 1386 4323 :
1413 4278 1468 4323 et
1491 4277 1666 4322 tamen
1692 4267 2045 4337 eloquentiam

458 4362 899 4429 dialecticamque
926 4358 1292 4429 reprehendis.
1320 4358 1377 4415 Si
1405 4358 1563 4414 noxia
1587 4366 1729 4423 sunt,
1758 4373 1922 4428 quare
1945 4359 2048 4413 hoc

461 4452 629 4506 facis?
653 4453 697 4506 si
722 4466 828 4505 non
854 4459 999 4519 sunt,
1022 4466 1118 4505 cur
1136 4451 1355 4520 arguis?
1378 4452 1483 4506 Sed
1508 4467 1574 4506 ne
1594 4451 1753 4505 etiam
1778 4465 1877 4505 nos
1899 4450 2047 4505 verbi

458 4536 822 4600 controversia
854 4551 1130 4614 torqueat;
1161 4558 1282 4599 eum
1312 4558 1401 4599 res
1428 4544 1538 4613 ipsa
1572 4543 1915 4613 intelligatur,
1944 4542 2046 4596 mi-

460 4653 560 4693 nus
592 4636 936 4691 laborandum
964 4644 1047 4689 est
1072 4634 1198 4707 quid
1225 4634 1531 4690 hominibus
1563 4649 1680 4689 eam
1708 4648 1901 4689 vocare
1930 4633 2045 4703 pla-

458 4729 646 4782 cuerit.
680 4728 909 4782 Proinde
947 4728 991 4783 si
1026 4728 1283 4797 eloquens
1318 4727 1408 4781 ilie
1440 4726 1788 4796 appellandus
1813 4735 1927 4790 est,
1957 4726 2045 4796 qui

458 4834 562 4872 non
586 4820 757 4873 solum
780 4820 995 4889 copiose
1013 4828 1069 4874 et
1087 4827 1294 4884 ornate,
1317 4818 1410 4871 sed
1432 4818 1590 4873 etiam
1610 4818 1870 4873 veraciter
1888 4817 2042 4883 dicit;

459 4910 689 4980 itemque
777 4910 1085 4966 dialecticus
1110 4910 1195 4963 ille
1218 4908 1567 4978 appellandus
1585 4916 1685 4973 est,
1712 4908 1800 4978 qui
1827 4923 1935 4962 non
1955 4922 2046 4962 so-

458 5001 562 5056 lum
592 5002 874 5067 subtiliter,
906 5000 1003 5055 sed
1037 5000 1299 5055 veraciter
1329 4998 1489 5053 etiam
1524 4998 1737 5053 disserit
1765 5015 1779 5052 :
1813 5012 1911 5052 nec
1934 4997 2047 5051 ele-

455 5109 624 5163 quens
646 5108 705 5148 es
725 5134 739 5158 ,
772 5108 869 5147 nec
895 5092 1240 5156 dialecticus;
1269 5106 1374 5145 non
1401 5090 1522 5160 quia
1547 5089 1729 5159 jejuna
1759 5098 1814 5143 et
1841 5087 2045 5145 inordi-

457 5192 577 5238 nata
611 5192 693 5239 est
719 5182 881 5236 dictio
907 5192 1014 5245 tua,
1047 5195 1148 5235 nec
1171 5181 1293 5250 quia
1319 5180 1505 5236 obtusa
1531 5188 1587 5235 et
1613 5194 1793 5237 crassa
1823 5188 1906 5234 est
1930 5179 2045 5234 dia-

455 5276 655 5345 putatio
710 5284 835 5337 tua;
867 5272 959 5328 sed
986 5271 1107 5343 quia
1137 5273 1247 5342 ipsa
1278 5271 1523 5326 facundia
1550 5282 1707 5342 atque
1734 5270 1953 5327 solertia
1978 5271 2045 5326 ad

453 5370 819 5427 defensionem
847 5367 1083 5422 abuteris
1113 5366 1383 5420 falsitatis.
1415 5364 1470 5421 Si
1499 5374 1678 5421 autem
1719 5380 1825 5419 non
1856 5365 1906 5419 in
1933 5364 2047 5420 sola

457 5465 697 5521 veritate,
726 5460 820 5514 sed
847 5460 1005 5515 etiam
1031 5474 1153 5513 cum
1177 5460 1315 5514 mala
1341 5474 1498 5514 causa
1522 5459 1800 5514 disseritur
1824 5459 1905 5514 vel
1932 5473 2048 5513 ner-

452 5570 579 5610 vose
608 5554 802 5624 agitur,
834 5562 976 5608 recte
1006 5561 1179 5618 potest
1206 5552 1511 5623 eloquentia
1539 5552 1621 5608 vel
1648 5552 1922 5608 dialectica
1949 5567 2047 5607 no-

455 5646 643 5699 minari
671 5656 757 5699 :et
779 5645 1035 5714 eloquens
1057 5659 1136 5706 es,
1160 5653 1212 5699 et
1235 5645 1573 5709 dialecticus;
1598 5645 1718 5714 quia
1745 5652 1799 5700 et
1825 5643 2049 5701 facunde

516 5756 531 5785 ί
568 5752 874 5804 Michaelinus
895 5763 998 5815 Ms,
1016 5755 1303 5807 diversitate.

1217 323 1491 379 CONTRA
1532 315 1967 380 CRESCOMUI
1999 314 2457 383 DONATISTAM,
2502 317 2559 375 S.
2602 318 2971 377 AUGUSTINI

3623 326 3729 384 656

2148 430 2281 486 dicis
2307 448 2460 497 vana,
2488 443 2541 486 et
2565 444 2717 487 acute
2742 435 2979 503 disputas
3005 434 3154 489 falsa.
3183 434 3290 491 Sed
3314 436 3383 492 de
3411 446 3465 493 te
3492 434 3697 496 videro.

2216 520 2442 577 CAPUT
2471 523 2699 577 XIV.—
2720 526 2805 579 l7.
2837 525 2998 580 Stoici
3029 535 3176 581 certe
3202 527 3432 583 maxime
3473 528 3736 586 dialectici

2149 612 2363 670 fuerunt
2384 632 2396 671 :
2421 631 2517 669 cur
2539 617 2811 684 apostolus
2830 617 3022 672 Paulus
3048 633 3114 671 ne
3135 618 3438 674 conferrent
3459 636 3579 677 cum
3604 622 3698 675 illo
3719 666 3734 687 ,

2148 720 2255 760 non
2293 721 2388 760 eos
2431 707 2735 761 cautissime
2773 707 3056 773 devitavit;
3102 718 3157 763 et
3197 719 3405 765 vestros
3449 713 3737 782 episcopos

2148 798 2330 854 laudas
2354 839 2369 865 ,
2401 799 2542 868 quod
2574 800 2851 855 nobiscum
2876 800 3025 855 velut
3061 815 3182 854 cum
3227 802 3519 858 dialecticis
3563 805 3740 858 nolint

2150 888 2348 944 habere
2374 890 2719 943 sermonem?
2746 891 2853 944 Aut
2881 891 2926 945 si
2954 899 3008 945 et
3035 890 3231 946 Paulus
3259 892 3570 948 dialecticus
3596 905 3737 956 crat,

2149 989 2203 1033 et
2244 978 2365 1032 ideo
2403 977 2651 1033 conferre
2692 994 2810 1033 cum
2838 979 3033 1035 Stoicis
3062 995 3167 1034 non
3198 981 3450 1041 timebat.
3478 983 3598 1053 quia
3632 1001 3738 1037 non

2147 1068 2320 1122 solum
2350 1078 2506 1123 acute
2535 1069 2841 1139 disputabat
2865 1071 3005 1125 sicut
3026 1083 3081 1125 et
3109 1071 3206 1136 illi,
3234 1071 3326 1126 sed
3348 1072 3510 1127 etiam
3535 1076 3739 1128 veraci-

2152 1166 2251 1220 ter,
2280 1160 2422 1229 quod
2450 1176 2553 1215 non
2580 1162 2687 1225 illi;
2713 1160 2825 1231 jam
2852 1176 2982 1218 cave
3006 1162 3255 1232 cuiquam
3284 1163 3614 1219 dialecticam
3642 1183 3738 1235 pro

2149 1250 2374 1306 crinale
2401 1251 2681 1321 objeceris,
2710 1269 2813 1324 qua
2840 1269 2966 1310 usos
2990 1256 3276 1325 Apostolus
3304 1258 3592 1313 confiteris.
3626 1260 3739 1313 Ne-

2150 1355 2254 1412 que
2296 1342 2476 1407 enim,
2504 1358 2627 1397 cum
2659 1344 2761 1399 hoc
2802 1344 2933 1399 mihi
2964 1346 3187 1415 objicis,
3222 1347 3487 1416 imperitia
3531 1357 3583 1404 te
3626 1349 3737 1403 falli

2151 1443 2317 1503 puto;
2348 1434 2445 1489 sed
2470 1434 2661 1491 fallere
2685 1438 2900 1493 astutia.
2937 1438 3141 1494 Nomen
3181 1440 3376 1511 quippe
3399 1457 3628 1512 ganeum
3656 1454 3743 1497 est

2150 1524 2451 1594 dialectica,
2478 1542 2599 1598 qua)
2615 1527 2665 1582 si
2688 1544 2813 1584 usus
2839 1530 3166 1597 admitteret,
3194 1532 3421 1587 fortasse
3443 1534 3602 1589 latine
3627 1535 3740 1589 dis-

2151 1620 2419 1688 putatoris
2464 1630 2778 1683 vocaretur;
2809 1622 2945 1675 sicut
2966 1623 3365 1691 grammaticam
3388 1624 3739 1679 litteraturam

2152 1711 2350 1775 latine,
2405 1711 2925 1781 linguarutriusque
2970 1712 3267 1768 doctissimi
3318 1714 3739 1783 appellaverunt.

2151 1800 2299 1855 Sicut
2317 1802 2457 1856 enim
2480 1817 2510 1856 a
2539 1802 2726 1856 litteris
2747 1801 3088 1858 denominata
3112 1813 3197 1859 est
3221 1806 3582 1876 grammatica,
3608 1824 3740 1877 quo-

2154 1891 2299 1944 niam
2324 1907 2497 1960 επηορ
2521 1899 2785 1963 γράμματα
2807 1893 2998 1950 litterte
3026 1895 3314 1950 dicuntur:
3338 1897 3414 1952 sic
3448 1912 3478 1951 a
3504 1897 3745 1967 disputa-

2154 1984 2296 2037 tione
2334 1985 2609 2040 dialeetiea
2656 2001 2851 2041 nomen
2890 1989 3126 2059 accepit;
3164 1990 3412 2060 quoniam
3454 1992 3746 2062 disputatio

2151 2087 2326 2141 graece
2372 2078 2567 2141 διαλογὴ
2617 2077 2701 2131 vel
2747 2082 2951 2145 διάλεξις
2995 2080 3311 2149 appellatur.
3360 2081 3511 2137 Sicut
3560 2094 3743 2140 autem

2150 2166 2528 2231 grammaticus
2555 2181 2585 2221 a
2606 2167 2876 2224 veteribus
2906 2169 3067 2226 latine
3086 2171 3259 2226 dictus
3285 2182 3368 2227 est
3397 2173 3662 2229 litteratus
3680 2175 3695 2206 '
3726 2192 3740 2229 :

2154 2253 2223 2307 ita
2253 2269 2429 2324 graece
2452 2256 2764 2313 disiecticus
2786 2301 2800 2323 ,
2834 2260 3003 2315 multo
3030 2262 3273 2317 usitatius
3316 2272 3370 2317 et
3413 2265 3745 2319 tolerabilius

2155 2344 2317 2400 latine
2360 2345 2555 2403 dicitur
2596 2348 2915 2420 disputator.
2951 2352 3084 2407 Puto
3120 2353 3229 2423 jam
3259 2355 3399 2424 quod
3430 2357 3747 2424 Apostolum

2153 2435 2536 2506 disputatorem
2567 2454 2673 2495 non
2710 2457 2904 2512 neges,
2932 2444 3141 2500 etiamsi
3182 2445 3513 2501 dialecticum
3558 2464 3745 2518 neges.

2157 2527 2463 2597 knprobare
2499 2545 2627 2601 ergo
2671 2532 2724 2586 in
2767 2534 3026 2589 vocabulo
3051 2550 3246 2606 graeco,
3280 2537 3419 2606 quod
3446 2540 3750 2607 approbare

2153 2622 2363 2692 cogeris
2392 2622 2443 2677 in
2489 2623 2653 2679 latino
2672 2666 2686 2689 ,
2717 2626 2845 2696 quid
2872 2636 2953 2681 est
2979 2628 3123 2683 aliud
3152 2644 3308 2699 quam
3342 2629 3569 2685 indoctis
3599 2648 3747 2700 prm-

2154 2719 2365 2769 tentare
2404 2714 2667 2770 fallaciam
2690 2758 2706 2783 ,
2750 2716 2921 2772 doctis
2961 2718 3138 2775 facere
3167 2719 3452 2789 injuriam?
3481 2723 3585 2775 Aut
3613 2722 3657 2776 si
3687 2732 3750 2777 et

2154 2804 2539 2873 dieputatorem
2561 2808 2878 2876 Apostolum
2902 2824 3082 2880 negas,
3111 2812 3200 2881 qui
3230 2820 3334 2865 tam
3358 2812 3568 2867 assidue
3585 2855 3600 2878 ,
3632 2820 3748 2869 tam

2154 2895 2372 2965 egregie
2398 2894 2738 2965 disputabat;
2767 2914 2866 2953 nec
2889 2914 3066 2970 graece
3092 2902 3252 2968 nosti,
3288 2918 3385 2956 nec
3413 2903 3605 2968 latine;
3635 2904 3744 2969 vel,

2154 2985 2295 3055 quod
2325 2995 2406 3042 est
2430 2986 2768 3053 credibilius,
2798 2998 2852 3044 et
2882 2992 2933 3045 in
2963 2992 3129 3047 verbo
3170 3008 3345 3062 gtmco
3374 2994 3505 3048 fallis
3530 3009 3624 3049 eos
3649 2998 3746 3064 qui

2151 3090 2326 3147 graece
2350 3078 2616 3145 nesciunt,
2637 3088 2690 3134 et
2709 3079 2762 3133 in
2786 3080 2953 3136 latino
2971 3083 3059 3152 qui
3084 3098 3182 3138 nec
3205 3084 3367 3138 latine
3388 3087 3577 3141 sciunt.
3602 3085 3749 3152 Quid

2153 3167 2295 3222 enim
2314 3177 2417 3235 est,
2440 3183 2545 3222 non
2566 3168 2691 3224 dico
2714 3170 3042 3240 imperitius;
3069 3189 3241 3243 neque
3261 3176 3400 3229 enim
3428 3186 3481 3229 tu
3507 3177 3606 3230 ista
3634 3191 3748 3231 non

2154 3261 2328 3327 nosti;
2352 3260 2447 3316 sed
2476 3263 2699 3317 omnino
2730 3263 2970 3320 fallacius
2990 3307 3003 3329 ,
3035 3281 3192 3334 quam
3222 3282 3344 3321 cum
3372 3268 3554 3323 audias
3577 3276 3628 3322 et
3660 3268 3751 3323 le-

2153 3365 2247 3421 gas
2291 3360 2397 3406 tam
2453 3344 2649 3407 multos
2698 3355 3125 3427 multiplicesque
3176 3372 3451 3413 sermones
3499 3359 3751 3428 Apostoli

2154 3451 2454 3497 asserentes
2478 3446 2783 3510 veritatem,
2805 3446 3180 3502 convincentes
3208 3447 3517 3509 falsitatem.
3545 3464 3753 3519 negare

2154 3533 2297 3601 quod
2322 3533 2493 3589 soleat
2517 3535 2820 3606 disputare,
2849 3551 2969 3592 cum
2998 3536 3099 3591 hoc
3129 3540 3241 3593 fieri
3274 3541 3377 3593 nisi
3420 3540 3753 3611 disputando

2154 3636 2260 3676 non
2288 3624 2492 3692 possit?

2227 3716 2316 3770 18.
2348 3715 2503 3784 Quod
2528 3716 2576 3771 si
2593 3716 2695 3772 hoe
2724 3716 2793 3771 ab
2820 3716 2911 3772 illo
2934 3715 3222 3772 factitatum
3255 3717 3437 3773 fateris
3462 3760 3475 3783 ,
3509 3720 3632 3790 quia
3662 3720 3750 3775 fa-

2154 3809 2257 3864 teri
2287 3808 2404 3880 ejus
2432 3808 2648 3865 Litteris
2677 3812 2883 3882 cogeris
2902 3851 2916 3875 ,
2950 3826 3057 3865 non
3088 3821 3262 3866 tamen
3291 3811 3388 3866 has
3417 3812 3748 3881 disputatio-

2154 3916 2286 3967 nes,
2335 3900 2428 3956 sed
2474 3915 2754 3957 sermones
2799 3902 2883 3957 vel
2925 3902 3175 3972 epistolas
3227 3902 3572 3972 appellandas
3618 3918 3753 3959 esse

2153 3994 2464 4059 contendis;
2507 3993 2633 4064 quid
2664 4008 2763 4064 ego
2790 4001 2963 4049 tecum
3001 3996 3079 4050 sic
3117 3995 3311 4050 diutius
3337 4012 3524 4066 agam,
3555 4007 3613 4051 ut
3646 3999 3749 4068 qui

2153 4082 2273 4139 haec
2290 4084 2551 4154 ignorant,
2575 4099 2733 4154 quem
2761 4086 2945 4140 volunt
2974 4096 3211 4140 nostrum
3238 4087 3554 4157 approbent,
3576 4104 3744 4157 quem

2151 4173 2336 4227 volunt
2359 4172 2693 4242 improbent?
2713 4172 2780 4229 de
2801 4174 2930 4243 ipsis
2947 4174 3142 4229 divinis
3167 4176 3399 4240 Litteris,
3431 4177 3619 4246 quibus
3646 4192 3751 4231 ne-

2151 4279 2303 4320 cesse
2348 4272 2433 4320 est
2477 4264 2670 4333 cedas,
2720 4266 2821 4319 hoc
2861 4266 3061 4331 doceo;
3109 4267 3220 4335 ipsa
3274 4282 3495 4337 prorsus
3544 4269 3742 4336 verba,

2152 4356 2263 4425 ipsa
2293 4372 2471 4412 rerum
2501 4356 2752 4411 voeabula
2780 4356 3016 4425 profero.
3043 4356 3218 4411 Habes
3246 4358 3296 4412 in
3322 4357 3422 4413 hoc
3446 4359 3630 4413 eodem
3658 4368 3746 4414 te.

2147 4447 2432 4513 stimonio,
2473 4445 2616 4515 quod
2644 4446 2711 4500 de
2744 4446 3371 4516 Actibus‘Apostolorum
3402 4464 3743 4505 commemo-

2151 4538 2298 4605 ravi,
2341 4536 2409 4592 de
2453 4537 2569 4608 ipso
2608 4537 2773 4593 Paulo
2819 4538 2889 4591 ita
2940 4540 3210 4607 positum:
3243 4539 3541 4609 Dispntnbat
3582 4542 3747 4611 igitur

2148 4627 2345 4683 Judwis
2373 4628 2427 4682 in
2454 4645 2733 4700 synagoga,
2766 4639 2813 4682 et
2836 4628 3107 4694 Gentibus,
3138 4640 3185 4682 et
3212 4631 3488 4684 colentibus
3516 4631 3568 4684 in
3599 4632 3739 4701 foro.

2151 4720 2326 4775 Habes
2353 4721 2460 4774 alio
2488 4722 2624 4785 loco,
2653 4721 2892 4790 quamvis
2918 4735 3037 4775 cum
3066 4723 3261 4792 populo
3284 4721 3577 4776 christiano
3600 4737 3737 4790 age-

2150 4820 2232 4865 ret
2273 4812 2605 4881 congregatis
2649 4814 2702 4865 in
2752 4811 2978 4866 ecclesia
3022 4811 3307 4879 fratribus,
3342 4814 3409 4866 ita
3438 4814 3695 4883 scriptum
3723 4834 3741 4871 :

2152 4902 2346 4957 Sedens
2374 4919 2490 4956 vero
2511 4902 2718 4972 quidam
2743 4902 3032 4956 adolescens
3059 4904 3267 4957 nomine
3283 4903 3548 4975 Eutychus
3572 4905 3623 4958 in
3657 4909 3741 4977 fe,-

2150 5000 2337 5057 nestra,
2380 4992 2622 5046 deductus
2667 5008 2845 5047 somno
2874 4993 3015 5064 gravi
3033 5034 3047 5059 ,
3080 4994 3368 5063 disputante
3394 4994 3560 5049 Paulo
3597 4995 3738 5065 (Act.

2151 5099 2218 5136 xx
2245 5124 2259 5147 ,
2291 5082 2385 5153 9).
2411 5083 2584 5137 Habes
2612 5084 2770 5138 etiam
2803 5085 2855 5137 in
2889 5084 3024 5138 libro
3051 5083 3385 5139 Psalmorum
3415 5102 3427 5138 :
3459 5085 3648 5140 Suavis
3674 5088 3743 5141 sit

2148 5176 2194 5228 ei
2220 5174 2493 5245 disputatio
2516 5192 2625 5229 mea
2650 5176 2731 5247 (a)
2758 5176 2775 5247 (
2801 5175 2944 5231 Psal.
2967 5191 3076 5243 cui,
3108 5178 3178 5232 54
3200 5176 3241 5248 ).
3281 5177 3457 5233 Habes
3498 5187 3553 5234 et
3596 5182 3739 5249 apud

2152 5268 2342 5322 Isaiam
2362 5268 2672 5339 prophetam
2699 5269 2918 5336 :Venite,
2947 5270 3256 5340 disputemus
3281 5270 3378 5342 (ti),
3404 5271 3529 5325 dicit
3553 5271 3738 5325 Domi-

2152 5378 2246 5416 nus
2272 5360 2421 5431 (1δαί.
2448 5378 2486 5427 t,
2517 5362 2603 5427 l8,
2630 5378 2730 5416 sec.
2764 5360 2952 5432 LXX).
2990 5362 3056 5417 Et
3084 5363 3264 5418 multis
3293 5363 3409 5417 aliis
3434 5362 3739 5419 divinarum

2151 5453 2542 5524 Scripturarum
2570 5453 2699 5508 locis
2727 5454 2840 5525 lege
2866 5454 2955 5509 ubi
2985 5454 3254 5510 inveneris
3281 5454 3381 5511 hoc
3407 5454 3653 5525 verbum,
3681 5466 3741 5513 et

2218 5635 2232 5666 ί
2269 5640 2376 5682 Lov.
2401 5639 2452 5681 et
2476 5633 2671 5694 quidam
2694 5639 2795 5689 113.,
2820 5629 3068 5685 litterator.

2216 5696 2289 5755 (a)
2311 5692 2702 5757 Cramer—dialogi!
2725 5708 2848 5744 man.

2218 5753 2292 5819 (ιγ)
2320 5753 2723 5806 Diclechthomi'n.
