4066 6200
328 301 430 357 457

326 416 523 487 inSpiee
553 410 764 470 codices
793 429 996 484 grtccos
1025 414 1078 469 in
1109 413 1307 469 eisdem
1341 409 1659 468 testimoniis
1687 418 1900 465 sancta—

327 524 441 562 rum
468 506 884 576 Scripturarum,
919 514 971 560 ct
1003 503 1204 560 videbis
1231 503 1372 559 unde
1398 505 1466 557 sit
1495 501 1757 572 appellata
1785 498 1902 554 dia-

326 599 506 654 lectica
536 615 549 652 :
581 613 647 653 ne
673 597 812 668 quod
835 611 1023 650 onmcs
1044 595 1170 665 justi
1201 596 1360 648 etiam
1386 608 1505 650 cum
1531 593 1641 647 Deo
1673 591 1902 655 faciunt,

322 691 510 760 quibus
538 688 736 742 dictum
769 695 848 742 est
868 729 883 754 ,
921 685 1113 753 Venite,
1137 685 1466 757 disputemus,
1493 683 1613 737 dicit
1636 682 1903 746 Dominus,

325 797 427 835 non
466 779 691 833 imiteris
730 777 955 848 sapienti
985 776 1180 848 pietate
1203 818 1217 842 ,
1255 776 1351 830 sed
1381 775 1579 830 insulsa
1609 773 1905 829 temeritate

324 869 640 926 Crimineris.

348 1012 354 1020 .
391 959 616 1016 CAPUT
648 957 763 1014 XV.
787 988 859 998 —-
879 959 962 1014 I9.
1000 957 1099 1027 Qui
1120 957 1259 1012 enim
1288 957 1552 1026 disputat,
1577 970 1759 1011 verum
1789 953 1902 1008 dis-

325 1051 488 1107 cernit
516 1064 546 1102 a
577 1048 730 1103 falso.
755 1048 906 1116 Quod
927 1049 1015 1118 qui
1048 1063 1150 1102 non
1184 1055 1441 1117 possunt,
1470 1054 1524 1102 et
1578 1054 1752 1100 tamen
1784 1043 1901 1098 dia-

325 1143 492 1200 lectici
523 1133 708 1196 videri
732 1141 952 1208 volunt,
995 1156 1089 1212 per
1132 1139 1412 1196 insidiosas
1457 1138 1902 1209 interrogationes

320 1241 531 1302 captant
558 1233 892 1285 incautorum
919 1231 1277 1291 assensioacs.
1302 1240 1359 1284 ut
1383 1246 1448 1285 ex
1473 1245 1656 1285 eorum
1680 1244 1901 1298 respon-

320 1320 554 1375 sionibus
581 1319 920 1384 concludant,
953 1319 1093 1375 unde
1128 1321 1246 1374 illos
1272 1320 1354 1374 vel
1383 1320 1435 1373 in
1462 1327 1643 1388 aperta
1672 1317 1902 1373 falsitate

319 1412 567 1481 deceptos
609 1411 848 1478 rideant,
897 1411 979 1465 vel
1021 1413 1280 1467 occultam
1333 1411 1619 1466 falsitatem
1664 1410 1900 1481 deceptis

321 1503 710 1575 persuadeant,
743 1517 899 1574 quam
929 1503 1242 1574 plerumque
1269 1503 1427 1558 etiam
1468 1503 1568 1572 ipsi
1597 1503 1901 1557 existimant

319 1595 614 1650 veritatem.
644 1594 742 1662 Qui
773 1603 950 1649 autem
994 1609 1150 1648 verus
1191 1594 1504 1663 disputator
1531 1601 1642 1660 est,
1690 1592 1742 1646 id
1781 1602 1896 1658 est,

318 1685 550 1739 veritatis
574 1699 604 1738 a
632 1683 861 1739 falsitate
882 1684 1166 1750 discretor,
1199 1685 1374 1754 primo
1397 1684 1449 1739 id
1475 1684 1611 1754 apud
1638 1699 1698 1739 se
1727 1684 1898 1753 ipsum

317 1777 441 1846 agit,
471 1791 540 1829 ne
568 1791 675 1828 non
706 1784 852 1831 recte
881 1776 1192 1832 discernens
1219 1776 1331 1846 ipse
1361 1776 1600 1841 fallatur;
1631 1775 1768 1847 quod
1796 1776 1898 1831 nisi

315 1867 563 1921 divinitus
592 1866 801 1934 adjutus
833 1882 1089 1936 peragere
1119 1882 1224 1920 non
1257 1875 1430 1936 potest
1455 1883 1468 1919 :
1498 1865 1692 1921 deinde
1714 1908 1730 1932 ,
1777 1881 1898 1920 cum

317 1958 365 2012 id
393 1958 533 2030 quod
563 1957 701 2028 apud
745 1973 805 2013 se
845 1959 950 2028 egit
993 1959 1058 2013 ad
1101 1959 1234 2014 alios
1264 1959 1534 2014 docendos
1565 1959 1782 2029 profert,
1813 1959 1896 2013 in-

295 2059 491 2103 .tuetur
517 2048 763 2117 primitus
786 2048 908 2117 quid
935 2047 1044 2117 jam
1070 2049 1202 2102 certi
1234 2050 1498 2116 noverint,
1523 2057 1580 2102 ut
1607 2064 1671 2103 ex
1701 2048 1783 2103 his
1804 2062 1898 2104 eos

283 5829 298 5860 ἰ

316 2139 539 2193 adducat
567 2139 630 2193 ad
662 2154 724 2194 ea
753 2155 871 2210 qua:
902 2156 1005 2194 non
1049 2148 1307 2194 noverant
1348 2139 1431 2194 vel
1476 2139 1696 2194 credere
1741 2139 1894 2194 nole-

317 2229 461 2294 bant,
489 2230 775 2285 ostcndens
801 2246 862 2285 ea
891 2231 1266 2300 consequentia
1293 2229 1375 2284 his
1400 2246 1517 2300 quas
1539 2229 1647 2299 jam
1676 2231 1896 2285 scientia

315 2319 397 2374 vel
429 2320 534 2375 ﬁde
563 2320 899 2374 retinebant:
930 2329 985 2374 ut
1014 2337 1107 2390 per
1134 2335 1195 2375 ea
1225 2336 1347 2375 vera
1377 2319 1442 2375 de
1472 2321 1661 2390 quibus
1689 2335 1746 2374 se
1771 2335 1895 2390 pcr-

313 2413 544 2480 spiciunt
567 2413 871 2468 consentire
890 2455 904 2479 ,
933 2421 1188 2482 cogantur
1214 2412 1315 2466 alia
1342 2427 1465 2467 vera
1505 2428 1622 2482 qua:
1665 2426 1895 2483 negave-

315 2511 435 2558 rant
479 2505 807 2575 approbare;
858 2514 913 2560 ct
957 2506 1035 2559 sic
1078 2519 1261 2558 verum
1309 2504 1447 2573 quod
1497 2505 1686 2557 falsum
1739 2515 1894 2560 antea

313 2595 616 2663 putabatur,
649 2594 980 2649 discernatur
1009 2609 1038 2648 a
1070 2595 1239 2660 falso,
1282 2611 1404 2649 cum
1445 2587 1719 2648 invenitur
1764 2609 1895 2649 con-

312 2694 628 2741 sentaneum
659 2685 734 2739 illi
769 2700 896 2740 vero
926 2684 1066 2754 quod
1090 2685 1198 2752 jam
1229 2694 1384 2738 antea
1413 2683 1693 2738 tenebatur
1715 2685 1753 2738 ¹.

381 2776 611 2832 CAPUT
649 2776 984 2832 XVI—20.
1020 2777 1131 2831 l‘ioc
1173 2776 1265 2831 ille
1308 2793 1465 2831 verus
1513 2776 1810 2845 disputator
1852 2777 1898 2831 si

313 2867 420 2923 late
445 2867 743 2939 dilfuseque
785 2867 979 2933 faciat,
1009 2867 1320 2937 eloquenter
1349 2866 1500 2933 facit,
1532 2866 1743 2937 alioque
1774 2877 1899 2924 tunc

318 2968 570 3015 censetur
598 2969 922 3031 augeturqne
949 2958 1226 3022 vocabulo,
1257 2967 1313 3012 ut
1337 2957 1508 3012 dictor
1537 2959 1711 3028 potius
1737 2973 1897 3027 quam

311 3050 611 3119 disputator
639 3060 890 3116 vocetur;
921 3051 1057 3104 sicut
1083 3049 1231 3104 illum
1268 3049 1443 3103 locum
1475 3048 1764 3118 Apostolus
1801 3063 1898 3104 co-

313 3144 462 3212 piose
483 3141 669 3196 dilatat
693 3152 853 3212 atque
873 3141 1118 3196 diﬂ‘undit
1145 3158 1158 3195 :
1184 3140 1250 3194 In
1271 3140 1519 3205 omnibus,
1544 3141 1730 3209 inquit,
1755 3156 1896 3194 com-

312 3233 606 3288 mendantes
663 3233 991 3300 nosmetipsos
1044 3240 1098 3284 ut
1143 3231 1237 3286 Dei
1291 3233 1580 3298 ministros,
1631 3233 1683 3284 in
1737 3233 1898 3285 multa

315 3323 590 3391 patientia,
620 3323 672 3374 in
705 3319 1132 3386 tribulationibus,
1159 3320 1209 3372 in
1240 3320 1485 3389 angustiis
1504 3362 1518 3386 ,
1551 3320 1602 3372 in
1634 3321 1818 3390 plagis,
1846 3321 1899 3374 in

311 3414 631 3476 carceribus,
665 3412 716 3463 in
741 3410 1066 3464 seditionibus
1090 3450 1104 3475 ,
1134 3411 1185 3462 in
1216 3409 1466 3463 laboribus
1485 3451 1499 3475 ,
1524 3411 1577 3462 in
1603 3410 1816 3480 vigiliis,
1846 3411 1899 3465 in

312 3505 544 3576 fejuniis,
577 3502 628 3552 in
659 3500 920 3566 castitate,
946 3501 997 3553 in
1027 3500 1232 3553 scientia
1252 3542 1266 3566 ,
1299 3499 1350 3552 in
1382 3500 1758 3569 longanimitate
1776 3502 1818 3566 ²,
1846 3499 1912 3554 in‘

315 3593 647 3666 benignitate,
673 3593 726 3645 in
747 3591 944 3662 Spiritu
973 3601 1147 3645 sancto
1164 3631 1176 3654 ,
1201 3591 1253 3644 in
1279 3591 1524 3645 charitate
1543 3609 1642 3645 non
1666 3593 1816 3660 ﬁcta,
1844 3592 1910 3644 in

312 3686 459 3738 verba
480 3682 726 3746 veritatis,
755 3682 807 3734 in
837 3682 1018 3735 virtute
1045 3679 1162 3748 Dei,
1192 3697 1279 3750 per
1300 3697 1442 3734 arma
1464 3681 1686 3749 justitite
1723 3682 1900 3736 dextra

313 3786 354 3830 et
385 3775 628 3838 sinistra;
672 3789 761 3843 per
808 3773 1052 3842 gloriam,
1095 3780 1141 3825 et
1181 3772 1574 3842 ignobilitatem;
1616 3789 1707 3841 per
1753 3773 1896 3841 infa-

313 3868 490 3934 miam,
514 3874 560 3919 et
585 3865 766 3918 bonam
797 3867 1024 3934 fumant;
1048 3872 1104 3915 ut
1133 3863 1451 3925 seductorcs,
1480 3871 1528 3914 et
1566 3875 1766 3914 veraces
1789 3877 1808 3926 ;
1845 3868 1900 3912 ut

315 3959 401 4026 qui
430 3960 747 4028 ignorantur,
771 3966 817 4010 et
840 3955 1223 4027 cognoscimur;
1250 3954 1395 4025 quasi
1420 3955 1704 4020 morientes,
1728 3962 1772 4006 et
1793 3967 1902 4006 ecce

315 4050 524 4103 vivimus
541 4066 560 4114 ;
591 4059 645 4102 ut
673 4049 895 4114 coerciti,
929 4057 974 4101 et
1003 4063 1102 4101 non
1130 4047 1458 4115 morti/irati;
1483 4055 1536 4099 ut
1565 4047 1745 4112 tristes,
1773 4061 1902 4099 sent-

319 4159 405 4208 per
425 4151 590 4195 autem
620 4139 892 4210 gaudentes
914 4155 929 4201 ;
959 4138 1088 4191 sicut
1109 4137 1282 4207 egeni,
1310 4138 1496 4190 multos
1530 4145 1698 4191 autem
1724 4135 1899 4189 ditan-

318 4243 424 4298 tes;
479 4243 720 4302 tanquam
766 4231 895 4284 nihil
949 4232 1217 4296 habentes,
1272 4238 1318 4282 et
1372 4230 1541 4282 omnia
1593 4229 1901 4298 possidentes

320 4325 383 4396 (il
415 4324 514 4379 Cor
536 4339 610 4387 vt,
644 4323 815 4392 l-lO).
849 4321 983 4388 Quid
1016 4321 1156 4376 enim
1187 4321 1289 4375 hoc
1315 4320 1439 4374 stilo
1460 4319 1750 4389 apostolico
1770 4319 1903 4375 ube-

321 4416 427 4468 rius
454 4423 508 4468 et
529 4413 789 4476 ornatius,
823 4411 875 4466 id
903 4421 983 4465 est
1009 4411 1343 4479 eloquentius
1364 4452 1378 4474 ,
1419 4409 1575 4464 facile
1615 4409 1820 4463 invenis
1843 4409 1902 4463 '?

319 4503 370 4559 Si
408 4514 585 4558 autem
620 4519 801 4573 presse
831 4513 986 4572 atque
1025 4504 1335 4568 constrictc,
1370 4502 1538 4572 magis
1567 4515 1686 4556 eum
1718 4500 1904 4570 dispu-

324 4603 545 4648 tatorem
574 4609 732 4663 quam
761 4591 1018 4648 dietnrem
1051 4593 1318 4662 appellare
1337 4599 1748 4656 consueverunt,
1773 4605 1904 4660 qua-

325 4686 441 4740 liter
463 4687 570 4756 agit
597 4685 736 4739 idem
765 4683 1036 4754 apostolus
1059 4683 1125 4738 de
1145 4684 1551 4738 circumcisione
1571 4691 1623 4736 et
1646 4682 1903 4751 prazputio

327 4778 486 4843 patris
508 4775 799 4840 Abraham,
825 4774 902 4828 vel
933 4773 1274 4828 distinctione
1299 4774 1428 4843 legis
1453 4783 1507 4828 et
1531 4772 1729 4843 gratia).
1750 4770 1902 4839 Quod

326 4867 538 4937 quidam
587 4881 691 4920 non
737 4865 1128 4935 intelligentes,
1178 4867 1284 4918 imo
1331 4879 1460 4918 vero
1499 4864 1902 4927 calumniantes,

325 4957 584 5011 criminati
615 4965 738 5010 sunt
766 4971 886 5011 eum
910 4954 1106 5018 dicere,
1131 4953 1405 5008 Faciamus
1424 4954 1578 5018 mala,
1601 4965 1655 5007 ut
1678 4952 1907 5007 eveniant

327 5046 453 5100 bona
484 5045 663 5116 (Rom.
692 5062 772 5112 III,
802 5045 879 5118 8).
911 5045 1034 5100 Sive
1065 5055 1239 5098 autem
1269 5046 1339 5099 sit
1369 5030 1556 5109 dicier,
1581 5043 1699 5100 sive
1726 5044 1907 5114 dispu-

327 5127 616 5202 tatorfnec
642 5138 804 5192 dictio
830 5152 944 5191 sme
975 5137 1334 5205 diSputatiOne
1356 5147 1456 5194 est.
1489 5152 1608 5191 cum
1631 5145 1684 5189 et
1711 5136 1764 5190 in
1793 5137 1905 5204 ipsa

327 5231 644 5301 eloquentia:
672 5227 951 5283 latitudine
983 5229 1178 5282 veritas
1218 5243 1248 5281 a
1287 5227 1515 5284 falsitate
1556 5228 1906 5292 discernitur;

391 5428 405 5458 ¹
442 5434 546 5492 Am.
572 5434 624 5492 et
646 5433 741 5487 Er.,
762 5426 1003 5479 tenebatur
1024 5425 1218 5492 falsum.
1242 5426 1403 5485 Abest,
1423 5425 1614 5488 falsum,
1639 5437 1667 5475 a
1704 5423 1820 5476 Mss;
1859 5435 1910 5478 et

327 5487 500 5538 abesse
517 5489 684 5538 debet.

391 5551 410 5580 ³
445 5558 544 5599 Am.
573 5559 625 5598 et
639 5557 712 5598 Er.
737 5551 814 5601 hic
836 5549 1032 5608 addunt,
1063 5547 1114 5599 in
1153 5549 1370 5601 bonitate.
1397 5549 1513 5597 Huic
1536 5549 1687 5597 verbo
1710 5550 1824 5598 nihil
1862 5551 1909 5599 in
1971 5574 1974 5577 τ

330 5622 486 5679 greco
500 5613 765 5679 respondet
791 5613 902 5672 nisi,
925 5625 984 5662 en
1007 5610 1272 5662 chréstotéti
1299 5622 1316 5659 :
1340 5611 1465 5673 quod
1486 5611 1603 5659 satis
1627 5611 1908 5673 exprimitur

333 5684 437 5733 per,
453 5673 502 5723 in
525 5672 829 5734 benignitate.
1359 5672 1364 5673 ⁷

394 5733 417 5768 Ι
443 5741 500 5768 Ωιι
541 5734 668 5768 llunl
713 5742 810 5768 Van
859 5740 905 5768 οΙ
942 5741 1031 5768 Inv
1075 5736 1293 5768 nmillnnl
1323 5733 1536 5768 uni-hum
1570 5731 1664 5768 furi

442 5741 516 5785 Er.
541 5731 686 5798 Lugd.
713 5742 829 5783 Ven.
859 5740 910 5784 et
942 5741 1049 5784 ιον.
1075 5736 1299 5785 omittunt
1323 5733 1538 5798 verbum,
1570 5731 1724 5784 facile.
1791 5742 1846 5786 ﬂ.

517 5879 538 5895 ,
628 5824 898 5884 Parnon.
936 5821 1159 5882 XLIII.

1706 292 1907 347 LiBER
1949 291 2220 352 PRIMUS.

3492 310 3594 368 458

2015 422 2112 464 nec
2138 409 2431 480 disputatio
2463 423 2633 482 potest
2658 429 2774 471 esse
2804 416 2920 472 sine
2945 415 3209 483 dictione,
3240 420 3452 490 quando
3481 424 3584 476 uti-

2011 512 2116 568 que
2147 501 2322 556 verbis
2348 512 2401 557 et
2431 503 2610 574 lingua
2639 505 2750 575 ipsa
2780 508 3088 563 constrictio
3121 511 3382 566 sermonis
3409 515 3587 581 eXprl~

2012 589 2174 643 mitur
2203 607 2216 644 :
2249 590 2360 646 sive
2390 593 2481 647 illo
2510 604 2686 649 utatur
2727 607 3016 666 perpetuo,
3063 599 3176 654 sive
3219 599 3592 671 interrogando

2009 691 2132 731 eum
2162 694 2283 733 cum
2309 697 2413 751 quo
2434 683 2562 751 agit,
2586 693 2738 755 cogat
2767 686 3093 755 respondere
3114 687 3255 757 quod
3279 705 3461 744 verum
3485 703 3587 756 est,
3615 715 3622 723 -

2008 777 2063 822 et
2088 783 2158 824 ex
2189 768 2292 825 hoc
2321 771 2388 826 ad
2410 773 2554 828 aliud
2581 791 2761 830 verum
2790 777 2930 846 quod
2968 779 3302 846 qnzcrebatur
3327 779 3551 836 adducat
3577 823 3591 848 ,

2011 858 2100 914 ubi
2129 861 2362 917 maxime
2393 879 2614 932 regnare
2636 866 2910 921 dialectica
2937 867 3151 924 dicitur.

2080 949 2310 1038 C:APUT
2336 952 2497 1008 XVII.
2524 987 2592 994 —
2613 956 2703 1010 Ἦ.
2736 957 2870 1012 Cum
2912 959 3052 1012 enim
3101 962 3324 1031 quisque
3356 963 3466 1017 suis
3505 980 3592 1019 re-

2010 1042 2387 1111 Sponsionibus
2412 1044 2658 1113 vincitur,
2679 1048 2793 1102 etsi
2815 1049 2954 1102 male
2984 1050 3276 1118 respondit,
3303 1067 3405 1106 non
3437 1054 3593 1109 habet

2009 1132 2147 1202 quod
2179 1133 2403 1203 imputet
2423 1134 2759 1204 disputatori,
2784 1139 2876 1192 sed
2905 1139 3032 1206 sibi;
3064 1151 3117 1195 ct
3144 1143 3187 1196 si
3216 1141 3352 1198 bene
3373 1158 3594 1214 restion-

2004 1223 2101 1290 dit,
2121 1225 2387 1281 erubescit
2415 1226 2634 1283 ulterius
2671 1229 2940 1296 resistere,
2988 1246 3090 1285 non
3113 1233 3222 1300 jam
3254 1233 3589 1303 disputatori,

2004 1315 2098 1368 se‘d
2142 1315 2261 1370 sibi.
2302 1317 2358 1371 in
2397 1332 2502 1389 quo
2543 1333 2741 1388 genere
2770 1320 3025 1376 Dominus
3064 1336 3185 1376 cum
3216 1322 3474 1379 adversus
3501 1327 3593 1380 ,Ια-

2005 1405 2150 1461 (Ιτεοε
2190 1407 2380 1463 crebro
2410 1419 2620 1479 ageret,
2655 1425 2854 1480 eosque
2896 1412 3112 1467 illorum
3157 1417 3592 1484 responsionibus

2005 1505 2192 1565 captos
2221 1498 2606 1569 conciusosque
2637 1501 2998 1570 convinceret,
3029 1519 3132 1559 non
3161 1519 3254 1559 vos
3277 1506 3588 1572 audierant,

2001 1601 2103 1641 nec
2127 1602 2157 1641 a
2187 1589 2336 1644 vobis
2365 1589 2652 1644 conviciari
2699 1590 2996 1647 didicerant
3025 1611 3037 1646 :
3069 1609 3190 1647 nam
3242 1595 3492 1651 libentius
3539 1609 3593 1652 et

2001 1678 2315 1735 invidiosius
2348 1697 2471 1736 eum
2502 1681 2726 1737 fortasse
2749 1682 3081 1740 dialecticum
3115 1702 3272 1755 quam
3303 1686 3591 1743 Samarita-

2002 1788 2126 1826 num
2155 1773 2509 1843 appellarent.
2531 1774 2810 1842 Quomodo
2837 1776 2978 1831 enim
3010 1786 3164 1846 putas
3193 1792 3286 1834 eos
3319 1789 3592 1836 contortos

2003 1869 2164 1931 atque
2185 1861 2460 1931 confusos,
2494 1879 2615 1918 cum
2644 1866 2882 1921 volentes
2909 1882 3031 1922 eum
3072 1882 3266 1938 capere
3306 1869 3359 1924 in
3395 1872 3587 1938 verbo,

2001 1955 2209 2023 priercs
2240 1955 2736 2026 interrogaverunt,
2767 1969 2943 2012 utrum
2971 1959 3156 2014 liceret
3181 1960 3434 2016 tributum
3462 1964 3608 2018 τεόν

2002 2047 2131 2102 dere
2161 2046 2394 2110 Caesari;
2428 2048 2629 2118 bicipiti
2657 2049 2900 2104 videlicet
2927 2051 3297 2120 complexione
3339 2052 3592 2108 insidian-

2000 2147 2100 2204 tes,
2136 2147 2193 2191 ut
2222 2137 2494 2208 quodlibet
2521 2139 2722 2209 eligens
2748 2141 3066 2208 caperetur?
3089 2140 3144 2197 Si
3175 2143 3340 2197 licere
3363 2157 3585 2213 respon-

2001 2227 2173 2290 deret,
2207 2237 2453 2297 tanquam
2483 2243 2608 2283 rcus
2646 2238 2785 2283 esset
2812 2229 3070 2284 adversus
3101 2231 3350 2300 populum
3381 2231 3471 2286 Dei
3501 2249 3515 2286 :
3544 2233 3606 2286 si“

1999 2329 2174 2373 autem
2203 2317 2427 2383 diceret,
2458 2334 2562 2372 non
2590 2318 2773 2382 licere,
2805 2328 3050 2388 tanquam
3076 2319 3304 2376 Caesaris
3331 2320 3604 2376 adversa-

1999 2408 2110 2463 rius
2171 2407 2508 2476 puniretur‘.
2567 2407 2664 2463 Ubi
2717 2407 2804 2463 ille
2861 2425 3135 2462 nummum
3190 2409 3292 2464 sibi
3347 2411 3589 2480 poposcit

1998 2498 2243 2567 ostendi,
2275 2508 2330 2554 et
2359 2498 2701 2569 interrogavit
2742 2500 2896 2569 cujus
2941 2499 3163 2556 haberet
3207 2501 3488 2572 imaginem
3529 2513 3604 2558 et'

1998 2589 2399 2659 inscriptionem
2433 2607 2444 2644 :
2477 2597 2533 2644 at
2561 2590 2635 2644 illi
2680 2603 2799 2644 cum
2849 2591 3287 2661 l‘CSpOIIdiSSCDl,
3338 2592 3606 2656 Cesaris;

1998 2690 2181 2751 aperta
2232 2682 2374 2736 enim
2425 2683 2622 2737 veritas
2671 2682 2772 2738 hoc
2819 2699 2912 2738 eos
2961 2685 3284 2754 respondere
3326 2687 3600 2756 cogebat;

1999 2773 2254 2826 continuo
2298 2773 2553 2826 Dominus
2600 2787 2784 2828 eorum
2825 2775 3172 2842 reSponsione
3211 2776 3486 2846 colligatos
3526 2793 3590 2832 ac

1997 2870 2184 2931 captos
2221 2859 2471 2924 trahens,
2518 2860 2765 2928 Reddite,
2797 2863 3000 2930 inquit,
3027 2862 3219 2918 Caesari
3241 2881 3356 2936 qua:
3375 2865 3590 2922 διε-εαγὶε

1997 2961 2137 3020 sunt,
2175 2962 2222 3006 et
2253 2952 2361 3006 Deo
2388 2967 2503 3022 quae
2527 2951 2622 3006 Dei
2647 2963 2782 3006 sunt.
2805 2954 3041 3008 Obsecro
3069 2964 3118 3008 te
3138 2997 3152 3022 ,
3187 2955 3332 3011 illine
3371 2955 3590 3012 fuerunt

1999 3041 2264 3097 dialectici
2291 3041 2379 3111 qui
2410 3042 2689 3111 prmtensis
2725 3043 3153 3114 interrogationis
3190 3045 3395 3102 insidiis
3439 3047 3590 3104 deci-

2000 3133 2193 3204 piendo
2223 3147 2476 3204 superare
2501 3133 2669 3188 moliti
2701 3143 2858 3200 sunt;
2901 3149 2966 3189 an
3013 3136 3103 3190 ille
3143 3137 3338 3205 potius,
3383 3139 3473 3208 qui
3520 3155 3586 3194 ex

2000 3226 2102 3279 hoc
2131 3225 2250 3294 ipso
2273 3224 2413 3295 quod
2440 3223 2920 3294 interrogaverunt,
2951 3241 3131 3281 veram
3157 3242 3342 3282 eorum
3364 3243 3590 3299 respon-

2000 3313 2204 3368 sionem
2235 3313 2511 3383 prudentia
2557 3313 2986 3385 interrogationis
3013 3317 3034 3348 ¹
3065 3317 3311 3384 eiiciens,
3341 3319 3467 3374 illud
3493 3335 3604 3375 ve--

2000 3417 2117 3456 rum
2143 3401 2284 3473 quod
2309 3403 2375 3458 ab
2405 3417 2470 3457 eo
2502 3404 2755 3472 putabant
2785 3405 3085 3473 periculose
3114 3405 3237 3473 dici,
3269 3409 3414 3478 ipsos
3435 3424 3600 3464 com--

2001 3493 2136 3564 ptliit
2165 3493 2443 3548 conﬁteri?

2068 3584 2294 3641 CAPUT
2307 3583 2656 3640 μαι-22.
2670 3586 2725 3643 Si
2744 3587 2862 3642 illos
2875 3587 3072 3643 dixeris
3092 3588 3252 3647 fuisse
3263 3590 3588 3660 dialecticos,

2001 3675 2124 3745 quia
2153 3675 2357 3739 dolose,
2391 3677 2510 3746 quia
2541 3677 2891 3745 calumniose,
2915 3679 3038 3748 quia
3065 3680 3330 3736 malitiose
3359 3681 3594 3737 interre-

2002 3764 2174 3832 gando
2195 3764 2247 3816 in
2265 3765 2430 3818 verbo
2451 3779 2642 3833 capere
2659 3767 2942 3834 cupiebant
2959 3769 3118 3837 (tales
3139 3771 3282 3824 enim
3305 3771 3466 3825 etiam
3490 3783 3596 3827 nos

2003 3853 2167 3905 vultis
2191 3851 2384 3920 videri)
2407 3869 2422 3915 ;
2452 3869 2549 3906 cur
2575 3854 2654 3907 eis
2683 3863 2859 3908 tamen
2885 3856 3139 3911 Dominus
3161 3859 3598 3927 respondit?Cur

2005 3955 2097 3995 eos
2128 3954 2295 4008 usque
2323 3939 2388 3992 ad
2432 3940 2671 3995 veritatis
2711 3941 3102 3999 confessionem
3142 3947 3347 4001 reddita
3386 3950 3594 4005 ratione

2005 4031 2286 4102 perduxit?
2309 4029 2420 4109 Cur
2448 4032 2525 4088 eis
2553 4032 2719 4100 dixit,
2753 4033 2891 4100 Quid
2931 4051 3010 4088 me
3046 4038 3290 4104 tentatis,
3317 4038 3594 4109 hypocrita

2007 4123 2218 4194 (Matth.
2247 4139 2372 4191 χχιι,
2404 4108 2708 4196 i5-21)?et
2733 4140 2840 4180 non
2871 4123 3106 4195 addidit,
3149 4108 3454 4186 Dialectici?
3482 4133 3592 4188 Cur

1994 4213 2106 4274 .sibi
2153 4229 2425 4268 nummum
2455 4215 2812 4270 demonstrari
2853 4215 3140 4287 ﬂagitavit,
3173 4228 3231 4272 ut
3269 4223 3590 4278 sententiam

2008 4321 2158 4362 suam
2189 4323 2432 4362 veracem
2458 4308 2784 4376 exprimeret
2808 4309 2968 4364 etiam
2995 4310 3064 4365 de
3084 4325 3178 4366 ore
3208 4311 3499 4378 fallaciam,
3525 4330 3592 4370 ac

2009 4413 2114 4453 non
2142 4397 2316 4467 potius
2341 4398 2433 4464 ait,
2465 4399 2779 4466 Abscedite;
2810 4416 2986 4471 neque
3005 4403 3146 4457 enim
3169 4403 3488 4475 loquendum
3511 4414 3588 4461 est

2010 4489 2306 4554 vobiscum,
2326 4489 2413 4559 qui
2431 4490 2694 4558 captiusas
2708 4491 3146 4563 interrogationes
3165 4496 3479 4565 proponitis,
3497 4499 3588 4566 qni

2009 4579 2288 4636 dialectice
2326 4594 2537 4635 mecum
2578 4566 2739 4651 agere
2763 4583 2961 4636 vultis?
2990 4583 3131 4638 Nihil
3160 4585 3263 4639 tale
3291 4585 3456 4653 dixit,
3481 4602 3591 4643 nec

2010 4670 2266 4726 adversus
2307 4671 2574 4740 captiosos
2612 4671 3060 4742 interrogatores,
3104 4684 3158 4729 ct
3187 4677 3469 4732 verborum
3497 4695 3593 4733 no-

2010 4771 2239 4816 Strorum
2261 4760 2482 4816 callidos
2505 4771 2808 4831 captatores
2827 4765 3136 4834 exemplum
3159 4766 3264 4821 tale
3286 4768 3441 4824 nobis
3459 4784 3591 4840 pro-

2013 4851 2352 4921 posuitzsed
2403 4860 2457 4905 ut
2502 4867 2595 4906 eos
2647 4853 2823 4922 potius
2865 4853 3026 4918 etiam
3072 4855 3312 4912 veritatis
3349 4858 3594 4915 inimicos

2011 4943 2246 5013 vigilanti
2264 4942 2679 5012 interrogatione
2704 4954 2756 4998 et
2779 4944 2976 4998 invicta
2997 4945 3201 5000 ratione
3229 4948 3592 5003 testimonium

2011 5033 2220 5088 veritati
2254 5033 2533 5103 perhibere
2567 5049 2838 5104 cogamus.
2864 5035 2975 5090 Hoc
3003 5037 3157 5092 nobis
3183 5037 3378 5093 faciant
3404 5042 3592 5106 vestri,

2013 5125 2058 5178 si
2088 5139 2183 5178 nos
2209 5124 2458 5178 malitiosi
2487 5133 2540 5178 et
2565 5125 2827 5180 dialectici
2858 5140 3062 5180 smnus.
3093 5127 3174 5182 An
3207 5142 3266 5182 se
3296 5129 3481 5184 timere
3508 5131 3592 5184 in-

2018 5215 2234 5281 dicant,
2267 5230 2334 5269 ne
2364 5215 2465 5269 hoc
2504 5215 2582 5269 eis
2629 5230 2726 5270 nos
2766 5216 2945 5284 potius
2987 5217 3273 5271 faciamus?
3314 5218 3370 5272 Si
3413 5227 3590 5274 autem

2016 5305 2284 5360 Christum
2326 5304 2524 5359 dixeris
2550 5305 2882 5360 dialecticum
2905 5347 2920 5371 ,
2958 5307 3198 5362 laudabis
3221 5308 3554 5364 dialecticam
3571 5349 3588 5376 ,

2016 5413 2171 5468 quam
2201 5397 2329 5451 mihi
2362 5411 2460 5466 pro
2485 5397 2707 5452 crimine
2733 5398 3026 5466 objeceras.

2088 5486 2314 5544 CAPUT
2354 5484 2495 5542 XIX.
2523 5488 2704 5543 ~25.
2733 5489 2885 5556 Quod
2930 5505 2998 5546 ne
3042 5491 3222 5555 facias,
3263 5489 3420 5546 video
3463 5492 3590 5562 (μή-Ι

2081 5671 2088 5684 ’
2137 5669 2209 5718 sic
2225 5681 2396 5717 omnes
2411 5668 2738 5729 manuscripti.
2759 5673 2813 5716 At
2847 5667 2980 5729 editi,
3003 5664 3332 5728 perimeretur.

2139 5738 2240 5781 Duo
2261 5738 2385 5792 Mss,
2416 5730 2639 5795 prudenti
2667 5728 3051 5794 interrogatione.
3422 5738 3509 5783 ,μ’

2876 5813 3201 5901 (Quium)
