4024 6194
379 226 481 281 459

363 356 585 407 fortasse
607 349 841 403 dicturus
864 345 960 410 sis,
990 357 1087 399 nec
1112 342 1251 403 illos,
1276 354 1373 394 nec
1402 337 1548 391 illum
1574 336 1622 388 in
1648 350 1710 388 ea
1732 346 1938 387 sermo-

362 444 628 501 ciuatione
657 436 851 509 aliquid
877 433 1050 505 egisse
1077 431 1372 487 dialectice.
1398 428 1454 483 Si
1483 442 1609 496 ergo
1635 438 1731 479 nec
1757 423 1829 477 illi
1849 420 1938 491 qui

354 536 600 606 captiose
629 540 786 602 atque
812 526 1064 582 insidiose
1100 521 1521 579 sermocinanter
1545 560 1559 585 ,
1597 525 1657 571 ut
1695 516 1746 571 in
1775 514 1940 571 verbo

361 605 631 696 decipiant
656 631 892 696 eoscum
919 613 1111 684 quibus
1131 620 1311 681 agunt,
1342 624 1440 664 nec
1468 608 1539 662 illi
1570 607 1659 676 qui
1692 605 1821 660 tales
1845 617 1940 658 eo-

358 691 505 772 Tum-
529 694 873 779 responsione
914 702 1261 762 convincunt,
1307 698 1580 753 dialectice
1622 702 1783 764 agunt
1813 710 1824 745 :
1858 691 1943 745 die

368 804 519 859 nobis
541 798 752 855 tandem
779 794 903 865 quid
930 793 997 847 sit
1022 790 1326 853 dialectica;
1353 798 1405 842 et
1428 796 1679 856 quantum
1704 783 1822 837 mali
1852 782 1945 836 lia-

366 897 489 951 beat
512 933 528 960 ,
565 898 818 961 quantum
847 892 1056 947 noceat,
1083 896 1241 951 quam
1272 876 1516 948 fugienda
1546 874 1634 940 sit,
1661 872 1813 927 doce.
1840 871 1946 927 Cu-

371 987 454 1039 ius
500 996 690 1037 nomen
738 975 999 1031 invidiose
1038 970 1257 1040 subjicis
1300 966 1699 1036 ignorantibus,
1742 963 1944 1017 crimen

367 1074 592 1131 ostende
635 1068 1013 1142 qurerentibus.
1064 1064 1179 1118 Non
1208 1063 1286 1116 vis
1324 1060 1477 1116 fateri
1505 1057 1645 1128 quod
1673 1056 1946 1112 dialectice

358 1176 521 1240 agat,
554 1165 641 1235 qui
671 1161 911 1217 homines
938 1169 1153 1211 aversos
1179 1168 1208 1207 a
1234 1166 1359 1207 vero
1388 1150 1553 1222 perite
1582 1156 1831 1217 recteque
1860 1147 1946 1199 in-

362 1239 663 1329 terrogans,
696 1247 1130 1322 responsionibus
1170 1258 1357 1301 eorum
1401 1240 1613 1297 adducit
1646 1239 1712 1294 ad
1739 1253 1945 1304 verum,

360 1368 435 1406 ne
473 1347 746 1404 dialectice
784 1358 905 1399 cum
941 1339 1139 1396 Judaeis
1176 1338 1335 1392 etiam
1363 1334 1630 1389 Christum
1661 1331 1833 1402 egisse
1869 1332 1946 1385 fa-

361 1443 549 1498 tearis.
579 1440 710 1494 Item
736 1450 841 1489 non
874 1432 952 1486 vis
980 1430 1100 1483 illos
1127 1442 1285 1496 agere
1306 1425 1597 1489 dialectice,
1628 1424 1717 1493 qui
1747 1421 1946 1491 captio-

366 1533 444 1587 sis
483 1523 987 1597 interrogationibus
1016 1517 1328 1574 insidiantes
1356 1515 1765 1585 respondentem
1802 1512 1949 1567 deci-

368 1642 498 1699 pere
527 1623 836 1687 moliuntur,
868 1634 936 1674 ne
974 1617 1069 1672 tibi
1113 1614 1427 1669 ostendatur
1468 1614 1539 1667 ita
1579 1628 1700 1667 cum
1740 1612 1952 1666 Christo

364 1718 546 1789 egisse
586 1713 822 1778 Iud-mos,
868 1721 1003 1780 quos
1050 1715 1227 1761 tamen
1272 1704 1360 1759 ille
1399 1718 1503 1757 non
1549 1701 1831 1757 declinavit
1870 1710 1952 1754 ta-

362 1806 581 1872 cendo,
612 1802 705 1858 sed
734 1800 907 1871 potius
932 1796 1199 1867 loquendo
1233 1794 1529 1864 superavit;
1558 1807 1622 1847 ac
1645 1792 1722 1847 sic
1749 1790 1955 1861 cogaris

372 1902 523 1957 fateri
554 1914 659 1955 non
691 1906 835 1953 recte
855 1894 1132 1965 episcopos
1157 1898 1363 1943 vestros
1387 1926 1401 1950 ,
1431 1900 1565 1955 quos
1591 1884 1777 1937 doctos
1798 1890 1956 1951 atque

365 1992 644 2063 sapientes
684 1997 839 2058 putas
860 2026 876 2052 ,
913 1984 1075 2038 etiam
1120 1995 1245 2035 eum
1271 1976 1565 2032 dialecticis
1592 1975 1733 2029 nolle
1760 1973 1958 2027 habere

372 2096 673 2137 sermonem
693 2118 709 2148 ,
736 2090 842 2148 quo
881 2074 1128 2129 invictam
1156 2070 1382 2125 doceant
1407 2068 1703 2124 veritatem.
1748 2064 1914 2120 Video
1935 2104 1954 2132 ,

372 2184 596 2242 magnos
620 2178 780 2223 asstus
811 2164 1029 2236 pateris,
1060 2159 1326 2231 quomodo
1352 2157 1576 2213 definias
1596 2156 1953 2219 dialecticum,

374 2270 431 2318 nt
471 2277 568 2318 nec
615 2261 812 2329 peritus
855 2257 1153 2325 disputator
1196 2252 1284 2322 sit,
1334 2265 1401 2305 ne
1441 2248 1583 2319 quod
1626 2248 1955 2318 vituperasti,

369 2355 593 2412 iamlare
620 2351 862 2423 cogaris;
910 2363 1011 2403 nec
1055 2345 1337 2400 insidiosos
1375 2342 1657 2396 verborum
1689 2348 1953 2410 captator,

369 2463 445 2503 ne
474 2447 565 2500 tibi
591 2444 798 2500 dicatur
819 2484 834 2506 ,
861 2441 1008 2496 Sicut
1046 2439 1154 2508 egit
1180 2450 1302 2491 cum
1331 2434 1524 2488 talibus
1560 2432 1834 2498 Christus,
1882 2430 1959 2486 sic

370 2544 499 2607 agat
519 2551 640 2593 cum
670 2534 771 2587 isto
796 2530 1138 2586 christianos.
1180 2523 1408 2580 Proinde
1433 2523 1479 2578 si
1510 2523 1681 2593 placet
1707 2523 1801 2576 ista
1832 2536 1960 2576 cura

375 2626 588 2683 liberari
612 2665 628 2689 ,
652 2640 776 2680 eum
808 2621 968 2679 ἀεῆηί
994 2634 1117 2676 esse
1140 2618 1475 2674 dialecticum
1495 2658 1511 2681 ,
1548 2630 1669 2669 cum
1697 2628 1801 2684 quo
1825 2611 1959 2682 legis

378 2719 534 2789 periti
582 2716 651 2772 de
698 2723 850 2784 parte
895 2711 1082 2767 Donati
1132 2709 1321 2764 nolunt
1374 2707 1569 2761 habere
1611 2706 1957 2776 colloquium.

366 2809 512 2879 Quid
551 2809 693 2864 enim
734 2806 824 2860 tibi
865 2802 1007 2858 aliud
1053 2797 1442 2871 suggerendum
1469 2806 1570 2864 est,
1599 2794 1800 2849 homini
1826 2793 1960 2863 obji-

374 2904 534 2958 cienti
582 2900 735 2956 nobis
785 2896 1115 2965 dialecticam
1141 2932 1156 2958 ,
1211 2901 1265 2946 et
1316 2890 1435 2944 ideo
1481 2887 1791 2957 praedicanti
1843 2884 1960 2954 epi-

371 3006 566 3061 scopos
590 3005 735 3053 suos,
759 2986 898 3057 quod
918 2983 1190 3039 nobiscum
1219 2979 1387 3034 nolint
1407 2978 1602 3032 habere
1621 2975 1963 3055 sermonem?

444 3048 533 3136 ἑὸ.
551 3079 655 3136 Sed
671 3048 739 3133 de
753 3048 949 3132 iudicis
970 3074 1195 3126 fortasse
1218 3069 1424 3127 invenis
1445 3066 1570 3135 quid
1593 3066 1759 3130 dicas,
1778 3048 1935 3135 quam
1952 3093 1964 3108 ι

374 3173 458 3227 vis
469 3169 657 3227 callide
676 3178 834 3235 atque
854 3172 1063 3220 versute
1080 3160 1231 3214 dolos
1248 3156 1711 3227 interrogationum
1730 3164 1961 3227 praeten-

369 3260 571 3322 derint,
591 3273 699 3323 non
722 3270 816 3309 eos
842 3252 1004 3306 fuisse
1024 3247 1347 3303 dialecticos.
1380 3247 1454 3300 De
1478 3245 1671 3300 Stoicis
1693 3254 1838 3300 certe
1858 3245 1962 3300 dici

372 3359 552 3420 potest
597 3344 747 3409 nihil,
789 3343 879 3414 qui
917 3355 1023 3397 non
1061 3338 1236 3394 solum
1274 3335 1536 3391 dialectici
1584 3333 1832 3397 fuerunt.
1868 3334 1963 3390 sed

372 3441 536 3496 etiam
562 3449 783 3492 caeteras
824 3430 1258 3503 philosophorum
1299 3435 1474 3482 sectas
1513 3426 1565 3480 in
1605 3424 1707 3479 hac
1736 3425 1816 3479 vel
1846 3435 1963 3481 arte

378 3531 464 3599 vel
494 3527 741 3583 facultate
764 3526 1027 3579 vicerunt.
1073 3518 1284 3575 Stoicus
1313 3517 1529 3586 quippe,
1562 3524 1618 3569 ut
1648 3528 1854 3568 mecum
1880 3528 1965 3567 re-

375 3622 511 3680 colis
530 3662 546 3687 ,
575 3617 673 3674 fuit
700 3617 790 3673 ille
815 3614 1163 3685 Chrysippus,
1192 3610 1260 3665 de
1292 3623 1398 3679 quo
1438 3605 1787 3661 Academicus
1824 3604 1960 3658 Car-

376 3712 581 3773 neades
602 3710 740 3770 hanc
763 3707 993 3763 habebat
1013 3702 1354 3767 sententiam,
1384 3710 1443 3754 ut
1476 3698 1687 3770 quando
1712 3713 1833 3752 cum
1870 3696 1963 3751 illo

508 3814 655 3865 esset
673 3800 1050 3872 disputandum
1075 3837 1091 3863 ,
1118 3794 1355 3851 elleboro
1378 3790 1710 3864 purgandum
1732 3804 1824 3845 cor
1844 3802 1965 3844 esse

378 3907 659 3961 censeret;
699 3903 927 3953 ceteros
958 3900 1135 3945 autem
1166 3886 1255 3942 vel
1282 3899 1508 3955 pransus
1549 3882 1704 3937 facile
1742 3895 1965 3951 supera-

384 3999 468 4048 ret
493 3990 594 4060 (tt).
636 3986 695 4042 Si
723 4000 849 4056 ergo
875 3997 973 4038 nos
1002 3980 1123 4037 libri
1148 3977 1447 4034 Stoicorum
1477 3973 1756 4029 dialectice
1779 3972 1964 4043 dispu-

382 4091 498 4139 tare
519 4080 834 4141 docuerunt,
862 4073 1158 4139 doctrinam
1189 4067 1337 4123 Pauli
1359 4074 1540 4119 contra
1565 4078 1665 4117 nos
1691 4061 1965 4132 proferant

383 4173 620 4246 episeOpi
646 4169 807 4226 vestri
831 4185 845 4220 :
873 4180 1054 4221 secum
1077 4172 1252 4217 tamen
1281 4173 1379 4213 nos
1404 4155 1649 4211 conferre
1676 4154 1988 4233 patiantur,"

384 4270 524 4325 sicut
550 4267 693 4333 ipsos
718 4270 842 4315 tunc
864 4257 1075 4313 Stoicos
1104 4254 1190 4308 ille
1217 4268 1321 4311 non
1349 4248 1560 4318 repulit.

453 4354 678 4412 CAPUT
719 4350 839 4408 XX.
863 4379 938 4390 —
962 4349 1053 4402 25.
1088 4346 1233 4399 lianc
1256 4345 1397 4398 enim
1420 4352 1586 4395 artem
1613 4352 1769 4409 quam
1794 4336 1964 4391 diale-

374 4449 577 4507 etiam
607 4449 799 4497 vocant
821 4481 836 4504 ,
877 4453 999 4508 quae
1036 4434 1164 4490 nihil
1207 4432 1347 4487 aliud
1384 4431 1541 4486 docet
1577 4443 1734 4499 quam
1775 4441 1965 4482 conse—

376 4538 601 4611 quotuia
622 4534 1013 4595 demonstrare,
1041 4542 1135 4582 seu
1164 4540 1285 4579 vera
1311 4525 1474 4586 veris,
1507 4536 1601 4577 seu
1628 4518 1757 4574 falsa
1783 4517 1928 4573 falsis
1946 4558 1967 4587 ,

382 4608 657 4698 nunquam
682 4622 929 4683 doctrina.
947 4616 1231 4674 christiana
1260 4612 1537 4677 formidat;
1578 4610 1710 4663 sicut
1755 4622 1870 4663 eam
1913 4608 1967 4660 in

392 4719 587 4791 Stoicis
615 4731 725 4773 non
747 4710 1046 4769 formidavit
1076 4705 1387 4775 Apostolus,
1413 4718 1546 4769 quos
1572 4714 1752 4755 secum
1781 4699 1966 4753 volen-

376 4826 474 4868 tes
499 4788 744 4864 conferre
770 4819 875 4861 non
908 4799 1109 4868 respuit
1137 4797 1286 4867 (Act.
1318 4808 1447 4859 xvu,
1482 4790 1639 4846 16-31
1667 4788 1710 4859 ).
1752 4789 1818 4841 Et
1855 4788 1966 4857 ipsa

382 4897 777 4960 enim-fatetur,
806 4902 862 4951 et
888 4904 1070 4951 verum
1101 4895 1199 4949 est,
1233 4884 1498 4939 neminem
1523 4878 1840 4949 disputando
1863 4878 1877 4909 ⁸
1900 4875 1967 4932 ad

386 4989 791 5050 conclusionem
817 4983 1001 5040 falsam
1026 4985 1421 5046 consequenter
1448 4970 1667 5041 impelli,
1692 4970 1792 5025 nisi
1826 4967 1968 5037 prius

391 5079 726 5142 consenserit
754 5076 899 5135 falsis
923 5117 939 5142 ,
966 5072 1161 5144 quibus
1184 5068 1370 5123 eadem
1394 5062 1665 5120 conclusio
1690 5060 1817 5115 velit
1840 5058 1972 5115 nolit

390 5177 639 5233 efficitur.
671 5173 753 5225 Ac
768 5182 874 5239 per.
898 5165 999 5221 hoc
1022 5161 1115 5232 qui
1132 5168 1297 5216 cavet
1322 5173 1387 5210 ne
1415 5171 1471 5210 se
1502 5156 1751 5223 loquente
1776 5164 1969 5207 conse-

393 5276 623 5338 (piantur
646 5260 789 5316 falsa
827 5272 945 5329 qua:
983 5269 1087 5313 non
1120 5251 1250 5311 vult,
1281 5247 1467 5303 volens
1490 5244 1615 5298 falsa
1643 5250 1826 5296 caveat
1854 5254 1972 5308 quin

392 5329 717 5429 praecedunt.
744 5349 802 5406 Si
836 5359 1013 5403 autem
1050 5338 1469 5413 praecedentibus
1497 5336 1634 5390 veris
1665 5329 1969 5396 inhaeserit,

395 5418 741 5521 quaecumque
772 5434 1157 5506 eomequetitia
1197 5428 1529 5502 perspexerit
1554 5438 1673 5497 qua:
1707 5421 1836 5477 falsa
1859 5418 1974 5487 exi-

469 5592 486 5623 ⁸
510 5602 856 5676 ουῑάψκεε..
879 5608 910 5645 a
927 5591 1212 5709 dit-iuuante.

469 5660 984 5709 IniVidetaler.Max.
1030 5650 1212 5709 nec

459 5648 539 5730 (ej
550 5648 984 5713 vna-aias“
1005 5648 1093 5709 lib.
1109 5650 1159 5716 8,
1180 5661 1285 5713 cap.
1308 5648 1358 5698 7.

1142 224 1414 287 CONTRA
1457 219 1891 279 CRESCONIUM
1932 216 2393 287 DONATISTAM,
2424 214 2482 271 S.
2513 211 2879 270 AUGUSTINI

3516 208 3627 268 460

2048 332 2320 397 stimabat,
2349 330 2433 385 vel
2460 329 2528 385 de
2555 329 2746 399 quibus
2773 326 3067 393 dubitabat,
3098 325 3400 381 admonitus
3429 326 3632 397 ample-

2047 434 2241 489 ctatur,
2270 424 2315 477 si
2336 421 2541 481 veritati
2568 430 2651 476 est
2675 418 3028 492 pacatissimze
3048 418 3291 487 amicior,
3317 434 3475 490 quam
3504 434 3633 474 con-

2051 510 2439 574 tentiosissimze
2473 514 2713 571 vanitati.

2118 607 2345 664 CAPUT
2390 606 2533 660 XXI.
2560 635 2631 645 —
2653 604 2744 659 26.
2778 603 2967 659 Parum
2997 603 3221 673 egerim.
3241 602 3341 656 nisi
3370 601 3472 657 hoc
3491 604 3635 673 quod

2050 698 2170 753 dico
2200 700 2253 753 in
2283 697 2381 751 hac
2407 696 2593 755 eadem
2621 710 2738 764 qua:
2768 694 2906 749 inter
2934 708 3030 747 nos
3055 692 3279 747 vertitur
3306 702 3487 747 nostra
3517 708 3639 747 ser-

2053 789 2410 844 mocinatione
2439 796 2822 842 monstravero.
2868 784 3005 839 Ecce
3029 785 3080 837 in
3111 799 3172 839 ea
3205 782 3315 852 ipsa
3342 786 3646 853 quaestione

2051 879 2118 935 de
2148 880 2417 949 Baptismo
2465 886 2520 939 tu
2560 876 2879 947 proposuisti
2917 890 2947 929 a
2987 890 3074 930 me
3115 875 3409 944 requirens,
3452 874 3542 929 ubi
3590 885 3644 928 te

2049 969 2300 1041 baptizari
2352 968 2666 1033 conveniat,
2716 976 2889 1021 utrum
2933 965 3071 1035 apud
3112 980 3245 1030 nes,
3286 980 3354 1018 an
3393 965 3446 1019 in
3492 974 3646 1033 parte

2051 1061 2259 1115 Donati.
2329 1061 2394 1114 Et
2435 1060 2557 1129 quia
2608 1058 2827 1113 intentio
2879 1066 2966 1112 tua
3019 1066 3103 1112 est
3150 1058 3203 1111 in
3255 1067 3404 1126 parte
3448 1056 3644 1113 Donati

2055 1153 2322 1208 hominem
2361 1153 2532 1221 potius
2578 1150 2829 1219 baptizari
2872 1158 3158 1218 oportere,
3205 1147 3340 1201 hanc
3385 1148 3637 1202 intentio-

2053 1260 2172 1303 nem
2205 1245 2325 1299 hinc
2350 1242 2573 1312 probare
2610 1226 2837 1295 conatus
2876 1255 2951 1303 es,
2994 1238 3137 1308 quod
3180 1240 3337 1293 etiam
3380 1255 3477 1291 nos
3520 1254 3639 1293 esse

2054 1336 2160 1389 illic
2186 1335 2510 1404 Baptismum
2537 1347 2640 1387 n0n
2664 1345 2941 1400 negamus.
2974 1328 3131 1383 Vides
3157 1339 3306 1383 certe
3333 1328 3384 1383 id
3410 1338 3459 1383 te
3480 1344 3637 1399 agere

2056 1426 2283 1482 voluisse
2304 1468 2317 1488 ,
2347 1433 2403 1478 ut
2430 1440 2499 1479 ex
2529 1440 2594 1478 eo
2622 1423 2761 1493 quod
2789 1421 3158 1485 concedimus,
3186 1421 3251 1473 ad
3283 1419 3333 1475 id
3363 1421 3501 1490 quod
3531 1438 3637 1475 non

2054 1515 2475 1573 concedebantus
2496 1513 2855 1577 attrahamur;
2883 1512 2931 1565 id
2958 1521 3058 1576 est,
3079 1522 3133 1564 ut
3155 1512 3273 1578 quia
3297 1510 3637 1564 concedimus

2055 1623 2174 1662 esse
2198 1607 2304 1660 illic
2333 1605 2679 1676 Baptismum,
2707 1605 2863 1657 etiam
2892 1602 2995 1655 illic
3018 1616 3137 1656 esse
3164 1601 3432 1655 hominem
3461 1600 3635 1670 bapti-

2058 1700 2281 1755 zandom
2311 1698 2609 1757 concedere
2633 1695 3034 1765 compellnnur.

2127 1790 2351 1847 CAPUT
2391 1789 2549 1849 XXII.
2580 1787 2762 1839 —‘.’.7.
2806 1784 3094 1839 Considera
3142 1784 3420 1853 diligenter
3468 1783 3513 1836 si
3557 1789 3642 1837 est

2063 1882 2169 1939 hoc
2193 1894 2545 1948 consequens,
2572 1888 2624 1931 et
2649 1878 2738 1931 tibi
2764 1877 2875 1945 ipse
2895 1874 3175 1943 reSpOude.
3204 1874 3337 1928 Puto
3363 1873 3503 1928 enim
3525 1872 3637 1944 jam

2061 1973 2162 2028 hoc
2186 1981 2307 2025 ante
2337 1971 2519 2024 oculos
2544 1968 2861 2030 constituto,
2902 1967 3076 2020 cernis
3115 1981 3210 2034 pro
3235 1965 3428 2035 ingenii
3456 1967 3527 2018 tui
3558 1966 3639 2017 vi-

2058 2062 2283 2116 vacitate
2301 2102 2317 2126 ,
2354 2075 2514 2130 quam
2543 2075 2646 2123 non
2674 2058 3049 2125 consequentia
3078 2071 3173 2124 pro
3193 2054 3641 2125 consequentibus

2061 2155 2298 2224 colligas.
2332 2152 2459 2206 Nam
2485 2166 2666 2205 revera
2687 2149 2913 2203 dicimus
2934 2148 3256 2217 Baptismum
3277 2156 3330 2200 et
3352 2146 3458 2201 illic
3479 2162 3599 2202 esse
3625 2168 3638 2200 :

2062 2245 2157 2300 sed
2188 2260 2290 2298 non
2323 2243 2548 2297 dicimus
2571 2249 2626 2296 et
2655 2239 2926 2310 prodesse,
2951 2239 3058 2291 imo
3080 2253 3205 2291 vero
3224 2236 3448 2291 dicimus
3470 2248 3522 2292 et
3546 2237 3645 2292 ob-

2062 2351 2203 2392 esse.
2235 2333 2365 2393 Cum
2392 2343 2566 2388 autem
2592 2336 2848 2402 quzeritur
2874 2331 2959 2385 ubi
2989 2330 3212 2399 quisque
3242 2329 3435 2383 debeat
3461 2331 3638 2399 bapti-

2063 2428 2211 2495 zari,
2254 2426 2417 2483 credo
2457 2434 2671 2497 propter
2707 2423 2837 2478 illud
2874 2423 3041 2494 quaeri
3081 2421 3221 2493 quod
3262 2422 3516 2476 Dominus
3546 2424 3640 2487 ait,

2067 2521 2118 2577 Ν
2123 2522 2186 2576 isi
2212 2521 2322 2591 quis
2348 2528 2551 2574 renatus
2574 2518 2723 2589 fuerit
2749 2533 2812 2570 ex
2835 2533 2965 2588 aqua
2994 2525 3041 2568 et
3069 2514 3281 2583 spiritu,
3310 2530 3409 2568 non
3438 2514 3643 2568 intrabit

2064 2616 2117 2669 in
2146 2628 2356 2683 regnum
2379 2611 2616 2671 castorum
2646 2608 2840 2678 (Joan.
2873 2623 2947 2671 ιιι,
2977 2606 3066 2677 5).
3112 2605 3245 2674 Quia
3271 2620 3397 2675 ergo
3428 2615 3643 2676 prOpter

2065 2707 2203 2763 hanc
2228 2705 2506 2760 utilitatem
2533 2700 2874 2772 accipiendos
2895 2710 2974 2754 est
3000 2698 3322 2769 Rtptismus,
3355 2714 3474 2753 cum
3500 2714 3643 2768 qna:-

2065 2798 2198 2853 ritur
2228 2795 2315 2852 ubi
2342 2793 2677 2864 accipiendos
2706 2793 2805 2851 sit.
2839 2806 2944 2845 non
2988 2790 3244 2860 quzcritur
3286 2788 3372 2843 ubi
3416 2790 3514 2854 sit,
3545 2788 3644 2842 scd

2068 2887 2155 2949 ubi
2180 2886 2243 2945 ad
2274 2900 2494 2956 regnum
2527 2884 2783 2939 caelorum
2821 2879 3217 2950 adipiscendum
3253 2879 3392 2933 utilis
3420 2878 3508 2931 sit.
3536 2878 3641 2933 Se—

2066 2984 2317 3047 queretur
2369 2984 2545 3028 autem
2587 2972 2745 3026 etiam
2792 2971 2896 3024 illic
2932 2968 3295 3039 accipiendum
3344 2982 3482 3031 esse,
3521 2967 3643 3021 ubi-

2066 3082 2293 3137 cumque
2317 3081 2440 3121 eum
2469 3073 2676 3122 constat
2698 3078 2840 3129 esse,
2877 3063 2922 3116 si
2957 3074 3142 3114 omnes
3181 3061 3270 3130 qui
3312 3058 3509 3114 habent
3548 3060 3646 3112 ali-

2067 3159 2192 3230 quid
2235 3158 2358 3213 boni
2384 3199 2400 3225 ,
2438 3157 2599 3213 etiam
2638 3156 2778 3210 bono
2804 3168 2902 3209 suo
2928 3151 3121 3206 habere
3146 3150 3484 3205 doceretur‘.
3511 3150 3644 3205 Cum

2069 3267 2198 3307 vero
2239 3260 2345 3305 tam
2385 3248 2538 3303 multi
2580 3255 2685 3301 tam
2728 3244 2891 3301 multa
2931 3243 3068 3298 bona
3103 3241 3334 3297 habeant
3360 3242 3502 3296 malo
3524 3255 3643 3306 suo,

2068 3344 2185 3418 quis
2214 3358 2320 3399 non
2347 3341 2523 3397 videat
2541 3355 2662 3396 cum
2686 3338 2936 3409 quaeritur
2958 3336 3045 3391 ubi
3064 3335 3259 3405 aliquid
3280 3332 3646 3405 accipiendum

2068 3438 2156 3501 sit,
2184 3450 2289 3489 non
2320 3432 2484 3504 qumri
2512 3432 2598 3486 ubi
2626 3432 2713 3497 sit,
2742 3428 2836 3486 sed
2861 3429 2945 3483 ubi
2978 3427 3174 3498 prosit?
3196 3426 3474 3496 Quomodo
3503 3427 3647 3480 enim

2066 3528 2112 3582 si
2141 3526 2271 3581 mihi
2300 3524 2623 3580 concederes
2662 3522 2859 3577 bonum
2898 3534 3017 3575 esse
3055 3534 3239 3573 aurum
3263 3558 3277 3583 ,
3324 3516 3653 3571 concederes

2068 3619 2226 3675 etiam
2273 3617 2504 3672 latrones
2546 3627 2756 3685 quoque
2799 3612 2996 3666 habere
3033 3625 3240 3674 aurum,
3273 3624 3401 3674 non,
3433 3608 3643 3678 Opinor,

2072 3712 2238 3767 velles
2267 3718 2324 3764 ut
2354 3725 2421 3763 ex
2448 3708 2531 3761 his
2558 3706 2764 3761 duobus
2788 3703 3057 3759 concessis
3085 3700 3451 3764 concluderem
3475 3742 3488 3763 ,
3521 3716 3647 3753 eum

2068 3804 2159 3873 qui
2189 3801 2388 3856 habere
2411 3814 2598 3853 aurum
2630 3795 2791 3861 velit,
2836 3796 2889 3848 in
2940 3794 3197 3849 latronum
3236 3792 3490 3845 societate
3527 3804 3651 3844 esse

2069 3904 2318 3967 oportere
2348 3911 2361 3947 :
2394 3893 2484 3956 ita,
2511 3906 2630 3944 cum
2656 3898 2709 3944 et
2737 3903 2835 3957 ego
2856 3885 3092 3941 concedo
3114 3885 3306 3939 bonum
3329 3898 3447 3937 esse
3469 3882 3650 3949 Bapti-

2070 4002 2245 4045 smum
2265 4027 2281 4053 ,
2312 3983 2546 4040 concedo
2574 3982 2734 4037 etiam
2765 3978 3065 4033 Donatistas
3088 3991 3300 4046 quoque
3326 3974 3520 4029 habere
3544 3974 3649 4027 Ba-

2070 4080 2352 4151 ptismutn,
2386 4090 2494 4129 non
2532 4072 2695 4127 debes
2741 4085 2805 4126 ex
2848 4068 2930 4122 his
2969 4066 3174 4121 duobus
3204 4065 3470 4120 concessis
3497 4063 3648 4132 quasi

2070 4177 2320 4240 sequatur
2334 4164 2672 4224 concludere,
2694 4177 2813 4217 eum
2831 4161 2919 4230 qui
2944 4159 3136 4212 habere
3157 4157 3480 4225 Baptismum
3496 4154 3645 4218 velit,

2070 4266 2123 4320 in
2153 4264 2407 4320 societate
2432 4259 2819 4315 Donatistarum
2847 4268 2965 4309 esse
2989 4251 3199 4305 debere.

2141 4352 2364 4412 CAPUT
2405 4349 2592 4406 XXIII.
2620 4346 2801 4400 -28,
2831 4344 2947 4398 Jam
2988 4358 3050 4395 ex
3098 4341 3196 4393 hoc
3235 4340 3392 4393 etiam
3423 4337 3514 4390 tibi
3546 4335 3646 4403 ipsi

2071 4460 2353 4505 occurrere
2378 4444 2540 4498 multa
2572 4454 2675 4494 non
2705 4437 2908 4498 dubito,
2931 4450 3048 4505 qua:
3076 4431 3318 4502 quamvis
3348 4429 3482 4482 bona
3515 4427 3643 4491 sint,

2071 4548 2126 4593 et
2150 4538 2216 4593 ad
2247 4536 2373 4591 utile
2401 4530 2593 4601 aliquid
2625 4529 2858 4584 instituta
2883 4568 2897 4592 ,
2938 4540 3043 4578 non
3073 4523 3316 4576 onmibus
3349 4530 3520 4573 tamen
3555 4516 3650 4571 ha-

2075 4628 2321 4684 bentibus
2348 4625 2454 4679 sint
2480 4622 2647 4685 utilia,
2680 4618 2773 4673 sed
2805 4613 3165 4671 tantummodo
3196 4612 3330 4665 bene
3359 4609 3648 4663 utentibus.

2073 4720 2204 4776 Nam
2243 4732 2364 4771 cum
2399 4714 2585 4769 eadem
2622 4712 2735 4765 luce
2773 4717 2828 4763 et
2864 4708 2975 4761 sani
3001 4706 3137 4759 oculi
3175 4702 3560 4774 perfunduntur
3598 4711 3653 4753 et

2074 4808 2259 4873 saucii,
2285 4807 2400 4862 istis
2427 4803 2787 4872 adiumentum
2823 4806 2923 4863 est,
2966 4796 3068 4849 illis
3114 4803 3453 4848 tormentum.
3505 4789 3650 4845 Idem

2075 4902 2228 4958 cibus
2269 4899 2401 4953 alias
2439 4893 2769 4951 valetudines
2796 4888 2909 4954 alit,
2938 4887 3067 4941 alias
3097 4884 3242 4939 laedit
3271 4903 3285 4938 :
3316 4883 3453 4937 idem
3486 4882 3655 4935 medi-

2076 5002 2378 5049 camentum
2430 4987 2529 5042 hos
2569 4994 2756 5051 curat,
2803 4981 2920 5035 illos
2960 4978 3199 5034 debilitat
3230 4995 3244 5030 :
3273 4975 3460 5031 eadem
3506 4989 3654 5029 arma

2076 5087 2211 5141 alios
2257 5083 2538 5143 muniunt,
2580 5077 2712 5132 alios
2758 5069 3295 5144 impediuntzeadem
3338 5068 3500 5120 vestis
3539 5066 3657 5119 aliis

2080 5182 2384 5247 tcgumento
2426 5179 2529 5233 est,
2573 5166 2690 5220 aliis
2732 5163 3143 5231 implicamento.
3172 5158 3257 5212 Sic
3282 5167 3336 5211 et
3357 5155 3659 5225 Baptismus

2079 5266 2197 5320 aliis
2219 5263 2359 5316 valet
2381 5258 2445 5313 ad
2474 5270 2714 5325 regnum,
2742 5252 2859 5305 aliis
2884 5249 2948 5305 ad
2970 5248 3250 5318 judicium.

2150 5352 2377 5411 CAPUT
2412 5347 2600 5405 XXIV.
2631 5375 2701 5401 σ-τ
2723 5343 2809 5399 29.
2840 5342 2936 5397 llic
2966 5340 3117 5394 video
3138 5337 3260 5409 quid
3289 5346 3340 5391 te
3362 5335 3528 5406 possit
3549 5349 3663 5387 mo.

2081 5467 2228 5547 vere.
2272 5449 2522 5505 Fortasse
2559 5444 2698 5498 enim
2727 5440 2860 5494 dicis
2888 5435 3029 5507 quod
3065 5436 3115 5489 in
3146 5435 3228 5488 bis
3252 5433 3498 5488 omnibus
3526 5427 3661 5495 nihil

2154 5638 2173 5670 ι
2204 5627 2343 5694 aditi,
2367 5629 2669 5680 docerentur.
2705 5629 2761 5672 Αῑ
2783 5628 2910 5681 nam,
2939 5615 3203 5667 doceretur.
