4024 6194
386 416 717 474 Sacramcuti
787 412 1312 471 eommemorsverim
1369 428 1380 464 :
1438 409 1738 478 Baptismus
1787 417 1962 462 autem

385 507 1059 566 salictum-Sacramentum
1085 514 1188 570 est,
1216 514 1271 558 et
1311 503 1430 558 ideo
1470 517 1583 556 non.
1615 515 1734 556 esse
1774 515 1966 555 conse-

386 616 581 669 quens.
620 608 679 652 ut
720 599 766 653 si
806 598 872 652 de
909 612 1059 661 auro,
1088 596 1157 651 de
1198 595 1332 658 luce,
1367 594 1437 650 de
1477 593 1765 658 alimentis,
1792 604 1966 646 arma-

387 690 617 753 mentis,
637 687 972 743 indumentis
1002 686 1213 756 probari
1240 685 1408 754 potuit
1435 684 1576 754 quod
1610 684 1726 737 aliis
1763 683 1963 736 haben-

389 783 530 836 tibus
568 789 689 850 apta
733 781 871 844 sint,
925 779 1056 833 aliis.
1088 776 1532 843 inconvenientia,
1576 775 1817 846 quamvis
1861 775 1968 828 sint

389 873 527 926 bona
553 882 605 928 et
627 872 693 926 ad
723 872 850 926 utile
874 870 1072 940 aliquid
1100 869 1332 924 instituta
1357 909 1370 930 ,
1402 869 1654 923 continuo
1679 868 1837 922 etiam
1867 865 1968 920 Ba-

391 964 614 1033 ptismus
661 960 796 1016 aliis
823 960 1024 1030 prosit,
1069 959 1186 1013 aliis
1223 959 1362 1014 obsit
1403 957 1738 1012 habentibus.
1783 955 1968 1012 Restat

387 1050 720 1121 ergoadhue
739 1050 1032 1120 requirere,
1063 1058 1238 1103 utrum
1259 1049 1418 1103 etiam
1457 1047 1542 1101 illa
1583 1047 1720 1101 bona
1754 1061 1872 1113 qun:
1899 1045 1975 1098 ad-

387 1143 556 1210 legem
586 1141 675 1196 Dei
707 1143 988 1210 pertinent,
1015 1139 1190 1193 omnia
1217 1138 1462 1193 omnibus
1495 1136 1810 1192 habentibus
1848 1148 1969 1203 [ιι-ον

385 1232 510 1285 sint.
538 1231 644 1286 Hac
663 1229 954 1300 quaestione
975 1230 1263 1298 preposita,
1287 1228 1506 1282 intentio
1525 1237 1714 1280 nostra
1725 1235 1808 1280 est
1826 1223 1968 1294 quod

387 1338 485 1376 nec
510 1323 621 1393 ipsa
647 1321 824 1376 omnia
844 1321 1088 1375 omnibus
1112 1320 1424 1375 habentibus
1451 1319 1670 1388 prosint.
1709 1317 1857 1372 Hanc
1885 1317 1969 1371 in-

388 1416 680 1466 tentionem
707 1424 942 1466 nostram
969 1411 1092 1466 vide
1120 1409 1566 1480 quemadmodum
1594 1409 1880 1480 probemus
1899 1422 1965 1462 ex

386 1504 825 1558 concessionibus
863 1503 1076 1557 vestris.
1121 1501 1429 1556 Conceditis
1467 1501 1608 1555 enim
1641 1501 1691 1554 in
1719 1499 1967 1554 omnibus

386 1595 710 1649 credendum
752 1608 874 1649 esse
910 1593 1155 1664 apostolo
1201 1592 1382 1647 Paulo.
1411 1591 1590 1646 Teneo
1619 1605 1799 1643 unnm.
1827 1589 1968 1643 Con-

387 1685 576 1739 ceditis
594 1684 751 1739 etiam
781 1682 1028 1738 eumdem
1049 1681 1345 1751 apostolum
1371 1679 1590 1746 dixisse,
1611 1678 1756 1733 Bona
1774 1687 1845 1732 est
1862 1677 1965 1734 lex.

389 1774 481 1828 llis
501 1773 706 1828 duobus
725 1774 1023 1834 malicitur,
1051 1772 1244 1826 bonam
1270 1785 1387 1826 esse
1407 1771 1598 1840 legem,
1618 1768 1711 1823 sed
1734 1769 1968 1838 legitime

390 1865 656 1918 utentibus
680 1865 694 1926 (
723 1862 898 1918 l'I‘im.
933 1878 970 1926 ι,
999 1861 1090 1932 8).
1119 1861 1173 1917 Si
1200 1876 1328 1931 ergo
1353 1877 1415 1916 ea
1443 1875 1548 1915 non
1575 1860 1810 1929 legitime
1841 1873 1967 1915 usus

387 1958 612 2028 quisque
656 1956 832 2022 luerit,
872 1971 980 2011 non
1022 1956 1133 2024 ipsa
1173 1954 1232 2009 lit
1273 1955 1432 2020 mala,
1477 1954 1754 2010 sedicerte
1795 1953 1968 2008 oberit

454 2139 680 2196 CAPUT
717 2139 884 2195 XXV.
912 2169 984 2180 —-
1019 2137 1110 2194 30.
1158 2135 1420 2194 Fortassis
1462 2138 1609 2193 dices
1633 2178 1647 2202 ,
1698 2139 1965 2194 neminem

388 2246 544 2300 posse
566 2239 620 2286 et
645 2231 696 2286 in
721 2231 836 2301 lege
857 2245 995 2296 esse,
1020 2239 1076 2285 et
1103 2230 1218 2299 lege
1244 2231 1380 2285 male
1404 2230 1476 2284 uti
1511 2246 1524 2282 :
1553 2229 1654 2284 hoc
1683 2229 1798 2299 ipso
1822 2230 1966 2284 enim

386 2322 525 2392 quod
544 2333 728 2378 contra
753 2324 918 2393 legem
947 2322 1094 2384 vivit,
1123 2337 1226 2375 non
1252 2335 1374 2376 esse
1404 2321 1463 2374 in-
1487 2321 1602 2390 lege
1621 2329 1964 2374 monstratur.

386 2411 583 2468 Contra
611 2428 712 2482 ego
740 2412 878 2476 dico,
914 2411 1027 2466 ﬁeri
1052 2425 1207 2481 posse
1229 2419 1282 2464 ut
1311 2411 1534 2480 quisque
1556 2420 1618 2465 et:
1642 2411 1693 2464 in
1721 2410 1841 2481 lege
1861 2411 1964 2478 sit,

384 2513 441 2559 et
469 2519 574 2559 non
615 2503 845 2573 legitime
884 2511 1078 2556 utatur.
1116 2501 1266 2567 Quod
1295 2501 1420 2556 item
1449 2501 1640 2555 vestris
1661 2501 1966 2556 concessio-

385 2595 548 2649 nibus
571 2595 754 2663 probo.
789 2591 1090 2648 Conceditis
1121 2591 1268 2647 enim
1298 2599 1644 2646 memoratum
1670 2591 1967 2663 apostolum

385 2686 752 2742 testimonium
793 2684 1032 2755 posuisse
1076 2683 1143 2738 de
1182 2683 1409 2738 Psalmis
1449 2681 1703 2736 adversus
1743 2696 1838 2737 eos
1877 2682 1986 2752 qui.

384 2775 747 2847 gloriabantur
774 2777 836 2828 in
857 2774 972 2844 lege
991 2813 1007 2839 ,
1034 2783 1087 2828 et
1115 2772 1366 2829 vivebant
1391 2780 1572 2826 contra
1602 2771 1792 2841 legem.
1822 2772 1968 2828 Sicut

383 2867 748 2935 scriptuntest,
781 2863 968 2933 inquit,
996 2863 1242 2934 quianon
1269 2871 1342 2916 est
1365 2862 1532 2930 iustus
1553 2860 1836 2932 quisquam,
1868 2877 1968 2916 non

385 2966 458 3010 est
482 2954 780 3025 intelligens,
812 2968 912 3005 non
941 2962 1012 3004 est
1037 2949 1476 3020 inquirensﬂeum
1501 2965 1521 3003 :
1549 2965 1718 3004 omnes
1739 2950 1966 3005 declina—-

388 3055 558 3100 verunt
581 3086 595 3108 ,
633 3043 786 3100 simul
816 3043 1015 3097 inutiles
1038 3043 1159 3114 [acti
1180 3051 1327 3107 sunt;
1360 3057 1462 3094 non
1484 3050 1562 3095 est
1579 3041 1678 3112 quit
1692 3042 1846 3113 faciat
1874 3044 1966 3096 bo-

386 3153 505 3190 num
526 3180 540 3202 ,
586 3153 685 3191 non
723 3145 795 3190 est
828 3151 984 3204 usque
1017 3137 1088 3188 ad
1124 3151 1298 3189 unum.
1342 3134 1644 3204 Sepulcrum
1685 3143 1860 3204 patens
1895 3144 1982 3190 est

385 3238 556 3298 guttur
575 3242 764 3290 eorum,
789 3225 973 3296 linguis
992 3225 1102 3278 suis
1123 3223 1296 3279 dolose
1316 3225 1548 3294 agebant,
1571 3239 1812 3277 omnem
1829 3223 1970 3293 aspi-

386 3320 506 3372 dum
527 3318 620 3372 sub
645 3317 791 3372 labiis
818 3331 1025 3381 eorum;
1053 3332 1279 3386 quorum
1302 3331 1370 3369 os;
1395 3313 1740 3368 maledictione
1757 3323 1804 3368 et
1826 3330 1968 3367 ama-

384 3409 603 3462 ritudiue
621 3408 823 3480 plenum
840 3416 953 3461 est:
971 3405 1159 3460 veloces
1177 3405 1324 3475 pedes
1345 3419 1515 3457 eorum
1529 3403 1597 3456 ad
1607 3402 1968 3469 effundendum

384 3499 696 3568 sanguinem,
723 3497 1026 3550 contritio-ot
1054 3494 1323 3565 infelicitas
1345 3494 1399 3548 in
1425 3494 1522 3547 uiis.
1538 3508 1730 3556 eorum,
1761 3503 1809 3546 et
1833 3493 1966 3546 uiam

383 3591 523 3660 pacis
551 3605 651 3642 non
678 3595 1048 3658 cognoverunt;
1086 3601 1188 3639 non
1223 3593 1296 3638 est
1326 3584 1474 3637 timor
1506 3581 1604 3636 Dei
1639 3590 1756 3636 ante
1793 3583 1965 3636 oculos

383 3695 576 3733 eorum.
606 3679 668 3732 Et
695 3692 764 3732 ne
787 3685 1030 3746 putarent
1057 3675 1170 3730 hate
1196 3675 1249 3728 in
1273 3687 1367 3729 eos
1395 3673 1535 3727 dicta
1564 3673 1662 3743 qui
1684 3687 1787 3726 non
1812 3683 1964 3728 erant

382 3769 437 3823 in
477 3769 626 3839 lege,
663 3767 916 3822 continuo
956 3764 1183 3835 subjecit
1223 3780 1242 3817 :
1282 3763 1481 3817 Seianus
1519 3771 1690 3815 autem
1726 3762 1974 3832 quoniam.

381 3877 704 3931 quiscumque
736 3859 818 3914 lex
841 3858 996 3925 dicit,
1029 3858 1107 3910 his
1129 3856 1214 3925 qui
1248 3856 1299 3908 in
1329 3855 1437 3923 lege
1473 3862 1604 3907 sunt'
1626 3852 1880 3920 loquitur;
1909 3861 1976 3904 ut

381 3967 529 4007 omne
563 3967 618 4005 os
649 3951 961 4014 obstruatur,
1000 3956 1047 4001 et
1095 3961 1210 4000 reus
1259 3945 1348 4014 ﬁat
1388 3943 1552 3998 omnis
1592 3940 1821 3996 mundus
1855 3938 1962 3994 Deo

382 4043 556 4111 (Rom.
586 4056 662 4104 nt,
695 4036 898 4110 lO-IO).
930 4039 1058 4093 Item
1092 4035 1196 4090 alio
1220 4035 1336 4088 loco
1363 4033 1491 4092 dicit
1522 4051 1536 4086 :
1573 4031 1708 4100 Quid
1730 4047 1849 4102 ergo
1877 4031 1960 4084 di-

381 4136 580 4190 cimus?
614 4133 722 4188 Lex
746 4141 1003 4202 peccatum
1028 4129 1135 4184 est?
1152 4127 1309 4182 Absit.
1338 4127 1443 4182 Sed
1467 4134 1725 4196 peccatum
1747 4141 1853 4178 non
1873 4140 1960 4179 ca.-

379 4225 549 4296 gnovi,
579 4225 674 4279 nisi
703 4241 794 4293 per
817 4221 975 4292 legem
1002 4237 1021 4274 :
1042 4237 1164 4281 nam
1183 4216 1632 4286 concupiscentiam
1658 4215 1956 4283 nesciebam,

381 4317 480 4369 nisi
505 4317 589 4368 lea:
607 4315 789 4368 diceret
809 4355 822 4378 ,
855 4312 974 4366 Non
1007 4310 1342 4381 concupisces.
1383 4307 1657 4360 Occasione
1680 4315 1845 4360 tndem
1873 4322 1977 4360 ac-a

379 4414 554 4474 cepta,
596 4412 852 4474 peccatum
901 4411 990 4472 per
1031 4399 1327 4453 mandatum
1370 4405 1630 4468 operatum
1665 4405 1738 4450 est
1784 4395 1846 4449 in-
1881 4412 1980 4450 me.

379 4512 577 4550 omnem
599 4495 1065 4564 concupiscentiam.
1097 4491 1413 4562 Item-paulo
1440 4497 1560 4559 post
1601 4506 1616 4543 :
1655 4487 1956 4554 Peccatum,

378 4581 570 4658 inquit,
600 4596 814 4656 accepta
825 4585 1210 4654 occasione-per
1222 4583 1513 4637 mandatum
1535 4622 1548 4645 ,
1582 4581 1883 4652 fefellitme,
1911 4589 1960 4634 et

380 4692 473 4747 per
504 4679 634 4732 illud
669 4679 868 4732 occidit.
915 4674 1095 4747 Itaque
1119 4673 1424 4743 lexrquidem
1447 4681 1640 4735 sancta,
1668 4681 1716 4725 ot
1741 4671 1956 4724 manda-

381 4779 486 4823 tum
508 4780 736 4824 sanctum
755 4779 802 4823 et
819 4771 1018 4839 justum
1042 4775 1088 4822 et
1116 4766 1319 4821 bonum.
1351 4760 1846 4834 Quodrcrgo'bonum
1862 4771 1954 4827 est,

380 4861 505 4914 milii
523 4862 714 4932 factum
735 4870 807 4914 est
832 4875 966 4914 mors
981 4859 1007 4913 .9
1032 4858 1170 4911 Absit
1193 4871 1212 4910 :
1235 4855 1324 4909 sed
1347 4863 1622 4925 peccatum,
1645 4863 1697 4906 ut
1718 4863 1959 4925 appareat

381 4961 670 5022 peccatum,
705 4967 795 5019 per
818 4951 1001 5004 bonum
1026 4948 1150 5002 mihi
1172 4955 1432 5017 operatum
1471 4955 1539 5000 est
1574 4956 1780 4999 mortem
1827 4943 1954 5017 (Id.

383 5054 470 5106 νιι,
494 5045 630 5099 745
646 5043 686 5113 ).
726 5041 969 5099 A-ttendis
991 5039 1436 5112 quemadmodum
1463 5037 1580 5108 lege
1597 5037 1836 5106 laudata,
1865 5051 1973 5092 eos.

382 5134 468 5204 qui
498 5134 558 5188 in.
579 5133 693 5203 lege
715 5142 849 5188 sunt.
865 5133 1042 5202 arguit
1061 5172 1077 5197 ,
1106 5137 1364 5201 quotquot
1390 5143 1454 5183 ea
1478 5126 1617 5184 male
1643 5127 1838 5182 utendo
1863 5143 1958 5197 per

377 5227 579 5282 bonum
603 5224 869 5280 habebant
902 5223 1120 5279 malum.
1161 5223 1290 5276 Item
1331 5221 1444 5291 ipse
1468 5219 1753 5290 Apostolus
1778 5219 1954 5274 scien-

380 5317 508 5371 tiam
535 5316 816 5387 quamdam
843 5331 912 5371 ex
939 5316 1072 5384 lege,
1101 5328 1260 5383 quam
1291 5321 1344 5367 et
1371 5326 1433 5366 se
1457 5310 1654 5365 habere
1673 5309 1883 5366 dicebat
1903 5319 1958 5366 et

375 5407 514 5461 alios
533 5444 552 5472 ,
582 5406 699 5460 sine
735 5405 991 5460 charitate
1019 5413 1192 5458 tanien
1226 5402 1460 5456 inutilem
1484 5401 1612 5456 dicit
1636 5411 1692 5455 et
1721 5400 1954 5455 noxiam.

382 5496 458 5551 De
481 5496 762 5564 sacriﬁciis,
789 5497 976 5566 inquit,
995 5493 1246 5548 idolorum
1264 5493 1446 5546 scimus
1465 5492 1584 5562 quia
1603 5507 1775 5546 omnes
1797 5493 1957 5545 scien-

377 5589 500 5643 tiam
541 5587 797 5643 ltabemus.
845 5586 1067 5642 Scientia
1112 5586 1280 5655 inﬂat,
1322 5585 1540 5639 charitas
1581 5599 1694 5638 vero
1736 5585 1955 5653 ludiﬁcat

376 5677 439 5745 (Ι
470 5679 588 5736 Cor.
616 5693 707 5736 vui
731 5719 746 5747 ,
779 5679 802 5733 l
827 5677 872 5749 ).
914 5677 1144 5733 Proinde
1165 5685 1220 5732 et
1248 5677 1346 5731 ista
1375 5675 1595 5731 scientia
1623 5677 1861 5747 quamvis
1886 5676 1952 5732 ad

1762 296 1961 351 [ABER
2003 295 2274 352 PRIMUS.

3551 303 3656 358 to:

2079 406 2247 476 legem
2280 405 2371 462 Dei
2402 407 2681 477 pertineat,
2704 408 2749 463 si
2778 410 2828 464 in
2857 409 3034 480 aliquo
3051 411 3167 466 sine
3186 412 3445 469 charitato
3474 413 3649 480 fuerit,

2072 495 2294 550 innatet;
2304 507 2480 552 nocet.
2503 498 2662 564 Quid,
2694 499 2762 554 de
2788 501 2905 569 ipso
2929 511 3156 571 corpore
3178 512 3240 558 ett
3261 504 3523 574 sanguine
3550 505 3650 558 Do-

2071 586 2222 649 mini,
2255 587 2413 641 unico
2438 589 2700 644 sacriﬁcio
2732 605 2826 659 pro
2847 592 3017 647 salute
3043 604 3242 658 nostra,
3269 595 3510 663 quamvis
3537 593 3654 664 ipse

2075 673 2492 734 Dontin'usdicat
2515 681 2554 745 ¹,
2583 679 2699 734 Nisi
2707 683 2833 752 quis
2849 684 3222 738 manducauerit
3241 698 3444 739 comem
3466 701 3651 750 meum,

2071 775 2118 821 et
2163 767 2351 823 biberit.
2381 771 2675 840 sanguinem
2715 789 2898 837 meum,
2941 790 3052 829 noni
3081 775 3275 829 habebit
3314 776 3376 829 in~
3407 792 3462 830 se
3501 777 3654 830 vitam

2077 856 2273 928 (.lamt.
2301 874 2372 926 vn,
2403 859 2511 931 54.)
2547 879 2559 913 :
2593 877 2772 916 nonne
2811 863 2950 917 idem
2991 865 3261 934 apostolus
3300 865 3456 921 docet
3493 866 3652 922 etiam

2073 945 2173 1000 hoc
2203 949 2553 1016 perniciosum
2581 952 2718 1006 male
2747 953 3014 1009 utentibus
3039 954 3184 1009 ﬁeri?
3206 956 3298 1010 Ait
3315 957 3458 1010 enim
3482 973 3497 1012 :
3526 955 3652 1022 Qui.

2071 1053 2283 1108 cumque
2307 1041 2693 1096 manducauerit!
2708 1060 2910 1114 panem,
2942 1047 3188 1100 et‘biberit
3217 1047 3418 1102 calicem
3449 1048 3654 1103 Domini

2071 1128 2293 1198 indigne,
2328 1134 2807 1202 reus-erit'corporis
2837 1145 2892 1188 ειη
2915 1138 3173 1208 sanguinis
3216 1139 3421 1192 Domini
3445 1139 3646 1209 (I‘Car.

2072 1232 2146 1282 xu,
2173 1218 2243 1272 Ξῖ
2265 1220 2305 1289 ).

2144 1307 2368 1365 CAPUT-
2389 1309 2576 1366 XXVI.
2602 1343 2670 1352 -—
2695 1316 2782 1370 5t.
2822 1315 2957 1371 Ecce
2985 1316 3651 1386 quemadmodum-obsunt

2071 1396 2249 1451 divina
2279 1407 2333 1453 et
2367 1411 2547 1455 sancta
2585 1403 2724 1457 male
2762 1404 3033 1459 utentibus
3061 1424 3073 1460 :
3102 1423 3197 1460 cur
3225 1422 3331 1461 non
3364 1407 3465 1461 hoc
3496 1409 3655 1465 modo

2073 1498 2126 1542 ct
2178 1489 2520 1560 Bctptismus?
2561 1493 2668 1549 Cur
2714 1511 2819 1550 non
2869 1498 2940 1550 ita
2976 1498 3025 1551 in
3068 1499 3204 1552 bono
3239 1499 3509 1569 Baptismo
3549 1519 3654 1556 non

2073 1588 2197 1633 sunt
2234 1581 2356 1636 boni
2390 1584 2648 1650 hazretici,
2684 1587 2951 1654 quomodo
2981 1587 3031 1641 in
3061 1588 3195 1642 bona
3229 1590 3345 1659 lege
3389 1606 3494 1644 non
3532 1602 3655 1646 sunt

2072 1668 2194 1722 boni
2213 1669 2425 1725 Iudaei?
2449 1673 2566 1728 Jam
2591 1686 2737 1731 certe
2765 1677 3004 1746 probavi,
3029 1680 3443 1736 concedentibus
3470 1683 3652 1750 vobis;

2073 1761 2496 1833 quandoquidem
2539 1766 2702 1823 Paulo
2732 1784 2824 1824 vos
2850 1770 3088 1835 credere,
3122 1779 3177 1827 et
3207 1771 3505 1828 testimonia
3535 1791 3652 1844 qua:

2073 1849 2141 1904 de
2179 1850 2468 1922 Scriptus-is
2499 1859 2682 1925 posui,
2721 1859 2941 1912 Paulum
2969 1859 3170 1915 dixisse
3196 1863 3516 1928 conceditis;
3543 1865 3652 1933 jam

2073 1957 2198 2011 ergo
2228 1945 2444 2012 probavi
2486 1950 2919 2005 concessionibus
2950 1952 3138 2006 vestris
3159 1994 3172 2015 ,
3209 1953 3452 2023 quaedam
3493 1956 3652 2009 etiam

2073 2032 2207 2088 bona
2251 2037 2517 2106 legitima,
2563 2040 2753 2096 obesse
2802 2050 2976 2097 tamen
3027 2057 3130 2096 non
3171 2044 3404 2114 legitime
3454 2044 3652 2102 haben-

2074 2128 2215 2185 tibus
2262 2140 2324 2186 et'
2364 2134 2634 2189 utentibus
2696 2151 2708 2187 :
2765 2151 2861 2190 cur
2920 2151 3038 2190 non
3078 2136 3148 2191 ita
3203 2146 3258 2191 et
3308 2137 3652 2208 Baptismus.

2071 2223 2315 2290 quamvis
2340 2225 2512 2280 bonus
2537 2235 2591 2280 et
2613 2226 2900 2296 legitimus,
2930 2243 3034 2282 non
3077 2229 3533 2284 tamen-omnibus
3559 2231 3654 2285 hac

2074 2310 2325 2368 bentibus
2351 2315 2598 2384 prodest?
2627 2317 2704 2370 Tn
2737 2326 2984 2388 tanquam
3006 2319 3357 2374 certissimum
3387 2328 3441 2375 et
3467 2334 3655 2377 conse-

2073 2403 2479 2472 quen‘tissimum
2529 2407 2974 2473 concludebas,in
3013 2416 3163 2478 parte
3196 2409 3383 2464 Donati
3414 2425 3533 2466 csse
3561 2410 3656 2466 ho-

2073 2494 2270 2548 minem
2301 2493 2704 2568 baptizandum,
2736 2499 2853 2569 quia
2885 2513 2984 2553 nos
3019 2499 3180 2553 etiam
3209 2500 3278 2554 ibi
3310 2515 3430 2556 esse
3459 2515 3656 2558 concc-

2072 2581 2251 2638 dimus
2271 2585 2590 2655 Baptismum
2623 2606 2636 2642 :
2665 2605 2764 2645 nec
2791 2591 3099 2647 attendebas
3145 2606 3302 2661 posse
3330 2609 3427 2648 nos
3455 2594 3655 2662 dicere,

2073 2686 2197 2728 esse
2216 2674 2515 2745 ibi-quidem
2542 2680 2866 2750 Baptismum
2894 2679 3089 2737 Christi
3116 2682 3316 2752 justum
3338 2725 3351 2749 ,
3386 2695 3653 2751 sanctum,

2074 2772 2128 2818 et
2167 2763 2386 2830 bonum,
2429 2769 2521 2822 sed
2570 2772 2854 2838 poenalem,
2904 2772 3249 2836 contrarium,
3296 2775 3668 2843 perniciosum-

2075 2852 2303 2908 inimicis
2330 2857 2568 2926 corporis
2595 2856 2795 2914 Christi
2815 2900 2828 2922 ,
2861 2860 2999 2929 quod
3025 2868 3110 2915 est
3136 2861 3392 2928 Ecclesia,
3423 2879 3540 2933 quae
3565 2880 3652 2921 so-

2073 2949 2301 3006 eundum
2320 2951 2576 3020 promissa
2598 2949 2771 3005 divina
2791 2952 2842 3005 in
2865 2952 3109 3007 omnibus
3121 2954 3365 3022 gentibus
3385 2955 3654 3014 dilatatur.

2141 3039 2368 3098 CAPUT
2395 3041 2606 3096 XXV-ll.
2635 3071 2703 3081 —-
2728 3040 2815 3096 32.
2837 3043 3097 3112 Numquid
3129 3043 3215 3099 hic
3245 3046 3368 3116 quid
3400 3047 3544 3102 dicas
3570 3047 3656 3104 in-

2072 3133 2276 3200 venies,
2310 3133 2412 3188 nisi
2433 3149 2537 3188 non
2565 3133 2617 3187 in
2649 3133 2727 3188 eis
2749 3133 2901 3188 bonis
2930 3134 2996 3189 ad
3020 3136 3110 3191 Dei
3141 3137 3310 3207 legem
3343 3139 3655 3207 pertinenti.

2072 3225 2180 3280 bus
2194 3225 2551 3297 deputandum
2587 3240 2707 3280 esse
2742 3226 3073 3294 Baptismum
3095 3269 3111 3296 ,
3144 3246 3261 3300 quae
3304 3241 3526 3300 possunt
3557 3232 3654 3286 ho-

2072 3317 2241 3372 mines
2264 3326 2317 3371 et
2346 3317 2540 3372 habere
2565 3325 2617 3371 et
2644 3317 2766 3371 boni
2796 3332 2902 3372 non
2930 3333 3048 3373 esse
3075 3337 3090 3373 :
3122 3319 3214 3375 sed
3242 3321 3408 3391 ipsam
3438 3323 3652 3394 quidem

2071 3407 2240 3478 lcgcm
2283 3418 2335 3462 et
2363 3407 2638 3463 scientiam
2670 3417 2721 3462 et
2745 3409 3059 3464 sacriﬁcium
3091 3413 3332 3482 corporis
3359 3422 3412 3468 et
3435 3415 3652 3485 sangui-

2070 3497 2151 3552 nis
2178 3497 2370 3553 Christi
2421 3499 2543 3552 talia
2587 3499 2724 3568 bona
2764 3514 2903 3566 esse,
2948 3516 3066 3570 qua:
3095 3503 3298 3572 possint
3331 3503 3575 3560 homines
3599 3514 3653 3561 et

2068 3587 2263 3643 habere
2280 3599 2334 3644 ct
2355 3589 2475 3643 mali
2492 3603 2611 3644 esse
2631 3606 2644 3642 :
2667 3589 2995 3660 Baptismum
3017 3607 3145 3646 vero
3163 3593 3267 3648 tale
3289 3593 3483 3648 bonum
3505 3608 3646 3661 esse,

2067 3678 2205 3748 quod
2230 3680 2468 3748 quisquis
2495 3680 2755 3745 habuerit,
2777 3683 3076 3737 necessario
3105 3683 3276 3738 bonus
3301 3686 3408 3739 sit?
3437 3686 3644 3752 Quodsi

2066 3767 2241 3821 dicere
2260 3769 2552 3830 volueritis,
2571 3769 2758 3823 lalsum
2781 3772 2970 3826 dicetis
3001 3790 3014 3828 :
3038 3782 3089 3828 et
3117 3774 3236 3829 idco
3253 3777 3377 3846 quid
3395 3777 3534 3831 aliud
3554 3778 3648 3833 lal-

2067 3872 2183 3912 sum
2211 3868 2565 3927 consequatur
2588 3861 2822 3914 attende.
2853 3863 3003 3929 Quod
3036 3879 3142 3918 non
3179 3866 3296 3919 ideo
3323 3882 3650 3924 commemo-

2067 3947 2215 4014 rabo,
2244 3957 2300 4003 ut
2345 3964 2411 4004 ex
2455 3949 2542 4004 illo
2572 3959 2662 4005 tuo
2688 3949 2822 4007 ialm
2850 3953 2929 4008 ad
2957 3954 3064 4007 alia
3103 3955 3232 4011 falsa
3274 3968 3323 4013 te
3353 3958 3648 4032 adducam;

2065 4038 2158 4094 sed
2186 4048 2241 4094 ut
2283 4039 2384 4096 hoc
2419 4057 2752 4114 consequens
2779 4060 2899 4099 cum
2933 4045 3118 4101 falsum
3147 4063 3270 4105 esse
3308 4055 3642 4122 cognoveris,

2065 4138 2124 4185 ut
2148 4130 2260 4188 "ab
2282 4130 2385 4188 hoc
2411 4141 2462 4188 te
2488 4133 2701 4202 liberes,
2747 4135 2875 4198 illud
2908 4137 3047 4208 quod
3087 4142 3337 4209 praecedit
3367 4144 3640 4201 emendes.

2064 4219 2199 4289 Quid
2225 4237 2351 4292 ergo
2376 4223 2666 4293 prmcedit?
2696 4225 2774 4279 Ex
2801 4225 2950 4280 vobis
2977 4243 3162 4284 omnes
3191 4233 3279 4301 qui
3321 4231 3516 4289 habent
3551 4233 3648 4290 ιω-
3675 4257 3679 4260 ’

2064 4327 2189 4366 num
2242 4312 2566 4384 Baptismum
2611 4314 2780 4370 bonos
2815 4332 2970 4385 esse;
3001 4320 3140 4389 quod
3182 4331 3264 4376 est
3307 4322 3498 4380 lalsum
3537 4328 3649 4382 evi-

2065 4401 2363 4471 dens.Quid
2387 4405 2769 4476 consequitur?
2786 4407 2962 4488 Bonos
2988 4407 3150 4466 fuisse
3175 4413 3383 4469 scilicet
3412 4416 3528 4472 illos
3553 4419 3646 4489 qui

2063 4493 2346 4549 schismata
2400 4493 2700 4564 faciebant,
2758 4499 2996 4558 dicentes
3043 4521 3056 4556 :
3114 4503 3227 4575 Ego
3277 4509 3480 4578 quidem
3531 4529 3645 4566 sunt

2068 4585 2244 4651 Pauli,
2277 4603 2367 4658 ego
2390 4597 2557 4641 autent
2584 4587 2768 4659 Cepha-
2792 4635 2806 4654 ,
2838 4608 2928 4662 ego
2959 4605 3125 4647 autem
3151 4595 3358 4652 Christi.
3385 4598 3528 4666 Quos
3554 4617 3644 4654 ar-

2063 4689 2228 4744 guens
2254 4676 2561 4746 Apostolus,
2597 4679 2671 4733 ait
2701 4697 2714 4733 :
2747 4679 2952 4736 Divisus
2980 4693 3052 4737 est
3081 4683 3353 4742 Christus?
3381 4687 3655 4762 Numquid

2065 4762 2261 4821 Paulus
2300 4784 2392 4836 pro
2431 4769 2568 4825 vobis
2590 4772 2864 4842 cruciﬁxus
2897 4775 3014 4827 est?
3051 4785 3138 4828 aut
3167 4777 3220 4832 in
3249 4779 3448 4834 nomine
3487 4781 3644 4837 Pauli

2064 4857 2302 4928 baptizati
2327 4860 2440 4915 estis
2473 4860 2582 4933 (Id.
2614 4878 2650 4928 ι,
2679 4863 2762 4928 12,
2792 4864 2884 4935 l5)
2905 4863 3262 4923 ?Sed'falsum
3291 4873 3531 4942 estquod
3558 4875 3642 4928 isti

2063 4949 2186 5004 boni
2216 4961 2386 5016 erant,
2415 4955 2650 5024 exceptis
2675 4953 2751 5010 eis
2775 4958 2863 5026 qui
2891 4957 3156 5025 dicebant,
3180 4959 3291 5032 Ego
3306 4974 3472 5018 autem
3495 4963 3642 5019 Chri-

2062 5040 2128 5095 sti
2153 5055 2174 5097 :
2197 5053 2249 5098 et
2271 5052 2446 5100 tamen
2472 5045 2720 5116 baptizati
2742 5058 2893 5104 erant
2923 5061 3107 5108 sancto
3130 5052 3399 5124 Baptismo
3422 5058 3636 5114 Christi.

2064 5133 2176 5190 Hoc
2223 5136 2399 5209 itaque
2439 5137 2628 5194 lalsum
2659 5156 2822 5210 quare
2851 5153 3090 5199 secutum
3121 5147 3243 5201 est?
3281 5147 3413 5217 Quia
3450 5149 3640 5206 lalsum

2062 5228 2367 5296 praecessit,
2396 5243 2583 5284 omnes
2607 5230 2862 5287 habentes
2889 5234 3084 5290 bonum
3116 5236 3443 5307 Baptismum
3468 5239 3638 5294 bonos

2061 5331 2198 5371 esse.
2251 5316 2539 5389 Utrumque
2574 5334 2704 5390 ergo
2747 5335 3059 5392 respuatur,
3106 5336 3330 5398 utraque
3379 5331 3641 5385 sententia

2060 5408 2356 5480 corrigatur
2395 5427 2409 5464 :
2451 5419 2508 5465 ut
2555 5414 2806 5483 quoniam
2853 5415 3191 5471 manifestum
3236 5427 3336 5483 est,
3385 5420 3513 5476 istos
3552 5422 3650 5492 qui

2101 5561 2384 5634 .thvggepm
2624 5566 2822 5634 optima
2853 5573 3016 5634 notae,_
3296 5567 3395 5632 ipse
3415 5569 3647 5623 Dmninus

2058 5621 2192 5688 dicit.
2214 5625 2597 5688 (:ygirsunensis,
2622 5621 2731 5675 cum
2752 5625 2853 5688 ipse
2881 5621 3104 5688 Dominus
3124 5627 3271 5678 dicat.

2122 5687 2140 5717 ⁸
2173 5685 2414 5748 εισίωεᾱ.
2441 5693 2492 5736 et
2515 5692 2620 5737 ων.
2646 5685 2870 5741 omittunt
2893 5687 3124 5750 vocatam,
3151 5695 3228 5751 ut;
3249 5689 3438 5743 melius.
3501 5699 3562 5747 ι.
