4066 6200
426 410 713 466 vchismata
741 406 1330 463 faciebant'bouosuon
1354 404 1543 470 fuisse.
1573 413 1628 459 et
1657 414 1831 460 tamen
1860 405 2003 460 bono

427 502 699 570 Baptismo
741 499 1030 567 baptizatos
1059 494 1253 559 fuisse;
1301 494 1428 549 illud
1461 494 1622 548 etiam
1668 493 2005 549 manifestum

424 593 515 655 sit,
544 606 650 644 non
676 603 861 643 omnes
887 586 974 656 qui
1005 586 1201 641 bonum
1248 584 1442 639 habent
1470 584 1798 653 Baptismum
1837 585 2006 639 bonos

421 696 566 740 esse.
602 682 678 734 Ac
705 694 800 747 per
826 677 929 731 hoc
967 691 1073 731 non
1103 676 1222 731 ideo
1253 685 1498 729 tenemur
1539 682 1596 728 ut
1630 674 1681 728 in
1716 684 1863 742 parte
1902 674 2008 727 Do-

424 772 534 826 nati
567 768 940 840 baptizandum
968 782 1088 823 esse
1116 767 1348 836 aliquem
1377 763 1734 819 concedamus
1753 804 1768 829 ,
1800 764 1922 834 quia
1951 772 2008 819 et

427 871 710 931 et-partem
730 862 951 924 Donati,
974 875 1131 929 quam
1172 859 1364 912 malam
1390 856 1636 923 dicimus,
1665 857 1864 911 bonum
1903 856 2002 910 Ba-

429 952 675 1021 ptismum
702 950 899 1005 habere
927 949 1288 1004 concedimus.

496 1039 718 1095 CAPUT
740 1037 977 1093 XXVIII.
1000 1068 1069 1078 —
1084 1038 1172 1092 55.
1192 1037 1393 1091 Rursus
1415 1043 1472 1089 ut
1491 1050 1555 1089 ex
1580 1049 1642 1090 ea
1659 1034 2009 1090 consensione

430 1146 517 1185 me
559 1130 625 1185 ad
666 1129 719 1184 id
763 1129 901 1199 quod
948 1144 1051 1182 non
1096 1128 1375 1183 consentio
1415 1127 1432 1158 ί
1464 1126 1754 1192 detineres,
1788 1126 2007 1195 posuisti

428 1222 682 1291 scriptum
709 1234 829 1275 esse
856 1237 868 1271 ε
904 1218 1046 1273 Unus
1070 1218 1224 1282 Deus,
1256 1234 1355 1269 una
1375 1217 1520 1285 ﬁdes,
1540 1233 1696 1270 unum
1719 1215 2003 1286 Baptisma,

428 1329 531 1365 una
548 1312 838 1379 incorrupta
868 1320 913 1364 et
932 1327 1047 1363 vera
1068 1310 1311 1362 catholica
1347 1308 1570 1362 Ecclesia
1595 1306 1807 1378 (Ep/tes.
1827 1323 1904 1373 tv,
1932 1308 2006 1378 5).

427 1404 559 1470 Qum
588 1402 765 1458 omnia
792 1401 1048 1465 concedo,
1070 1402 1167 1455 etsi
1189 1400 1458 1470 aliquanto
1476 1400 1629 1454 aliter
1650 1401 1843 1468 scripta
1867 1408 2008 1452 sunt.

431 1496 535 1548 Sed
557 1494 683 1562 quid
711 1493 776 1547 ad
808 1508 946 1558 rem,
972 1508 1096 1544 cum
1130 1492 1327 1554 omnia,
1364 1492 1499 1544 sicut
1524 1490 1656 1557 dixi,
1688 1491 1788 1545 ista
1815 1504 2010 1543 conce-

428 1583 594 1638 dam?
642 1582 833 1636 Verum
863 1582 1003 1650 quod
1033 1597 1097 1635 ex
1134 1581 1214 1634 his
1238 1581 1449 1634 conaris
1478 1579 1692 1634 efﬁcere
1716 1623 1729 1645 ,
1760 1596 1865 1633 non
1894 1579 2013 1632 efﬁ-

430 1674 585 1733 citur,
628 1671 876 1726 videlicet
916 1680 973 1725 ut
1010 1672 1097 1739 qui
1129 1686 1231 1724 non
1265 1678 1387 1723 sunt
1427 1671 1479 1722 in
1507 1684 1607 1723 una
1636 1669 1875 1723 Ecclesia
1906 1682 2008 1722 non

432 1763 636 1832 possint
663 1761 858 1815 habere
885 1776 1043 1814 unum
1085 1761 1409 1829 Baptismum
1446 1779 1458 1814 :
1490 1760 1630 1828 quod
1662 1760 1877 1813 omnino
1900 1758 2009 1812 .fal.

434 1852 701 1906 sissimum
733 1860 833 1904 est.
885 1850 951 1903 Et
977 1850 1187 1915 melius,
1234 1851 1353 1918 quia
1383 1860 1436 1903 ct
1476 1850 1587 1919 ipse
1623 1850 1842 1918 posuisti
1872 1848 2013 1904 unde

437 1955 486 1998 te
516 1945 712 2013 possim
757 1957 1189 1999 commemorare
1214 1940 1354 2010 quod
1382 1942 1523 1994 volo.
1554 1939 1712 1996 Certe
1741 1940 1883 1995 enim
1913 1940 2011 1993 ista

416 2035 749 2104 .moposnisti
782 2035 833 2087 in
859 2033 1290 2087 concessionibus
1317 2036 1467 2097 meis,
1494 2048 1556 2085 ex
1588 2032 1780 2102 quibus
1809 2048 1895 2086 me
1921 2030 2014 2085 ad-

424 2125 593 2178 ducas
621 2124 685 2178 ad
730 2125 1078 2179 intentionem
1122 2131 1264 2176 tuam
1311 2139 1467 2175 unum
1499 2121 1661 2174 Deum
1688 2137 1792 2174 esse
1813 2162 1829 2186 ,
1861 2135 2014 2175 unam

432 2216 789 2283 ﬁdem,tmum
829 2213 1115 2284 Baptisma,
1154 2228 1306 2264 unam
1348 2211 1694 2277 incorruptam
1724 2219 1770 2264 et
1796 2200 2012 2263 catholi-

429 2320 543 2356 cam
571 2303 867 2357 Ecclesium.
889 2302 1018 2368 Qua:
1042 2315 1163 2355 cum
1192 2300 1330 2355 inter
1356 2315 1453 2354 nos
1476 2300 1830 2365 conveniant,
1862 2308 2016 2368 putas

432 2411 494 2449 cx
531 2395 613 2449 Itis
641 2394 766 2448 illud
792 2393 933 2464 quod
950 2408 1069 2447 non
1086 2393 1339 2447 convenit
1364 2408 1524 2462 posse
1546 2393 1852 2459 monstrari,
1876 2392 2016 2460 apud

432 2502 527 2542 eos
551 2487 639 2556 qui
667 2501 770 2541 non
794 2495 917 2540 sunt
938 2485 991 2539 in
1012 2484 1111 2539 hac
1139 2500 1242 2538 una
1290 2485 1546 2549 Ecclesia,
1576 2484 1678 2539 hoc
1708 2501 1867 2539 unum
1914 2485 2016 2539 Ba-

439 2580 627 2647 plisma
655 2592 777 2633 esse
800 2592 904 2632 non
939 2592 1114 2646 posse.
1144 2577 1255 2646 Ego
1276 2585 1453 2631 autem
1481 2575 1601 2629 dico
1631 2590 1808 2645 posse,
1839 2576 1882 2630 si
1910 2590 2015 2630 non

432 2676 672 2723 mutatur
694 2707 711 2734 ,
747 2667 792 2720 si
826 2666 926 2722 hoc
957 2668 1098 2721 idem
1127 2667 1472 2731 observatur;
1505 2680 1605 2722 nec
1647 2665 1767 2721 ideo
1809 2666 1921 2721 ﬁeri
1962 2674 2019 2720 ut

435 2775 543 2813 non
565 2758 635 2813 sit
661 2773 826 2813 unum
854 2757 1143 2826 Baptisms,
1175 2757 1295 2826 quia
1339 2768 1422 2811 est
1450 2766 1503 2811 et
1530 2757 1671 2826 apud
1700 2757 1820 2812 illos
1844 2757 1933 2827 qui
1965 2758 2017 2811 in

434 2864 541 2904 una
564 2865 671 2903 non
700 2858 825 2903 sunt
850 2848 1113 2902 Ecclesia.
1143 2848 1252 2902 lloc
1277 2857 1453 2902 autem
1486 2848 1654 2917 probo
1681 2863 1749 2902 ex
1785 2848 1867 2902 his
1896 2864 2018 2918 qua:

414 2941 498 2994 :in.
518 2939 705 2995 eadem
733 2940 994 2994 sententia
1034 2938 1255 3008 posuisti
1286 2937 1354 2992 de
1392 2953 1502 2992 uno
1535 2938 1643 2993 Deo
1668 2946 1722 2993 et
1753 2954 1853 2993 una
1889 2938 2014 2993 ﬁde.

428 3029 902 3091 invenimus-enim
930 3027 1177 3083 eumdem
1216 3028 1378 3081 Deum
1424 3036 1573 3081 extra
1616 3027 1909 3082 Ecclesiam
1951 3027 2019 3081 ab

437 3122 800 3193 ignorantibus
825 3120 949 3183 coli,
983 3134 1081 3173 nec
1109 3118 1227 3173 ideo
1252 3118 1365 3173 ﬁeri
1396 3126 1453 3171 ut
1474 3134 1576 3171 non
1601 3118 1713 3187 ipse
1737 3118 1807 3172 sit
1834 3118 1974 3172 Deus
2002 3134 2016 3171 :

434 3221 490 3266 ct
511 3211 668 3265 ﬁdem
699 3224 800 3280 qua
827 3208 1064 3263 creditur
1091 3207 1361 3281 Christum
1405 3221 1524 3262 esse
1551 3206 1738 3260 Filium
1767 3207 1862 3261 Dei
1891 3206 2016 3271 vivi,

437 3303 738 3357 invenimus
770 3301 927 3354 etiam
958 3314 1052 3353 eos
1087 3296 1175 3367 qui
1215 3313 1318 3351 non
1362 3298 1628 3366 pertinent
1663 3296 1730 3351 ad
1776 3298 2014 3351 membra

437 3391 709 3457 Ecclesiae,
728 3388 985 3453 conﬁteri,
1013 3403 1110 3442 nec
1140 3387 1261 3442 ideo
1289 3388 1399 3441 ﬁeri
1426 3395 1482 3440 ut
1503 3401 1607 3441 non
1634 3387 1705 3442 sit
1731 3402 1835 3441 una
1864 3386 2015 3441 ﬁdes.

435 3484 523 3538 Sic
553 3484 731 3545 etiam,
770 3496 892 3535 cum
948 3479 1248 3534 invenimus
1278 3478 1531 3532 eumdem
1582 3478 1909 3547 Baptismum
1952 3480 2020 3533 ab

436 3572 514 3628 eis
539 3572 629 3642 qui
664 3579 785 3625 sunt
811 3578 967 3624 extra
1000 3567 1290 3622 Ecclesiam
1335 3567 1385 3619 in
1431 3566 1762 3636 baptizandis
1791 3566 2020 3620 homini-

437 3666 536 3721 bus
561 3663 871 3729 observari,
917 3676 1023 3716 non
1054 3659 1172 3715 ideo
1199 3674 1305 3713 non
1333 3672 1453 3712 esse
1481 3659 1653 3728 ipsum
1691 3657 2018 3729 Baptismum

438 3756 745 3809 existimare
769 3753 1049 3807 debentes.

506 3845 733 3903 CAPUT
761 3843 953 3900 XXIX.
981 3873 1053 3883 -—
1091 3841 1183 3898 54.
1224 3841 1472 3896 Fortasse
1492 3841 1557 3895 ad
1579 3841 1683 3896 hoc
1709 3840 1874 3905 dicas,
1910 3841 2020 3897 ﬁeri

436 3953 543 3994 non
577 3951 734 4008 posse
763 3944 818 3990 ut
847 3935 1007 3990 etiam
1038 3942 1188 3988 extra
1218 3931 1511 3987 Ecclesium
1558 3932 1695 3986 idem
1734 3933 1844 4002 ipse
1885 3948 2021 3986 unus

428 4030 579 4083 "Deus
608 4026 833 4091 colatur,
870 4032 961 4078 aut
993 4020 1181 4078 eadem
1219 4020 1350 4075 ﬁdes
1384 4036 1483 4089 qua
1516 4021 1833 4074 conﬁtemur
1867 4020 2023 4074 Chri-

439 4132 576 4176 stum
599 4120 791 4175 Filium
823 4116 914 4171 Dei
939 4157 955 4182 ,
997 4114 1137 4168 unde
1168 4113 1358 4168 Petrus
1382 4112 1568 4165 beatus
1606 4119 1688 4165 est
1726 4112 2020 4181 appellatus

439 4212 654 4281 (Matth.
704 4224 818 4274 va,
853 4208 935 4271 16,
972 4205 1086 4276 17),
1116 4204 1274 4258 etiam
1311 4204 1362 4256 in
1402 4202 1483 4255 eis
1524 4201 1613 4271 qui
1657 4217 1758 4256 non
1804 4212 1928 4256 sunt
1966 4204 2017 4256 in

441 4301 696 4367 Ecclesia,
729 4298 1040 4367 reperiatur.
1072 4295 1185 4349 Hoc
1208 4309 1335 4363 ergo
1363 4301 1525 4347 restat
1553 4301 1609 4347 ut
1636 4292 1872 4361 probem.
1914 4293 2017 4347 Ila-

439 4395 532 4447 bos
570 4394 619 4444 in
648 4392 747 4444 hoc
777 4390 891 4457 ipso
919 4387 1054 4442 beati
1096 4384 1243 4439 Pauli
1273 4399 1549 4450 sermone,
1576 4398 1731 4453 quem
1771 4398 1928 4452 supra
1954 4399 2018 4438 ex

438 4484 658 4540 Actibus
706 4480 1076 4550 Apostolorum
1121 4476 1578 4542 commemoravi,
1630 4490 1752 4530 cum
1800 4475 1868 4529 de
1910 4476 2019 4528 Deo

441 4578 769 4646 loqueretur,
799 4570 918 4640 quia
950 4568 1259 4638 inscriptum
1290 4568 1340 4620 in
1370 4583 1459 4621 ara
1495 4568 1808 4635 invenerat,
1836 4564 2018 4636 Ignoto

447 4666 549 4721 Deo
575 4683 594 4720 .'
624 4664 785 4729 Quem
813 4676 898 4715 vos
922 4703 938 4728 ,
970 4661 1173 4729 inquit,
1203 4658 1489 4728 ignorantes
1527 4658 1709 4721 colitis,
1754 4657 1885 4710 hunc
1928 4674 2018 4728 ego

434 4755 684 4810 annuntio
717 4752 853 4806 vobis
893 4750 1023 4820 (Act.
1066 4764 1174 4805 xvu
1197 4789 1211 4813 ,
1242 4748 1356 4816 23).
1398 4746 1662 4817 Numquid
1693 4746 1858 4814 dixit,
1886 4746 2019 4815 Quia

438 4861 585 4903 extra
616 4845 903 4901 licelesiam
930 4842 1101 4896 colitis
1121 4883 1136 4907 ,
1169 4856 1273 4892 non
1314 4847 1395 4892 est
1425 4839 1563 4893 Deus
1593 4839 1703 4906 ipse
1739 4854 1895 4909 quem
1924 4854 2017 4895 c0-

436 4941 580 4995 litisi
610 4937 701 4994 sed
737 4938 838 5003 ait,
871 4936 1027 5002 Quem
1069 4948 1154 4986 vos
1192 4932 1481 5001 ignorantes
1518 4930 1677 4982 colitis
1699 4970 1711 4991 ,
1750 4930 1882 4981 hunc
1929 4944 2019 4999 ego

434 5032 678 5086 annuntio
708 5027 860 5083 vobis.
884 5025 1019 5093 Quid
1039 5025 1116 5080 eis
1134 5031 1384 5092 przcstarc
1400 5019 1637 5090 cupiens,
1667 5019 1767 5073 nisi
1792 5030 1845 5073 ut
1863 5035 2017 5073 eum-

436 5127 556 5180 dem
586 5125 775 5186 Deum,
798 5133 956 5189 quem
985 5126 1176 5185 praeter
1205 5111 1496 5168 Ecclesiam
1528 5111 1831 5181 ignoranter
1851 5120 2017 5178 atque

438 5215 696 5272 inutiliter
720 5209 986 5273 colebant,
1017 5206 1068 5260 in
1099 5205 1339 5260 Ecclesia
1366 5203 1630 5272 sapienter
1656 5211 1709 5254 et
1739 5200 2018 5255 salubriter

435 5304 709 5363 colerent?
738 5302 812 5355 Ita
838 5298 987 5353 vobis
1008 5306 1061 5351 et
1083 5311 1177 5349 nos
1203 5295 1425 5349 dicimus
1459 5310 1473 5346 :
1503 5293 1668 5358 Quem
1695 5290 2014 5360 baptismum

435 5411 531 5451 vos
575 5397 879 5467 ignorantes
917 5386 1231 5451 observatis,
1271 5384 1386 5455 ejus
1439 5396 1620 5452 pacem
1645 5382 1676 5411 "
1726 5380 1876 5433 vobis
1918 5396 2016 5436 nos

436 5489 842 5547 annuntiamus;
883 5494 987 5534 non
1020 5485 1077 5530 ut
1101 5492 1221 5531 cum
1266 5474 1331 5529 ad
1375 5488 1473 5527 nos
1502 5470 1753 5525 veneritis
1790 5470 2014 5523 alterum

462 5598 469 5601 “
498 5596 515 5629 ⁸
548 5603 811 5659 Negantem
836 5587 1113 5659 particulam
1137 5594 1251 5659 ante
1275 5586 1493 5658 verbum,
1511 5577 2016 5659 @W,_q3amﬂii

435 5644 774 5707 desiderabant
794 5644 1133 5708 Lovauienscs,
1169 5649 1430 5706 adiecimus
1453 5659 1518 5694 ex
1544 5649 1716 5692 vetere
1739 5644 1905 5691 codice
1929 5650 2033 5706 (ῖς-⁷

438 5718 730 5783 girannnnsi.
755 5723 898 5783 Deest
924 5711 1188 5783 iacteteris
1212 5708 1362 5783 libris.
1444 5776 1567 5783 HM
1622 5768 1730 5783 mm

498 5781 519 5813 ι
551 5778 687 5837 altu,
707 5780 995 5837 potestatem.
1033 5772 1203 5825 Melius
1240 5779 1367 5834 Mss,
1402 5776 1586 5833 pacem.
1622 5768 1753 5825 Nam,
1777 5768 1846 5815 uti
1868 5768 2014 5815 Lora-

1208 295 1478 350 CONTRA
1520 291 1955 353 CRESCONIUM
1998 295 2451 368 DONATISTAM,
2483 299 2538 354 S.
2569 298 2933 359 AUGUSTINI

3599 316 3706 385 46a

2109 408 2402 477 accipiatis,
2432 409 2525 463 sed
2560 419 2617 464 ut
2638 425 2757 465 eum
2793 414 2881 483 qui
2903 414 3011 483 jam
3042 417 3183 485 apud
3211 430 3303 470 vos
3332 425 3467 484 erat,
3503 424 3711 481 utiliter

2112 496 2372 552 habeatis.
2409 498 2483 553 De
2504 498 2607 554 ﬁde
2626 501 2784 554 etiam
2808 501 3035 557 Jacobus
3061 505 3337 574 apostolus
3357 523 3480 565 cum
3512 512 3705 584 loque-

2112 597 2258 644 retur
2283 590 2542 645 adversus
2567 606 2696 658 eos,
2738 593 2829 662 qui
2868 595 2969 649 sibi
2998 598 3140 666 quod
3171 599 3514 659 crediderant
3547 605 3704 661 sufﬁ-

2113 694 2237 735 cere
2264 680 2680 749 arbitrabantur,
2700 693 2755 738 et
2781 684 2915 739 bene
2933 688 3147 756 operari
3163 691 3415 747 nolebant
3445 712 3460 748 :
3487 694 3565 750 Tu
3588 713 3702 752 cre-

2112 772 2212 836 dis,
2254 773 2439 841 inquit,
2482 775 2719 843 quoniam
2759 791 2889 830 unus
2927 776 3062 832 Deus
3105 789 3215 840 est;
3254 782 3376 837 bene
3426 786 3555 856 facis
3592 803 3615 841 :
3670 803 3718 844 et

2112 863 2363 919 daemones
2408 865 2637 931 credunt,
2682 875 2728 921 et
2761 870 3150 925 contremiscunt
3196 871 3402 945 (Jacobi
3450 892 3524 944 ιι,
3581 879 3721 950 19).»

2110 954 2313 1024 Nempe
2352 955 2405 1009 in
2433 956 2634 1011 unitate
2670 958 3224 1019 Ecclesiaetdzemones
3252 982 3363 1023 non
3390 978 3548 1034 sunt;
3599 985 3705 1026 nec

2113 1043 2232 1098 ideo
2273 1055 2447 1100 tamen
2488 1060 2767 1115 possumus
2808 1049 2988 1105 dicere
3028 1053 3173 1108 aliud
3219 1070 3341 1115 esse
3384 1058 3527 1127 quod
3576 1074 3703 1115 cre-

2111 1135 2262 1201 dunt,
2289 1153 2408 1191 cum
2438 1137 2731 1193 etDomino
2753 1138 2878 1194 Jesu
2898 1140 3111 1197 Christo
3136 1144 3406 1202 dixerint:
3432 1148 3568 1215 Quid
3595 1166 3693 1203 no-

2112 1226 2186 1281 bis
2209 1237 2254 1281 et
2278 1227 2366 1279 tibi
2391 1241 2481 1293 est,
2514 1227 2619 1281 Fili
2654 1229 2751 1283 Dei
2780 1230 2967 1300 (Marc.
3001 1248 3037 1299 I,
3080 1233 3208 1304 24)?
3236 1236 3385 1292 Unde
3412 1248 3466 1293 et
3501 1239 3702 1295 Paulus

2113 1318 2386 1386 apostolus
2416 1336 2428 1372 :
2460 1319 2520 1372 Si
2548 1319 2755 1373 habeam
2780 1361 2794 1383 ,
2828 1320 3033 1390 inquit,
3074 1340 3268 1378 onmem
3293 1326 3480 1392 ﬁdem,
3526 1330 3598 1381 ita
3642 1340 3702 1383 ιι

2114 1418 2305 1462 montes
2340 1410 2678 1479 transferam,
2730 1410 3022 1464 charitatem
3071 1425 3239 1467 autent
3299 1433 3400 1469 non
3446 1416 3658 1471 habeam
3684 1460 3699 1481 ,

2115 1497 2243 1553 nihil
2292 1514 2403 1551 sunt
2451 1498 2515 1570 (Ι
2570 1498 2688 1553 Cor.
2742 1515 2869 1566 xm,
2915 1501 2950 1555 2
2978 1504 3016 1571 ).
3065 1503 3181 1557 Non
3236 1514 3414 1560 autem
3451 1508 3703 1561 existimo

2113 1604 2429 1659 quemquam
2461 1590 2529 1643 ita
2558 1590 2822 1660 desipere,
2849 1601 2909 1647 ut
2932 1594 3115 1648 credat
3143 1597 3209 1649 ad
3239 1598 3491 1652 Ecclesia:
3529 1600 3699 1669 perti-

2114 1694 2241 1734 nere
2270 1680 2522 1735 unitatem
2548 1696 2673 1736 eum
2713 1683 2801 1751 qui
2842 1698 2947 1737 non
2979 1684 3136 1740 habet
3176 1685 3512 1743 charitatem.
3544 1691 3701 1743 Sicut

2114 1785 2241 1839 ergo
2272 1771 2410 1825 Deus
2460 1787 2595 1825 unus
2620 1772 2811 1827 colitur
2858 1774 3163 1842 ignoranter
3198 1777 3357 1831 etiam
3403 1787 3552 1832 extra
3600 1779 3701 1833 Ec-

2114 1861 2363 1927 clesiam,
2392 1877 2489 1916 nee
2538 1862 2657 1917 ideo
2711 1880 2818 1918 non
2868 1875 2951 1918 est
2996 1866 3145 1933 ipse,
3179 1875 3232 1920 ct
3284 1868 3416 1922 ﬁdes
3460 1885 3560 1923 una
3603 1869 3701 1922 ha-

2116 1952 2271 2007 betur
2317 1954 2432 2008 sine
2483 1953 2740 2009 charitate
2794 1957 2953 2011 etiam
3007 1967 3154 2011 extra
3216 1960 3505 2014 Ecclesiam
3539 2001 3555 2024 ,
3604 1978 3705 2015 nec

2116 2042 2236 2097 ideo
2265 2058 2367 2097 non
2419 2051 2501 2098 est
2558 2046 2716 2114 ipsa:
2760 2046 2829 2099 ita
2883 2055 2939 2101 et
2994 2063 3130 2102 unus
3183 2048 3483 2117 Baptismus
3533 2052 3704 2106 habe-

2117 2142 2203 2189 tur
2255 2136 2559 2205 ignoranter
2608 2146 2661 2191 et
2711 2138 2826 2192 sine
2870 2137 3126 2193 charltate
3181 2139 3341 2194 etiam
3403 2150 3555 2195 extra
3597 2142 3701 2197 Ec-

2116 2224 2359 2291 clesiam,
2392 2241 2491 2279 nec
2513 2225 2631 2280 ideo
2659 2242 2762 2279 non
2794 2236 2877 2280 est
2904 2228 3036 2295 ipse.
3069 2227 3215 2282 Unus
3243 2229 3385 2282 enim
3412 2229 3575 2294 Deus,
3599 2243 3704 2283 una

2119 2315 2269 2380 ﬁdes,
2310 2332 2469 2370 unum
2507 2318 2804 2386 Baptisma,
2844 2334 2951 2372 una
2982 2319 3281 2388 incorrupta
3310 2321 3568 2375 catholica
3602 2323 3708 2375 Ee-

2118 2409 2307 2472 clesia;
2336 2423 2441 2461 non
2466 2409 2517 2462 in
2542 2424 2641 2478 qua
2675 2410 2790 2463 sola
2820 2425 2954 2464 unus
2992 2411 3134 2464 Deus
3160 2410 3373 2476 colitur,
3405 2411 3499 2467 sed
3522 2413 3575 2466 in
3602 2428 3705 2481 qua

2118 2499 2229 2553 sola
2261 2515 2394 2552 unus
2428 2499 2571 2553 Deus
2605 2501 2688 2569 pie
2723 2501 2944 2565 colitur;
2977 2516 3072 2555 nec
3101 2502 3153 2555 in
3180 2517 3279 2571 qua
3307 2501 3423 2555 sola
3448 2518 3549 2556 una
3575 2503 3708 2557 ﬁdes

2118 2588 2397 2655 retinetur,
2426 2588 2520 2644 sed
2547 2590 2598 2643 in
2625 2606 2724 2659 qua
2755 2590 2869 2644 sola
2891 2605 2993 2643 una
3022 2590 3153 2645 lides
3172 2606 3292 2645 cum
3319 2592 3591 2646 charitate
3617 2607 3707 2645 rc-

2121 2678 2352 2744 tinetur;
2385 2694 2483 2734 nec
2510 2680 2560 2733 in
2587 2695 2687 2750 qua
2717 2681 2831 2735 sola
2860 2694 2993 2734 unus
3021 2680 3319 2750 Baptismus
3350 2680 3707 2749 habetur,sed

2120 2771 2174 2825 in
2204 2786 2306 2840 qua
2334 2771 2442 2825 sola
2476 2786 2614 2825 unus
2638 2772 2930 2842 Baptismus
2959 2772 3239 2826 salubriter
3268 2772 3512 2827 habetur.

2187 2861 2417 2917 CAPUT
2444 2861 2611 2915 XXX.
2638 2891 2708 2902 —
2736 2864 2826 2917 55.
2869 2862 3100 2917 Proinde
3122 2878 3285 2917 unum
3311 2863 3473 2917 Deum
3491 2905 3506 2930 ,
3534 2880 3702 2921 unam

2122 2948 2300 3016 ﬁdem,
2334 2966 2496 3003 unum
2527 2950 2816 3019 Baptisma,
2850 2966 3008 3005 unam
3055 2952 3409 3021 incorruptam
3437 2959 3492 3006 et
3512 2954 3707 3007 catho-

2122 3040 2274 3094 licam
2299 3040 2593 3095 Ecclesiam
2620 3041 2773 3098 nobis
2794 3042 3245 3098 consentientibus
3267 3051 3319 3094 tu
3342 3042 3656 3111 proposuisti
3679 3062 3694 3097 :

2121 3130 2212 3185 sed
2254 3146 2358 3184 non
2394 3131 2565 3185 solum
2602 3146 2671 3185 ex
2710 3130 2793 3187 bis
2821 3131 2871 3185 id
2898 3131 3039 3200 quod
3074 3132 3287 3186 volebas
3318 3147 3422 3185 non
3450 3130 3704 3195 effecisti,

2121 3236 2303 3276 verum
2332 3223 2488 3276 etiam
2514 3231 2573 3277 ut
2601 3238 2670 3277 ex
2701 3223 2783 3276 his
2808 3225 2946 3293 quod
2973 3224 3280 3278 volebamus
3306 3234 3356 3278 te
3385 3223 3707 3280 admonere-

2122 3326 2263 3373 mus,
2293 3325 2390 3365 nos
2414 3312 2638 3366 multum
2656 3312 2931 3382 .adjuvisti.
2962 3312 3094 3367 Vide
3119 3328 3245 3383 ergo
3270 3328 3370 3368 nos
3394 3329 3550 3383 quam
3572 3328 3705 3381 pro-

2122 3403 2350 3458 babilem
2388 3403 2652 3459 rationem
2685 3417 2993 3473 sequamur,
3020 3406 3109 3473 qui
3132 3419 3197 3458 ea
3222 3420 3341 3473 quae
3382 3404 3705 3460 schismatiei

2122 3493 2206 3548 vel
2238 3492 2471 3548 hmretici
2510 3485 2899 3564 corruperunt,
2931 3509 3050 3547 cum
3092 3492 3162 3547 ad
3204 3508 3301 3548 nos
3333 3493 3458 3548 inde
3491 3487 3713 3549 veniunt

2122 3585 2483 3653 corrigimus:
2524 3600 2642 3655 quae
2688 3600 2816 3639 vero
2848 3584 2993 3640 sicut
3036 3594 3355 3653 acceperunt
3396 3592 3709 3648 tenuerunt,

2123 3676 2456 3746 agnoscimus
2483 3684 2538 3730 et
2575 3676 2881 3744 probamus,
2919 3690 2985 3730 ne
3014 3675 3261 3729 commoti
3291 3674 3537 3729 humanis
3558 3671 3713 3728 vitiis

2125 3769 2257 3822 ultra
2296 3767 2577 3838 justitiam,
2624 3766 2875 3821 faciamus
2917 3766 3076 3820 ullam
3122 3764 3315 3820 divinis
3363 3765 3526 3819 rebus
3562 3762 3706 3834 inju-

2124 3860 2292 3923 riam;
2317 3873 2438 3913 cum
2462 3865 2516 3912 et
2544 3857 2852 3926 Apostolum
2881 3856 3153 3909 videamus
3174 3855 3337 3909 etiam
3368 3854 3422 3909 in
3446 3868 3538 3907 ara
3561 3859 3711 3916 Gen-

2125 3950 2318 4015 tilium,
2345 3964 2375 4001 a
2402 3947 2592 4017 quibus
2623 3946 2760 4000 idola
2788 3945 3118 4008 colebantur,
3150 3944 3242 3998 Dei
3277 3958 3469 3998 nomen
3514 3943 3691 3998 inven-

2126 4051 2233 4095 tum
2260 4040 2605 4095 conﬁrmasse
2644 4039 2818 4107 potius
2846 4054 3006 4109 quam
3049 4052 3288 4107 negasse.
3344 4037 3528 4107 Neque
3560 4037 3708 4090 enim

2123 4139 2403 4200 pr0pterea
2432 4128 2714 4183 mutandus
2739 4129 2820 4183 vel
2858 4128 3237 4198 improbandus
3263 4137 3345 4181 est
3370 4127 3546 4195 regius
3575 4126 3709 4179 cha-

2123 4233 2297 4276 racter
2340 4223 2391 4275 in
2424 4221 2660 4286 homine,
2690 4221 2736 4275 si
2772 4221 2975 4275 erroris
3008 4221 3087 4273 sui
3126 4220 3333 4274 veniam
3361 4229 3414 4273 et
3443 4217 3707 4271 militandi

2123 4312 2364 4367 ordinem
2401 4328 2431 4365 a
2482 4327 2605 4381 rege
2645 4311 3030 4380 impetraverit,
3061 4310 3183 4379 quia
3222 4309 3471 4364 eumdem
3510 4308 3707 4361 chara-

2123 4414 2320 4458 cterem
2361 4418 2466 4472 quo
2494 4402 2595 4456 sibi
2634 4402 2891 4456 satellites
2929 4408 3295 4469 congregaret,
3343 4399 3585 4453 desertor
3619 4400 3705 4451 in-

2123 4494 2272 4560 ﬁxit;
2301 4504 2394 4549 aut
2419 4504 2699 4565 propterea
2725 4494 2873 4562 signa
2902 4492 3148 4547 mutanda
3188 4502 3312 4546 sunt
3342 4491 3550 4553 ovibus,
3580 4505 3709 4543 cum

2122 4586 2389 4641 dominico
2407 4584 2553 4657 gregi
2577 4584 2863 4646 sociantur,
2891 4587 3013 4653 quia
3036 4585 3113 4637 eis
3140 4582 3465 4636 dominicum
3494 4580 3706 4649 signum

2121 4678 2367 4750 fugitivus
2392 4692 2579 4732 servus
2605 4674 2892 4745 impressit.

2191 4792 2416 4848 CAPUT
2441 4788 2632 4845 XXXI.
2660 4817 2733 4829 —-
2758 4787 2844 4843 56.
2884 4786 3037 4853 Quod
3073 4786 3116 4839 si
3146 4785 3257 4838 hzec
3283 4796 3528 4852 tanquam
3555 4781 3673 4836 deci
3691 4813 3708 4822 -

2123 4886 2319 4959 pientia
2345 4883 2649 4939 formidatis
2672 4924 2687 4947 ,
2714 4880 2835 4950 quia
2869 4895 2972 4932 non
2998 4885 3125 4932 sunt
3142 4876 3499 4931 ecclesiastica
3526 4890 3715 4929 exem-

2125 4977 2205 5047 pla
2235 4976 2557 5046 (quanquam
2576 4981 2631 5027 et
2656 4971 2721 5025 de
2746 4971 2934 5023 ovibus
2963 4979 3017 5023 et
3042 4968 3114 5021 de
3138 4968 3389 5021 militibus
3408 4966 3560 5020 datas
3585 4979 3715 5019 esse

2124 5067 2177 5118 in
2226 5063 2513 5132 Scripturis
2542 5060 2914 5114 similitudines
2944 5055 3243 5126 noveritis),
3276 5054 3711 5125 propheticarum

2124 5157 2538 5225 Scripturarum,
2569 5170 2685 5223 qua:
2706 5152 2955 5206 dicuntur
2979 5150 3186 5205 Veteris
3208 5150 3249 5202 Τ
3253 5146 3556 5213 estamenti,
3580 5146 3711 5200 volo

2122 5250 2316 5319 aliquid
2338 5249 2545 5312 dicere;
2567 5247 2812 5315 quoniam
2835 5245 2885 5298 in
2902 5243 3033 5297 Novi
3049 5242 3371 5297 Testamenti
3391 5240 3539 5294 libris
3562 5254 3662 5293 nec
3678 5254 3712 5292 a

2124 5342 2277 5397 nobis
2304 5354 2402 5395 nec
2427 5355 2453 5390 a
2479 5338 2632 5391 vobis
2656 5336 2730 5391 rei
2762 5336 2917 5405 hujus
2946 5334 3210 5387 invenitur
3238 5331 3560 5399 exemplum.
3589 5328 3713 5383 Cir-

2123 5431 2498 5488 cumcisionem
2522 5436 2665 5482 certe
2692 5426 2930 5495 przrputii
2969 5425 3020 5477 in
3062 5423 3224 5493 ﬁgura
3255 5420 3412 5474 futuri
3448 5418 3711 5487 Baptisnti

2121 5523 2315 5579 Christi
2334 5521 2399 5574 ab
2424 5518 2653 5587 antiquis
2670 5517 2999 5571 observatam
3013 5528 3133 5570 esse
3152 5526 3365 5582 negare,
3383 5512 3709 5576 ntarbitror,

2122 5638 2320 5687 nienses
2342 5634 2616 5689 observant,
2640 5630 2798 5692 agitur
2820 5628 2898 5677 hic
2920 5640 3015 5692 non
3037 5625 3102 5675 de
3134 5625 3183 5692 vi
3208 5632 3259 5673 et
3282 5622 3480 5692 effectu,
3517 5619 3606 5670 sed
3644 5620 3715 5670 de

2122 5700 2272 5762 ipsius
2296 5695 2501 5762 utilitate
2530 5686 2769 5754 Baptismi,
2792 5692 2874 5753 qui
2899 5690 3018 5741 nihil
3054 5688 3253 5751 prodest
3276 5686 3370 5737 nisi
3406 5686 3458 5735 in
3495 5695 3617 5745 pace
3658 5696 3718 5735 ac

2122 5754 2304 5813 unitate
2329 5754 2575 5809 cautolica-
