4066 6200
1592 280 1625 289 ι.
1662 275 1714 279 ”⁴“
1763 278 1778 287 η
1811 283 1847 291 ,.,
1882 280 1908 288 οπ-

304 408 422 470 48η

315 537 420 580 non
440 516 670 573 muletis.
700 513 962 585 Numquid
982 511 1126 584 apud
1147 510 1508 569 Samarihnos
1531 509 1897 576 circumcisus,

314 613 356 667 si
383 610 501 667 fieri
519 618 649 665 tunc
672 606 833 661 vellet
854 604 1073 660 Judzus
1095 645 1111 670 ,
1135 610 1332 673 posset:
1344 604 1549 656 iterum-
1562 601 1905 657 circumcidi?

315 705 503 761 Nouus
538 700 679 755 illius
708 697 1130 753 bominiserror
1166 696 1544 766 corrigentur,
1575 695 1905 767 signaculum

315 803 493 851 autem
518 792 643 848 ﬁdei
660 790 896 861 agnitum
912 787 1266 859 probaretur?
1290 787 1360 843 Et
1380 802 1519 842 nunc
1538 795 1665 842 sunt
1685 771 1902 856 quidam

318 885 563 943 heretici
591 883 680 955 qui
703 897 764 938 se
781 881 1103 943 Nazarenos,
1125 888 1341 944 vocant,
1368 893 1400 933 a
1428 878 1703 934 nonnullis
1725 888 1904 933 autem

316 974 712 1048 Synnnachiani
740 973 1095 1043 appellantur,
1133 980 1188 1026 ct
1213 970 1677 1026 circumcisionem
1709 967 1908 1023 habent

318 1067 619 1124 Judzeorum
638 1073 697 1121 et
722 1064 1050 1135 Baptismum
1071 1060 1500 1117 Christianorum
1541 1077 1556 1113 :
1595 1073 1659 1114 ac
1682 1073 1778 1129 per
1805 1058 1909 1114 hoc

319 1153 764 1228 quemadmodum
792 1154 836 1209 si
861 1152 979 1224 quis
999 1166 1188 1208 eorum
1217 1150 1284 1205 ad
1307 1149 1775 1212 Judaeusvenerit‘,
1799 1164 1906 1205 non

320 1254 494 1317 potest
515 1246 708 1302 iterum
734 1243 1077 1307 circumcidi;
1106 1242 1185 1297 sic
1202 1257 1321 1297 cum
1343 1241 1409 1297 ad
1432 1256 1530 1297 nos
1548 1239 1775 1308 venerit,
1799 1255 1905 1294 non

317 1338 479 1394 debet
500 1338 691 1392 iterum
717 1334 994 1404 baptizari.
1020 1333 1206 1388 Adhuc
1230 1332 1419 1386 dicturi
1447 1331 1577 1386 estis
1601 1349 1615 1386 :
1646 1329 1799 1386 Aliud
1825 1338 1915 1386 est

1694 388 1906 453 ‘IIIBE‘R
1946 388 2212 456 ιίιιιιυε

2439 365 2792 413 '.."‘;-t
2980 340 3208 376 ”⁸⁸”

2010 515 2259 586 episcopo
2287 514 2552 585 Cypriane
2567 515 2822 571 meliores
2863 510 3142 586 (si‘tanien
3170 514 3378 571 censuit
3413 515 3591 571 haere-

2008 605 2142 659 ticos
2166 604 2343 659 denuo
2368 605 2622 675 baptizari
2647 606 2697 676 ),
2725 605 2847 675 quia
2873 614 2971 661 nos
3014 604 3115 659 hoc
3144 612 3288 661 recte
3315 619 3420 660 non
3458 605 3586 661 fuci-

2010 714 2166 756 mus:
2195 699 2331 754 sicut
2359 715 2459 755 nec
2486 699 2644 754 Petro
2682 700 2925 767 apostolo
2954 698 3204 753 meliores
3229 711 3435 763 sumus,
3464 695 3585 765 quia

2009 802 2115 842 non
2144 787 2384 859 cogimus
2404 797 2590 858 gentes
2617 787 2913 852 Judaizare,
2935 786 3075 857 quod
3099 786 3184 841 ille
3209 786 3397 840 fecisse
3422 784 3588 839 Paulo

2010 880 2252 951 apostolo
2276 888 2560 935 attestante
2605 889 2660 935 et
2700 880 3000 950 corrigente
3031 886 3357 933 monstratur
3387 874 3586 949 (Galat.

2011 976 2066 1038 ὴ,
2113 971 2203 1045 14)
2230 990 2243 1025 :
2272 984 2394 1027 cum
2437 973 2681 1028 similiter
2725 972 2863 1028 inter
2892 973 3174 1042 Apostolus
3213 971 3279 1025 de
3306 954 3586 1025 circumCi.

2010 1068 2163 1121 sione
2188 1063 2412 1136 qu’mstio
2436 1058 2617 1131 ,‘sicut
2662 1072 2843 1134 postea
2873 1063 2941 1119 de
2971 1063 3241 1133 Baptismo
3281 1062 3420 1116 inter
3475 1059 3588 1130 cpi-

2010 1170 2222 1226 scopus,
2250 1172 2356 1212 non
2384 1170 2545 1227 parva
2566 1155 2873 1211 difﬁcultate
2903 1161 3135 1210 nutaret.

2079 1245 2307 1302 CAPUT
2328 1244 2569 1301 XXXIII.
2590 1276 2662 1285 —
2681 1243 2770 1300 59.
2805 1244 3055 1309 Proinde,
3077 1244 3319 1313 quamvis
3338 1242 3493 1312 hujus
3513 1241 3593 1296 rei

2011 1346 2158 1394 certe
2184 1339 2205 1371 *‘
2232 1337 2300 1393 de
2331 1337 2625 1407 Scripturis
2651 1334 2925 1391 canonicis
2958 1350 3064 1389 non
3087 1332 3387 1404 proferatur
3410 1347 3592 1387 exem-

315 1428 658 1484 iircumcisio
683 1425 1010 1492 Iudaeorum,
1040 1424 1182 1479 aliud
1230 1424 1533 1493 Baptismus
1576 1421 1908 1478 Christiano-
2006 1429 2194 1499 plum;
2238 1428 2547 1489 earumdem
2584 1434 2760 1482 tamen
2791 1426 3184 1496 scripturarum
3212 1423 3372 1479 etiam
3410 1424 3462 1477 in
3493 1422 3593 1477 hac

321 1536 457 1577 rum.
488 1519 594 1575 Sed
627 1533 747 1573 cum
788 1518 876 1571 illa
918 1516 1104 1571 umbra
1141 1516 1307 1571 fuerit
1328 1514 1484 1585 hujus
1507 1514 1746 1569 veritatis
1771 1555 1787 1582 ,
1813 1528 1909 1568 cur

322 1613 409 1666 illa
449 1609 791 1665 circumcisio
830 1618 884 1663 et
935 1607 1072 1677 apud
1115 1606 1395 1661 htcreticos
1435 1605 1739 1661 Iudaeorum
1789 1616 1908 1659 esse

322 1700 516 1772 potuit,
562 1699 663 1754 iste
699 1707 876 1753 autem
916 1696 1221 1767 Buptismus
1261 1696 1400 1767 apud
1436 1695 1715 1752 btureticos
1757 1684 1912 1750 Chri—

323 1795 618 1849 stianorum
648 1805 753 1845 non
779 1798 955 1859 potest
979 1788 1138 1844 esse?

392 1883 480 1938 3'1.
515 1882 754 1937 Proferte
782 1888 928 1935 certe
952 1880 1185 1949 aliquem
1203 1877 1271 1934 de
1297 1877 1588 1947 Scripturis
1609 1877 1906 1942 canonicis,

322 1988 543 2043 quarum
565 1972 719 2026 nobis
743 1978 829 2025 est
858 1968 1154 2024 communis
1174 1969 1461 2025 auctoritas
1488 1968 1527 2034 ¹,
1549 1968 1616 2021 ah
1644 1967 1911 2022 hmreticis

323 2064 627 2119 venientem
664 2059 842 2115 denuo
888 2058 1233 2129 baptizatum.
1278 2057 1410 2112 Nam
1453 2057 1595 2126 quod
1638 2057 1913 2126 jusserunt

316 2153 569 2223 .Apostoli
594 2149 853 2221 quosdam
886 2157 1005 2218 post
1026 2147 1248 2203 Joannis
1266 2147 1590 2216 baptismum
1616 2145 1670 2200 in
1690 2144 1911 2201 Christo

325 2243 621 2315 baptizari,
653 2242 809 2311 longe
832 2240 937 2294 alia
965 2253 1124 2295 causa
1154 2246 1256 2294 est.
1291 2236 1477 2307 Neque
1504 2236 1647 2293 enim
1676 2236 1911 2292 Joannes

325 2335 612 2391 haereticus
638 2332 756 2399 fuit,
781 2333 985 2387 amicus
1012 2330 1101 2386 ille
1121 2329 1303 2401 sponsi
1334 2327 1513 2400 (locu.
1548 2344 1625 2394 ul,
1662 2326 1777 2398 99),
1806 2341 1913 2397 quo

326 2442 486 2484 nemo
508 2425 744 2482 surrexit
759 2424 927 2494 major
947 2423 1001 2477 in
1018 2422 1156 2477 natis
1172 2421 1451 2476 mulierum
1464 2419 1676 2491 (Matth.
1698 2434 1776 2483 ut,
1796 2417 1906 2491 ll).

325 2521 513 2590 Longe
546 2534 674 2589 ergo
714 2517 819 2571 alia
863 2530 1022 2571 causa
1048 2522 1130 2569 est
1161 2532 1177 2569 :
1207 2512 1441 2583 alioquin
1484 2512 1530 2566 si
1574 2511 1772 2566 Paulus
1794 2520 1915 2578 post

322 2612 589 2668 Joannem
639 2607 969 2679 baptizavit,
1008 2620 1129 2659 cum
1182 2603 1341 2658 ambo
1378 2602 1433 2657 iu
1472 2603 1678 2657 unitate
1716 2600 1914 2657 Cbrisﬁ

327 2700 565 2767 fuerint;
590 2707 789 2770 quanto
810 2697 982 2767 uiagis
1004 2695 1204 2751 debent
1242 2694 1481 2764 episcopi
1507 2693 1670 2749 vestri
1691 2693 1782 2763 qui
1812 2708 1874 2749 se
1888 2694 1914 2726 ³

329 2794 382 2846 in
422 2792 623 2847 unitate
640 2788 835 2845 Christi
864 2802 989 2844 esse
1005 2785 1208 2852 dicunt,
1237 2785 1508 2854 baptizare
1534 2790 1659 2854 post
1684 2782 1917 2852 collegas

322 2898 478 2945 suos,
509 2882 781 2952 inquibus
822 2880 1043 2950 collegis
1081 2892 1260 2937 mores
1286 2879 1494 2948 aliquos
1533 2886 1678 2932 recte
1728 2891 1915 2946 repre-

328 2973 607 3038 hendunt,
626 2988 747 3029 cum
774 2970 876 3026 hoc
903 2969 1087 3026 fecerit
1111 2968 1341 3033 Paulus,
1371 2968 1461 3038 qui
1488 2966 1617 3022 nihil
1648 2966 1817 3037 potuit
1861 2966 1915 3021 in

325 3067 536 3123 Joanne
583 3063 1021 3136 reprehendere?
1047 3061 1190 3132 Ergo
1211 3060 1303 3115 illa
1329 3059 1435 3114 alia
1462 3073 1624 3114 causa
1648 3068 1731 3114 est
1750 3099 1767 3126 ,
1811 3058 1918 3114 alia

326 3159 503 3223 ratio,
535 3157 607 3213 de
633 3172 736 3226 qua
762 3168 905 3210 nunc
929 3155 1195 3210 disserere
1226 3154 1443 3223 longum
1469 3163 1555 3208 est
1574 3195 1590 3220 ,
1617 3160 1674 3208 et
1716 3153 1770 3206 in
1799 3151 1919 3207 aliis

327 3248 604 3319 opusculis
631 3247 830 3303 nostris
868 3245 995 3299 hinc
1020 3245 1186 3299 multa
1206 3243 1592 3314 jam‘diximus.
1617 3242 1702 3297 Ab
1743 3240 1917 3296 hterc-

324 3341 455 3395 ticis
478 3353 612 3408 ergo
645 3336 949 3393 venientem
989 3335 1213 3404 probate
1254 3334 1307 3387 in
1333 3331 1623 3402 Scripturis
1647 3331 1919 3387 canonicis

323 3431 513 3487 deuito
538 3428 883 3496 baptizatum.
916 3424 1051 3479 Nam
1072 3433 1127 3478 et
1150 3437 1249 3479 nos
1272 3422 1593 3493 proferimus
1624 3422 1791 3479 Petro
1839 3422 1921 3477 di-

322 3533 502 3586 ctum,
536 3520 637 3587 Qui
665 3519 800 3574 lotus
830 3528 903 3573 at
925 3518 1094 3582 seruet,
1117 3534 1218 3571 non
1245 3533 1373 3589 opus
1391 3516 1536 3571 habet
1558 3517 1745 3571 iterum
1762 3516 1920 3571 lavari

324 3612 513 3681 (least.
564 3624 676 3674 λιιι,
716 3607 823 3680 ίθ).
851 3607 957 3663 Sed
1000 3608 1161 3663 etiam
1184 3622 1282 3662 vos
1325 3606 1503 3663 dicitis
1536 3624 1563 3660 τ
1586 3607 1776 3663 Petrus
1811 3623 1919 3662 non

326 3704 507 3759 fuerat
543 3700 686 3771 apud
731 3700 1023 3754 haereticos,
1052 3698 1368 3767 baptizatus.
1413 3697 1641 3753 Proinde
1666 3699 1792 3768 quia
1821 3713 1921 3752 nec

328 3809 431 3848 vos
452 3792 676 3864 potestis
700 3788 939 3860 proferre
953 3790 1023 3845 de
1034 3788 1343 3858 Scriptnris,
1361 3802 1583 3858 quarum
1605 3788 1758 3842 nobis
1776 3801 1923 3841 com-

330 3884 515 3939 multis
541 3891 627 3939 est
651 3882 940 3937 auctoritas
962 3922 980 3948 ,
1016 3879 1089 3934 ab
1117 3878 1387 3933 haereticis
1415 3879 1715 3933 venientem
1744 3877 1922 3932 denuo

330 3975 686 4044 baptizatum,
710 3987 812 4028 nec
832 3987 931 4025 nos
960 3972 1030 4025 ita
1058 3978 1400 4039 susceptum;
1424 3975 1681 4039 quantum
1701 3967 1768 4024 ad
1786 3968 1925 4024 hanc

329 4082 451 4121 rem
477 4068 701 4132 attinet,
732 4080 828 4134 par
856 4062 1008 4119 nobis
1033 4077 1193 4118 causa
1219 4072 1321 4117 est.
1482 4073 1486 4079 '
1632 4094 1635 4095 ν

407 4155 636 4211 CAPUT
686 4154 907 4210 XXXII.
931 4182 1005 4195 -—-
1055 4153 1148 4209 58.
1181 4152 1378 4209 Verum
1411 4166 1512 4207 nos
1549 4153 1717 4208 multa"
1742 4160 1926 4207 osten-

328 4249 529 4304 dimus-
550 4248 712 4304 etiam
737 4247 804 4301 ad
834 4247 1006 4316 legem
1038 4246 1136 4301 Dei
1167 4241 1483 4316 pertinentia
1513 4260 1632 4301 esse
1658 4245 1797 4315 apud
1825 4259 1921 4300 eos

329 4340 429 4409 qui
456 4353 562 4395 non
588 4347 713 4393 sunt
736 4338 788 4392 in
821 4337 1084 4403 Ecclesia,
1115 4352 1233 4406 qua;
1278 4351 1440 4391 nemo
1485 4343 1723 4391 vestrum
1761 4335 1924 4391 audet

329 4444 576 4499 negare:
613 4426 707 4482 sed
732 4442 829 4482 cur
875 4427 982 4482 tale
1025 4426 1225 4497 aliquid
1271 4426 1453 4481 nolitis
1482 4440 1601 4481 esse
1628 4432 1685 4480 et
1740 4424 1924 4495 Bapti-

332 4534 541 4583 snium,
571 4517 795 4572 omnino
828 4531 935 4572 non
961 4516 1136 4583 video,
1154 4531 1255 4572 nec
1275 4532 1371 4573 vos
1382 4531 1540 4587 posse
1558 4517 1925 4571 demonstrare

329 4609 567 4665 confido.
599 4607 889 4676 Sequimur
914 4622 1043 4663 sane
1081 4621 1181 4661 nos
1209 4608 1260 4661 in
1292 4606 1392 4662 hac
1417 4622 1478 4663 re
1515 4592 1675 4662 etiam
1701 4607 1923 4662 canoni-

328 4716 523 4756 carum
561 4700 934 4755 auctoritatem
972 4698 1326 4754 certissimam
1371 4698 1785 4768 Scripturarum.
1816 4696 1922 4753 Ne-

331 4806 443 4861 que
468 4793 611 4846 enim
656 4789 804 4860 parvi
846 4790 1103 4843 momenti
1148 4787 1454 4844 habendum
1480 4795 1598 4853 est,
1627 4786 1770 4858 quod
1796 4801 1922 4843 cum

329 4882 477 4935 inter
504 4882 788 4951 episcopos
814 4878 1096 4935 anterioris
1128 4878 1305 4933 aetatis
1330 4892 1490 4948 quam
1518 4891 1641 4932 esse
1669 4876 1926 4947 inciperet

328 4988 463 5044 pars
491 4972 703 5038 Donati,
756 4972 854 5026 ista
879 4971 1104 5041 quasstio
1132 4971 1439 5038 fluctuaret,
1472 4980 1529 5025 et
1552 4970 1728 5026 varias
1755 4971 1923 5026 habe-

328 5076 426 5120 ret
453 5066 592 5122 inter
619 5081 680 5121 se
717 5065 1037 5135 collegarum
1062 5066 1207 5119 salva
1235 5065 1445 5120 unitate
1466 5065 1789 5132 sententias,
1820 5065 1924 5122 hoc

329 5170 439 5225 per
464 5156 766 5210 universam
792 5152 1123 5209 Catholicam
1153 5169 1273 5225 quae
1306 5162 1421 5209 toto
1447 5154 1580 5209 orbe
1606 5154 1923 5210 diffunditur

330 5246 613 5301 observari
636 5244 837 5317 placuit
857 5244 999 5316 quod
1024 5253 1289 5300 tenemus.
1318 5244 1451 5300 Nam
1479 5253 1535 5300 ct
1554 5260 1648 5299 vos
1672 5245 1924 5316 profertis

328 5338 626 5393 concilium
662 5336 951 5409 Cypriani,
975 5335 1119 5406 quod
1147 5344 1241 5390 aut
1265 5351 1371 5391 non
1393 5344 1480 5391 est
1514 5335 1706 5391 factum
1731 5377 1747 5402 ,
1775 5346 1868 5392 aut
1888 5352 1923 5393 a

328 5428 551 5484 caeteris
572 5428 790 5483 unitatis
812 5427 1086 5492 membris,
1108 5440 1139 5480 a
1154 5426 1348 5498 quibus
1364 5427 1456 5483 ille
1477 5442 1583 5482 non
1603 5427 1804 5483 divisus
1819 5437 1922 5492 est,

334 5524 537 5578 merito
565 5531 871 5594 superatum
902 5521 998 5595 (α).
1027 5521 1212 5593 Neque
1247 5521 1391 5577 enim
1438 5531 1714 5593 propterea
1741 5536 1926 5577 sumus

404 5654 425 5686 ε
444 5661 556 5727 nec
578 5655 684 5707 loco
703 5663 809 5705 Mss.
836 5662 1154 5718 praztereunt,
1178 5668 1385 5720 quarum
1405 5654 1539 5708 nobis
1572 5662 1647 5709 est
1664 5653 1927 5709 communis

322 5723 615 5769 ductarius.

406 5778 433 5809 β
462 5767 510 5820 In
530 5787 657 5838 uss,
683 5777 797 5838 quia
817 5791 887 5828 se.

404 5841 483 5903 (α)
505 5842 617 5893 Vide
642 5838 783 5905 infra,
807 5842 891 5893 lib.
915 5838 962 5904 2,
982 5853 1032 5891 ιι.
1058 5841 1137 5892 39.

2013 1534 2125 1575 rea
2153 1522 2307 1576 nobis
2337 1529 2549 1578 tem-tur
2591 1519 2818 1583 veritas,
2865 1533 2985 1573 cum
3035 1518 3136 1572 hoc
3183 1516 3404 1571 facimus
3453 1514 3595 1586 quod

2014 1611 2271 1666 universa:
2294 1611 2404 1681 jam
2438 1610 2633 1681 placuit
2652 1609 2926 1676 Ecclesia,
2954 1623 3113 1678 quam
3168 1607 3402 1677 ipsarum
3451 1604 3595 1660 Scri-

2014 1712 2291 1771 ptnrarum
2319 1700 2659 1755 commendat
2681 1700 2973 1754 auctoritas
3002 1715 3015 1751 :
3048 1707 3106 1752 ut
3130 1697 3379 1767 quoniam
3410 1703 3593 1750 sancta

2014 1791 2286 1863 Scriptura
2338 1790 2522 1845 fallere
2551 1805 2657 1845 non
2703 1798 2909 1859 potest,
2956 1788 3196 1858 quisquis
3254 1785 3364 1840 falli
3410 1786 3597 1840 metuit

2015 1880 2173 1949 hujus
2201 1879 2525 1936 obscuritate
2570 1879 2882 1949 quaestionis
2901 1919 2916 1942 ,
2947 1877 3188 1931 eamdem
3219 1875 3496 1930 ecclesiam
3526 1875 3595 1929 de

2014 1973 2101 2027 illa
2123 1972 2385 2036 consulat,
2407 1985 2567 2042 quam
2583 1971 2701 2026 sine
2720 1970 2825 2024 ulla
2844 1970 3190 2039 ambiguitate
3234 1978 3417 2022 sancta
3457 1966 3600 2022 Scri-

2012 2074 2166 2135 ptura
2197 2062 2547 2119 demonstrat.
2577 2060 2633 2117 Si
2661 2072 2847 2117 autem
2869 2061 3080 2116 dubitas
3124 2059 3267 2131 quod
3296 2058 3591 2114 Ecclesium

2013 2170 2131 2224 qua:
2160 2169 2261 2225 per
2278 2146 2466 2210 omnes
2489 2162 2678 2225 gentes
2705 2154 3088 2209 numerositate
3109 2151 3479 2222 copiosissima
3511 2151 3595 2206 di-

2016 2246 2227 2312 latatur,
2253 2245 2367 2300 haec
2382 2254 2564 2300 sancta
2584 2245 2862 2315 Scriptum
2881 2243 3221 2300 commendat
3242 2242 3436 2313 (neque
3457 2242 3601 2298 enim

2015 2337 2060 2394 si
2091 2353 2197 2392 non
2223 2338 2518 2406 dubitares,
2547 2334 2721 2394 adhuc
2751 2352 2898 2393 esses
2927 2336 2978 2391 in
3011 2345 3161 2408 parte
3182 2336 3396 2406 Donati)
3422 2351 3437 2398 ;
3467 2334 3603 2390 mul-

2010 2432 2087 2487 tis
2111 2441 2163 2488 te
2192 2429 2644 2488 manifestissimis
2676 2431 2992 2488 testimoniis
3025 2445 3092 2484 ex
3136 2428 3321 2485 eadem
3367 2428 3602 2483 auctori-

2012 2532 2125 2580 tate
2166 2525 2390 2596 prolatis
2428 2524 2664 2580 onerabo
2687 2566 2702 2591 ,
2735 2526 2797 2578 ut'
2820 2539 2885 2579 ex
2918 2522 3023 2578 tuis
3051 2522 3488 2578 concessionibus
3511 2563 3524 2585 ,
3556 2523 3601 2575 si

2017 2616 2241 2672 nimium
2272 2616 2518 2688 pervicax
2544 2630 2664 2671 esse
2689 2615 2946 2681 nolueris,
2989 2613 3056 2668 ad
3089 2614 3189 2668 hoc
3222 2613 3380 2668 etiam
3412 2612 3604 2682 perdu-

2018 2708 2193 2775 caris,
2224 2723 2345 2765 cum
2374 2708 2522 2778 prius
2543 2706 2832 2762 ostendero
2855 2707 3015 2760 etiam
3046 2704 3291 2772 epistolae
3315 2718 3470 2766 metu,
3517 2703 3604 2756 cui

2019 2801 2347 2873 reSpondere
2373 2815 2403 2855 a
2427 2801 2697 2855 contrario
2719 2798 2933 2854 voluisti
2956 2841 2970 2861 ,
3000 2798 3136 2852 nihil
3164 2808 3215 2852 te
3243 2796 3387 2867 quod
3414 2795 3481 2850 ad
3513 2811 3607 2850 ve-

2016 2893 2232 2947 ritatem
2261 2891 2526 2961 pertineat
2543 2889 2866 2960 respbndere
2892 2888 3147 2958 potuisse.

2086 2982 2318 3039 CAPUT
2358 2980 2601 3036 XXXIV.
2649 2980 2839 3036 -ιο.
2885 2979 2998 3035 Hoc
3052 2978 3261 3033 interim
3317 2978 3446 3032 satis
3495 2978 3559 3031 sit
3587 3018 3602 3041 ,

2020 3075 2161 3146 quod
2193 3084 2412 3145 propter
2437 3071 2655 3127 nimiam
2684 3071 3094 3125 obstinationem
3136 3069 3411 3123 hominum
3441 3069 3604 3122 multa

2027 3165 2253 3222 dicenda
2281 3164 2571 3221 arbitratus
2598 3178 2716 3218 sum
2736 3205 2751 3229 ,
2796 3161 3054 3216 adversus
3098 3174 3193 3216 eos
3231 3159 3322 3230 qui
3351 3174 3471 3213 cum
3514 3158 3609 3233 ha-

2020 3260 2183 3315 beant
2206 3257 2551 3328 principalem
2589 3269 2806 3310 causam
2834 3254 3050 3318 malam,
3086 3252 3153 3307 ab
3180 3266 3241 3306 ea
3275 3250 3617 3305 discutienda

2025 3349 2425 3423 praescriptione
2460 3348 2649 3403 volunt
2694 3354 2937 3400 avertere
2979 3342 3218 3413 judices,
3253 3354 3373 3396 cum
3426 3339 3610 3394 dicunt

2023 3442 2172 3497 nullo
2200 3439 2363 3494 modo
2392 3437 2493 3493 sibi
2526 3435 2850 3508 loquendum
2881 3449 3001 3490 esse
3032 3432 3331 3488 nobiscum.
3381 3430 3610 3485 Probavi

2022 3533 2165 3588 enim
2208 3538 2265 3586 et
2292 3529 2360 3585 de
2398 3528 2694 3598 Scripturis
2745 3525 2965 3591 sanctis,
3008 3532 3063 3580 et
3085 3539 3195 3598 qua
3224 3524 3370 3593 potui
3403 3522 3611 3576 ratione

2025 3622 2325 3695 perspicua,
2372 3635 2471 3676 nec
2517 3619 2876 3690 eloquentiam
2910 3615 3316 3688 quantumlibet,
3363 3628 3463 3668 nec
3491 3612 3610 3667 dia-

2024 3715 2265 3770 lecticam
2311 3710 2655 3779 qualemlibet
2707 3707 3046 3764 metuendam
3089 3720 3208 3760 esse
3254 3704 3608 3759 assertoribus

2024 3801 2262 3859 veritatis
2281 3842 2295 3865 ,
2325 3798 2611 3868 quominus
2637 3808 2933 3851 assertores
2978 3795 3257 3859 fztlsitalis,
3290 3793 3609 3861 disputando

2026 3908 2147 3948 cum
2191 3889 2293 3955 eis,
2324 3896 2380 3943 et
2423 3900 2519 3941 eos
2560 3884 2885 3947 refellendo,
2928 3882 3268 3937 convincunt.
3316 3881 3417 3936 Ubi
3447 3880 3607 3934 etiam

2024 3980 2387 4041 demonstravi
2417 3987 2472 4034 et
2511 3975 2661 4042 illud,
2692 3990 2801 4046 quo
2827 3983 2878 4030 te
2910 3983 3102 4044 prmter
3128 3972 3407 4043 epistolam
3437 3987 3609 4025 meam

2027 4075 2137 4131 dixi
2159 4075 2180 4106 '
2200 4087 2321 4127 esse
2342 4077 2663 4141 permotum,
2696 4084 2853 4137 quam
2880 4080 2984 4120 non
3013 4065 3085 4118 sit
3112 4076 3447 4133 consequens
3478 4072 3535 4116 ut
3564 4061 3611 4116 si

2029 4161 2524 4220 concedimuscsse
2551 4155 2960 4226 Baptismumin
3001 4162 3152 4223 parte
3199 4151 3404 4217 Donati,
3452 4150 3615 4205 simul

2027 4254 2188 4309 etiam
2234 4247 2593 4305 concedamus
2634 4246 2686 4300 in
2736 4244 2923 4300 eadem
2980 4242 3237 4298 societate
3282 4254 3607 4310 quemquam

2028 4342 2283 4413 baptizari
2327 4348 2619 4410 oportere:
2650 4337 2772 4407 quia
2816 4336 2957 4390 sicut
3000 4334 3193 4389 bonam
3225 4334 3393 4403 legem
3441 4332 3612 4402 potuit

2027 4434 2229 4489 habere
2253 4429 2510 4502 reprobus
2536 4429 2763 4498 populus
2790 4426 3093 4481 Judmorum
3117 4466 3132 4491 ,
3177 4425 3257 4479 sic
3283 4424 3482 4479 bonum
3509 4421 3612 4478 Sa~

2027 4533 2357 4580 crumentum
2400 4528 2574 4590 potest
2612 4518 2810 4574 habere
2838 4517 3063 4586 reprobo
3108 4516 3338 4571 societas
3390 4515 3611 4569 haereti-

2028 4632 2233 4673 COrnm.
2262 4613 2399 4681 Quid
2429 4620 2605 4666 autem
2636 4609 2853 4681 proprie
2880 4611 3045 4663 detur
3080 4609 3135 4661 in
3169 4607 3424 4670 Ecclesia,
3468 4608 3610 4676 quod

2027 4717 2221 4780 praeter
2245 4706 2388 4761 illam
2426 4702 2650 4758 omnino
2687 4716 2792 4755 non
2829 4700 3005 4764 datur,
3037 4714 3133 4751 suo
3176 4701 3295 4752 loco
3320 4698 3438 4752 sine
3464 4697 3609 4751 diffi—

2027 4801 2223 4855 cultate
2274 4791 2890 4866 monstmbiturqura,
2927 4790 3093 4851 1111.2;
3137 4807 3210 4844 η.·
3237 4790 3305 4846 16
3331 4789 3371 4862 ).
3415 4788 3601 4860 Neque

2026 4892 2170 4947 enim
2218 4895 2365 4944 recte
2404 4900 2684 4957 ageremus
2708 4897 2857 4938 ‘cum
2905 4881 3204 4948 limrcticis,
3243 4897 3375 4950 quos
3416 4881 3614 4935 habere

2028 4980 2361 5051 Baptismum
2393 4975 2730 5041 confitemur,
2773 4980 2833 5027 ut
2854 4971 3001 5026 omni
3030 4972 3190 5025 modo
3217 4969 3284 5025 ad
3314 4969 3608 5026 Ecclesium

2028 5070 2344 5127 catholicam
2369 5067 2617 5131 veniant,
2650 5064 2751 5120 nisi
2775 5060 3040 5119 veniendo
3060 5063 3363 5131 accipereut
3389 5059 3609 5132 aliquid,

2027 5161 2168 5232 quod
2192 5174 2290 5215 nec
2317 5158 2442 5214 alibi
2469 5157 2675 5228 possint
2696 5155 2975 5227 accipere;
3003 5162 3059 5209 et
3084 5153 3225 5226 quod
3256 5154 3356 5209 nisi
3386 5168 3612 5224 accepe-

2028 5257 2159 5321 rint,
2191 5253 2383 5307 frustra
2413 5260 2468 5306 ct
2495 5250 2799 5321 perniciose
2826 5247 3055 5303 habeant
3097 5260 3443 5317 qumcmnque
3483 5245 3613 5312 alia,

2029 5345 2270 5418 quamvis
2308 5345 2446 5400 bona
2476 5351 2530 5398 et
2558 5341 2624 5397 ad
2649 5341 2821 5412 legem
2869 5341 2963 5395 Dei
3002 5340 3322 5412 pertinentia
3346 5381 3361 5406 ,
3393 5334 3616 5394 ubilibet

2027 5442 2271 5510 accipere
2296 5442 2599 5507 potuerunt.
2640 5434 2755 5490 Hoc
2780 5433 2924 5488 enim
2946 5432 3199 5503 quidquid
3228 5439 3330 5495 est,
3357 5430 3501 5501 quod
3512 5444 3610 5486 se-

2027 5532 2265 5589 cundum
2292 5528 2598 5598 Scripturas
2626 5525 3089 5595 certissimamque
3107 5523 3366 5578 rationem
3388 5522 3617 5579 inveniri

2031 5622 2282 5695 potuerit,
2311 5634 2418 5675 non
2446 5618 2549 5674 nisi
2588 5618 2639 5671 in
2668 5624 2851 5673 sancta
2881 5614 3120 5671 Ecclesia
3153 5613 3234 5669 vel
3262 5611 3378 5669 dari
3402 5613 3615 5669 velata-

2098 5784 2112 5809 ³
2149 5782 2248 5823 nuo
2273 5776 2409 5833 Mss,
2434 5779 2635 5833 certum.

2098 5841 2119 5870 ι
2148 5835 2299 5888 Iidem
2318 5830 2414 5887 duo
2436 5842 2561 5898 uss,
2586 5830 2774 5885 dixisti.
