4066 6200
452 380 553 436 ιστ

1215 377 1486 434 CONTRA
1521 378 1954 436 CRESCONIUM
1997 380 2451 450 DONATISTAM,
2491 383 2548 438 S.
2590 383 2952 442 AUGUSTINI

3605 385 3714 448 468

450 477 551 562 cipi
584 507 759 562 posse,
787 492 888 546 hoc
917 491 1198 562 pertinebit
1224 491 1290 546 ad
1316 496 1504 562 fontem
1521 492 1795 564 signatum,
1825 502 2026 560 puteum
2109 495 2286 566 (Rom.
2308 496 2569 567 vnt,'29),
2613 497 2714 554 sed
2760 499 2923 554 etiam
2979 499 3032 554 hi
3074 500 3163 570 qui
3203 517 3426 573 regnum
3483 505 3578 564 Dei
3595 525 3716 567 :non

455 599 596 655 aqua
626 585 767 649 virtu,
801 583 1092 645 paradisum
1121 599 1234 636 cum
1259 586 1425 654 fructu
1455 599 1738 652 pomorum,
1783 583 1934 654 cujus
1973 593 2032 638 ut

456 675 669 743 potuisti
698 675 1020 729 mentionem
1045 675 1250 742 fecisti,
1281 674 1374 729 sed
1400 674 1525 745 quid
1553 675 1679 730 illud
1708 675 1797 739 sit,
1831 691 1935 731 non
1978 685 2030 731 te

453 764 782 819 intellexisse
808 765 1117 830 ostendisti;
1149 763 1576 834 quandoquidem
1615 764 1714 819 hoc
1743 764 1809 820 de
1835 765 2031 820 visibili

456 857 723 926 Baptismo
749 857 948 911 dictum
977 873 1097 913 esse
1132 858 1404 912 arbitraris
1436 875 1448 910 :
1475 857 1614 927 quod
1646 857 1768 914 licet
1788 866 2028 935 sanctum

455 946 552 1013 sit,
583 964 754 1018 neque
785 948 888 1001 ullo
917 948 1076 1002 modo
1106 948 1641 1019 praetermittendum,
1666 949 1911 1018 quoniam
1941 962 2030 1002 sa-

454 1038 748 1092 cratissima
780 1038 1166 1109 significatione
1198 1039 1506 1108 prmpollet;
1536 1054 1694 1110 quam
1737 1039 1886 1094 multi
1909 1054 2028 1094 eum

454 1137 630 1185 tamen
657 1132 956 1201 accipiant,
995 1147 1097 1186 non
1121 1134 1288 1188 solum
1317 1133 1440 1188 boni
1469 1134 1561 1204 qui
1587 1133 1879 1190 secundum
1903 1148 2030 1202 pro-

452 1220 683 1290 positum
735 1224 905 1276 vocati
966 1233 1088 1276 sunt
1143 1225 1444 1279 conformes
1497 1225 1741 1294 imaginis
1783 1224 1898 1278 Filii
1928 1223 2031 1284 Dei

461 1346 1971 1376 Ἆ--ψ-ι--η-ῄ-,η--σ

2142 586 2518 656 possidebunt,
2571 588 2624 643 in
2647 589 2880 658 quibus,
2930 590 3069 645 sicut
3113 592 3246 648 dicit
3296 597 3615 665 Apostolus,
3665 611 3722 659 et

2139 677 2335 736 ebriosi
2363 688 2417 733 et
2430 680 2574 734 avari
2597 690 2945 738 numerantur
2961 681 3148 754 (l-Cor.
3167 700 3244 747 vt,
3271 686 3394 756 £20);
3425 700 3554 759 puto
3577 694 3722 762 quod

2139 769 2183 823 si
2209 769 2495 839 pertinacia
2524 770 2766 841 deposita
2793 772 3140 842 cogitaveris,
3171 791 3354 831 verum
3403 795 3490 835 me
3517 781 3724 852 dicere,

2142 859 2236 913 tibi
2265 862 2376 930 ipse
2395 859 2552 916 facile
2576 862 2948 932 respondebis,
2972 873 3164 922 utnon
3192 882 3401 936 quaeras
3428 869 3627 926 fontem
3649 875 3726 927 si-

2135 961 2353 1023 gnatum
2382 961 2437 1009 et
2455 963 2674 1024 puteum
2703 971 2855 1025 aqua:
2881 957 3020 1011 vivae
3041 998 3056 1022 ,
3101 958 3203 1013 nisi
3239 973 3350 1028 quo
3395 960 3449 1016 bi
3492 963 3580 1031 qui
3607 963 3726 1018 dis-

2139 1045 2333 1112 plicent
2365 1046 2508 1110 Deo,
2554 1046 2808 1104 divinitus
2854 1061 2961 1102 non
3009 1049 3393 1118 permittuntur
3435 1053 3723 1111 accedere.

2135 1135 2343 1192 Contuli
2365 1179 2380 1203 ,
2409 1138 2546 1209 lege.

1384 1434 1855 1542 LIBER
1898 1430 2737 1540 SECUNDUS.

514 1590 758 1660 Examinat
779 1590 902 1638 dicta
925 1588 1256 1660 aliaﬂEpistolie
1271 1595 1525 1660 uesmnii.
1543 1595 1830 1660 Ipsisponte
1849 1590 2090 1660 concedit,
2105 1597 2159 1639 ut
2182 1602 2209 1639 a
2227 1596 2406 1660 [innato
2428 1592 2710 1660 uenationes
2729 1592 2888 1652 potius
2903 1597 3341 1660 quamponatlstas
3359 1597 3595 1660 appellet.
3618 1598 3728 1652 Illos

443 1659 608 1700 autem
648 1664 675 1698 a
715 1663 773 1700 se
816 1654 990 1722 merito
1003 1652 1435 1722 dictositrereticos
1451 1651 1698 1722 comendit
1731 1668 1743 1702 :
1769 1666 1864 1722 nec
1885 1659 2050 1722 tamen
2073 1664 2182 1722 cum
2207 1651 2264 1702 ad
2283 1651 2541 1722 replesiatu
2581 1651 2898 1722 revertuntur
2923 1651 3239 1722 baptizandus
3262 1651 3407 1722 esse;
3424 1651 3544 1722 quin
3576 1651 3726 1712 etiam

436 1724 589 1787 posse
609 1724 793 1786 eorum
832 1711 1052 1787 clericis,
1092 1715 1384 1787 siﬁoclesiae
1398 1715 1589 1766 utilitati
1615 1716 1879 1787 convenire
1899 1713 2132 1787 videaturz
2159 1714 2206 1760 in
2222 1713 2324 1787 suis
2341 1713 2608 1787 honoribus
2632 1711 3176 1787 recipisultliqttidporro
3205 1711 3528 1787 redeuntibus
3542 1721 3644 1771 dari
3675 1711 3726 1772 in

444 1772 649 1838 Ecclesia
671 1808 688 1833 ,
727 1773 855 1838 quod
903 1781 1079 1835 prmtcr
1109 1774 1238 1838 illam
1258 1778 1452 1825 omnino
1483 1790 1580 1826 non
1602 1776 1759 1835 datur,
1785 1775 1930 1838 idque
1955 1786 2077 1838 esse
2099 1775 2278 1823 donum
2314 1775 2559 1838 charitatis
2579 1772 2750 1822 docet;
2777 1773 2893 1824 Illud
2913 1772 3148 1835 i’etiliani,
3178 1796 3202 1825 ι
3221 1783 3519 1830 Conscientia
3553 1793 3726 1833 sanae

441 1833 608 1905 dantis.
640 1833 934 1905 ςιιιβῐιάῃιιιις,
980 1847 1091 1896 qua:
1129 1834 1295 1905 abluat
1322 1839 1627 1905 accipientis,
1669 1833 1865 1905 s‘male'r
1882 1834 2080 1905 defendi
2118 1847 2146 1883 a
2184 1837 2439 1905 Crescente
2461 1836 2776 1905 demonstrat.
2799 1839 2985 1905 Excutit
3006 1833 3233 1905 allataab
3269 1841 3446 1905 eodem
3462 1845 3726 1905 scriptura:

439 1893 570 1953 loca,
588 1896 723 1962 istud
745 1893 1062 1957 potissimum,
1087 1895 1176 1957 qui
1219 1893 1486 1962 baptizatur
1508 1913 1539 1948 a
1576 1893 1780 1958 mortuo,
1819 1904 1916 1946 etc.
1943 1902 2188 1945 Postremo
2210 1895 2268 1944 ad
2296 1897 2510 1959 cypriani
2532 1898 2865 1946 auctoritatem
2886 1898 2950 1947 de
2972 1901 3326 1962 rebaptizandis
3357 1893 3602 1954 haereticis
3639 1893 3724 1955 re?

446 1955 674 2017 spondet.

517 2061 740 2118 CAPUT
785 2063 1066 2118 PRIMUM.
1095 2095 1163 2104 -—
1187 2065 1246 2118 λ.
1273 2064 1572 2134 Superioris
1598 2063 1886 2120 voluminis
1915 2071 2022 2116 tant

449 2151 657 2218 prolixo
685 2166 957 2216 sermone,
991 2161 1117 2222 puto
1143 2153 1283 2222 quod
1331 2153 1542 2210 tandem
1571 2152 1854 2224 aliquando
1898 2167 2027 2222 pcr-

448 2241 733 2306 suasimns,
761 2256 866 2294 non
897 2256 1016 2297 csse
1045 2243 1095 2296 in
1140 2242 1244 2298 hoc
1272 2244 1564 2308 laudandos
1583 2253 1794 2300 vestros
1821 2245 2030 2313 episco-

441 2347 546 2400 pos
570 2347 742 2402 neque
769 2333 1143 2403 approbandos
1160 2376 1174 2398 ,
1208 2335 1348 2404 quod
1371 2335 1445 2391 de
1471 2351 1632 2392 causa
1669 2335 2022 2396 dissensionis

452 2438 571 2494 quae
600 2433 835 2479 nostram
863 2426 1294 2481 communionem
1324 2426 1563 2493 dirimit,
1605 2427 1798 2486 uolunt
1836 2426 2031 2488 nobis-

449 2527 571 2568 cum
615 2512 812 2568 habere
858 2513 1202 2583 colloquium.
1237 2516 1345 2571 Hac
1383 2516 1536 2572 enim
1588 2517 1742 2588 quasi
1792 2516 2034 2586 praescri-

455 2603 634 2673 ptione
648 2619 706 2660 se
723 2606 775 2658 in
797 2620 952 2662 causa
977 2607 1205 2676 pessima
1229 2617 1415 2680 putant
1433 2610 1772 2666 acutissimas
1795 2609 1835 2675 ‘,
1851 2623 2028 2678 quam,

453 2695 551 2757 nisi
585 2695 761 2763 fallor,
811 2705 866 2754 et
895 2700 1034 2754 veris
1078 2701 1344 2771 certisque
1373 2702 1686 2768 rationibus,
1717 2710 1772 2757 et
1793 2703 2032 2762 maxime

453 2785 750 2843 divinarum
777 2787 1168 2859 Scripturarum
1196 2792 1457 2862 exemplis
1485 2793 1694 2861 penitus
1719 2793 1986 2862 amputavi
2011 2835 2030 2861 ,

453 2876 644 2946 quibus
669 2878 1050 2936 dilucidissime
1079 2880 1259 2948 docui,
1287 2897 1317 2936 a
1345 2883 1546 2938 sanctis
1594 2883 2033 2952 praadicatoribus

451 2974 608 3037 atque
633 2969 988 3026 asscrtoribus
1013 2971 1270 3038 veritatis,
1313 2973 1472 3032 etiam
1495 2985 1688 3032 eorum
1739 2982 2035 3044 praesentes

453 3056 567 3126 ejus
609 3057 941 3114 adversarios
961 3102 978 3127 ,
1008 3077 1108 3116 nec
1145 3070 1349 3117 tantum
1381 3063 1470 3132 qui
1515 3078 1581 3118 ex
1601 3063 1803 3119 .eodem
1836 3063 2034 3133 populo

453 3163 558 3219 quo
584 3159 637 3204 et
681 3150 753 3206 illi
800 3150 1016 3207 fuerunt
1038 3195 1054 3218 ,
1085 3169 1270 3209 verum
1297 3155 1455 3209 etiam
1491 3163 1678 3210 contra
1703 3155 2034 3226 alienigenas

453 3248 509 3294 ct
533 3250 848 3309 extraneos;
879 3252 934 3298 ct
975 3245 1116 3300 unde
1141 3247 1406 3316 praecipue
1433 3263 1592 3303 vanas
1619 3247 1932 3304 formidines
1953 3249 2035 3305 in-

449 3330 610 3400 jicitis
649 3333 928 3403 imperitis,
957 3347 1138 3392 contra
1187 3352 1283 3394 eos
1315 3338 1410 3409 .qui
1441 3338 1771 3395 dialecticam
1801 3340 2034 3398 maxime

459 3423 854 3492 profiterentur,
884 3426 1119 3483 habitum
1146 3428 1315 3486 fuisse
1348 3446 1649 3485 sermonem
1675 3448 1687 3483 :
1718 3446 1786 3486 ne
1811 3440 2034 3486 conten-

455 3511 772 3570 tiosissimus
823 3517 1080 3574 habeatur
1120 3520 1559 3590 diligentissimus
1597 3522 1936 3591 prmdicntor,
1979 3530 2035 3578 et

455 3619 522 3660 ne
552 3605 782 3676 litigator
824 3617 1036 3676 putetur
1063 3611 1299 3680 impiger
1325 3611 1644 3681 diSputator,
1693 3613 1898 3668 instans
1941 3628 2030 3668 se-

451 3695 680 3750 cundum
725 3707 1046 3768 praeceptum
1076 3702 1312 3770 Apostoli
1343 3709 1641 3772 Opportune
1667 3743 1684 3770 ,
1732 3703 2034 3773 importune

454 3785 518 3858 (Il
549 3785 684 3842 Tim.
717 3805 789 3854 tv,
818 3788 899 3859 2),
933 3799 988 3844 ut
1034 3791 1272 3848 doctrina
1304 3807 1432 3847 sana
1478 3795 1904 3850 contradicentes
1948 3811 2036 3853 re-

452 3878 797 3948 darguantur,
840 3882 1106 3954 vaniloqui
1154 3884 1466 3940 refellantur
1511 3869 1708 3960 (Titat,
1739 3889 1917 3959 9-H),
1947 3891 2032 3944 in-

451 3969 615 4037 quieti
647 3972 1020 4041 eorripiantur,
1058 3975 1422 4044 pusillanimes
1445 3979 1812 4047 consolentur,
1835 3981 2032 4037 infirmi

450 4058 807 4128 suscipiantur
857 4061 896 4135 (Ι
928 4063 1105 4118 Thess.
1139 4080 1194 4130 ν,
1230 4066 1342 4135 Μ),
1380 4067 1507 4121 dum
1545 4068 1803 4124 adversus
1845 4086 2034 4128 omnes

452 4151 785 4217 resistentes,
814 4155 1032 4210 verbum
1077 4156 1263 4210 salutis
1288 4158 1607 4228 evangelica:
1633 4173 1754 4213 cum
1783 4161 2032 4229 patientia

451 4239 778 4309 defenditur,
802 4243 918 4298 sine
945 4245 1238 4301 diffidentia
1265 4248 1601 4316 praedicatur.
1631 4249 1850 4306 Ostendi
1872 4252 2030 4306 etiam

451 4347 736 4400 quamnon
763 4333 1003 4389 debeatis
1044 4335 1164 4392 ideo
1201 4346 1388 4407 putare
1416 4340 1556 4408 apud
1600 4356 1693 4395 vos
1707 4355 1832 4400 esse
1860 4341 2033 4398 homi-

453 4437 572 4477 nem
605 4423 1000 4492 baptizaudum,
1041 4426 1164 4494 quia
1196 4436 1252 4481 et
1276 4444 1372 4484 nos
1411 4431 1776 4486 consentimus
1799 4431 1940 4503 quod
1977 4440 2035 4487 et

454 4514 634 4572 haberi
657 4531 685 4570 a
715 4515 866 4570 vobis
890 4517 1190 4586 Baptismus
1217 4520 1388 4588 possit
1416 4531 1470 4575 et
1497 4521 1609 4582 dari
1632 4532 1649 4576 ':
1669 4538 1791 4582 cum
1825 4531 1880 4578 et
1905 4523 2031 4578 illud

451 4607 692 4662 dicamus
736 4609 1036 4678 perniciose
1088 4611 1272 4668 haberi
1304 4621 1358 4668 et
1386 4615 1682 4683 perniciose
1721 4615 1870 4681 dari;
1899 4632 2035 4686 quo-

450 4701 590 4754 niam
623 4699 706 4753 illa
739 4709 921 4755 sancta
942 4742 957 4769 ,
999 4701 1192 4772 quibus
1220 4704 1293 4758 uti
1316 4711 1373 4758 et
1395 4704 1515 4760 mali
1546 4715 1800 4774 possunt,
1831 4718 2032 4778 quanto

449 4792 715 4847 sanctiora
754 4801 917 4858 sunt,
963 4805 1109 4850 tanto
1137 4794 1205 4849 ab
1245 4795 1325 4850 eis
1377 4795 1617 4853 inutilius
1664 4798 2032 4869 pmnaliusqne

449 4891 763 4938 tractantur.
792 4883 943 4940 Unde
966 4900 1085 4940 cum
1113 4885 1177 4940 ad
1203 4885 1498 4944 Ecclesiam
1520 4896 1756 4943 sanctam
1785 4889 2027 4956 veniunt,

447 4975 547 5051 ipsi
589 4975 889 5047 corrigendi
921 4986 1045 5031 sunt
1074 4998 1088 5031 :
1123 4993 1226 5039 non
1255 4992 1283 5030 a
1316 4977 1469 5034 nobis
1507 4977 1594 5032 illa
1618 4978 1885 5047 violanda,
1911 4995 2031 5049 qua:

448 5081 549 5121 nec
571 5081 601 5122 a
631 5066 784 5121 malis
813 5075 1012 5122 mutata
1035 5075 1178 5121 sunt.

516 5156 571 5212 9..
601 5157 738 5213 Audi
765 5171 908 5227 ergo,
938 5156 1209 5222 Crescoui,
1257 5157 1382 5213 dum
1407 5157 1644 5218 breviter
1685 5169 1740 5215 et
1787 5159 1887 5216 hoc
1935 5159 2029 5216 de-

447 5248 776 5312 monstrabo,
805 5247 935 5302 nihil
975 5257 1025 5303 te
1049 5247 1247 5302 dixisse
1273 5263 1368 5317 per
1389 5258 1551 5315 totam
1579 5249 1856 5319 epistolam
1888 5259 2030 5304 tuam

445 5354 552 5410 quo
573 5338 849 5398 refelleres
867 5353 1060 5406 meam,
1090 5338 1188 5392 nisi
1217 5337 1352 5394 forte
1369 5339 1517 5410 .quod
1546 5356 1630 5398 me
1649 5341 1863 5400 nomina
1883 5339 2030 5396 deri-

447 5446 574 5488 vare
605 5433 691 5489 vel
717 5431 986 5488 declinare
1027 5429 1273 5496 domuisti,
1306 5440 1360 5487 ut
1394 5448 1427 5485 a
1470 5430 1673 5500 Donato
1712 5430 2030 5493 Donatiams

449 5523 613 5589 potius
631 5541 783 5593 quam
811 5522 1106 5578 Donntistas
1137 5521 1391 5590 dicerem,
1428 5538 1582 5593 quam
1615 5531 1790 5579 tamen
1815 5540 2030 5595 gramm

448 5613 634 5667 saltem
679 5614 1062 5670 declinatione»:
1093 5631 1198 5670 esse
1222 5615 1494 5683 concedis,
1525 5616 1769 5674 videlicet
1795 5619 1930 5688 quod
1958 5621 2032 5673 ita

785 5738 983 5798 v_eteres
1013 5729 1220 5798 codices,
1259 5735 1476 5798 primates
1511 5729 1857 5783 securissimus.
1887 5729 2030 5783 Arbi-

457 5794 622 5834 ramur
647 5781 925 5848 legendum,
949 5796 1112 5851 putant
1135 5781 1235 5841 esse
1259 5781 1532 5840 latissimos.

2126 2059 2415 2114 Donatistae
2430 2077 2460 2114 α
2481 2060 2704 2127 Donato,
2734 2073 2788 2116 ut
2805 2063 3146 2134 anngelisttz
3172 2066 3235 2118 ab
3261 2066 3538 2139 Evangelio
3559 2073 3725 2125 nomi-

2144 2160 2345 2216 nentur;
2394 2161 2564 2221 quote
2611 2153 2850 2207 delectari
2895 2155 3049 2220 dicis,
3080 2165 3135 2209 ut
3177 2159 3352 2210 vestris
3393 2157 3726 2231 Evangeliqu

2127 2240 2548 2310 rprtcdicaruibus,
2579 2258 2614 2295 α
2641 2243 2799 2296 simili
2821 2245 3105 2298 nmtata’sit
3133 2245 3150 2277 ί
3177 2239 3407 2300 uocabuli
3431 2249 3722 2306 declinatio.

2136 2331 2270 2387 Vide
2298 2347 2426 2403 ergo
2452 2348 2518 2388 ne
2545 2331 2682 2388 forte
2723 2335 2822 2402 ipsi
2853 2335 3056 2404 priores
3100 2336 3202 2390 hoc
3238 2339 3507 2394 voluerint
3544 2343 3727 2411 appel-

2134 2421 2254 2487 lari,
2303 2423 2424 2492 quia
2457 2423 2719 2478 Donatum
2749 2424 2946 2483 habent
2983 2439 3082 2496 pro
3121 2426 3415 2497 Evangelio
3440 2447 3454 2482 :
3482 2445 3603 2484 nam
3646 2433 3726 2488 sic

2129 2510 2222 2566 isti
2248 2526 2278 2565 a
2305 2512 2516 2578 Donati,
2547 2512 2816 2582 quomodo
2845 2514 3014 2568 sancti
3037 2529 3223 2569 omnes
3253 2517 3442 2571 nolunt
3462 2519 3529 2573 ab
3549 2519 3726 2574 Evan-

2132 2603 2258 2673 gelii
2285 2604 2542 2658 societate
2577 2603 2887 2669 discedere;
2928 2615 2982 2660 et
3021 2605 3141 2660 ideo
3169 2606 3508 2664 delectantur
3545 2612 3726 2666 vocari

2132 2695 2444 2762 Donatistae,
2474 2695 2610 2750 sicut
2640 2695 2994 2766 Evangelistae
3025 2713 3038 2749 :
3063 2707 3231 2767 tuque
3275 2699 3450 2768 potius
3483 2701 3565 2755 eis
3593 2701 3728 2757 facis

2133 2784 2404 2853 iniuriam,
2433 2800 2554 2840 cum
2571 2785 2779 2850 scribis,
2831 2787 2883 2840 in
2904 2786 3063 2840 latino
3089 2803 3334 2853 sermone,
3361 2791 3569 2844 nonnisi
3596 2792 3727 2846 lati-

2132 2890 2259 2930 nam
2284 2876 2519 2946 regulam
2550 2876 2800 2945 probans,
2846 2875 3158 2932 Donatiauos
3177 2894 3210 2932 α
3252 2877 3470 2946 Donato,
3493 2881 3620 2934 sicut
3655 2881 3726 2935 ab

2134 2966 2260 3020 Ario
2289 2976 2337 3019 et
2378 2964 2576 3020 Nouato
2617 2965 2838 3019 Ariona:
2879 2975 2929 3021 et
2963 2966 3303 3037 Nouatianos,
3353 2971 3500 3025 velles
3529 2973 3722 3026 vocari.

2133 3056 2266 3112 Nam
2286 3071 2397 3126 ,ego
2423 3071 2546 3110 cum
2569 3055 2881 3122 scriberem,
2908 3055 3018 3125 jam
3044 3072 3075 3111 a
3100 3060 3282 3113 nescio
3307 3060 3496 3130 quibus
3523 3076 3722 3130 impa-

2130 3153 2313 3214 gatum
2344 3146 2568 3200 sonabat
2587 3146 2686 3200 hoc
2717 3161 2937 3214 nomen,
2961 3163 3141 3218 neque
3181 3149 3236 3203 id
3277 3160 3486 3206 mutare
3511 3155 3724 3222 curavi,

2136 3251 2259 3292 eum
2277 3245 2341 3290 ,et
2367 3236 2471 3291 hoc
2498 3236 2564 3291 ad
2585 3236 2982 3293 distinctionem
3008 3255 3166 3309 quam
3187 3241 3432 3297 volebam
3462 3245 3590 3297 satis
3613 3246 3732 3298 anf-

2134 3325 2298 3384 licere
2324 3326 2703 3383 existimarem.
2743 3327 2798 3383 Si
2824 3329 2966 3383 enim
2983 3330 3367 3388 Barnosthenes
3386 3334 3726 3391 clarissimus

2135 3427 2430 3481 oratorum.
2459 3419 2650 3488 quibus
2677 3420 2960 3480 verborum
2997 3432 3138 3478 tanta
3183 3423 3280 3478 fuit
3323 3439 3472 3492 cura,
3519 3436 3723 3496 quanta

2137 3524 2314 3564 rerum
2349 3510 2653 3566 auctoribus
2685 3511 2906 3578 nostris,
2943 3527 3062 3566 cum
3089 3522 3270 3568 tamen
3317 3516 3365 3570 ei
3412 3518 3727 3573 nonnullam

2135 3599 2418 3660 locutionis
2453 3601 2790 3657 insolentiam
2823 3603 3105 3672 objccisset
3147 3604 3455 3670 Escbittes,
3507 3609 3729 3678 negavit

2136 3690 2226 3746 ille
2255 3691 2305 3745 in
2331 3705 2397 3746 eo
2418 3691 2624 3761 positas
2644 3707 2764 3747 esse
2800 3692 3039 3748 fortunas
3064 3693 3305 3760 Grazciae,
3339 3697 3503 3754 illene
3531 3716 3598 3752 an
3628 3703 3729 3756 illo

2137 3780 2299 3838 verbo
2320 3796 2450 3842 usus
2474 3780 2652 3848 fuerit,
2680 3792 2733 3840 et
2768 3783 2873 3840 huc
2895 3799 2962 3838 an
3007 3784 3136 3839 illuc
3171 3801 3384 3840 manuni
3420 3795 3727 3857 porrexerit

2139 3869 2310 3944 (Orat.
2338 3889 2430 3943 pro
2457 3873 2778 3944 Ctesiphonte
2795 3884 2972 3928 contra
3001 3873 3322 3948 Esclu'uem)
3352 3894 3366 3930 :
3399 3889 3600 3947 quanto
3621 3881 3730 3935 ηιξ-ο

2137 3977 2237 4018 nus
2261 3979 2357 4018 nos
2381 3963 2628 4026 laborare
2667 3964 2924 4019 debemus
2952 3964 3020 4019 de
3067 3966 3265 4036 regulis
3299 3967 3722 4026 derivandorum

2136 4051 2657 4120 nominum,quando
2682 4053 2794 4107 sive
2814 4052 2918 4109 hoc
2942 4054 3056 4108 sive
3080 4054 3206 4109 illud
3229 4054 3491 4123 dicamus,
3525 4058 3729 4114 intelli—

2133 4141 2273 4209 gitur
2301 4142 2417 4197 sine
2437 4143 2780 4212 ambiguitate
2799 4145 2941 4214 quod
2966 4145 3223 4212 dicimus;
3269 4162 3492 4217 quorum
3533 4165 3638 4203 non
3665 4151 3724 4206 in

2134 4232 2457 4301 expolitione
2482 4235 2766 4298 sermonis,
2819 4235 2911 4290 sed
2933 4236 2992 4294 in
3021 4236 3478 4294 demonstratione
3523 4243 3730 4295 verita-

2137 4324 2203 4380 tis
2227 4334 2311 4388 est
2340 4325 2508 4394 major
2533 4327 2797 4382 intentio?
2826 4325 2882 4381 Si
2903 4337 3080 4384 autem
3102 4329 3384 4399 quisquam
3412 4340 3722 4386 nostrorum

2133 4416 2339 4485 primus
2375 4415 2521 4477 ﬂexit
2549 4416 2650 4472 hoc
2693 4431 2912 4481 nomen,
2959 4418 3107 4472 nullo
3149 4419 3311 4474 modo
3340 4420 3469 4474 mihi
3509 4421 3726 4476 videtur

2135 4508 2261 4566 illud
2286 4509 2459 4564 simile
2497 4509 2736 4575 intuitus,
2779 4509 2923 4579 quod
2960 4510 3314 4581 Evangelistai
3336 4513 3402 4567 ab
3431 4512 3727 4584 Evangelia

2136 4606 2509 4669 nuncupantur
2540 4617 2552 4654 :
2583 4599 2678 4656 sed
2723 4601 2842 4670 quia
2898 4615 2995 4670 per
3027 4601 3318 4667 Donatum,
3363 4618 3469 4658 non
3515 4612 3724 4659 tantum

2134 4690 2498 4761 Carthaginis,
2547 4694 2632 4765 qui
2663 4693 2802 4748 banc
2850 4693 3097 4748 haeresim
3160 4696 3391 4750 maxime
3437 4696 3729 4754 roborasse

2135 4782 2482 4852 perhibetur;
2513 4783 2609 4840 sed
2632 4783 2794 4839 etiam
2819 4786 3077 4852 majorem
3110 4784 3373 4840 Donatum
3399 4801 3426 4840 a
3450 4786 3729 4844 Casis-Ni-

2135 4877 2263 4946 gris,
2285 4876 2382 4947 qui
2420 4876 2587 4931 altare
2613 4885 2796 4931 ctmtra
2823 4876 2992 4930 altare
3032 4877 3085 4930 in
3131 4876 3319 4931 eadem
3353 4877 3567 4934 civitate
3605 4880 3724 4948 pri-

2137 4981 2255 5022 mus
2282 4969 2471 5032 erexit,
2503 4981 2752 5036 maguum
2778 4966 3086 5021 scandalum
3117 4965 3312 5020 factum
3339 4976 3458 5034 est;
3501 4968 3572 5022 ita
3608 4969 3730 5023 for-

2137 5057 2291 5112 tassis
2312 5072 2340 5114 a
2360 5057 2563 5112 Donato
2579 5056 2899 5121 Donatistas,
2914 5065 2970 5112 ut
2990 5055 3059 5110 ab
3077 5056 3332 5111 seandalo
3355 5057 3726 5116 Scandalistas

2135 5147 2302 5210 voluit
2325 5147 2618 5216 appellare.

2204 5239 2431 5295 CAPUT
2473 5239 2536 5294 ll.
2565 5269 2636 5279 —
2661 5240 2716 5296 5.
2765 5238 2869 5296 Sed
2913 5254 3015 5310 ego
3039 5254 3100 5295 ea
3130 5240 3182 5294 in
3231 5256 3312 5306 re,
3348 5242 3401 5296 in
3447 5257 3548 5312 qua
3586 5244 3723 5300 nihil

2135 5351 2307 5392 causa
2353 5345 2551 5390 nostra:
2598 5335 2874 5402 minuitur,
2917 5351 3002 5390 me
3043 5334 3352 5391 facillimum
3385 5338 3619 5406 pra-beo,
3665 5351 3724 5393 ct

2133 5428 2345 5499 quando
2385 5436 2558 5483 tecum
2601 5442 2720 5498 ago,
2763 5427 2871 5497 jam
2925 5429 3248 5484 Donatianos
3297 5444 3431 5484 voco
3460 5445 3475 5493 ;
3500 5430 3719 5500 quando

2133 5530 2310 5578 autem
2335 5537 2455 5576 cum
2480 5520 2620 5586 aliis,
2663 5521 3100 5577 cottsueutdinem
3133 5523 3307 5592 potius
3333 5537 3547 5593 sequor,
3595 5540 3721 5595 qum

2136 5612 2218 5667 his
2251 5611 2536 5681 sonisjnre
2567 5612 2910 5668 dominatur:
2937 5621 2992 5667 tu
3038 5621 3241 5670 tantum
3287 5625 3559 5672 memento
3604 5631 3712 5683 me,

2199 5795 2211 5825 ⁸
2249 5793 2440 5852 Quidam
2464 5800 2661 5842 veteres
2684 5791 2891 5853 codices,
2914 5799 3127 5862 mutuam
3146 5794 3227 5846 sit.
