4066 6200
345 416 448 474 089

345 534 426 586 eui
454 532 656 583 tantam
684 523 916 581 tribuisti
938 520 1317 594 eloquentiam,
1359 517 1594 575 nondum
1624 532 1784 573 nosse
1822 527 1920 569 no-

344 623 488 677 mina
513 610 804 683 dedinare,
836 629 891 672 et
909 615 1090 671 nuntia
1115 611 1695 677 veStrissecuritatem,
1727 626 1792 664 ne
1813 608 1923 679 jam

347 715 568 768 timeant
582 716 836 779 tanquam
865 704 1225 770 dialecticum,
1255 704 1342 761 cui
1368 703 1515 759 vides
1539 703 1711 758 adhuc
1738 714 1926 758 ncces-

346 806 543 862 sarium
566 814 689 859 esse
728 801 1150 872 grammaticum.
1183 797 1337 866 Quod
1367 798 1411 853 si
1443 796 1715 866 disciplina
1741 795 1927 864 displi-

351 896 513 961 tandi,
567 896 681 951 sive
728 894 878 949 illam
915 891 1246 947 dialecticam
1267 887 1403 945 velis
1446 887 1747 958 appellare,
1815 886 1928 940 sive

348 988 471 1059 quid
507 984 687 1049 aliud;
739 983 870 1040 satis
913 990 1089 1037 tamen
1133 981 1311 1036 sobrie
1358 979 1534 1043 docet,
1582 991 1702 1034 cum
1747 976 1815 1033 de
1870 993 1929 1032 re

349 1084 575 1138 constat.
608 1090 713 1131 non
742 1088 862 1130 esse
889 1072 957 1129 de
984 1070 1203 1128 nomine
1237 1069 1584 1127 laborandum
1614 1088 1629 1124 :
1659 1071 1796 1124 sicut
1823 1082 1927 1125 non

351 1183 479 1224 curo
519 1175 699 1222 utrum
741 1181 804 1221 ea
848 1165 961 1234 ipsa
994 1160 1269 1219 dialectica
1308 1169 1547 1223 vocetur,
1594 1174 1723 1217 euro
1752 1173 1928 1216 tamen

352 1267 603 1330 quantum
637 1257 812 1323 valeo,
860 1268 1019 1311 nosse
1062 1269 1125 1310 ac
1154 1266 1311 1325 posse
1355 1252 1650 1324 disputare,
1693 1253 1797 1308 hoc
1823 1260 1927 1321 est,

354 1351 629 1405 veritatem
655 1363 684 1401 a
713 1345 939 1403 falsitate
967 1348 1018 1401 in
1042 1342 1304 1417 loquendo
1318 1344 1654 1411 discernere;
1680 1345 1802 1415 quia
1830 1343 1933 1400 hoc

356 1441 454 1495 nisi
491 1453 769 1503 curavero,
812 1436 1265 1510 perniciosissimo
1306 1436 1497 1493 errabo
1527 1454 1539 1490 :
1569 1437 1641 1492 ita
1673 1453 1777 1491 non
1803 1451 1933 1493 euro

356 1530 538 1589 ntrum‘
564 1531 873 1595 Donatista,
904 1545 971 1585 an
1000 1524 1275 1584 Domitiani
1307 1529 1529 1599 peritius
1556 1534 1612 1584 et
1650 1528 1935 1584 iitteratius

354 1622 730 1686 declinemini;
764 1629 939 1676 utrum
968 1628 1241 1690 postremo
1266 1633 1296 1673 a
1336 1620 1540 1673 Donato
1568 1619 1650 1675 vel
1694 1619 1784 1690 qui
1828 1620 1937 1691 pri-

357 1726 474 1768 tuus
492 1722 642 1768 extra
675 1711 964 1767 Ecclesiam
1011 1708 1351 1771 sacriﬁcavit.
1378 1709 1464 1764 vel
1505 1710 1594 1780 qui
1643 1708 1783 1766 hanc
1820 1711 1935 1767 dis-

362 1803 667 1859 sensionem
715 1800 945 1856 maxime
991 1798 1281 1866 roboravit,
1338 1814 1405 1854 an
1468 1815 1500 1855 a
1542 1799 1798 1872 Majorino
1845 1802 1934 1872 qui

358 1897 559 1964 primus
597 1901 781 1950 eontra
822 1893 1165 1949 Caecilianum
1208 1900 1401 1947 vestrae
1449 1892 1616 1962 partis
1656 1894 1938 1964 episcopus

357 1984 762 2050 ordinatusest,
783 1981 975 2036 debeat
1000 1981 1169 2048 vobis,
1192 1980 1405 2052 quando
1432 1981 1718 2051 loquimur,
1749 1982 1938 2037 distin-

354 2075 550 2130 ctionis
571 2086 730 2130 caiisa
766 2071 880 2128 indi
914 2072 1252 2128 vocabulum.
1297 2068 1451 2140 Quod
1488 2081 1664 2128 tamen
1700 2072 1936 2131 haeretici

355 2165 495 2231 sitis,
525 2172 583 2220 et
613 2163 737 2221 ideo
764 2176 834 2219 ne
856 2161 1153 2233 deeipiatis,
1181 2162 1488 2218 cautissime
1515 2161 1806 2232 devitandi,
1836 2165 1940 2222 nisi

355 2253 639 2325 diligenter
665 2252 1034 2309 demonstrare
1059 2264 1343 2320 curavero,
1379 2262 1485 2307 non
1513 2266 1727 2323 parvam
1751 2256 1941 2329 negli-

354 2346 550 2417 gentia:
576 2346 789 2415 cuipam
811 2358 908 2415 pro
936 2344 1040 2399 mei
1068 2342 1227 2398 ofﬁcii
1247 2342 1457 2399 sarcina
1484 2343 1776 2400 incurram.

427 2437 658 2495 CAPUT
683 2433 775 2494 Ill.
792 2464 864 2478 --
880 2437 935 2493 Δ.
974 2436 1289 2506 Quanquam
1316 2434 1368 2490 id
1397 2434 1538 2506 quod
1558 2436 1699 2492 inter
1724 2452 1823 2493 nos
1846 2452 1940 2494 ac-

357 2531 491 2588 cidit
510 2529 777 2597 ,sellisma
807 2526 984 2598 potius
1006 2539 1167 2598 quam
1198 2526 1445 2583 haeresim
1475 2540 1667 2583 censes
1682 2529 1941 2598 appellari

354 2631 630 2692 oportere,
667 2626 725 2675 et
757 2617 901 2689 quod
924 2629 1048 2672 raro
1066 2615 1265 2672 audere
1282 2615 1544 2671 dialectici
1562 2616 1753 2686 solent,
1777 2618 1937 2674 etiam

354 2712 755 2772 deﬁnitionibus
782 2712 882 2767 ista
920 2709 1218 2775 discernis;
1249 2707 1336 2764 ubi
1358 2716 1612 2779 quantum
1647 2724 1745 2765 nos
1785 2710 1939 2780 adius

354 2821 474 2873 ves,
518 2805 649 2860 satis
682 2802 1053 2859 demonstrare
1078 2816 1185 2856 non
1216 2809 1424 2871 potero,
1465 2801 1564 2855 nisi
1610 2816 1675 2857 ex
1717 2800 1939 2873 epistola

354 2907 449 2951 tua
476 2897 706 2952 inseram
734 2894 892 2949 verba
918 2903 1027 2948 tua.
1052 2892 1191 2958 Quid
1212 2892 1310 2947 sibi
1336 2893 1460 2957 vult,
1489 2890 1682 2962 inquis,
1709 2894 1846 2959 quod
1863 2895 1941 2950 ais

354 2987 709 3042 nauticarum
732 2984 1031 3055 sacrilegum
1056 2997 1276 3037 errorem
1313 2980 1451 3053 (Lib.
1477 2981 1495 3034 l
1520 2993 1695 3036 contra
1724 2982 1943 3039 Litteras

360 3076 624 3139 l'etilinni,
672 3092 728 3129 n.
769 3075 863 3143 i)?
906 3072 1043 3127 Nam
1081 3072 1295 3128 hereses
1332 3072 1535 3126 nonnisi
1575 3074 1705 3127 inter
1745 3073 1943 3129 diversa

350 3178 616 3242 mles
641 3169 752 3238 ﬁeri
781 3167 962 3233 solent,
1008 3181 1101 3220 nec
1127 3165 1390 3221 hereticus
1414 3167 1513 3222 nisi
1553 3168 1824 3223 contrarie
1863 3168 1943 3223 vel

348 3260 506 3314 aliter
532 3260 877 3329 itttefpretale
903 3254 1160 3326 religionis
1183 3264 1256 3309 est
1274 3253 1461 3323 cultor,
1507 3265 1562 3309 ut
1603 3267 1718 3311 sunt
1761 3256 1941 3312 Mani-

344 3350 507 3415 chsli,
530 3348 731 3413 Ariani,
780 3346 1100 3399 Marcionita!
1119 3385 1137 3412 ,
1184 3344 1480 3412 Nouatiani,
1516 3348 1779 3417 ceterique
1815 3360 1943 3420 quo-

342 3457 470 3495 rum
499 3441 635 3493 inter
655 3454 709 3491 se
732 3444 906 3491 contra
931 3434 1085 3504 ﬁdem
1111 3434 1437 3489 christianam
1477 3436 1671 3492 diuersa
1697 3439 1942 3494 sententia

340 3543 474 3589 stat.
511 3530 659 3584 Inter
681 3544 794 3595 nos,
821 3529 1001 3599 quibus
1019 3527 1151 3582 idem
1174 3526 1404 3584 Christus
1424 3539 1594 3598 natus,
1634 3543 1860 3590 mortuus
1894 3544 1941 3590 et

340 3635 644 3693 resurgens,
703 3635 808 3673 una
852 3619 1051 3689 religio,
1095 3618 1271 3673 eadem
1297 3618 1629 3676 Sacramenta
1646 3664 1661 3689 ,
1716 3625 1846 3679 nihil
1885 3626 1940 3679 in

342 3716 634 3772 christiana
653 3712 990 3787 obseruatione
1016 3709 1287 3777 diuersum,
1315 3712 1534 3766 schisma
1573 3716 1787 3785 factum,
1836 3734 1940 3771 non

344 3808 561 3864 heresis
587 3806 792 3859 dicitur.
842 3803 1105 3875 Siquidem
1133 3802 1335 3857 heresis
1380 3813 1453 3857 est
1490 3804 1688 3859 diversa
1725 3823 1940 3875 seque"-

344 3902 478 3953 tium
502 3905 676 3950 secta:
700 3895 919 3948 schisma
953 3908 1084 3959 vero,
1118 3892 1293 3946 cadent
1320 3894 1628 3959 sequentium
1665 3898 1938 3965 separatio.

346 3992 530 4057 Quare
547 3997 593 4042 et
612 3988 665 4041 in
682 3987 796 4052 hoc,
809 3985 978 4041 studio
999 3982 1322 4051 criminandi,
1338 4001 1484 4056 quem
1503 3993 1557 4040 tu
1579 3986 1849 4043 incurreris
1868 3990 1942 4044 vi-

345 4081 438 4135 des
455 4094 681 4135 errorem
702 4080 742 4144 ¹,
759 4091 876 4131 cum
889 4073 1026 4145 quod
1043 4073 1260 4130 schisma
1280 4085 1354 4130 est
1373 4076 1604 4131 heresim
1633 4094 1800 4134 vocas.
1816 4079 1943 4139 Haec

345 4186 550 4240 nemm
587 4170 746 4224 verba
772 4175 859 4224 tua
899 4174 1046 4234 sunt,
1090 4182 1210 4238 qua;
1243 4168 1396 4238 posui
1423 4183 1490 4224 ex
1517 4170 1738 4240 epistola
1771 4181 1878 4228 tua.

417 4260 655 4318 CAPUT
686 4258 774 4317 iV.
804 4289 876 4301 —
900 4258 953 4315 5.
981 4258 1098 4314 iam
1140 4273 1282 4314 nunc
1321 4258 1559 4327 attende,
1607 4261 1652 4314 si
1695 4264 1938 4332 pertinax

343 4365 460 4410 non
480 4352 579 4419 sis,
602 4365 763 4422 quam
790 4349 932 4405 i'aeili
952 4348 1269 4418 compendio
1289 4349 1341 4404 id
1361 4349 1500 4419 quod
1524 4350 1662 4405 inter
1688 4366 1786 4406 nos
1809 4367 1939 4424 age-

345 4444 531 4507 batur,
562 4443 677 4513 ipse
702 4440 925 4496 iinieris.
965 4438 1022 4495 Si
1045 4438 1187 4495 enim
1216 4448 1270 4494 et
1300 4437 1452 4494 nobis
1499 4449 1554 4495 et
1596 4441 1752 4496 vobis
1797 4443 1936 4500 idem

340 4533 601 4590 Christus
638 4540 810 4596 natus,
862 4535 1103 4585 mortuus
1142 4543 1206 4585 ac
1252 4544 1558 4602 resurgens,
1600 4546 1702 4587 una
1729 4534 1936 4605 religio,

342 4626 541 4682 eadem
570 4626 933 4686 Sacramenta,
984 4620 1114 4676 nihil
1145 4621 1197 4676 in
1241 4619 1526 4676 christiana
1568 4622 1939 4683 observatione

343 4716 626 4773 diversum
655 4723 757 4775 est,
786 4726 966 4768 nonne
985 4710 1314 4781 rebaptizare
1335 4724 1640 4779 perversum
1668 4712 1790 4768 est?
1815 4713 1937 4771 Tria

342 4820 584 4877 namque
614 4803 861 4876 posuisti.
892 4816 1119 4872 quorum
1167 4801 1213 4855 si
1260 4816 1422 4856 unum
1467 4802 1753 4869 posuisses,
1805 4806 1937 4860 satis

339 4897 922 4970 superquesui‘iiceret.
969 4892 1239 4964 Sedquasi
1256 4901 1439 4948 contra
1469 4892 1787 4950 Donatianos
1806 4896 1936 4953 ﬁdes

341 4993 476 5048 liter
498 5000 708 5061 ageres,
737 5004 806 5044 ne
830 4988 1107 5058 quisquam
1128 4986 1211 5041 vel
1254 4985 1413 5041 nimis
1442 4995 1649 5053 acutus,
1698 4988 1749 5042 id
1794 4991 1937 5059 quod

338 5082 521 5139 semel
548 5081 887 5150 breviterque
915 5078 1164 5144 dixisses,
1194 5077 1528 5146 interpretari
1574 5077 1728 5132 aliter
1771 5095 1935 5136 conn»

339 5183 523 5240 retur,
551 5172 710 5228 etiam
741 5170 944 5226 obtusis
971 5167 1189 5223 auribus
1215 5174 1271 5222 ct
1291 5166 1540 5223 cordibus
1571 5177 1712 5222 tuam
1740 5172 1936 5228 curasti

338 5266 674 5336 immergere
698 5271 859 5333 atque
881 5258 1148 5317 inculcare
1176 5260 1519 5323 sententiam,
1567 5258 1703 5328 Una,
1739 5264 1932 5333 inquis,

335 5356 549 5427 religio,
572 5354 748 5411 eadem
778 5351 1128 5414 Sacramenta,
1169 5349 1299 5404 nihil
1321 5350 1375 5404 in
1403 5351 1680 5405 christiana
1707 5353 1935 5409 observa-

337 5450 490 5504 tione
506 5449 774 5502 diuersum.
788 5445 858 5502 Et
885 5445 1057 5500 adhuc
1080 5442 1336 5499 adversus
1351 5441 1577 5498 invicem
1596 5443 1939 5500 laboramus?

331 5541 463 5598 lam
495 5540 708 5597 tandem
746 5536 1029 5609 aliquando
1056 5533 1301 5591 cohibete
1328 5531 1742 5603 dissensionem,
1783 5537 1936 5592 iiuite

329 5635 521 5695 litem,
547 5639 727 5688 amate
753 5643 961 5700 pacem.
1007 5626 1145 5694 Quid
1193 5624 1534 5697 reprobatis?
1578 5626 1704 5698 quid
1750 5626 1936 5685 exsuf-

397 5772 418 5803 ι
460 5768 603 5836 Μία,
625 5781 768 5830 quem
790 5774 843 5836 tu
882 5763 1112 5836 incurris,
1155 5776 1247 5814 non
1284 5762 1416 5836 vides
1436 5775 1669 5816 errorem.
1711 5773 1767 5818 Αι
1805 5774 1935 5830 Mss,

320 5842 490 5895 quae!
510 5836 562 5881 tu
574 5827 861 5891 incurrerit.
884 5827 1033 5889 vides.
1055 5839 1268 5879 errorem
1278 5839 1299 5889 ;
1316 5827 1510 5888 omisso,
1536 5838 1648 5877 non.

1653 398 1854 457 LIBER
1888 392 2265 455 SECUNDUS.
3062 388 3089 405 “’

3498 400 3613 465 4⁸1ον

2037 510 2219 568 datis?
2262 515 2436 583 Quare
2494 518 2871 591 reliaptizatis?
2922 523 3037 580 Una
3085 528 3260 600 religio
3302 538 3404 596 est,
3442 532 3613 588 adorn

2035 602 2386 670 Sacramenta,
2414 608 2543 663 nihil
2581 612 2632 665 in
2652 609 2928 669 christiana
2954 615 3295 676 observatione
3338 621 3605 678 diversum.

2032 690 2164 751 Nam
2195 696 2239 751 si
2269 699 2416 754 vobis
2445 711 2498 756 et
2524 703 2676 759 nobis
2726 723 2829 761 non
2861 718 2942 764 est
2968 727 3103 768 unus
3130 713 3454 785 Baptismus,
3481 736 3607 787 qum

2035 788 2194 844 modo
2213 797 2295 846 est
2316 807 2420 848 una
2437 794 2661 866 religio?
2685 796 2790 853 Sed
2810 809 2862 854 tu
2886 801 3083 867 dixisti,
3107 803 3229 861 Una
3250 809 3427 880 religio
3448 827 3466 863 :
3485 829 3611 883 ergo

2035 886 2090 933 et
2115 894 2251 935 unus
2280 879 2597 951 Baptismns.
2622 886 2896 954 Quomodo
2924 902 3047 947 sunt
3074 894 3260 950 eadem
3291 879 3612 957 sacramen-

2037 971 2123 1025 ta?
2143 969 2247 1027 Sed
2272 984 2326 1027 tu
2356 975 2557 1041 dixisti,
2592 983 2764 1034 eadem
2796 980 3130 1040 Sacramenta
3152 1003 3172 1042 :
3200 988 3340 1046 idem
3387 1008 3527 1064 ergo.
3559 1007 3614 1051 et

2037 1061 2355 1131 Baptismus.
2385 1066 2512 1122 item
2540 1069 2583 1124 si
2612 1070 2763 1128 nobis
2783 1082 2837 1128 et
2864 1074 3014 1131 vobis
3037 1077 3285 1138 diversus
3306 1094 3391 1139 est
3433 1061 3615 1156 [ξηιλιί-

2036 1170 2204 1224 smus,
2233 1160 2498 1229 quomodo
2524 1163 2651 1218 nihil
2674 1174 2757 1220 est
2801 1164 2856 1221 in
2901 1169 3187 1226 christiana
3237 1175 3613 1237 observatione

2037 1244 2304 1305 diversum
2327 1250 2353 1304 τ
2380 1251 2488 1308 Sed
2518 1262 2572 1309 tu
2603 1254 2805 1324 dixisti,
2838 1258 2967 1313 nihil
2990 1260 3042 1314 in
3072 1261 3350 1320 christiana
3379 1267 3614 1325 observa-

2037 1337 2171 1394 tione
2197 1340 2447 1397 diversum
2476 1362 2489 1399 :
2519 1361 2626 1400 non
2652 1363 2778 1418 ergo
2802 1358 2884 1403 est
2908 1351 3149 1413 diversus
3166 1364 3224 1411 et
3246 1355 3554 1428 Baptismns
3574 1364 3616 1416 ⁸.

2037 1428 2170 1496 Quae
2196 1445 2317 1486 cum
2345 1433 2414 1487 ita
2441 1434 2566 1499 sint,
2611 1453 2708 1492 nos
2738 1448 2881 1495 recte
2905 1442 3044 1510 quod
3073 1460 3233 1501 unum
3262 1456 3420 1520 atque
3451 1450 3615 1520 idem,

2040 1536 2214 1592 neque
2239 1523 2506 1581 diversum
2535 1537 2636 1592 est,
2672 1545 2768 1584 nec
2809 1531 3191 1603 improbemus,
3231 1554 3331 1595 nec
3367 1543 3621 1599 exsulib-

2039 1627 2178 1677 mus,
2226 1630 2327 1670 nec
2379 1618 2671 1682 iteramus;
2721 1619 2817 1675 sed
2858 1624 3226 1693 agnoscimus,
3276 1631 3621 1703 suscipimus,

2041 1714 2398 1774 acceptamus.
2427 1706 2535 1763 Vos
2562 1725 2691 1767 .vero
2717 1711 2900 1781 impie,
2923 1714 3063 1784 quod
3093 1732 3254 1772 unum
3275 1728 3435 1790 atque
3456 1723 3619 1793 idem.

2042 1808 2212 1863 neque
2238 1794 2504 1854 diversum
2524 1807 2624 1864 est,
2640 1801 2986 1859 dissimulatis
3004 1820 3319 1877 agnoscere.
3348 1813 3622 1884 suscipere

2042 1887 2319 1953 recusatis,
2364 1900 2645 1960 acceptare
2670 1907 2773 1946 non
2814 1894 3007 1961 vultis;
3055 1899 3150 1953 sed
3181 1901 3375 1971 eligitis
3420 1905 3624 1975 impro-

2042 1974 2193 2042 bare,
2212 1979 2416 2034 audetis
2441 1982 2742 2050 exsulilare,
2772 2000 2878 2041 non
2905 1989 3142 2046 metuitis
3167 1991 3381 2050 iterare.
3412 1994 3480 2050 Et
3500 1974 3622 2053 eun

2046 2067 2099 2122 in
2131 2068 2234 2124 hoc
2260 2071 2374 2141 ipso
2403 2073 2543 2142 quod
2571 2090 2634 2129 ea
2662 2091 2781 2147 qua:
2807 2078 2945 2134 inter
2983 2096 3084 2155 nos
3104 2092 3306 2147 mutata
3344 2102 3449 2144 non
3476 2100 3622 2155 sunt,

2045 2173 2144 2214 nos
2171 2160 2507 2229 suscipimus,
2554 2179 2649 2220 vos
2680 2167 2934 2237 rcpeilitis
2956 2152 2991 2235 ς’
3018 2185 3115 2229 nos
3165 2174 3210 2229 si
3253 2189 3285 2229 a
3317 2177 3467 2233 vobis
3499 2152 3623 2234 data

2044 2260 2189 2320 sunt,
2221 2252 2341 2309 data
2364 2254 2687 2325 judicamus,
2728 2274 2823 2315 vos
2848 2260 2892 2315 si
2920 2277 2950 2315 a
2982 2263 3139 2319 nobis
3164 2264 3287 2321 data
3316 2275 3460 2337 sunt,
3511 2281 3626 2327 tan-

2045 2356 2204 2412 quam
2232 2356 2337 2398 non
2354 2343 2474 2399 data
2497 2348 2736 2416 repetitis
2765 2366 2780 2403 :
2806 2365 2926 2406 cum
2948 2360 3052 2406 tam
3073 2354 3280 2410 diversa
3302 2358 3623 2429 sequamini,

2045 2433 2301 2503 appellari
2332 2449 2428 2490 vos
2450 2436 2730 2493 haereticos
2749 2436 3132 2510 dedignamini.

2119 2523 2171 2576 6.
2207 2524 2435 2581 Attende
2472 2526 2754 2597 diligenter
2790 2529 2914 2599 quid
2950 2529 3119 2599 dicas,
3162 2541 3219 2588 et
3260 2535 3386 2605 quid
3429 2536 3625 2594 dicam.

2046 2612 2126 2669 Tu
2152 2625 2298 2670 certe
2326 2617 2557 2673 deﬁnisti
2591 2627 2646 2674 et
2680 2618 2883 2688 dixisti,
2933 2619 3156 2679 Heresis
3199 2636 3273 2679 est
3316 2625 3516 2682 diversa
3538 2647 3623 2686 se-

2047 2705 2303 2775 quentium
2323 2718 2458 2761 secta
2487 2725 2505 2762 :
2533 2709 2752 2763 schisma
2783 2725 2917 2778 vero,
2945 2711 3117 2765 eadem
3137 2716 3450 2784 sequentium
3479 2734 3629 2786 sepa-

2045 2794 2197 2848 ratio.
2230 2792 2358 2850 item
2385 2803 2440 2850 tu
2467 2795 2666 2861 dixisti,
2694 2798 2833 2853 nobis
2854 2809 2899 2853 et
2934 2800 3067 2855 vobis
3100 2818 3255 2857 unum
3288 2822 3394 2858 esse
3427 2808 3633 2878 religie-

2048 2896 2182 2951 ttem,
2210 2884 2385 2939 eadem
2412 2885 2763 2954 Sacramenta,
2784 2889 2912 2943 nihil
2935 2890 2985 2943 in
3002 2890 3275 2946 christiana
3288 2895 3632 2954 observatione

2047 2973 2321 3029 diversum.
2378 2975 2555 3042 Quare
2589 2992 2718 3048 ergo
2764 2980 3062 3049 rebaptizas
3107 2983 3480 3052 christianum,
3528 3004 3630 3061 ego

2046 3063 2153 3119 non
2196 3063 2509 3135 rebaptizo?
2551 3068 2770 3125 Diversa
2818 3070 2997 3141 utique
3014 3074 3307 3143 sequimur.
3354 3077 3530 3145 Quare
3578 3092 3630 3138 te

2046 3152 2150 3211 dici
2179 3170 2286 3211 non
2311 3158 2391 3213 vis
2421 3157 2729 3215 haereticum
2754 3160 2817 3215 ’ἲ
2841 3158 2976 3217 Puto
3000 3163 3142 3234 quod
3159 3180 3261 3219 non
3286 3182 3449 3236 parvo
3473 3171 3628 3242 signo

2046 3258 2397 3317 agnoscamus
2421 3247 2723 3318 haereticos,
2762 3252 2998 3321 quicum
3029 3254 3130 3310 sibi
3176 3266 3231 3312 et
3271 3259 3426 3316 nobis
3468 3278 3628 3329 unam

2046 3338 2378 3409 religionem,
2426 3339 2612 3396 eadem
2644 3340 3010 3411 Sacramenta,
3061 3347 3193 3403 nihil
3243 3349 3297 3404 in
3338 3350 3629 3411 christiana

2044 3429 2418 3486 observatione
2467 3430 2736 3487 diVersum
2790 3448 2910 3490 esse
2958 3436 3242 3506 fateantur,
3289 3440 3482 3497 nolunt
3531 3460 3629 3501 nos

2045 3535 2338 3591 agnoscere
2374 3523 2688 3593 baptizatos.
2733 3526 2815 3580 An
2848 3535 2991 3583 tanta
3023 3529 3378 3589 obstinatione
3407 3544 3630 3592 conten-

2044 3609 2189 3675 ditis,
2234 3621 2381 3667 tanta
2399 3612 2735 3672 dissensione
2772 3617 2979 3672 veritati
3023 3619 3288 3686 resistitis,
3348 3632 3408 3681 ut
3446 3640 3475 3677 a
3501 3626 3633 3682 reli-

2044 3701 2221 3771 gione,
2243 3717 2275 3756 a
2294 3700 2671 3768 Sacramentis.
2696 3722 2724 3758 a
2742 3705 3029 3762 christiana
3057 3710 3430 3768 observatione
3443 3714 3625 3787 Bapti-

2046 3805 2220 3845 smum
2272 3793 2531 3860 separetis
2546 3794 2571 3846 τ
2590 3793 2740 3861 Quod
2769 3797 2814 3849 si
2860 3796 3051 3864 tacitis,
3076 3799 3129 3854 in
3142 3814 3207 3855 eo
3225 3801 3357 3857 estis
3371 3801 3627 3873 haeretici,

2045 3880 2186 3952 quod
2211 3879 2278 3935 ad
2304 3880 2634 3952 religionem,
2683 3883 2750 3937 ad
2780 3882 3146 3952 Sacramenta,
3194 3888 3261 3944 ad
3305 3891 3628 3952 observatio-

2048 3985 2172 4025 nem
2200 3969 2546 4026 cbristianam
2574 3972 2903 4042 Baptismum
2931 3978 3198 4046 pertinere
3229 3995 3334 4036 non
3365 3983 3541 4039 vultis.
3569 3986 3627 4044 Si

2047 4070 2225 4116 autem
2255 4076 2360 4117 non
2390 4060 2585 4129 facitis,
2615 4065 2667 4119 in
2700 4080 2766 4121 eo
2791 4066 2919 4121 estis
2944 4065 3206 4138 haeretici,
3228 4073 3369 4143 quod
3414 4090 3509 4133 eos
3536 4081 3627 4150 qui

2046 4151 2318 4207 vobiscum
2377 4153 2572 4209 habent
2615 4171 2774 4210 unam
2823 4157 3155 4228 religionem,
3203 4161 3391 4218 eadem
3436 4164 3626 4222 Sacra-

2047 4250 2247 4310 menta,
2296 4242 2427 4298 nihil
2472 4244 2524 4298 in
2571 4245 2860 4301 christiana
2910 4249 3283 4308 observatione
3332 4254 3625 4323 diversum.

2045 4348 2166 4388 cum
2191 4344 2247 4388 et
2266 4334 2588 4405 Baptismum
2618 4337 2682 4393 ad
2706 4339 3038 4410 religionem,
3070 4344 3136 4397 ad
3165 4343 3528 4417 Sacramenta,
3556 4354 3626 4408 ad

2045 4425 2389 4481 christianum
2419 4427 2847 4485 observationem
2890 4432 3163 4503 pertinere
3204 4435 3497 4505 fateamini,
3548 4450 3629 4497 ta-

2047 4532 2167 4571 men
2198 4517 2557 4588 rebaptizatis.
2597 4521 2825 4578 Attende
2864 4524 3005 4579 enim
3034 4525 3318 4596 diligenter
3361 4530 3629 4588 deﬁnitio-

2047 4622 2169 4662 nem
2198 4616 2364 4675 tuam,
2394 4608 2447 4663 in
2477 4625 2578 4681 qua
2600 4610 2800 4678 dixisti,
2832 4611 3058 4669 Heresis
3084 4627 3157 4670 est
3185 4616 3382 4675 diversa
3412 4637 3626 4693 sequen-

2048 4699 2173 4752 tium
2209 4709 2380 4754 secta:
2406 4709 2460 4756 et
2497 4700 2616 4756 vide
2642 4711 2820 4758 utrum
2864 4720 2967 4760 non
3007 4706 3274 4763 diversum
3318 4714 3628 4783 sequimini,

2044 4798 2136 4844 aut
2173 4790 2469 4861 separando
2519 4793 2839 4863 Baptismuin
2880 4812 2909 4849 a
2955 4798 3201 4869 religiosa
3252 4801 3632 4861 observatione

2045 4884 2455 4940 Christianorum
2481 4884 2972 4952 Sacrameutoruin,
3002 4891 3197 4961 quibus
3217 4908 3337 4949 eum
3366 4910 3463 4951 nos
3490 4897 3631 4955 inter

2047 4994 2235 5049 magna
2262 4978 2669 5051 coniungimus;
2700 4992 2790 5036 aut
2819 4996 2913 5037 eos
2932 4999 3051 5038 cum
3074 4985 3266 5054 quibus
3295 4986 3350 5041 in
3381 5003 3482 5043 una
3509 4990 3630 5045 reli-

2043 5071 2190 5143 giosa
2242 5071 2612 5126 observatione
2685 5072 3095 5131 Christianorum
3156 5076 3627 5136 Sacramentorutu

2044 5165 2204 5218 etiam
2230 5163 2533 5234 Baptismus
2554 5180 2693 5221 unus
2716 5176 2818 5233 est,
2849 5176 3024 5225 tamen
3056 5169 3458 5241 rebaptizaudo,
3481 5173 3629 5244 quod

2043 5270 2141 5312 nos
2167 5257 2512 5313 detestamur.

2115 5352 2340 5410 CAPUT
2385 5351 2446 5407 ν.
2473 5383 2546 5394 -
2575 5353 2629 5409 7.
2680 5353 2849 5422 Quam
2880 5355 3092 5425 vellem,
3134 5357 3179 5411 si
3218 5373 3452 5428 possem,
3497 5374 3618 5414 cum

2042 5444 2272 5516 aliquem
2299 5444 2580 5517 deceptum
2602 5460 2666 5501 ex
2692 5445 2889 5503 nostris
2914 5444 3182 5514 ﬁdelibus,
3233 5449 3397 5505 vestri
3435 5449 3622 5506 nefan-

2108 5579 2126 5610 ι
2148 5584 2225 5628 Er.
2248 5577 2395 5642 Lugd.
2443 5585 2658 5647 e_t_Ven.,
2680 5591 2775 5630 non
2813 5591 2931 5644 ergo
2965 5579 3187 5647 diversus
3220 5588 3293 5632 est
3338 5580 3626 5647 neptium.

2044 5640 2369 5716 “172-909.?
2369 5640 2590 5716 9⁰1¹ίυεν
2590 5655 2673 5693 ³³⁸³
2694 5646 2832 5716 εεεει
2856 5640 3145 5716 ιῖιξριίηῖευεε
3164 5649 3266 5716 ,.⁵¹·
3360 5703 3383 5716 ..
3408 5640 3419 5647 ’
3442 5705 3454 5716 .

2078 5706 2081 5709 ’
2110 5702 2130 5732 ²
2148 5708 2248 5752 Duo
2270 5702 2396 5768 tussi:
2423 5712 2577 5768 Quare
2594 5715 2714 5768 ergo
2734 5702 3005 5768 rebaptiaas
3017 5702 3341 5755 christianum
3358 5703 3383 5757 .’
3402 5705 3629 5758 siautem

2043 5763 2396 5840 interese
2412 5763 2688 5840 ἀφανέειά
2708 5763 3070 5840 camare.
3089 5779 3195 5837 ,εσυ
3370 5768 3626 5840 remum.

2048 5824 2239 5878 diters'a
2260 5824 2423 5891 utique
2446 5824 2721 5891 sequimur;
2757 5840 2907 5892 quare
2930 5831 2977 5879 te
2999 5827 3098 5881 dici
3120 5824 3213 5882 non
3236 5832 3303 5882 vis
3322 5831 3411 5883 Ιιιιί
3426 5824 3632 5883 uicum!
