4066 6200
467 369 559 424 ιη
936 386 972 409 κ

465 480 548 532 dis
578 476 988 534 inteumcndum
1032 473 1241 531 insidiis
1289 472 1581 541 excipiunt,
1613 484 1734 523 cum
1773 466 1910 537 apud
1955 480 2053 519 nos

470 570 570 638 iam
616 567 958 635 baptizatum,
1018 578 1113 618 nec
1158 562 1386 633 erupisse
1430 560 1613 617 dicunt
1640 574 1759 614 esse
1807 557 2053 613 christia-

471 674 618 720 num,
669 670 786 709 cum
816 664 1064 724 tanquam
1103 669 1362 724 paganum
1388 650 1691 716 exsufﬂant,
1741 664 1860 705 cum
1908 658 2051 703 cate-

471 749 789 802 chntnenum
810 746 1029 811 faciunt,
1052 755 1109 800 ut
1131 754 1429 814 prteparent
1444 742 1636 797 deinde
1660 738 2049 808 retingendum,

469 841 548 894 vel
587 840 762 909 potius
788 836 1274 908 exstinguendum;
1321 844 1539 905 repente
1582 831 1829 887 alicunde
1855 831 2051 885 existe-

471 948 528 986 re
553 933 592 997 ‘,
626 946 744 985 cum
776 930 876 985 hac
903 931 1124 1000 epistola
1159 939 1266 991 tua,
1294 938 1346 982 et
1368 929 1508 982 hunc
1534 928 1703 996 ipsum
1733 925 1848 994 ejus
1876 924 2052 977 locum

470 1027 523 1080 in
556 1020 745 1075 modiis
761 1037 943 1075 eorum
972 1021 1192 1075 ausibus
1213 1018 1485 1074 recitando
1505 1017 1776 1088 porrigere
1802 1024 1855 1069 et
1874 1012 2054 1069 excla-

475 1128 620 1167 mare
644 1132 656 1167 :
680 1113 815 1179 Quid
844 1112 1057 1167 facitis?
1089 1114 1245 1179 Ecce,
1278 1111 1477 1177 audite,
1506 1109 1700 1176 videte,
1731 1108 1890 1179 legite
1911 1123 1926 1173 ;
1947 1122 2049 1161 una

473 1213 556 1258 εει
577 1204 728 1258 nobis
754 1204 1008 1273 vobisque
1050 1204 1255 1272 religio,
1288 1202 1473 1258 eadem
1507 1201 1871 1265 Sacramenta,
1922 1197 2055 1252 nihil

474 1296 526 1348 in
582 1294 871 1349 christiana
913 1294 1285 1349 observatione
1325 1293 1591 1347 diversum
1629 1292 1720 1346 :in
1768 1290 1919 1360 cujus
1954 1305 2055 1345 noo

479 1387 619 1441 mine
648 1387 747 1441 iste
775 1387 1068 1455 baptizatus
1105 1387 1174 1440 sit
1201 1386 1343 1455 prius
1384 1386 1725 1455 interrogate,
1759 1393 1812 1439 et
1846 1392 1972 1439 tunc
2010 1383 2055 1437 si

474 1477 635 1531 alium
665 1478 938 1532 meliorem
985 1477 1034 1531 in
1067 1484 1244 1531 vestro
1275 1476 1545 1545 Baptismo
1576 1474 1879 1539 nominatis,
1911 1473 2052 1528 date.

468 1566 624 1621 'l’unc
650 1566 725 1620 illi
764 1566 1008 1631 fortasse,
1043 1566 1087 1619 si
1132 1580 1236 1620 non
1268 1566 1380 1635 ipsa
1406 1581 1585 1620 rerum
1632 1564 1894 1619 evidentia
1920 1578 2054 1618 con-

476 1659 867 1725 tremiscereut,
896 1658 1150 1713 continuo
1173 1657 1456 1711 consilium
1488 1672 1663 1721 suum,
1698 1671 1946 1726 magnum
1980 1656 2056 1709 vi-

473 1746 667 1805 delicet
713 1759 871 1819 atque
917 1751 1471 1819 acutum,proferrent
1512 1758 1566 1805 et
1617 1749 1856 1804 dicerent
1882 1764 1896 1801 :
1926 1748 2057 1815 Quis

475 1841 575 1896 iste
598 1857 630 1896 e
658 1842 812 1897 nobis
838 1851 940 1906 est,
973 1845 1123 1911 cujus
1146 1843 1425 1912 epistolam
1451 1842 1627 1912 geris?
1654 1842 1845 1895 Laieus
1874 1852 2057 1895 noster

475 1940 558 1985 est
587 1948 602 1983 :
633 1933 784 1986 nobis
813 1934 1070 1998 vinceret,
1097 1934 1325 1987 vincitur
1362 1932 1482 1987 sibi.
1530 1932 1662 1985 Tum
1692 1947 1790 2002 ego
1821 1933 1865 1986 si
1896 1932 2055 1986 ades-

474 2036 610 2088 sem,
639 2038 928 2079 conversus
951 2024 1016 2078 ad
1048 2033 1097 2078 te
1125 2023 1357 2078 dicerem
1391 2040 1403 2077 :
1435 2023 1513 2076 Tu
1554 2023 1761 2085 saltem,
1808 2022 2053 2087 obsecro,

474 2112 561 2167 die
588 2114 762 2181 nobis,
800 2115 923 2184 quid
947 2114 1034 2168 isti
1065 2114 1305 2168 faciunt?
1354 2113 1492 2167 Ecce
1522 2112 1661 2182 apud
1694 2127 1790 2167 nos
1818 2113 2053 2182 baptiza-

475 2213 584 2258 tum
614 2204 941 2274 rebaptizare
969 2206 1273 2275 disponunt.
1305 2204 1461 2259 Certe
1488 2219 1615 2275 ergo
1641 2205 1781 2259 nobis
1822 2213 1870 2257 et
1918 2205 2055 2258 vobis

474 2312 578 2351 rma
604 2295 801 2366 religio,
833 2296 1004 2349 eadem
1031 2296 1381 2361 Sacramenta,
1404 2294 1535 2349 nihil
1576 2295 1628 2348 in
1658 2294 1932 2348 christiana
1963 2294 2054 2348 ob-

474 2388 751 2441 servatione
793 2387 1084 2441 diversum?
1145 2388 1224 2441 An
1268 2386 1642 2457 responderes,
1697 2385 1804 2440 Sed
1857 2386 2055 2440 Christi

477 2477 775 2547 Baptismus
803 2494 905 2531 non
923 2487 1004 2532 est
1030 2478 1236 2547 religio,
1256 2491 1358 2531 non
1383 2486 1465 2532 est
1489 2476 1915 2543 Sacramentum,
1949 2492 2054 2531 non

473 2578 557 2624 est
580 2569 881 2625 observatio
915 2569 1244 2625 christiana?
1276 2570 1541 2625 Averterit
1576 2568 1717 2623 Deus
1743 2569 1929 2623 hanca
1968 2576 2056 2623 tua

473 2669 653 2716 mente
682 2660 1024 2715 dementiam.
1070 2660 1205 2728 Quid
1235 2660 1393 2731 igitur
1420 2660 1548 2714 mihi
1582 2658 1934 2729 responderes
1964 2675 2058 2715 ur-

471 2752 614 2822 genti
642 2767 703 2806 ac
724 2751 944 2807 dicenti.
973 2744 1087 2807 Una
1111 2751 1267 2805 nobis
1295 2751 1549 2820 vobisque
1572 2750 1755 2820 religio
1790 2760 1871 2805 est
1896 2768 1908 2805 :
1938 2751 2057 2821 qui-

471 2842 571 2897 bus
598 2851 773 2897 autem
802 2832 1101 2913 Uaptismus
1130 2859 1266 2898 unus
1294 2858 1397 2897 non
1428 2850 1531 2906 est,
1560 2858 1664 2896 non
1684 2850 1765 2896 est
1794 2857 1894 2896 una
1926 2842 2055 2897 reli-

469 2935 556 3003 gio
588 2954 602 2990 :
630 2950 758 3005 ergo
788 2936 940 2990 nobis
960 2936 1214 3005 vobisque
1243 2951 1379 2990 unus
1396 2942 1477 2990 est
1497 2934 1816 3003 Baptismus.
1850 2932 2052 2988 Eadem

470 3023 626 3079 nobis
651 3032 705 3078 et
732 3024 884 3078 vobis
906 3033 1029 3079 sunt
1072 3023 1413 3077 Sacramenta
1448 3041 1460 3076 :
1490 3021 1682 3092 quibus
1730 3030 1907 3076 autem
1952 3022 2055 3076 Ba-

469 3117 696 3184 ptismus
722 3114 860 3169 idem
888 3131 993 3169 non
1021 3122 1121 3179 est,
1158 3129 1263 3168 non
1293 3122 1416 3168 sunt
1448 3113 1634 3168 eadem
1670 3113 2013 3170 Sacramenta
2038 3131 2054 3169 :

470 3220 599 3275 ergo
628 3204 766 3259 idem
803 3205 955 3258 nobis
1005 3212 1059 3257 et
1094 3203 1246 3259 vobis
1298 3213 1381 3259 est
1429 3204 1746 3273 Baptismus.
1792 3203 1928 3257 Nihil
1973 3212 2056 3258 est

472 3299 628 3353 nobis
653 3306 707 3353 et
737 3298 886 3352 vobis
916 3298 969 3351 in
995 3295 1281 3351 christiana
1314 3296 1695 3358 observatione
1740 3296 2006 3350 diversum
2036 3311 2051 3348 :

476 3389 668 3459 quibus
707 3396 882 3442 autem
932 3387 1173 3442 diversus
1215 3397 1295 3441 est
1338 3386 1671 3457 Baptismus,
1718 3402 1821 3440 non
1873 3386 2055 3455 utique

474 3479 602 3533 nihil
625 3488 707 3534 est
747 3479 798 3531 in
848 3476 1133 3531 christiana
1162 3477 1535 3531 observatione
1580 3475 1849 3529 diversum
1896 3494 1909 3529 :
1949 3490 2053 3529 non

477 3584 604 3639 ergo
655 3569 807 3622 nobis
854 3577 909 3621 et
956 3567 1107 3621 vobis
1130 3555 1374 3621 diversus
1419 3576 1500 3621 est
1560 3566 1882 3636 Baptismns.
1947 3566 2054 3620 Cur

472 3661 614 3730 quod
643 3668 817 3714 unum'
831 3669 910 3714 est
939 3659 1304 3729 improbatur?
1347 3674 1440 3712 cur
1456 3657 1596 3725 quod
1616 3657 1754 3713 idem
1769 3666 1851 3714 est
1876 3656 2054 3714 exsuf-

476 3752 659 3807 llatur?
688 3768 784 3807 cur
812 3751 951 3821 quod
979 3767 1082 3805 non
1112 3750 1376 3805 diversum
1399 3758 1479 3803 est
1510 3749 1769 3804 iteratur?

540 3843 769 3900 CAPUT
806 3843 893 3897 Vl.
926 3873 993 3885 —
1022 3843 1072 3897 8.
1108 3841 1190 3896 Me
1236 3842 1314 3895 sic
1343 3850 1531 3911 agente
1566 3841 1616 3894 in
1652 3840 1950 3909 przesentia,
1976 3841 2054 3894 sic

472 3939 721 4002 instante,
773 3935 838 3989 ad
870 3950 1002 4006 quas
1031 3932 1491 4004 tergiversationes
1515 3931 1870 4000 confugeretis
1898 3931 1921 3984 ‘l
1967 3930 2057 3983 Vi-

471 4028 662 4083 delicet
691 4034 1089 4082 contemnerent
1126 4024 1175 4077 in
1206 4023 1425 4092 cpistola
1458 4030 1543 4075 tua
1563 4020 2049 4088 illigrammaticos,

474 4131 529 4181 tn
572 4133 852 4175 accusares
879 4119 929 4172 in
985 4126 1164 4169 nostra
1209 4114 1545 4168 dialecticos:
1597 4110 1689 4164 sed
1736 4112 1932 4165 veritas
1987 4127 2053 4166 ex

471 4221 693 4281 utraque
724 4216 999 4279 superaret
1025 4206 1322 4269 barreticos,
1373 4205 1475 4258 hoc
1503 4203 1671 4256 solum
1700 4204 1752 4256 in
1777 4204 1854 4257 eis
1873 4212 2053 4258 Osten-

471 4304 604 4359 dens
628 4319 657 4357 a
682 4302 832 4355 nobis
857 4315 975 4355 esse
991 4299 1279 4360 diversum,
1305 4295 1443 4365 quod
1469 4303 1676 4346 constat
1696 4308 1813 4348 esse
1839 4309 2055 4362 perver-

468 4382 587 4448 sum
620 4411 633 4447 :
656 4391 777 4461 quia
808 4405 905 4444 nos
933 4389 1272 4443 Sacramenta
1294 4394 1470 4439 nostra
1497 4383 1884 4453 cognoscimus,
1904 4398 2057 4438 crru-

470 4501 585 4539 rem
613 4483 843 4538 alienum
896 4478 1240 4534 emendamus
1271 4493 1286 4542 ;
1314 4492 1408 4531 vos
1436 4486 1611 4529 autem
1641 4474 1827 4529 eadem
1866 4474 2055 4529 Sacra-

475 4583 651 4630 menta
676 4572 934 4637 fatemini,
959 4586 1075 4641 quae
1103 4580 1347 4638 tanquam
1376 4568 1517 4621 nulla
1545 4566 1650 4620 sint
1679 4565 1902 4631 iteratis,
1936 4580 2051 4619 ma-

468 4680 569 4734 gna
613 4663 919 4718 diversitate
948 4660 1292 4730 reprobantes
1315 4656 1454 4728 quod
1507 4656 1775 4711 diversum
1805 4670 1909 4709 non
1936 4670 2055 4711 esse

468 4754 776 4810 conceditis.

538 4844 764 4901 CAPUT
803 4844 911 4900 V'Il.
940 4874 1010 4883 —
1031 4843 1083 4898 9.
1116 4840 1346 4896 Proinde
1372 4840 1613 4911 quamvis
1666 4839 1803 4893 inter
1823 4839 2052 4894 schisma

472 4948 527 4993 ct
554 4936 799 4993 hmresim
829 4934 995 5005 magis
1021 4949 1136 4988 eam
1158 4932 1554 4986 distinctionem
1586 4930 1872 5001 approbem
1899 4972 1913 4994 ,
1948 4945 2051 4999 qua

467 5030 662 5086 dicitur
688 5026 915 5083 schisma
948 5040 1065 5080 esse
1089 5039 1279 5079 recens
1301 5022 1722 5093 congregationis
1761 5038 1825 5077 ex
1873 5022 2050 5092 aliqua

466 5123 849 5181 sententiarum
887 5118 1191 5175 diversitate
1228 5116 1492 5171 dissensio
1548 5116 1564 5186 (
1600 5131 1768 5185 neque
1813 5115 1954 5170 enim
1999 5123 2053 5168 et

465 5216 699 5272 schisma
723 5213 834 5268 fieri
868 5219 1059 5282 potest.
1084 5210 1181 5265 nisi
1213 5209 1480 5264 diversum
1530 5207 1726 5275 aliquid
1763 5216 2053 5276 sequantur

464 5311 554 5381 qui
578 5306 815 5376 faciunt)
842 5323 857 5371 ;
887 5305 1110 5359 literesis
1141 5311 1339 5365 autem,
1373 5302 1601 5357 schisma
1654 5300 2004 5353 inveteratum
2034 5317 2047 5352 :

469 5413 643 5457 tamen
670 5399 795 5471 quid
824 5398 949 5453 hinc
975 5411 1107 5465 opus
1155 5403 1238 5450 est
1280 5394 1345 5448 ad
1393 5392 1627 5447 laborem
1672 5390 1769 5461 (a),
1801 5405 1920 5445 cum
1964 5406 2050 5445 me

472 5501 673 5546 tantum
702 5492 951 5562 adjuvent
979 5486 1316 5542 deﬁnitiones
1360 5494 1480 5547 tum,
1538 5493 1594 5537 ut
1620 5482 1664 5536 si
1716 5482 1842 5536 mihi
1874 5491 1923 5535 et
1954 5497 2048 5551 per

467 5585 609 5639 alios
633 5594 839 5639 vestros
858 5579 1259 5641 concederetur,
1291 5575 1658 5631 schismatieos
1684 5587 1778 5627 vos
1804 5573 2047 5629 libentius

531 5716 549 5745 ι
574 5719 706 5773 l.ov.,
730 5720 920 5773 repente
941 5711 1137 5761 aliunde
1154 5708 1378 5773 existere.

527 5776 602 5835 (α)
618 5771 811 5820 Videtur
830 5774 1108 5837 legendum,
1126 5778 1176 5821 ut
1196 5771 1416 5819 laborem.
1484 5774 1540 5815 tu.

1206 358 1479 416 CONTRA
1521 349 1949 412 CBESGONIUM
1980 345 2436 414 DONATISTAM,
2478 350 2537 405 S.
2580 348 2947 406 AUGUSTINI

3634 356 3748 410 ιη

2167 479 2324 534 quam
2357 464 2634 520 haereticos
2679 464 2930 520 dicerem.
2978 464 3035 523 Si
3060 465 3202 523 enim
3257 466 3487 524 schisma
3523 468 3748 535 faciunt,

2162 556 2352 624 quibus
2377 571 2496 609 cum
2525 557 2603 611 eis
2631 571 2661 609 a
2691 557 2883 626 quibus
2926 572 2985 612 se
3009 557 3252 613 dividunt
3281 576 3380 615 una
3428 562 3612 630 religio
3640 578 3749 627 est.

2159 646 2342 701 eadem
2373 648 2712 701 Sacramenta
2734 689 2749 714 ,
2776 647 2906 701 nihil
2934 648 2986 702 in
3039 648 3325 704 christiana
3376 651 3751 708 observatione

2160 737 2428 793 diversum
2464 756 2477 793 :
2507 737 2629 792 hinc
2658 747 2739 793 est
2764 748 2936 793 vestra
2984 739 3328 810 rebaptizatio
3354 740 3709 798 damnabilior
3735 763 3751 809 ;

2159 831 2280 901 quia
2312 830 2363 884 iu
2405 846 2508 885 una
2540 831 2814 901 religione,
2844 831 3045 886 eisdem
3073 832 3455 900 Sacramentis,
3486 836 3655 889 nihilo
3697 838 3751 891 in

2161 923 2445 978 christiana
2464 924 2837 979 observatione
2854 924 3089 990 diverso,
3114 926 3249 979 alius
3276 936 3329 981 et
3355 926 3607 997 diversus
3624 944 3751 985 esse

2162 1029 2266 1069 non
2298 1023 2473 1083 potest
2518 1014 2815 1083 Baptismus
2838 1017 2877 1070 ⁸.
2909 1014 3013 1070 Sed
3037 1017 3286 1085 quoniam
3314 1033 3410 1072 nec
3436 1019 3639 1074 nullum
3666 1032 3750 1076 est

2163 1118 2261 1159 nec
2285 1104 2477 1173 aliquid
2508 1120 2751 1174 parvum,
2793 1105 2933 1175 quod
2962 1106 3230 1162 diversum
3288 1109 3590 1178 sequimini,
3622 1126 3747 1165 eum

2163 1194 2228 1249 ab
2255 1194 2469 1249 unitatis
2499 1196 2708 1250 vinculo
2725 1196 2975 1264 separati,
3000 1198 3161 1253 etiam
3206 1198 3274 1254 de
3300 1200 3617 1269 repetitione
3636 1201 3742 1255 Ba-

2164 1284 2341 1353 ptismi
2363 1283 2653 1338 dissentitis
2674 1300 2703 1337 a
2726 1286 2877 1339 nobis
2902 1303 2915 1352 ;
2950 1285 3004 1340 fit
3020 1288 3378 1343 utsecundum
3398 1289 3549 1345 istam
3575 1292 3747 1360 ipsam

2163 1373 2523 1429 deﬁnitionem
2553 1384 2693 1430 tuam
2739 1392 2841 1446 qua
2882 1376 3098 1442 dixisti,
3138 1377 3358 1433 Ilwresis
3385 1390 3457 1433 est
3476 1392 3640 1434 autem
3667 1383 3750 1435 di-

2163 1483 2303 1523 uersa
2325 1469 2632 1538 sequentium
2650 1479 2803 1535 secta,
2835 1480 2888 1526 et
2934 1472 3166 1527 hmretici
3191 1474 3325 1539 sitis,
3355 1484 3408 1529 et
3437 1477 3555 1530 victi
3580 1493 3747 1547 appa-

2164 1559 2325 1614 reatis
2355 1578 2367 1613 :
2393 1559 2625 1615 hmretici
2651 1561 2887 1631 quidem,
2911 1562 3053 1632 quod
3075 1579 3181 1617 non
3212 1574 3412 1619 tantum
3444 1567 3617 1632 divisi,
3645 1585 3745 1622 ve-

2163 1664 2278 1703 rum
2306 1657 2360 1704 et
2380 1651 2430 1704 in
2457 1651 2829 1719 rebaptizando
2851 1652 3118 1708 diversum
3148 1656 3429 1725 sequimini
3453 1674 3467 1721 ;
3496 1657 3618 1712 victi
3648 1672 3746 1712 auc

2164 1753 2293 1807 tem,
2320 1742 2441 1812 quia
2480 1741 2660 1796 datum
2713 1759 2811 1813 per
2840 1759 2937 1799 nos
2984 1745 3311 1814 Baptismum
3360 1756 3608 1818 tanquam
3639 1768 3747 1807 non

2164 1834 2334 1905 ipsum
2361 1835 2443 1888 vel
2470 1846 2716 1906 tanquam
2739 1836 2941 1891 nullum
2970 1838 3038 1892 sit
3068 1838 3287 1903 iteratis,
3310 1840 3451 1909 quod
3478 1859 3639 1896 unum
3667 1857 3749 1898 at-

2162 1939 2268 1993 quc
2290 1923 2455 1989 idem,
2484 1940 2583 1979 nec
2609 1925 2879 1981 diversum
2921 1942 3040 1982 esse
3078 1927 3335 1984 fatemini.
3388 1930 3498 1985 Tua
3544 1935 3743 2004 quippe

2162 2016 2319 2070 verba
2360 2026 2504 2083 sunt,
2531 2018 2671 2087 quod
2711 2019 2851 2073 nobis
2880 2020 3111 2091 vobisque
3135 2022 3202 2076 sit
3229 2040 3330 2076 una
3348 2025 3541 2094 religio,
3572 2028 3747 2081 eadem

2164 2108 2513 2175 Sacramenta,
2541 2111 2669 2164 nihil
2714 2112 2765 2164 in
2790 2112 3067 2167 christiana
3091 2114 3432 2170 observatione
3458 2119 3736 2175 diuersum.

2232 2197 2457 2254 CAPUT
2494 2199 2629 2254 Vlll.
2663 2203 2852 2257 -10.
2898 2203 3253 2275 Quapropter,
3307 2206 3351 2261 si
3406 2207 3592 2263 litteris
3642 2212 3747 2267 tuis

2164 2307 2285 2362 pars
2315 2293 2507 2348 Donati
2529 2295 2904 2361 subscriberet,
2944 2312 3007 2352 ac
3039 2297 3232 2352 deinde
3260 2298 3356 2354 ista
3382 2316 3503 2370 quat
3528 2312 3557 2355 a
3585 2311 3637 2357 te
3661 2313 3745 2358 at-

2161 2397 2264 2452 que
2284 2398 2313 2437 a
2334 2400 2419 2439 me
2438 2384 2575 2440 dicta
2598 2395 2742 2445 sunt.
2770 2388 2885 2443 sine
2914 2389 3095 2443 insana
3122 2392 3413 2459 pertinacia
3440 2394 3523 2449 vel
3565 2396 3741 2464 impu~

2162 2473 2340 2529 dentia
2363 2477 2637 2546 cogitaret,
2670 2478 2800 2532 nihil
2846 2480 3067 2536 ulterius
3092 2482 3347 2539 adversus
3376 2501 3473 2541 nos
3522 2491 3743 2545 sentiret

2161 2564 2483 2620 autdicerct.
2509 2565 2611 2622 Sed
2641 2569 2888 2637 quoniam
2912 2580 2967 2624 tu
2991 2585 3049 2625 es
3064 2572 3146 2625 cui
3174 2575 3491 2642 respondeo,
3510 2578 3620 2647 jam
3643 2597 3742 2647 pu-

2164 2663 2217 2709 to
2238 2657 2379 2727 quod
2406 2668 2459 2712 et
2476 2658 2588 2728 ipse
2609 2659 2806 2725 videas,
2855 2678 3011 2730 quam
3038 2678 3141 2718 non
3184 2665 3362 2721 studio
3400 2668 3739 2735 criminandi,

2161 2747 2256 2802 sed
2280 2749 2625 2816 perniciosam
2672 2751 3019 2822 redarguendi
3067 2753 3351 2821 fallaciam,
3385 2756 3611 2812 dixerim
3635 2758 3745 2812 Do-

2163 2838 2465 2891 natistarum
2502 2839 2848 2894 Ita’reticorum
2873 2843 3173 2913 sacrilegum
3198 2861 3434 2899 errorem.
3468 2847 3521 2901 In
3546 2849 3742 2917 quibus

2163 2938 2391 2998 quatuor
2410 2930 2584 2984 verbis
2630 2932 2743 2987 sive
2780 2933 3103 3001 nominibus,
3148 2937 3269 3004 quia
3300 2938 3400 2992 hoc
3424 2940 3503 2993 vel
3532 2940 3624 2994 tibi
3653 2940 3740 2995 vel

2163 3020 2263 3073 arti
2308 3021 2666 3089 grammaticre
2712 3022 2902 3091 placet.
2946 3025 3173 3092 primum
3203 3028 3344 3094 quod
3400 3031 3630 3098 positum
3660 3038 3745 3084 est

2163 3109 2568 3173 Donatistarum,
2612 3113 2820 3183 corrigo
2844 3123 2899 3169 et
2927 3124 3095 3183 muto,
3128 3126 3182 3172 et
3211 3118 3622 3174 Donatianorum
3652 3121 3742 3174 di-

2160 3217 2225 3257 co
2255 3220 2266 3255 :
2295 3212 2487 3257 caetera
2512 3218 2640 3259 vero
2688 3205 2807 3271 tria,
2850 3206 3098 3275 quoniam
3150 3209 3422 3264 verissime
3458 3210 3594 3264 dicta
3623 3225 3745 3266 esse

2155 3292 2297 3362 jam,
2346 3302 2402 3347 ut
2457 3304 2582 3361 puto
2612 3335 2627 3359 ,
2670 3295 2872 3359 sentis,
2926 3310 3020 3350 vos
3070 3299 3338 3367 corrigite,
3382 3315 3478 3354 vos
3517 3309 3740 3356 mutate.

2160 3381 2667 3451 Mutate,inquam,
2723 3391 2777 3439 et
2844 3385 3091 3454 corrigite
3144 3387 3596 3456 Donatianortun,
3658 3390 3742 3445 vel

2160 3473 2431 3542 quodlibet
2455 3474 2593 3528 aliud
2636 3474 2858 3528 vocandi
2897 3476 3035 3542 sitis,
3076 3485 3248 3532 tamen
3294 3480 3746 3535 hwreticorumsa-

2160 3568 2399 3635 crilegum
2423 3583 2681 3621 errorem:
2710 3583 2833 3621 nam
2858 3576 2911 3623 et
2950 3569 3181 3623 lneretiei
3215 3571 3366 3636 estis,
3406 3572 3485 3626 vel
3519 3573 3660 3640 quod
3692 3574 3744 3626 in

2160 3656 2449 3711 schismate
2475 3658 2774 3712 inveterato
2822 3660 3190 3726 remansistis;
3219 3661 3299 3716 vel
3333 3677 3399 3715 ex
3434 3671 3519 3716 tua
3550 3663 3743 3718 defini-

2162 3749 2326 3815 tione,
2358 3748 2497 3818 quod
2542 3749 2608 3804 de
2641 3750 2898 3817 Ecclesia,
2931 3768 3049 3819 qua:
3086 3768 3277 3821 corpus
3309 3764 3389 3809 est
3415 3754 3636 3819 Christi.
3660 3758 3743 3811 vel

2160 3838 2228 3892 de
2260 3840 2539 3894 iteratione
2565 3839 2838 3897 christiani
2865 3841 3118 3910 Baptismi
3144 3843 3412 3898 diversum
3439 3847 3740 3914 sequimini.

2162 3930 2228 3984 Et
2252 3930 2543 4001 sacrilegus
2563 3947 2715 3986 error
2742 3941 2844 3999 est,
2872 3948 2975 3987 non
3004 3935 3175 3988 solum
3196 3951 3225 3988 a
3247 3935 3533 3991 chriSIiana
3561 3939 3739 3992 unita-

2165 4029 2215 4076 te
2231 4022 2518 4090 separatio,
2572 4038 2755 4077 verum
2785 4024 2943 4078 etiam
2990 4024 3476 4093 Sacramentorum,
3513 4044 3633 4097 qua:
3654 4043 3744 4083 se-

2162 4113 2391 4168 cundum
2427 4124 2565 4168 tuam
2591 4114 2980 4170 confessionem
3002 4132 3105 4171 una
3134 4117 3426 4187 eademque
3445 4130 3589 4182 sunt,
3622 4122 3743 4174 vio-

2161 4203 2287 4257 latio
2323 4212 2479 4273 atque
2517 4203 2785 4259 rescissio.
2844 4205 2995 4271 Quod
3040 4206 3084 4259 si
3138 4208 3402 4276 corrigitis
3422 4218 3474 4262 et
3498 4210 3740 4272 mutatis,

2160 4297 2427 4366 quomodo
2451 4296 2574 4351 tales
2600 4313 2684 4350 vos
2696 4297 3001 4365 suscipimus
3020 4299 3190 4367 quales
3220 4300 3416 4353 eratis?
3444 4298 3597 4354 Unde
3622 4300 3739 4354 ina-

2161 4389 2299 4443 niter
2328 4397 2434 4443 tam
2484 4389 2646 4442 multa
2669 4388 2876 4444 locutus
2925 4404 3004 4455 es,
3030 4400 3084 4445 et
3112 4405 3233 4445 cum
3263 4391 3337 4445 sis
3376 4391 3591 4460 ingenio
3631 4402 3739 4445 tam

2160 4488 2334 4544 acuto,
2355 4478 2738 4534 consuetudine
2763 4479 3037 4535 audienda;
3058 4482 3303 4535 vanitatis
3323 4481 3658 4543 obtunderis.
3686 4490 3742 4535 ut

2159 4571 2400 4624 videatur
2428 4570 2517 4623 tibi
2543 4570 2683 4640 quod
2720 4587 2837 4624 cum
2864 4571 2931 4624 ad
2960 4589 3051 4625 nos
3077 4590 3108 4624 a
3138 4572 3274 4625 vobis
3302 4580 3585 4635 transeunt,
3616 4573 3743 4625 tales

2159 4678 2241 4716 eos
2270 4662 2441 4732 quales
2481 4672 2620 4716 erant
2663 4663 3007 4732 suscipimus:
3034 4663 3156 4732 quia
3187 4663 3239 4717 in
3294 4663 3372 4717 eis
3400 4662 3741 4717 traditionem

2158 4753 2603 4818 Christianorum,
2634 4768 2791 4822 quam
2842 4768 2939 4808 nec
2974 4754 3186 4809 alienati
3225 4754 3610 4818 alienaverunt,
3648 4768 3747 4808 nec

2161 4846 2392 4916 perversi
2422 4855 2806 4915 perverterant,
2835 4845 3189 4915 approbamus
3214 4861 3228 4909 ;
3261 4860 3379 4914 quae
3404 4844 3749 4899 Sacramenta

2158 4940 2317 4994 etiam
2377 4946 2454 5004 tu,
2486 4938 2728 5009 quamvis
2773 4954 2880 4992 non
2936 4938 3054 4992 talis
3078 4938 3261 5007 quales
3284 4952 3379 4991 nos
3405 4952 3615 5003 sumus,
3640 4951 3746 4995 non

2160 5030 2373 5101 potuisti
2392 5040 2565 5085 tamen
2594 5030 2693 5083 nisi
2720 5030 2861 5094 talia,
2891 5045 2991 5084 nec
3031 5030 3108 5084 sic
3138 5029 3261 5083 talia
3294 5029 3441 5098 quasi
3468 5028 3573 5082 alia
3596 5033 3753 5087 simio

2160 5123 2250 5187 lia,
2274 5122 2366 5177 sed
2389 5122 2607 5175 omnino
2632 5120 2817 5175 eadem
2844 5119 3111 5174 confiteri.

2228 5212 2451 5269 CAPUT
2491 5212 2580 5267 IX.
2610 5243 2678 5252 —
2705 5213 2790 5266 ll.
2820 5212 3053 5266 Obsecro
3084 5220 3154 5276 te,
3184 5210 3272 5264 dic
3297 5210 3444 5273 mihi,
3476 5209 3748 5278 quomodo

2160 5306 2279 5359 talis
2335 5312 2418 5359 est
2453 5304 2623 5373 qualis
2662 5303 2777 5368 fuit,
2811 5305 2900 5373 qui
2942 5313 3225 5357 veneratur
3269 5302 3559 5358 Ecclesium
3589 5318 3747 5371 quam

2157 5394 2577 5463 blasphemabat,
2610 5395 2695 5463 qui
2728 5403 2871 5448 tenet
2902 5394 3156 5449 unitatem
3189 5410 3473 5464 quamnon
3506 5395 3744 5457 tenebat,

2158 5490 2244 5559 qui
2272 5488 2429 5542 habet
2452 5486 2759 5541 charitatcm
2808 5502 2968 5557 quam
2998 5503 3103 5540 non
3139 5486 3384 5550 habebat,
3415 5486 3507 5555 qui
3559 5486 3749 5553 accipit

2158 5594 2341 5649 pacem
2368 5593 2523 5647 quam
2569 5578 2871 5647 respuebat,
2919 5578 3009 5646 qui
3036 5578 3294 5647 approbat
3339 5576 3741 5630 Sacramentum

2158 5670 2296 5741 quod
2328 5667 2681 5723 cxsufllabat?
2708 5673 2785 5721 An
2814 5684 2940 5722 vero
2968 5670 3039 5721 ita
3084 5678 3207 5722 sunt
3235 5667 3408 5720 omnia
3442 5666 3590 5721 falsis
3618 5680 3740 5720 vera

2228 5788 2242 5817 ¹
2269 5786 2434 5836 Plures
2456 5789 2584 5844 Mss,
2608 5782 2731 5835 alius
2751 5798 2777 5833 ε
2802 5783 2987 5835 diverso
3010 5796 3111 5835 esse
3134 5796 3226 5835 non
3248 5790 3396 5848 potest
3425 5786 3717 5846 Baptismus.
