4066 6200
280 318 388 377 ιτδ

283 433 686 505 pmposterata,
731 432 789 478 ut
824 421 1189 479 nondicautur
1245 419 1434 477 mutati
1480 418 1536 474 in
1574 417 1770 488 quibus
1794 430 1857 473 ea

278 541 403 597 quae
427 522 643 579 diversa
677 519 889 577 fuerant
935 514 1159 572 veritate
1200 513 1559 583 corriguntur,
1589 519 1646 569 et
1673 506 1861 564 mutati

274 619 525 673 dicantur
546 612 599 668 in
617 610 813 682 quibus
841 623 906 665 ea
928 621 1046 677 quae
1074 605 1272 661 similia
1288 619 1392 665 una
1418 602 1714 671 eademque
1741 598 1856 655 tuo,

274 717 401 764 rant
427 704 663 761 vanitate
690 698 985 757 iterantur?
1009 696 1131 755 Noli
1174 710 1302 767 ergo
1329 694 1557 750 ulterius
1575 693 1632 748 in
1658 692 1757 747 hac
1776 705 1856 758 re,

281 816 390 856 non
402 807 606 854 tantum
623 793 931 856 carnaliter,
960 805 1146 846 verum
1168 788 1327 844 etiam
1351 786 1626 855 pueriliter
1647 798 1857 854 sapere,

279 901 339 947 ut
363 889 495 945 tales
543 885 729 959 quales
774 892 927 938 erant
953 889 1159 937 vestros
1188 892 1220 935 a
1250 876 1406 932 nobis
1439 875 1636 944 suscipi
1672 873 1859 928 existi-

280 979 531 1051 mes;qui
560 975 909 1032 conversione
956 969 1241 1026 voluntatis
1276 968 1344 1023 ab
1383 981 1569 1023 errore
1613 964 1681 1020 ad
1716 963 1858 1019 veri-

281 1079 465 1135 tatem,
504 1083 535 1122 a
563 1065 828 1122 divisione
860 1062 928 1118 ad
959 1061 1234 1122 unitatem,
1257 1072 1291 1123 ,a
1315 1055 1646 1112 dissensione
1671 1052 1738 1108 ad
1769 1067 1862 1122 pa-

279 1178 418 1227 cem,
444 1161 514 1216 ab
538 1158 826 1213 inimicitiis
872 1154 938 1210 ad
982 1152 1318 1214 charitatem,
1343 1149 1412 1203 ab
1441 1148 1672 1202 humana
1719 1160 1857 1215 prte-

280 1251 583 1322 sumptione
610 1248 676 1303 ad
701 1247 1000 1301 divinarum
1042 1243 1434 1312 Scripturarum
1462 1236 1856 1301 auctoritatem,

280 1359 384 1398 non
414 1351 538 1397 ante
567 1339 822 1410 incipiunt
848 1350 968 1392 esse
1014 1333 1179 1389 nostri
1211 1346 1367 1403 quam
1411 1343 1531 1385 esse
1562 1327 1862 1383 destiterint

279 1432 462 1489 vestri.
496 1431 623 1486 “me
673 1427 954 1484 conversio
1008 1424 1296 1480 voluntatis
1334 1430 1557 1490 repente
1609 1416 1856 1479 mutavit,

281 1542 385 1580 non
403 1523 576 1578 solum
604 1518 657 1576 in
684 1518 881 1575 telonio
912 1513 1285 1587 peccatorem(
1314 1510 1499 1564 Matth.
1532 1525 1612 1575 ιι,
1640 1508 1674 1564 9
1699 1507 1741 1580 ),
1767 1522 1857 1565 ve-

281 1632 396 1671 rum
424 1615 584 1669 etiam
628 1612 679 1666 in
711 1624 870 1665 cruce
903 1609 1186 1662 latronem.
1222 1602 1333 1658 Nisi
1358 1611 1512 1672 putas
1536 1599 1676 1670 quod
1714 1597 1862 1653 Chri-

278 1716 393 1760 stus
417 1705 469 1756 in
491 1696 735 1772 paradiso
762 1713 945 1754 secum
971 1710 1089 1750 esse
1103 1693 1358 1749 voluisset
1383 1698 1661 1746 cruentum
1688 1686 1859 1742 scele-

280 1806 562 1863 ratumque
575 1792 868 1856 hominem,
889 1788 933 1842 si
960 1802 1065 1842 non
1115 1785 1290 1840 cordis
1312 1780 1401 1836 illa
1433 1778 1710 1835 conversio
1729 1791 1859 1830 con—

280 1888 425 1942 timto
446 1885 643 1940 faceret
688 1883 1046 1945 innocentem,
1093 1886 1155 1931 ut
1181 1891 1247 1931 eo
1297 1873 1405 1937 die,
1439 1888 1504 1928 ex
1527 1876 1591 1925 eo
1617 1869 1755 1933 loco,
1794 1882 1860 1922 ex

279 1994 344 2033 eo
372 1977 515 2049 ligno
542 1973 789 2029 transiret
809 1970 876 2026 ad
907 1967 1208 2024 immortale
1259 1964 1385 2019 ﬁdei
1445 1961 1724 2033 prteminm
1752 1957 1856 2028 (a),

280 2084 333 2123 tn
375 2083 486 2139 quo
530 2070 814 2135 exceperat
852 2061 1039 2117 mortis
1082 2057 1177 2129 pro
1223 2054 1496 2125 iniquitate
1543 2049 1860 2139 supplicium

284 2161 304 2231 (
329 2138 455 2213 Luc.
499 2173 652 2222 unt,
679 2154 844 2210 4045
872 2150 915 2223 ).
945 2152 1068 2207 Sive
1120 2149 1262 2204 enim
1314 2144 1381 2200 ad
1412 2142 1610 2197 malum
1646 2141 1759 2231 sive
1787 2138 1855 2193 ad

280 2229 473 2304 bonum
491 2262 651 2317 parvo
673 2251 944 2298 momento
970 2241 1182 2295 animus
1221 2242 1596 2297 commutatur,
1625 2229 1721 2285 sed
1753 2244 1860 2283 non

279 2338 632 2408 ideOparvum
666 2343 747 2389 est
774 2329 912 2403 quod
963 2336 1212 2385 meretur.
1238 2325 1293 2379 ln
1341 2324 1471 2394 ipsis
1498 2318 1862 2390 corporalibus

280 2441 333 2486 et
354 2425 731 2497 temporalibus
746 2422 917 2493 poenis
936 2427 990 2475 et
1005 2416 1274 2473 beneﬁciis
1294 2414 1383 2469 diu
1409 2411 1659 2466 nutritam
1677 2423 1864 2479 quam-

279 2523 408 2577 libet
445 2527 656 2574 mtatcm
684 2530 821 2570 unus
867 2514 1004 2568 ictus
1024 2508 1297 2574 interimit,
1342 2513 1395 2560 et
1433 2502 1645 2573 triginta
1673 2511 1725 2555 et
1741 2509 1862 2567 octo

279 2626 539 2667 annorum
567 2604 934 2679 mgritudinem
964 2616 1090 2656 mox
1127 2607 1188 2652 ut.
1229 2596 1484 2652 Dominus
1513 2592 1758 2663 dignatus
1779 2604 1862 2646 est

275 2703 489 2773 jubere.
536 2697 742 2755 sanavit
764 2697 785 2770 (
808 2694 964 2749 Joan.
982 2709 1035 2757 v,
1055 2692 1113 2747 5-
1129 2690 1160 2745 0
1188 2690 1227 2761 ).
1256 2686 1428 2744 Crede
1463 2686 1622 2740 certis
1645 2683 1857 2749 rebus’,

280 2808 387 2848 non
417 2790 593 2847 verbis
616 2786 879 2843 inanibus.
914 2782 1096 2839 Mutati
1121 2779 1189 2834 ad
1232 2792 1331 2833 nos
1364 2775 1522 2832 vestri
1544 2781 1859 2838 transeunt;

278 2884 420 2938 absit
438 2891 495 2938 ut
511 2880 608 2951 ipsi
627 2879 736 2933 sint
754 2877 842 2947 qui
868 2875 1101 2930 fuerunt.
1129 2869 1279 2940 Quod
1302 2869 1500 2922 utinam
1527 2874 1581 2921 et
1596 2873 1649 2919 tu
1674 2862 1856 2928 facias,

276 2984 335 3031 et
361 2988 520 3044 quam
548 2985 731 3026 verum
770 2967 838 3022 sit
867 2967 921 3020 in
950 2974 1001 3019 te
1029 2962 1125 3018 tibi
1153 2959 1361 3017 credas.

350 3042 577 3121 CAPUT
615 3059 685 3115 Χ.
711 3087 783 3099 -
814 3056 899 3112 te.
946 3054 1190 3123 Magnum
1216 3045 1434 3119 aliquid
1467 3046 1556 3100 tibi
1588 3044 1765 3099 dicere
1785 3042 1864 3095 vi-

273 3172 372 3213 sus
407 3170 489 3219 cs,
542 3149 864 3210 nominando
892 3145 1175 3202 Candidum
1214 3140 1643 3210 Villarcgicnsem,
1677 3145 1721 3189 et
1751 3132 1865 3188 Do-

273 3258 458 3303 natum
491 3240 979 3302 Macamadiensent,
1023 3233 1107 3305 qui
1138 3250 1200 3287 ea:
1236 3231 1408 3285 vestris
1439 3227 1681 3298 episcopis
1714 3227 1864 3280 etiam

273 3337 419 3408 apud
443 3351 537 3389 nos
574 3329 796 3402 episcopi
822 3331 1043 3398 fuerunt,
1082 3334 1137 3378 et
1166 3323 1388 3394 probata
1440 3320 1547 3374 vita
1599 3317 1663 3372 ad
1695 3317 1864 3372 hono-

275 3424 503 3484 rabilins
526 3426 547 3455 ¹
581 3419 763 3478 senilis
783 3418 952 3473 aetatis
988 3415 1235 3470 meritum
1281 3416 1635 3482 pervenerunt
1664 3425 1677 3462 :
1710 3408 1862 3481 quasi

274 3520 629 3575 Sacramenta
656 3510 711 3567 et
731 3508 990 3566 invocatio
1009 3505 1237 3562 nominis
1254 3503 1346 3558 Dei
1372 3519 1490 3575 qua:
1513 3503 1573 3555 tit
1590 3501 1729 3572 apud
1748 3516 1861 3566 vos,

279 3611 397 3681 ipsa
426 3607 645 3663 inimica
672 3604 742 3660 sit
767 3602 952 3666 nobis;
984 3615 1105 3656 eum
1127 3605 1181 3653 et
1206 3597 1258 3652 in
1289 3597 1367 3652 eis
1393 3596 1479 3666 qui
1502 3605 1651 3649 extra
1676 3593 1864 3647 Eccle-

279 3680 418 3756 siam
465 3707 626 3762 sunt,
684 3710 788 3751 non
837 3693 907 3748 sit
956 3691 1174 3745 omnino
1221 3687 1324 3742 nisi
1375 3685 1646 3740 Ecclesim.
1679 3680 1736 3736 ln
1765 3697 1867 3752 qua

281 3789 578 3862 quaestione
603 3786 649 3842 si
679 3785 810 3840 meis
857 3782 1038 3837 verbis
1063 3780 1382 3839 laborarem,
1435 3773 1539 3827 tuis
1562 3772 1864 3859 adjuvarer.

280 3883 419 3937 Nam
445 3880 490 3934 si
519 3887 667 3934 extra
695 3874 989 3932 Ecclesium
1045 3870 1173 3924 nihil
1229 3865 1653 3923 ecclesiasticum
1707 3876 1865 3932 posse

286 3986 407 4027 esse
431 3968 680 4032 sentires,
710 3981 816 4021 non
847 3965 960 4033 ipse
985 3960 1229 4025 dixisses,
1258 3956 1401 4011 nobis
1443 3965 1491 4009 et
1543 3954 1681 4008 vobis
1709 3969 1864 4007 unam

288 4078 394 4116 esse
420 4059 731 4131 religionem,
754 4054 928 4110 eadem
959 4051 1311 4110 Sacramenta,
1344 4045 1480 4100 nihil
1518 4045 1570 4099 in
1594 4043 1870 4098 christiana

289 4151 631 4208 observatione
674 4148 944 4202 diversum.
992 4141 1198 4209 Quibus
1224 4137 1400 4192 verbis
1436 4136 1540 4191 tuis
1565 4134 1748 4190 nonin
1782 4142 1866 4188 to-

293 4252 403 4297 tum
442 4238 744 4296 consentio.
787 4231 1085 4290 Christiana
1144 4229 1340 4300 quippe
1377 4224 1619 4281 Ecclesia
1656 4223 1869 4287 caretis,

292 4332 637 4387 christianam
664 4324 978 4381 charitatem
1003 4335 1107 4375 non
1148 4316 1375 4373 habetis.
1404 4314 1708 4370 Christiana
1733 4326 1867 4367 sane

295 4424 346 4479 in
380 4422 531 4477 vobis
558 4418 901 4475 Sacramenta
939 4424 1222 4482 cognosco,
1249 4407 1375 4463 etin
1402 4405 1485 4461 his
1515 4403 1644 4458 illud
1668 4416 1878 4474 quoque

294 4515 558 4570 diversum
588 4507 832 4579 improbo
847 4520 909 4560 ac
933 4518 1145 4574 respuo,
1169 4498 1311 4571 quod
1350 4512 1471 4552 cum
1497 4495 1685 4551 eadem
1715 4494 1875 4549 etiam

297 4605 347 4658 in
367 4603 654 4658 schismate
676 4594 935 4659 habeatis,
957 4594 1143 4650 eadem
1167 4593 1218 4645 in
1245 4589 1533 4645 Calholicis
1550 4586 1866 4643 exsufﬂatis.

300 4693 523 4748 Prorsus
544 4690 782 4761 agnoscit
812 4686 864 4742 in
882 4684 1035 4741 vobis
1090 4681 1326 4738 Ecclesia
1364 4687 1557 4735 cuncta
1604 4692 1724 4749 quae
1779 4691 1874 4731 sua

300 4795 463 4841 sunt:
492 4799 593 4838 nec
618 4781 738 4836 ideo
794 4795 899 4833 non
942 4785 1065 4831 sunt
1105 4775 1240 4845 ejus,
1269 4774 1390 4844 quia
1436 4782 1489 4828 et
1517 4772 1656 4843 apud
1678 4786 1773 4827 vos
1795 4772 1880 4825 in-

299 4876 605 4932 veniuntur.
655 4871 806 4943 Apud
836 4885 930 4925 vos
975 4868 1171 4938 quippe
1207 4867 1379 4921 aliena
1425 4875 1582 4919 sunt:
1620 4864 1713 4919 sed
1757 4878 1878 4918 cum

302 4984 394 5024 vos
412 4976 683 5022 correctos
712 4963 901 5034 recipit
929 4961 1078 5030 cujus
1122 4967 1264 5022 sunt,
1298 4958 1427 5011 tiuut
1455 4958 1614 5011 etiam
1647 4955 1880 5009 salubri-

306 5068 383 5115 ter
407 5070 604 5123 vcstra,
634 5072 752 5127 qua:
771 5053 1065 5125 perniciose
1094 5050 1369 5105 habebatis
1392 5049 1583 5102 aliena.
1610 5046 1881 5102 Discordia

284 5144 397 5205 vos
416 5148 655 5220 possidet
678 5147 776 5202 sub
802 5145 952 5200 titulo
980 5144 1142 5214 pacis.
1172 5142 1313 5212 Ergo
1338 5138 1611 5195 discordia
1632 5139 1877 5210 pellatur,

310 5259 407 5312 pax
455 5240 840 5297 introducitur.
872 5236 1006 5306 Quid
1036 5250 1210 5290 causae
1234 5241 1400 5289 estut
1432 5233 1613 5288 titulus
1644 5232 1882 5303 depono.

309 5332 434 5387 tur!
461 5330 746 5403 Episcomts
778 5338 869 5394 est,
920 5326 1111 5396 inquis.
1160 5327 1453 5397 episcOpttm
1492 5325 1718 5395 recipis;
1768 5341 1883 5397 pre-

371 5424 386 5455 ί
412 5425 485 5473 sic
507 5431 612 5472 MSS.
640 5428 694 5471 At
718 5420 863 5470 editi:
884 5419 1039 5469 crede
1054 5423 1182 5468 certe
1203 5414 1360 5467 rebus.
1854 5461 1858 5464 ἠ

369 5487 390 5517 ³
412 5485 549 5544 Editi,
901 5493 966 5530 ex
989 5486 1096 5544 stas.
1116 5478 1470 5537 substituimus,
1489 5475 1830 5544 honorabilitts.

371 5547 443 5621 (α)
466 5540 1005 5621 mvanienses‘iu‘hunc
1020 5541 1208 5621 l-ocpm;
1227 5558 1260 5615 ,ι
1273 5546 1511 5613 Justartun
1532 5554 1710 5621 ergo”:
1733 5540 1885 5601 aiunt,

318 5625 340 5653 ι
362 5602 625 5657 animarum
660 5604 909 5655 beatitudo
948 5604 998 5652 in
1028 5604 1113 5653 Dei
1151 5602 1335 5652 visione
1371 5602 1642 5653 consistens
1677 5602 1807 5662 (nam
1829 5616 1887 5653 ea

1592 300 1795 360 LIBER
1831 298 2206 363 SECUNDUS.

3443 312 3549 368 474

1967 415 2155 488 sbytcr,
2177 416 2535 488 presbyterum.
2566 418 2758 476 Posses
2804 420 2931 474 mihi
2964 429 3020 476 et
3047 419 3147 477 hoc
3196 421 3409 479 dicere:
3444 425 3552 481 llo-

1968 523 2059 562 mo
2082 516 2186 575 est,
2216 508 2482 564 hominem
2530 511 2742 580 recipis.
2774 511 2904 566 'l‘am
2930 514 3125 584 quippe
3155 514 3208 568 in
3232 514 3321 570 illo
3342 513 3540 573 Sacra-

1966 608 2147 656 menta
2171 600 2479 668 christiana,
2506 619 2662 673 quam
2704 606 2941 662 membra
2971 606 3199 663 humana
3226 624 3494 680 cognosco
3524 629 3538 665 :

1967 703 2068 745 nec
2095 704 2227 745 curo
2244 706 2342 761 per
2369 707 2529 761 quem
2551 692 2752 749 fuerint
2771 695 3057 763 seminata,
3085 697 3180 753 sed
3206 713 3236 751 a
3261 714 3368 768 quo
3390 714 3546 754 crea-

1969 789 2041 836 ta.
2062 782 2265 849 Quibus
2309 784 2355 838 si
2388 785 2542 847 male
2586 787 2661 841 uti
2695 788 2943 852 voluerit,
2970 803 3036 845 eo
3085 790 3203 859 ipso
3243 791 3416 846 malus
3456 789 3534 853 tit,

1966 871 2108 940 quod
2162 872 2467 929 Creatorem
2514 874 2582 931 de
2620 876 2772 935 bonis
2810 878 2924 948 ejus
2964 878 3184 935 oti'endit
3212 897 3230 933 :
3274 880 3322 934 si
3370 889 3545 935 autem

1968 963 2106 1021 bene
2133 964 2209 1019 uti
2235 966 2481 1036 coeperit,
2503 982 2563 1023 se
2588 969 2841 1040 corriget,
2869 986 2972 1026 non
2990 970 3080 1025 illa
3103 972 3346 1028 mutabit.

2038 1057 2261 1115 CAPUT
2299 1057 2391 1112 XI.
2417 1088 2490 1099 —-
2527 1060 2614 1117 15.
2660 1060 2730 1116 Ει
2760 1060 2835 1119 de
2881 1062 3146 1134 episcopis
3184 1063 3399 1133 quidem
3454 1065 3537 1120 vel

1964 1146 2174 1203 clericis
2211 1148 2535 1218 recipiendis
2575 1149 2680 1205 alia
2713 1152 2941 1221 qumstio
2987 1161 3090 1207 est.
3123 1153 3372 1220 Quamvis
3401 1155 3541 1209 enim
3591 1158 3597 1164 ‘

1958 1253 2091 1295 cum
2114 1238 2256 1307 apud
2286 1254 2382 1296 vos
2425 1240 2763 1309 ordinantur,
2809 1257 2911 1297 non
2941 1259 3105 1314 super
3145 1259 3240 1299 eos
3269 1245 3543 1300 invocetur

1964 1342 2159 1385 nomen
2191 1330 2398 1406 Donati,
2442 1331 2538 1386 sed
2566 1332 2693 1386 Dei:
2743 1343 2921 1388 tamen
2962 1334 3031 1387 ita
3072 1334 3454 1402 suscipiuntur,
3488 1343 3546 1389 ut

1964 1422 2176 1480 videtur
2201 1425 2315 1495 paci
2343 1433 2399 1480 et
2436 1426 2648 1480 utilitati
2700 1426 2953 1480 Ecclesia:
2993 1428 3280 1482 convenire
3307 1427 3408 1496 (a).
3438 1426 3545 1482 Ne-

1963 1531 2068 1588 que
2097 1518 2238 1572 enim
2277 1518 2512 1588 episcopi
2566 1527 2784 1587 propter
2816 1535 2914 1573 nos
2941 1534 3147 1584 sumus,
3166 1518 3269 1573 sed
3325 1525 3544 1587 propter

1964 1621 2058 1665 eos
2085 1608 2279 1678 quibus
2301 1608 2523 1665 verbum
2571 1617 2629 1663 et
2674 1618 3067 1663 sacramentum
3098 1608 3421 1663 dominicum
3445 1609 3545 1662 mi-

1964 1701 2250 1757 nistrantes
2283 1718 2298 1754 :
2339 1715 2522 1770 acper
2549 1701 2648 1757 hoc
2670 1710 2729 1755 ut
2759 1714 2945 1757 eorum
2993 1701 3109 1756 sine
3155 1700 3406 1756 seandalo
3444 1716 3545 1771 gu-

1965 1790 2356 1847 bernandorum
2377 1805 2499 1846 sese
2524 1790 2814 1847 neceSsitas
2846 1790 3042 1854 tulerit,
3074 1791 3146 1844 ita
3179 1791 3266 1845 vel
3286 1805 3428 1856 esse,
3460 1792 3544 1846 vel

1960 1894 2070 1934 non
2098 1894 2221 1935 esse
2274 1880 2555 1942 debemus,
2594 1879 2734 1949 quod
2767 1894 2871 1933 non
2899 1886 3116 1948 propter
3143 1894 3261 1944 nos,
3290 1878 3382 1933 sed
3415 1895 3542 1948 pro-

1966 1979 2083 2040 pter
2096 1970 2229 2025 alios
2255 1984 2458 2025 sumus.
2488 1969 2727 2039 Denique
2768 1969 3011 2023 nonnulli
3036 1977 3217 2024 saneta
3247 1968 3544 2025 humilitate

1966 2063 2171 2132 prmditi
2193 2062 2313 2129 viri,
2332 2072 2547 2133 propter
2564 2061 2808 2132 qumdam
2828 2062 2895 2117 .in
2916 2077 2976 2117 se
2994 2045 3332 2125 oﬂ’endicula,
3354 2062 3547 2132 quibus

1969 2154 2057 2223 pie
2088 2154 2439 2224 religioseque
2482 2154 2833 2209 movebantur
2857 2191 2875 2218 ,
2917 2152 3256 2222 episcopatus
3305 2151 3540 2207 ot‘tictum

1966 2260 2072 2299 non
2096 2244 2268 2299 solum
2288 2244 2404 2299 sine
2430 2243 2607 2312 culpa,
2628 2257 2813 2297 verum
2839 2242 2999 2298 etiam
3015 2256 3134 2297 cum
3164 2241 3318 2297 laude
3348 2256 3542 2311 posue-

1967 2340 2108 2389 runt.
2131 2332 2393 2404 Numquid
2416 2333 2493 2388 sic
2518 2332 2678 2387 etiam
2699 2331 3050 2387 christianum
3078 2346 3274 2387 nomen
3296 2340 3349 2388 et
3381 2331 3542 2387 [idem

1966 2421 2322 2488 laudabiliter,
2359 2437 2423 2478 ac
2448 2437 2555 2478 non
2595 2423 2771 2492 potius
2821 2421 3198 2477 damnabiliter
3233 2424 3542 2492 ponerent?

1962 2512 2113 2569 Sicut
2155 2514 2208 2568 in
2255 2512 2576 2584 accipiendis
2624 2512 2708 2570 his
2753 2511 2915 2567 rebus
2960 2519 3183 2581 possunt
3222 2525 3342 2567 esse
3384 2510 3544 2580 justa:

1965 2618 2163 2669 causm,
2188 2620 2287 2659 cur
2330 2614 2549 2661 excuset
2592 2605 2815 2674 quisque
2841 2604 2957 2658 ticri
2983 2605 3305 2673 episcopus;
3337 2618 3437 2658 nec
3461 2612 3542 2657 ta-

1967 2711 2091 2751 men
2108 2695 2354 2751 similiter
2378 2704 2567 2765 .potest
2589 2696 2694 2750 ulla
2741 2710 2899 2750 causa
2938 2709 3059 2750 esse
3107 2695 3275 2763 justa,
3301 2708 3397 2748 cur
3423 2693 3543 2762 quis

1966 2794 2189 2843 excuset
2207 2785 2320 2840 ﬁeri
2336 2786 2675 2841 christianus.
2706 2785 2839 2853 Quid
2863 2787 2956 2851 ita,
3006 2786 3107 2840 nisi
3133 2787 3254 2856 quia
3279 2787 3396 2845 sine
3420 2788 3538 2855 epi-

1966 2885 2188 2948 scopatn
2211 2876 2293 2931 vel
2318 2876 2571 2932 ciericatu
2589 2876 2721 2932 salvi
2776 2890 2897 2931 esse
2938 2891 3244 2945 possumus,
3267 2878 3381 2932 sine
3396 2877 3539 2933 chrio

1966 2970 2140 3025 stiana
2155 2982 2283 3023 vero
2305 2968 2566 3038 religione
2593 2981 2697 3023 non
2727 2967 3051 3037 possumus?

2038 3057 2264 3114 CAPUT
2296 3056 2409 3113 ΧΗ.
2427 3088 2497 3099 -
2517 3058 2603 3111 id.
2627 3056 2854 3112 Proinde
2876 3058 3038 3112 vestri
3061 3059 3295 3127 episcopi
3314 3073 3412 3114 seu
3432 3059 3550 3129 qui-

1969 3152 2101 3207 libet
2121 3150 2325 3218 clerici,
2352 3158 2607 3221 quantum
2628 3149 2697 3204 ad
2722 3149 2835 3218 ipsa
2855 3150 3212 3205 ecclesiastica
3234 3150 3406 3206 ofﬁcia
3430 3166 3553 3221 per-

1972 3244 2124 3308 tinet,
2155 3243 2234 3296 sie
2253 3242 2639 3296 incatbolicam
2662 3241 2894 3309 suscepti
2917 3251 3040 3296 sunt
3061 3242 3334 3305 unitatem,
3363 3257 3552 3311 quem-

1969 3331 2257 3389 admodum
2305 3331 2557 3401 expedire
2581 3331 2858 3387 videbatur
2895 3331 2960 3385 iis
2982 3370 2999 3397 ,
3024 3345 3249 3400 quorum
3275 3331 3429 3385 saluti
3459 3347 3551 3399 per

1969 3439 2155 3479 eorum
2177 3423 2552 3501 consulebatur
2569 3421 2801 3477 ofﬁcium
2821 3420 2904 3477 vel
2926 3420 3279 3479 exercendum
3303 3423 3384 3477 vel
3403 3423 3554 3477 omit-

1973 3514 2188 3570 tendum
2216 3512 2318 3583 (b).
2352 3512 2731 3569 Verumtamen
2758 3512 2921 3567 etiam
2949 3511 3018 3567 de
3050 3512 3179 3582 ipsis
3214 3512 3304 3583 qui
3335 3520 3391 3567 et
3406 3513 3550 3581 apud

1974 3619 2072 3659 nos
2094 3603 2313 3659 eosdem
2336 3602 2851 3658 administraverunt
2871 3603 3122 3669 honores,
3146 3603 3400 3671 numquid
3418 3604 3552 3659 sicut

1973 3695 2150 3749 dicere
2185 3695 2422 3762 potuisti,
2460 3695 2745 3762 Episcopus
2779 3706 2850 3749 est
2873 3737 2888 3761 ,
2917 3697 3207 3765 episcopum
3232 3696 3450 3764 recipis;
3482 3695 3552 3748 ita

1974 3786 2176 3855 poteris
2209 3785 2387 3840 dicere
2411 3825 2427 3844 ,
2472 3786 2764 3839 llmreticus
2803 3795 2923 3847 est,
2968 3786 3275 3841 Ita-relicum
3316 3786 3550 3854 recipis;

1974 3885 2104 3942 aut,
2134 3875 2519 3931 Schismaticus
2561 3884 2678 3939 est,
2709 3876 3107 3931 sebismaticum
3149 3875 3384 3944 recipis;
3427 3888 3552 3941 aut,

1977 3968 2302 4023 Donatianus
2324 3975 2428 4033 est,
2456 3967 2804 4022 Donatianum
2834 3966 3063 4036 recipis)
3092 3966 3185 4021 His
3206 3966 3347 4021 enim
3381 3967 3553 4020 nomi-

1977 4059 2131 4114 nibus
2177 4074 2285 4113 non
2322 4058 2517 4130 gradus
2559 4058 2778 4114 honoris
2817 4073 2848 4111 a
2890 4057 3095 4126 plebeia
3137 4056 3410 4126 dignitate.
3460 4056 3554 4110 scd

1977 4151 2180 4207 crimen
2210 4152 2410 4206 erroris
2439 4166 2469 4205 a
2497 4150 2756 4205 catholica
2783 4149 3005 4204 veritate
3031 4147 3384 4217 distinguitur.
3418 4147 3554 4202 Pro-

1978 4242 2103 4298 inde
2127 4242 2211 4296 illa
2245 4252 2488 4312 tanquam
2515 4241 2868 4299 ecclesiastica
2894 4255 3136 4307 munera,
3163 4240 3322 4293 etiam
3348 4237 3398 4291 in
3423 4237 3556 4292 alie.

1979 4333 2062 4388 nis
2079 4332 2416 4401 inventa,qui
2444 4347 2538 4385 vos
2564 4330 2913 4402 relinquendo
2939 4339 2993 4385 et
3015 4330 3082 4384 ad
3111 4344 3208 4383 nos
3235 4330 3558 4383 transeundo

1983 4424 2150 4478 nostri
2187 4423 2337 4486 ﬁunt,
2356 4437 2451 4492 pro
2478 4421 2703 4477 utilitate
2732 4422 3083 4492 populorum,
3114 4419 3306 4491 quibus
3330 4419 3428 4474 hac
3449 4419 3557 4474 dis-

1980 4515 2294 4584 pensatione
2322 4513 2604 4580 servimus,
2635 4513 2718 4567 vel
2749 4512 3124 4581 suscipiuntur,
3158 4511 3239 4565 vel
3267 4528 3370 4566 non
3395 4511 3411 4542 ¹
3433 4526 3557 4566 sus-

1982 4606 2253 4676 cipiuntur
2277 4623 2291 4660 :
2315 4604 2403 4658 illa
2433 4619 2561 4658 vero
2612 4603 2800 4659 vitiosa
2826 4612 2881 4656 et
2908 4604 3119 4672 proprie
3144 4613 3340 4669 vestra,
3364 4618 3558 4658 sanan-

1984 4705 2088 4762 tur,
2108 4695 2464 4766 corriguntur,
2484 4702 2780 4759 mutantur;
2802 4692 2928 4747 dum
2945 4702 3120 4747 tamen
3138 4709 3199 4748 ea
3216 4694 3558 4749 Sacramenta

1983 4790 2100 4844 sine
2135 4787 2325 4859 quibus
2353 4787 2512 4842 homo
2540 4802 2646 4842 non
2677 4797 2852 4857 potest
2888 4784 3000 4841 ﬁeri
3026 4786 3368 4852 christianos,
3399 4787 3558 4841 etiam

1986 4881 2038 4939 in
2074 4880 2343 4936 haereticis
2367 4880 2445 4934 sic
2475 4888 2788 4944 tractentur,
2813 4888 2871 4933 ut
2898 4894 3016 4934 cum
3048 4867 3114 4932 ad
3146 4877 3437 4933 Ecclesium
3464 4892 3559 4931 ve-

1985 4970 2309 5040 niunt,qu
2337 4970 2563 5027 defuerit
2590 4970 2834 5037 addatur,
2860 4969 2999 5040 quod
3028 4970 3259 5040 agnitum
3288 4968 3447 5024 fuerit
3470 4982 3564 5036 ap-

1986 5064 2275 5136 probatur;
2315 5080 2384 5120 ne
2424 5063 2549 5119 dum
2589 5064 2747 5119 nimis
2783 5063 3100 5119 otl‘endimur
3136 5063 3218 5118 eis
3255 5062 3408 5117 malis
3442 5075 3576 5129 quae.

1986 5165 2171 5212 contra
2197 5157 2487 5213 Ecclesiam
2516 5164 2853 5225 pepererunt,
2882 5170 3259 5225 persequuntur
3286 5154 3449 5208 etiam
3469 5152 3562 5207 bo-

1987 5266 2193 5321 naque
2235 5249 2302 5305 de
2324 5249 2559 5304 Ecclesia
2597 5248 2918 5303 discedendo
2937 5257 3224 5302 traxerunt.
3247 5245 3377 5299 Nam
3404 5244 3563 5298 etiam

1988 5357 2169 5399 ramus
2198 5340 2416 5405 fractus,
2444 5340 2488 5394 si
2516 5352 2721 5405 rursus,
2747 5339 2887 5394 sicut
2902 5339 2978 5393 ait
2998 5336 3307 5409 Apostolus,
3331 5336 3568 5390 inseren-

2052 5477 2069 5509 ί
2099 5480 2146 5524 ιη
2172 5474 2316 5525 editis
2351 5472 2617 5527 exciderat.
2642 5473 2714 5524 νει
2736 5473 3059 5538 suscipitmtur
3076 5512 3088 5532 ,
3114 5473 3186 5523 t't‘l
3209 5489 3317 5523 non.
3347 5473 3568 5521 Restitui-

1990 5544 2626 5661 minixaiifbéarthagineuse
2649 5596 2906 5646 Concilium
2922 5598 3032 5645 anni
3056 5596 3138 5646 401
3150 5635 3162 5655 ,
3181 5596 3262 5647 die
3288 5596 3347 5646 13
3363 5609 3437 5661 ειη
3455 5602 3571 5645 tum-

319 5686 341 5715 ι
361 5672 460 5719 sola
485 5677 562 5719 est
577 5665 847 5718 immortale
869 5666 978 5715 iidei
1004 5665 1288 5728 praemium),
1310 5678 1403 5713 non
1417 5664 1636 5715 diﬁ‘ertur
1659 5660 1813 5727 usque
1834 5666 1894 5714 ad
1989 5660 2105 5728 bris.

321 5750 343 5778 ι
365 5739 636 5782 extremum
657 5728 977 5792 dicmjttdicii.
993 5743 1014 5772 ι

2052 5724 2122 5788 (ὁ)
2146 5724 2241 5773 Lib.
2263 5721 2293 5772 Ξ
2315 5730 2477 5774 contra
2500 5721 2972 5783 Parmenianum,nn.
2999 5719 3077 5783 2'7,
3093 5718 3169 5771 28.
