4066 6200
466 353 572 408 475

463 473 564 524 das
592 468 657 523 sit
684 464 860 533 (Rom.
895 481 942 519 xi
969 507 985 530 ,
1013 462 1110 532 9.3)
1130 505 1146 526 ,
1175 460 1326 515 radix
1356 457 1404 512 ei
1435 451 1675 510 redditur
1697 493 1711 517 ,
1742 463 1847 503 non
1879 445 2046 500 forma

469 567 724 616 mutatur.

539 652 624 707 i5.
670 655 732 705 At
761 651 892 705 enim
919 648 1038 718 quia
1063 654 1276 704 nostros,
1309 639 1480 709 inquis
1497 678 1511 699 ,
1543 633 1800 688 hereticos
1823 639 1870 683 et
1894 626 2052 682 sacri—

465 750 602 821 legos
632 759 778 796 vocas
797 783 811 804 ,
840 739 973 810 quod
1012 735 1263 806 nefarium
1288 741 1334 786 et
1369 726 1672 796 inexpiabile
1713 723 1901 821 crimen
1941 726 2050 779 est;

469 810 712 906 mimquid
741 834 923 887 talibus
947 831 1054 884 sine
1077 827 1252 895 aliqua
1281 821 1565 889 expiatione
1584 814 1774 887 ignosci
1797 810 1936 906 debet
1959 816 2048 906 aut

472 899 674 1003 potest?
699 927 803 982 Cur
827 941 965 996 ergo,
996 920 1192 990 inquis,
1217 934 1316 971 non
1339 912 1593 968 emaculas
1613 908 1888 963 venientem
1949 899 2052 1003 Cn:

473 990 570 1076 non
605 1021 766 1090 primo
801 990 965 1070 oblitis
999 1023 1046 1066 et
1074 1009 1316 1065 emnudas
1337 1047 1350 1070 ,
1383 1015 1427 1058 et
1457 1004 1529 1056 sic
1557 1000 1642 1054 tibi
1671 990 2055 1090 communicat?

473 1082 629 1181 Quid,
677 1107 814 1180 quod
858 1122 920 1160 cx
962 1105 1044 1157 his
1084 1099 1260 1156 verbis
1305 1097 1408 1151 tuis
1452 1092 1618 1146 multo
1651 1082 2054 1181 conveniendus

475 1177 610 1257 alius
651 1177 861 1263 dixerit,
906 1196 1096 1251 talibus
1138 1202 1242 1244 tam
1267 1190 1282 1220 ¹
1308 1184 1504 1257 ignosci
1551 1195 1649 1235 nec
1681 1177 1912 1240 debere,
1953 1185 2056 1226 nec

478 1309 632 1359 posse
675 1309 688 1344 :
733 1299 885 1359 teque
925 1285 1018 1339 tibi
1062 1282 1156 1350 ipsi
1193 1275 1456 1334 contmrizi
1485 1274 1719 1328 locutum
1751 1281 1871 1323 esse
1899 1279 2057 1359 mon-

476 1355 752 1443 straverit,
787 1355 843 1432 tit
869 1377 988 1431 ideo
1015 1375 1219 1427 diceres
1243 1384 1366 1425 cum
1394 1366 1566 1436 aliqua
1601 1361 1900 1431 expiatione
1936 1355 2057 1411 tali-

479 1479 576 1528 lins
614 1469 994 1543 ignoscendum
1021 1508 1034 1530 ,
1076 1464 1195 1534 quia
1228 1460 1279 1516 id
1305 1458 1449 1530 «quod
1480 1446 2061 1543 objiciturqinexpiabi‘le

477 1536 666 1618 crimen
696 1561 815 1615 est?
843 1556 1119 1625 Quomodo
1149 1567 1278 1622 ergo
1301 1549 1546 1618 expiatur
1569 1542 1712 1615 quod
1740 1536 2060 1608 inexpiabile

479 1655 595 1709 est?
625 1649 900 1720 Quomodo
929 1661 1137 1717 sperem
1173 1654 1224 1698 te
1254 1641 1554 1695 auditurum
1585 1649 1703 1690 esse
1731 1629 1878 1701 quod
1902 1628 2056 1690 dico,

480 1748 568 1814 qui
609 1755 714 1797 tam
757 1745 807 1796 in
852 1740 1094 1811 proximo
1132 1751 1236 1790 non
1266 1732 1417 1787 audis
1445 1731 1556 1798 ipse
1583 1723 1728 1795 quod
1751 1721 1906 1814 dicis,
1934 1731 2060 1814 cum

479 1808 574 1890 tibi
609 1808 864 1888 continuo
897 1826 1238 1888 conti-adicis,
1269 1819 1538 1877 censendo
1565 1813 1889 1884 expiandum
1917 1808 2060 1879 quod

485 1925 802 1994 inexpiabile
839 1919 1079 1976 dixeris?
1121 1917 1226 1970 Nos
1257 1922 1432 1968 autem
1472 1911 1539 1962 ita
1575 1916 1810 1961 vestrum
1834 1901 2064 1998 dicimus

483 1993 792 2071 Iizereticttm
824 2023 877 2066 et
904 2010 1218 2078 sacrilegum
1250 2017 1507 2064 errorem,
1542 2007 1596 2051 ut
1623 2006 1798 2050 tamen
1828 1993 2066 2058 inexpia-

485 2110 642 2162 biletn
671 2121 774 2163 non
801 2104 1039 2157 dicamus
1071 2117 1085 2153 :
1114 2097 1344 2164 alioquin
1375 2093 1564 2147 frustra
1594 2086 1886 2148 vobiscum,
1916 2090 1975 2134 ut
2001 2095 2067 2134 eo

485 2201 674 2255 relicto
715 2195 939 2252 correcti
979 2191 1044 2246 ad
1091 2189 1384 2244 Ecclesium
1415 2181 1732 2238 catholicam
1765 2173 2062 2236 trauseatis,

489 2292 684 2363 quibus
728 2288 898 2343 modis
939 2298 1240 2356 possumus,
1285 2278 1544 2347 agendum
1581 2287 1702 2328 esse
1740 2268 2062 2363 censuimus.

494 2356 601 2438 ISec
631 2389 819 2441 nostro,
853 2378 990 2431 sicut
1016 2373 1226 2437 scribis,
1254 2369 1400 2424 verba
1428 2378 1473 2420 te
1498 2367 1570 2418 uti
1594 2360 1890 2424 arbitreris,
1918 2356 2067 2426 quasi

489 2476 582 2527 hoc
609 2472 796 2526 malum
817 2471 925 2524 sine
945 2467 1086 2521 venia
1111 2475 1156 2520 et
1177 2466 1283 2519 sine
1300 2462 1492 2515 medico
1512 2474 1617 2511 esse
1637 2455 1902 2517 dicamus;
1927 2449 2069 2520 quod

489 2565 705 2619 omnino
741 2552 844 2617 non
882 2559 1140 2621 dicimus;
1174 2555 1292 2625 quia
1323 2561 1377 2606 et
1406 2550 1610 2603 veniam
1636 2551 1907 2600 merentur
1937 2555 2071 2610 quos

490 2656 648 2723 hujus
671 2652 792 2706 mali
817 2647 1124 2719 panituerit
1142 2690 1156 2709 ,
1179 2655 1234 2700 et
1258 2643 1595 2710 oumipotens
1613 2649 1697 2692 est
1720 2635 1960 2688 medicus
1979 2631 2069 2723 qui

493 2722 586 2812 per
612 2740 921 2810 prophetam
949 2739 1094 2801 dicit,
1126 2735 1185 2790 Si
1211 2749 1475 2788 conversus
1499 2728 1654 2799 fueris
1679 2735 1725 2780 et
1749 2722 2066 2794 ingemueris,

491 2847 610 2889 tunc
647 2833 814 2886 salvus
851 2831 948 2884 eris
976 2823 1370 2896 (Esca/lavat).
1408 2825 1761 2890 Quapropter,
1801 2819 1844 2868 si
1885 2815 1936 2867 iu
1970 2813 2072 2866 ali-

491 2932 649 2986 quem
671 2914 804 2969 forte
827 2913 1054 2966 incidisti
1078 2910 1160 2964 vel
1182 2909 1355 2962 ttiinus
1377 2907 1428 2960 in
1452 2905 1532 2958 his
1553 2902 1712 2957 rebus
1734 2901 2069 2960 instructum,

493 3010 574 3062 vel
611 3009 784 3061 minus
824 3005 946 3074 quid
979 3005 1283 3072 loqueretur
1313 3001 1602 3054 intuentem
1626 3034 1642 3059 ,
1685 2991 1926 3062 quamvis
1951 3002 2073 3045 esse

491 3095 883 3152 communionis
909 3092 1184 3147 catholica:
1215 3090 1483 3143 videretur
1505 3127 1523 3151 ,
1553 3084 1640 3154 qui
1673 3082 1774 3136 hoc
1802 3079 1894 3133 tibi
1923 3077 2071 3131 dit-e-

489 3199 617 3254 ret;
668 3187 781 3252 ipse
831 3185 1004 3254 potius
1050 3183 1204 3250 hujus
1247 3176 1627 3234 inconsiderati
1672 3172 1818 3228 verbi
1864 3170 2072 3225 veniam

497 3287 764 3336 mereatur
788 3296 801 3332 :
827 3277 961 3332 sicut
993 3285 1046 3330 ιιι
1077 3276 1163 3344 qui
1194 3288 1315 3328 cum
1345 3272 1418 3326 sis
1443 3281 1548 3326 tam
1580 3268 1871 3324 liberaliter
1899 3263 2078 3320 erudi-

499 3382 604 3435 tus,
633 3383 684 3424 et
713 3372 764 3425 in
793 3381 907 3424 arte
932 3371 1212 3423 verborum
1243 3383 1346 3420 non
1372 3362 1713 3418 mediocriter
1737 3359 1946 3419 doetus,
1976 3355 2074 3408 ιιιί-

499 3478 598 3516 nus
625 3475 797 3515 tamen
821 3460 945 3530 quid
972 3458 1205 3528 loquaris
1224 3455 1522 3516 attendens,
1547 3449 1864 3521 expiandum
1887 3459 2076 3501 censes

495 3550 634 3618 quod
665 3532 982 3618 inexpiabile
1013 3546 1209 3611 dixeris
1233 3561 1249 3610 ;
1279 3555 1334 3598 et
1361 3543 1504 3614 quod
1533 3552 1616 3597 est
1644 3538 2036 3594 monstruosius
2060 3577 2075 3599 .

499 3640 617 3694 ideo
644 3637 986 3708 expiandum,
1015 3637 1137 3706 quia
1168 3635 1504 3704 inexpiabile.
1537 3632 1650 3687 Non
1680 3640 1762 3686 est
1788 3640 1962 3683 niuem
1989 3643 2080 3682 ca-

499 3731 751 3784 tholicum
791 3743 884 3783 eos
924 3728 1145 3790 hortari,
1183 3735 1240 3779 nt
1277 3741 1459 3780 errore
1496 3732 1740 3780 correcta
1767 3720 1898 3774 salvi
1927 3719 2072 3780 liaut,

499 3835 633 3892 quos
681 3821 1068 3889 inexpiabiliter
1111 3829 1268 3888 atque
1312 3816 1676 3871 insatiabiliter
1713 3825 2078 3868 assereremus

495 3926 678 3967 errare
699 3914 740 3964 '.
771 3911 876 3966 Sed
911 3911 1028 3965 ideo
1058 3910 1207 3964 vobis
1236 3924 1340 3962 non
1371 3908 1616 3961 videntur
1645 3904 1885 3960 mandari
1908 3944 1924 3967 ,
1955 3917 2076 3956 cum

494 4005 564 4059 ad
586 4019 680 4059 nos
702 4020 729 4057 a
754 4005 903 4057 vobis
926 4011 1218 4066 transeunt,
1241 4001 1364 4072 quia
1385 4015 1490 4054 non
1512 3999 1686 4053 denuo
1707 3997 2074 4067 baptizantur:

492 4097 647 4164 quasi
679 4098 794 4150 solo
825 4096 1094 4165 Baptismo
1114 4136 1129 4160 ,
1161 4109 1319 4162 quem
1350 4090 1514 4160 repeti
1546 4104 1650 4144 non
1679 4096 1923 4157 oportet,
1955 4101 2076 4141 eum

495 4189 640 4239 idem
673 4199 830 4256 atque
863 4202 997 4239 unus
1025 4195 1128 4248 est,
1162 4185 1403 4238 homines
1431 4183 1498 4236 ab
1523 4196 1705 4236 errore
1731 4179 2073 4234 mandentur.

504 4279 820 4332 Mundantur
845 4287 898 4330 et
922 4277 1083 4330 verbo
1111 4275 1346 4329 vetitatis
1380 4274 1447 4327 ab
1484 4275 1574 4326 illo
1601 4273 1689 4342 qui
1719 4273 1812 4337 ait,
1841 4271 1963 4324 Jam
1993 4287 2078 4325 vos

504 4367 676 4419 nmmli
722 4368 837 4420 estis
885 4375 1088 4435 propter
1132 4364 1333 4417 verbum
1375 4365 1510 4434 quod
1558 4364 1750 4417 locutus
1790 4373 1909 4415 sunt
1941 4362 2078 4415 nobis

503 4457 682 4522 (Joan.
717 4471 784 4510 xv
808 4498 823 4519 ,
853 4457 930 4526 7)).
962 4455 1276 4510 Muudantur
1301 4464 1356 4510 et
1379 4455 1637 4509 sacriﬁcio
1661 4454 1874 4508 contriti
1901 4454 2080 4508 cordis

504 4552 570 4604 ab
611 4551 698 4602 illo
739 4551 804 4602 de
843 4565 948 4618 quo
985 4549 1182 4603 dictum
1226 4559 1327 4612 est,
1369 4548 1690 4614 Sacri/icium
1729 4547 1836 4601 Deo
1875 4548 2081 4617 spiritus

503 4641 906 4704 contribulatus;
949 4656 1036 4693 cor
1077 4641 1346 4694 contritum
1383 4649 1429 4691 et
1460 4639 1774 4692 humitiutum
1818 4637 1952 4691 Deus
1980 4655 2080 4691 non

504 4733 690 4801 spernit
718 4733 736 4802 (
761 4731 910 4788 Psal.
931 4749 961 4786 ι,
987 4775 1003 4798 ,
1035 4732 1156 4801 l9).
1204 4733 1518 4785 Mmulantur
1545 4740 1599 4785 et
1635 4731 1987 4802 eleeinosyuis
2016 4731 2083 4784 ab

507 4826 594 4879 illo
624 4827 710 4895 qui
741 4825 849 4890 ait,
896 4826 1024 4879 Date
1058 4828 1421 4895 elccmosynam
1443 4866 1456 4890 ,
1491 4834 1536 4878 ct
1562 4839 1674 4878 ecce
1698 4824 1866 4878 omnia
1891 4822 2082 4877 munda

505 4927 620 4971 sunt
649 4919 784 4972 vobis
811 4918 972 4986 (an.
1003 4935 1078 4976 χι.
1109 4919 1165 4972 tl
1199 4921 1236 4986 ).
1268 4917 1584 4971 Minui-antur
1609 4916 1719 4986 ipsa
1749 4931 1867 4985 quae
1894 4929 2084 4986 super-

497 5012 705 5064 eminet
743 5009 989 5063 omnibus
1019 5009 1274 5062 charitate
1307 5010 1373 5061 ab
1409 5009 1499 5062 illo
1530 5009 1618 5078 qui
1656 5023 1750 5078 per
1782 5008 2082 5076 apostolum

503 5103 724 5159 Petrum
752 5101 884 5155 dixit
913 5119 924 5152 :
953 5100 1182 5156 Charitas
1211 5103 1434 5170 coeperit
1459 5099 1832 5154 multitudinem
1858 5108 2086 5168 peccato-

503 5211 619 5248 rum
641 5193 684 5262 (I
718 5192 854 5246 Petr.
873 5206 946 5256 tv,
977 5190 1033 5263 8)
1062 5209 1076 5244 :
1103 5208 1221 5260 qua:
1248 5208 1346 5245 una
1374 5194 1416 5246 si
1445 5191 1602 5256 adsit,
1625 5190 1801 5244 omnia
1828 5189 1916 5243 illa
1945 5199 2088 5244 recte

506 5285 680 5348 ﬁunt;
710 5283 755 5338 si
793 5291 970 5336 autem
1008 5281 1148 5336 desit
1172 5282 1258 5336 illa
1286 5324 1301 5348 ,
1331 5285 1509 5336 omnia
1541 5283 1730 5336 frustra
1772 5282 1920 5336 liuut.
1962 5279 2088 5334 Hzrc

508 5390 640 5430 vero
667 5373 807 5430 unde
834 5373 939 5433 sit,
970 5371 1090 5426 audi
1120 5374 1397 5428 docentem
1430 5375 1742 5440 Apostolum
1773 5391 1784 5426 :
1815 5371 2044 5428 Charitas
2069 5411 2084 5436 ,

509 5462 717 5536 inquit,
748 5464 841 5519 Dei
868 5461 1056 5531 diffusa
1087 5473 1156 5518 est
1185 5464 1236 5516 in
1263 5464 1493 5518 cordibus
1518 5465 1700 5519 nostris
1727 5480 1813 5534 per
1838 5463 2087 5534 Spiritum

577 5708 594 5737 ¹
627 5707 764 5765 Editl,
787 5717 960 5758 tamen.
991 5715 1042 5758 At
1072 5714 1328 5765 Mss.,tam.

577 5767 598 5798 ⁸
622 5766 738 5814 ιτιιιιι
758 5803 770 5826 ,
799 5771 1054 5821 asscrimus
1076 5781 1260 5820 errare.
1305 5775 1409 5820 atss.
1425 5801 1443 5830 ,
1487 5779 1750 5820 asscrcmus
1773 5783 1959 5822 errare.

1208 340 1481 398 CONTRA
1517 327 1946 393 CIIESCONlU.“
1988 323 2440 396 DONATISTAM,
2481 329 2539 385 S.
2580 329 2948 388 AUGUSTINI

3622 329 3740 389 476

2156 453 2384 497 sanctum
2405 446 2494 513 qui
2513 445 2663 498 datus
2689 455 2759 500 est
2782 446 2924 500 nobis
2948 444 3123 513 (Rom.
3155 460 3188 499 ν
3211 488 3227 512 ,
3254 443 3333 516 5).
3363 443 3512 502 Unde
3540 450 3742 503 merito

2153 535 2446 589 creduntur
2483 536 2572 605 qui
2611 546 2760 590 extra
2791 536 3085 591 Ecclesium
3118 537 3443 606 Baptismnm
3483 537 3746 592 Ecclesia:

2157 633 2528 694 perceperunt,
2559 641 2664 680 non
2692 625 2890 681 habere
2913 625 3166 696 Spiritum
3196 637 3457 690 sanctum,
3490 627 3588 681 nisi
3612 641 3740 682 cum

2157 718 2258 788 ipsi
2282 720 2528 774 Ecclesia:
2551 721 2759 775 vinculo
2780 721 2922 791 pacis
2940 736 3034 790 per
3051 722 3437 777 eonnesionem
3463 719 3742 775 eliarirstis

2157 811 2546 868 adhmrescunt.

2231 922 2456 980 CAPUT
2493 923 2631 978 XIII.
2655 954 2725 964 —
2749 923 2833 978 16.
2875 923 2992 978 Jam
3023 923 3161 977 enim
3195 923 3343 978 locus
3368 930 3451 977 est
3479 930 3536 976 ut
3561 931 3746 977 osten-

2161 1013 2304 1078 dam,
2327 1015 2464 1084 quod
2489 1016 2540 1069 in
2565 1016 2733 1085 primo
2755 1015 2889 1069 libro
2910 1014 3280 1069 distuleramus
3302 1013 3486 1086 (Num.
3510 1015 3742 1084 ultimo),

2160 1103 2284 1173 quid
2308 1105 2359 1158 in
2381 1106 2633 1171 Ecclesia,
2659 1120 2779 1175 qum.
2801 1115 3039 1158 sanetum
3063 1121 3260 1173 corpus
3281 1112 3364 1159 est
3381 1103 3597 1168 Christi,
3626 1119 3747 1174 pro-

2165 1195 2277 1263 prie
2305 1196 2472 1264 possit
2499 1195 2689 1264 accipi,
2718 1195 2857 1266 quod
2887 1204 3077 1264 printer
3103 1195 3246 1248 illam
3275 1209 3378 1248 non
3404 1203 3576 1263 pctest
3598 1193 3743 1250 acci-

2163 1289 2238 1359 pi.
2269 1288 2342 1343 De
2366 1287 2450 1344 his
2472 1289 2614 1343 enim
2637 1290 2724 1358 qui
2747 1289 3030 1344 schismata
3058 1287 3338 1352 faciebant,
3367 1288 3505 1342 idem
3530 1298 3746 1357 aposto-

2162 1379 2247 1436 ius
2286 1380 2433 1447 dicit,
2473 1381 2720 1435 Animalis
2759 1391 2923 1435 autem
2965 1382 3113 1434 homo
3152 1397 3251 1434 non
3288 1381 3496 1451 percipit
3534 1396 3594 1433 ea
3629 1392 3748 1444 qua

2164 1486 2280 1531 sunt
2309 1475 2534 1544 Spiritus
2563 1474 2660 1529 Dei
2686 1476 2744 1547 (I
2773 1476 2890 1530 Cor.
2929 1493 2998 1540 ιι,
3035 1473 3157 1546 14).
3193 1474 3420 1528 Primam
3459 1473 3524 1528 ad
3554 1472 3750 1527 Corin-

2166 1566 2306 1621 thios
2344 1566 2630 1635 Epistolam
2670 1567 2819 1636 lege,
2858 1576 2912 1621 et
2942 1567 3198 1622 invenies.
3247 1565 3544 1634 Baptismus
3584 1564 3748 1634 igitur

2165 1655 2564 1711 Sacrameutum
2592 1665 2674 1710 est
2697 1672 2848 1710 nova:
2879 1657 2997 1710 vita:
3020 1671 3083 1709 ac
3107 1655 3291 1710 salutis
3316 1663 3558 1720 atteram;
3588 1671 3748 1725 quem

2167 1747 2316 1802 multi
2352 1745 2550 1802 habent
2579 1763 2683 1802 non
2713 1747 2778 1802 ad
2810 1748 2967 1801 vitam
2998 1756 3251 1801 aitet-nam
3273 1787 3288 1811 ,
3321 1746 3413 1801 sed
3441 1746 3506 1799 ad
3535 1762 3748 1814 poenam

2168 1849 2442 1901 aeternam,
2488 1853 2594 1893 non
2635 1838 2772 1894 bene
2811 1847 3019 1893 utentes
3047 1845 3195 1891 tanto
3224 1837 3364 1892 bono
3394 1855 3408 1891 :
3436 1835 3750 1892 cbaritatem

2169 1945 2296 1985 vero
2323 1939 2558 1985 sanctam
2581 1972 2596 1996 ,
2628 1946 2749 2000 qua:
2775 1938 2859 1984 est
2886 1930 3155 1984 vinculum
3185 1928 3524 1998 perfectionis
3545 1969 3560 1990 ,
3589 1942 3752 1982 nemo

2171 2031 2344 2090 potest
2387 2019 2583 2074 habere
2623 2037 2725 2074 non
2773 2020 2975 2083 bonus;
3017 2034 3174 2074 nemo
3215 2018 3303 2089 qui
3347 2018 3533 2081 habet,
3579 2017 3752 2087 potest

2171 2126 2289 2166 esse
2323 2111 2407 2165 vel
2439 2109 2809 2164 schismaticus
2838 2110 2916 2164 vel
2953 2108 3250 2164 barreticus.
3291 2106 3423 2162 Cum
3452 2122 3580 2176 ergo
3607 2107 3757 2176 quis-

2171 2217 2274 2271 que
2298 2201 2362 2255 ad
2392 2200 2645 2256 Ecclesim
2669 2201 2888 2254 veniens
2913 2200 3186 2263 unitatem,
3213 2213 3334 2251 cum
3359 2197 3474 2265 ejus
3501 2197 3756 2252 membris

2173 2291 2433 2346 veraciter
2465 2291 2777 2360 copulatur,
2816 2290 3038 2359 accipiat
3070 2287 3322 2359 Spiritum
3358 2297 3624 2352 sanctum,
3661 2303 3758 2358 per

2173 2396 2330 2451 quem
2359 2380 2668 2435 diffunditur
2693 2379 2924 2434 cbaritas
2951 2381 3000 2432 in
3025 2377 3275 2434 cordibus
3297 2378 3512 2440 nostris.
3539 2378 3759 2433 eadem-

2173 2488 2279 2542 que
2316 2472 2548 2527 cbaritas
2577 2473 2850 2541 cooperiat
2880 2469 3268 2525 multitudinem
3297 2482 3633 2542 peccatorum
3654 2511 3670 2533 ,
3699 2480 3759 2526 ut

2175 2560 2504 2631 Baptismnm
2533 2577 2690 2631 quem
2724 2561 2950 2630 primum
2984 2559 3207 2614 habebat
3238 2559 3303 2613 ad
3330 2560 3588 2629 judicium
3609 2601 3625 2625 ,
3657 2559 3758 2613 Ita-

2174 2652 2302 2709 bcrc
2317 2653 2427 2722 jam
2456 2662 2722 2707 mereatur
2744 2651 2807 2705 ad
2836 2652 3110 2720 praemium
3134 2671 3148 2716 ;
3175 2651 3442 2722 quomodo
3463 2667 3579 2706 cum
3605 2667 3764 2706 mun-

2175 2743 2288 2797 dari
2320 2759 2480 2814 negas
2501 2785 2516 2809 ,
2547 2743 2645 2797 nisi
2678 2745 2797 2811 quia
2823 2741 3040 2797 omnino
3065 2758 3183 2812 quae
3207 2743 3277 2796 sit
3302 2741 3568 2796 mundatio
3594 2741 3762 2811 spiri-

2177 2835 2333 2888 tualis
2361 2835 2608 2904 ignoras?
2633 2833 2745 2888 Non
2775 2834 2951 2904 igitur,
2984 2833 3121 2886 sicut
3142 2833 3450 2888 conviciaris
3469 2873 3483 2897 ,
3514 2841 3762 2902 tanquam

2175 2926 2229 2978 in
2255 2927 2453 2995 asylum
2478 2924 2684 2979 Romuli
2702 2935 2888 2978 vestros
2909 2935 3142 2980 nocentes
3163 2924 3449 2995 recipimus,
3471 2939 3604 2994 quos
3623 2925 3768 2980 civi-

2177 3028 2260 3074 tas
2286 3019 2374 3073 Dei
2399 3019 2704 3088 recipiendo
2725 3017 2889 3072 el‘ticit
2915 3019 3226 3074 innocentes
3247 3059 3262 3082 ,
3286 3034 3407 3073 cum
3430 3017 3495 3072 ad
3516 3017 3764 3073 eamdem

2180 3111 2350 3164 veraci
2366 3109 2528 3164 corde
2543 3111 2868 3179 transierint,
2887 3111 2954 3166 de
2970 3127 3071 3181 qua
3088 3111 3202 3181 ejus
3216 3110 3458 3165 conditor
3473 3110 3620 3176 dicit,
3638 3110 3765 3166 Non

2179 3209 2338 3271 potest
2353 3201 2524 3256 civitas
2540 3202 2780 3256 abscondi
2796 3218 2948 3271 super
2965 3213 3180 3256 montem
3200 3202 3491 3275 constituta(
3498 3202 3549 3256 Μ
3553 3203 3681 3255 atth.
3704 3219 3764 3268 v,

2181 3292 2288 3367 14).
2307 3291 2424 3346 Non
2441 3291 2582 3346 enim
2599 3307 2714 3346 eam
2743 3292 2998 3358 condidit,
3019 3294 3105 3363 qui
3135 3293 3350 3348 fratrem
3368 3294 3594 3363 superbe
3617 3295 3764 3349 occi-

2180 3383 2259 3437 dit
2283 3384 2469 3449 iratus,
2497 3384 2588 3439 sed
2616 3383 2703 3454 qui
2732 3383 2920 3438 fratres
2957 3384 3228 3440 humiliter
3275 3385 3502 3440 redemit
3531 3388 3761 3441 occisus.

2181 3474 2328 3528 lianc
2349 3472 2546 3542 Spiritu
2573 3483 2756 3528 sancto
2784 3475 3069 3529 mandante
3099 3475 3349 3543 Izetilieat,
3370 3477 3436 3531 de
3454 3492 3559 3546 quo
3575 3477 3767 3530 clama-

2183 3564 2270 3617 bat
2299 3564 2499 3626 diccus,
2523 3565 2582 3620 Si
2607 3565 2716 3634 quis
2742 3565 2867 3630 sitit,
2887 3565 3045 3618 veniat
3071 3574 3116 3618 et
3145 3564 3276 3618 bibat
3303 3565 3477 3636 (Joan.
3515 3581 3603 3631 vn,
3635 3567 3762 3638 37):

2182 3672 2286 3710 non
2330 3672 2519 3725 aquam
2559 3656 2815 3712 visibilem
2855 3655 3229 3711 commendans
3254 3673 3373 3726 qua:
3401 3656 3555 3711 datur
3583 3658 3635 3710 in
3665 3657 3764 3712 Ba-

2181 3747 2445 3818 ptismatis
2483 3757 2834 3812 Sacramenta,
2878 3762 3037 3816 quam
3077 3755 3129 3800 et
3167 3746 3289 3800 boui
3324 3756 3378 3800 et
3409 3747 3531 3800 mali
3562 3746 3766 3802 habere

2182 3850 2424 3910 possunt,
2454 3838 2694 3910 quamvis
2715 3841 2829 3893 sine
2855 3839 2941 3892 illa
2969 3838 3089 3892 boni
3116 3838 3241 3891 salvi
3270 3837 3380 3892 fieri
3409 3854 3510 3891 non
3536 3838 3762 3908 possint.

2182 3931 2311 3999 Qum
2337 3930 2576 3998 quamvis
2600 3929 2850 3984 Ecclesia:
2873 3929 2958 3991 sit,
2985 3937 3158 3982 tamen
3181 3929 3338 3982 etiam
3363 3927 3501 3983 foras
3523 3927 3764 3997 proﬂuit,

2183 4034 2302 4073 cum
2334 4030 2383 4072 et
2422 4017 2562 4086 apud
2593 4018 2709 4071 illos
2743 4018 3028 4082 invenitur,
3078 4017 3166 4086 qui
3196 4033 3261 4071 ex
3290 4017 3442 4070 nobis
3477 4017 3764 4082 exierunt,

2183 4109 2275 4163 sed
2309 4125 2411 4163 non
2439 4117 2591 4163 erant
2616 4123 2682 4162 ex
2712 4108 2864 4163 nobis
2894 4106 2936 4178 (l
2964 4107 3116 4161 Joan.
3146 4124 3203 4171 ιι,
3233 4106 3320 4176 19)
3347 4125 3360 4164 :
3386 4109 3520 4162 sicut
3548 4123 3682 4177 aqua
3713 4109 3765 4163 in

2183 4201 2360 4271 aliquo
2388 4217 2450 4255 ex
2486 4200 2590 4253 illis
2621 4199 3052 4253 memorabilibus
3079 4210 3305 4268 quatuor
3331 4197 3634 4253 ﬂuminibus
3662 4216 3764 4254 ne-

2182 4295 2294 4362 gari
2330 4309 2434 4348 non
2467 4300 2642 4362 potest
2667 4291 2806 4360 quod
2835 4291 2905 4345 sit
2932 4305 3065 4360 aqua
3093 4290 3357 4360 paradisi,
3386 4292 3625 4360 quamvis
3655 4307 3766 4347 non

2184 4387 2251 4441 sit
2278 4387 2328 4440 in
2357 4386 2470 4439 solo
2498 4382 2760 4454 paradiso,
2788 4399 2906 4451 qum
2933 4383 3089 4436 etiam
3118 4392 3263 4436 extra
3291 4383 3411 4437 inde
3435 4375 3687 4436 iuanavit.

2255 4477 2480 4533 CAPUT
2517 4474 2856 4530 XlV.——l7.
2899 4462 3012 4527 Non
3052 4489 3178 4543 ergo
3220 4474 3355 4528 hanc
3395 4489 3618 4543 aquam,
3670 4475 3769 4529 sed

2184 4587 2334 4638 aqua:
2365 4569 2578 4622 nomine
2607 4565 2867 4620 invisibile
2893 4565 2983 4618 Dei
3012 4564 3208 4618 donum
3239 4573 3476 4617 sanctum
3507 4564 3767 4633 Spiritum

2186 4659 2590 4716 commendabat
2610 4700 2624 4720 ,
2664 4656 2846 4711 dicens
2867 4698 2880 4719 ,
2911 4655 2972 4709 Si
3000 4656 3110 4720 quis
3139 4655 3242 4707 sitit
3265 4693 3280 4719 ,
3315 4654 3476 4706 veniat
3506 4665 3551 4706 ct
3580 4654 3715 4707 bibat
3751 4673 3772 4718 ,-

2188 4755 2324 4808 sicut
2362 4750 2633 4805 evidenter
2655 4746 2997 4817 Evangelista
3039 4753 3259 4800 testatur
3295 4743 3607 4815 adjungens,
3649 4741 3771 4797 Hoc

2188 4854 2352 4896 autem
2370 4841 2558 4896 diccbat
2585 4840 2647 4892 de
2673 4837 2869 4908 Spiritu
2893 4854 3035 4909 quem
3057 4837 3312 4905 accepturi
3342 4843 3481 4888 erant
3511 4834 3776 4889 credentes

2188 4935 2240 4988 in
2277 4951 2409 4988 cum.
2454 4932 2676 5003 Spiritus
2715 4931 2848 4984 enim
2878 4930 3097 4983 nondum
3126 4940 3233 4980 erat
3263 4929 3409 4980 datus
3435 4970 3447 4991 ,
3475 4929 3590 4997 quin
3619 4927 3779 4982 Jesns

2191 5027 2414 5078 nondum
2448 5027 2611 5094 fuerat
2646 5023 2950 5090 cluriﬁcatus
2990 5019 3164 5088 (Joan.
3192 5034 3284 5082 vn,
3313 5020 3398 5079 '57,
3422 5017 3533 5089 59).
3574 5019 3635 5070 Iit
3666 5021 3776 5070 nti-

2191 5131 2293 5186 que
2318 5125 2572 5184 quantum
2604 5115 2666 5166 ad
2697 5115 3097 5167 SJCI'AIIIICIHUIII
3140 5113 3331 5165 attinet
3360 5111 3551 5164 lavacri
3582 5111 3779 5164 visibi-

2193 5209 2256 5262 lis
2279 5249 2292 5271 ,
2329 5217 2608 5276 antequam
2639 5218 2780 5262 esset
2812 5205 3135 5275 resurgendo
3161 5203 3478 5259 clarificalus
3501 5244 3516 5268 ,
3541 5203 3649 5271 jam
3682 5203 3779 5257 ba-

2192 5300 2481 5369 ptizaverat
2507 5299 2684 5366 plures
2711 5314 2865 5366 quam
2894 5297 3145 5358 Joannes,
3175 5296 3310 5350 sicut
3340 5296 3509 5364 ipsum
3540 5295 3787 5365 loquitur

2195 5392 2536 5459 Evangelinni
2579 5391 2701 5463 (Id.
2742 5407 2820 5454 tv,
2855 5391 2941 5459 1).
2971 5390 3121 5447 Unde
3159 5389 3287 5443 dicit
3313 5389 3583 5459 discipulis
3619 5391 3737 5444 suis
3767 5408 3778 5441 :

2190 5483 2413 5538 Joannes
2433 5483 2629 5552 quidem
2653 5483 2919 5552 baptizavit
2945 5498 3195 5553 aqua,tvos
3217 5492 3384 5536 autent
3401 5482 3788 5551 boptisabimini

2194 5576 2392 5646 Spiritu
2419 5584 2609 5638 sancto,
2640 5591 2786 5645 quem
2811 5586 2856 5628 et
2883 5575 3138 5644 accepturi
3170 5576 3287 5628 estis
3317 5590 3414 5628 non
3444 5584 3555 5642 post
3586 5573 3780 5628 muhos

2193 5671 2299 5723 dies
2327 5668 2416 5721 hos
2443 5684 2597 5735 usque
2624 5669 2690 5720 ad
2725 5666 3046 5722 I’entecostcn
3077 5669 3207 5735 (Act.
3241 5683 3254 5720 t
3282 5708 3296 5730 ,
3329 5667 3407 5736 5).
3440 5665 3533 5720 llic
3558 5675 3786 5722 sanctus

2200 5763 2430 5831 Spiritus
2470 5759 2685 5816 veniens
2712 5761 2762 5814 in
2789 5773 2881 5816 eos
2903 5802 2917 5828 ,
2951 5761 3050 5816 tale
3079 5761 3282 5831 signum
3313 5758 3551 5829 primitus
3591 5756 3788 5828 dedit,
