4066 6200
264 348 370 406 ιη

269 470 329 518 ιιι
371 459 458 530 qui
489 471 612 512 eum
641 453 943 524 acciperent
966 493 982 519 ,
1013 450 1204 519 linguis
1234 448 1471 505 omnium
1498 443 1734 515 gentium
1766 439 1848 493 lo-

269 560 562 623 querentur
589 545 723 616 (Aet.
749 561 807 609 ιι,
838 543 984 615 1·4);
1035 541 1155 611 quia
1185 535 1533 610 portendebat
1558 531 1853 588 Ecclesium

272 658 370 714 per
404 651 599 695 omnes
631 645 817 707 gentes
858 634 1107 694 futuram,
1136 644 1234 685 nec
1263 640 1582 698 quemquam
1607 629 1856 690 acceptu-

276 710 391 788 rum
429 731 687 800 Spiritum
727 735 989 789 sanctum,
1023 722 1121 777 nisi
1152 721 1240 790 qui
1270 711 1392 786 ejus
1414 716 1616 770 unitate
1639 710 1856 782 copula-

274 834 442 882 retur.
467 823 641 892 Hujus
669 821 828 875 fontis
855 819 1002 886 largo
1026 825 1182 884 atque
1209 808 1454 865 invisibili
1483 806 1698 861 flumine
1721 802 1859 857 laeti-

278 915 402 971 ficat
427 915 567 970 Deus
591 912 859 965 civitatem
885 922 1056 970 suam,
1083 904 1150 958 de
1171 918 1272 972 qua
1299 898 1564 968 Propheta
1594 893 1858 964 prmdixit,

282 1007 537 1062 Fluminis
563 1005 775 1072 impetus
805 999 1028 1064 (tuti/ictu
1053 996 1300 1050 civitatem
1326 991 1418 1044 Dei
1436 986 1606 1061 (Psol.
1630 1001 1750 1051 ην,
1780 984 1859 1053 5).

282 1101 362 1156 Ad
403 1100 544 1152 hunc
578 1095 721 1150 enim
747 1092 956 1146 'fontem
990 1089 1162 1144 nullus
1189 1093 1472 1142 extraneas
1495 1123 1509 1146 ,
1541 1079 1660 1150 quia
1689 1077 1864 1132 nullus

281 1192 383 1244 nisi
414 1190 519 1241 vita
547 1193 745 1240 :cterna
773 1181 963 1252 dignus
985 1178 1209 1233 accedit.
1243 1175 1341 1230 Hic
1369 1181 1457 1229 est
1485 1170 1729 1241 proprius
1758 1167 1864 1222 Ec-

281 1281 460 1336 clesia:
488 1277 684 1332 Christi
703 1317 718 1342 ,
749 1275 834 1328 cui
862 1281 1009 1327 tanto
1034 1281 1160 1326 ante
1189 1267 1558 1339 prophetatum
1590 1271 1692 1326 est,
1727 1259 1866 1314 Fons

282 1389 428 1443 aqua
455 1381 554 1424 tua
581 1370 646 1424 sit
675 1368 763 1422 tibi
793 1367 1046 1438 proprius,
1077 1372 1123 1417 et
1152 1377 1296 1416 nemo
1323 1360 1518 1414 alienus
1539 1353 1868 1409 communicet

284 1467 374 1519 tibi
397 1463 574 1536 (Prov.
612 1477 668 1528 v,
710 1459 820 1531 17).
858 1458 938 1512 τῦθ
983 1459 1081 1510 hac
1116 1455 1257 1508 enim
1293 1449 1531 1506 Ecclesia
1569 1455 1622 1502 et
1660 1444 1728 1499 de
1767 1443 1867 1496 isto

287 1533 434 1610 fonte
460 1553 652 1608 dicitur
675 1560 730 1604 et
756 1551 806 1603 in
828 1548 1049 1604 Cantico
1073 1544 1424 1604 canticorum,
1452 1537 1647 1593 Hortus
1667 1533 1870 1589 conciu-

285 1663 395 1708 sus,
428 1649 542 1715 fons
566 1644 810 1712 signatus,
843 1649 1020 1710 puteus
1044 1651 1190 1706 aqua:
1212 1635 1337 1688 viva:
1364 1631 1536 1702 (Cant.
1567 1644 1640 1692 tv,
1676 1624 1784 1695 l2).

362 1735 583 1791 CAPUT
620 1733 736 1788 XV.
759 1761 831 1772 —
855 1730 941 1784 l8.
981 1728 1096 1782 Iloc
1132 1724 1295 1780 vestri
1325 1722 1391 1776 de
1429 1719 1650 1775 visibilis
1688 1714 1871 1786 Bapti-

288 1828 478 1884 smatis
506 1830 838 1881 sacramento
866 1821 1205 1890 accipientes,
1220 1824 1429 1870 tantum
1457 1817 1664 1874 errant,
1699 1816 1756 1861 ut
1786 1820 1871 1860 res

289 1921 702 1977 absurdissimas
744 1915 894 1970 fateri
937 1918 1192 1982 cogantur
1233 1906 1378 1960 inviti
1411 1923 1424 1958 :
1455 1902 1594 1973 quod
1629 1900 1693 1954 ad
1725 1897 1872 1952 ilhun

290 2011 498 2067 scilicet
521 2007 775 2068 fontem’,
803 2003 891 2075 qui
923 2001 1165 2072 proprius
1195 2006 1278 2052 est
1303 1995 1473 2050 unica:
1503 1989 1781 2053 columine,
1807 1986 1875 2040 de

291 2119 404 2174 quo
445 2102 641 2157 dictmn
681 2108 797 2160 est,
840 2094 1006 2150 Nemo
1049 2093 1244 2146 alienus
1285 2085 1615 2142 communicet
1652 2082 1780 2144 tibi;
1807 2077 1876 2132 ad

294 2173 510 2250 hortum
539 2191 846 2247 conclusum
879 2197 1202 2257 puteumque
1237 2181 1498 2251 signatum
1531 2173 1761 2245 potuerit
1785 2185 1873 2226 ac-

294 2285 489 2341 cedere
512 2282 694 2336 Simon
722 2279 922 2347 Magos,
950 2290 1107 2346 quem
1137 2271 1359 2342 legimus
1383 2285 1412 2322 a
1438 2265 1684 2334 Philippo
1709 2261 1876 2332 bapti-

296 2385 479 2430 zatum
507 2372 642 2442 (Act.
674 2384 786 2433 vui,
821 2368 911 2436 15)
936 2387 951 2431 ;
980 2363 1246 2434 potuerint
1272 2357 1526 2414 accedere
1553 2364 1626 2410 tot
1655 2353 1784 2418 (icti,
1813 2351 1880 2406 de

295 2465 493 2535 quibus
514 2476 738 2532 gemens
773 2457 1005 2527 loquitur
1033 2453 1348 2524 Cyprianus,
1380 2448 1580 2504 chulo
1610 2445 1770 2499 verbis
1799 2459 1882 2496 so-

297 2531 368 2610 lis
401 2564 450 2608 et
479 2531 574 2606 non
611 2550 759 2621 factis
797 2545 1182 2606 renuntiantes;
1223 2549 1298 2595 tot
1329 2537 1565 2608 episcopi
1597 2533 1741 2588 avari
1768 2573 1783 2595 ,
1813 2531 1882 2586 de

296 2645 491 2714 quibus
517 2641 653 2695 idem
681 2640 794 2708 ipse
822 2644 1066 2699 testatur,
1102 2630 1315 2685 Fundos
1340 2626 1594 2682 insidiosis
1621 2623 1885 2696 fraudibus

300 2713 556 2803 rapientes
575 2773 591 2799 ,
616 2729 781 2784 usuris
803 2722 1252 2795 multiplicantibus
1273 2721 1417 2790 [enus
1432 2725 1672 2787 augentes
1689 2713 1880 2786 (Epist.

299 2843 392 2880 seu
417 2825 581 2880 Serm.
611 2821 671 2876 de
699 2817 924 2891 Lapsis).
960 2817 1064 2871 ista
1103 2814 1297 2886 quippe
1322 2813 1374 2866 in
1403 2807 1681 2878 baptizatis
1706 2814 1753 2861 et
1788 2804 1884 2858 ha-

302 2915 623 2987 ptisontibus
662 2910 854 2968 visibili
892 2908 1166 2978 Baptismo
1201 2900 1598 2974 reperiuntur’.
1629 2895 1709 2951 Ad
1737 2894 1884 2987 illum

301 2985 482 3064 tamen
511 3006 705 3059 fontem
738 3001 1010 3072 proprium
1032 3040 1046 3065 ,
1078 2998 1160 3055 cui
1193 3010 1350 3050 nemo
1377 2989 1734 3048 communicat
1759 2985 1887 3040 alic-

299 3115 442 3162 nus;
472 3098 535 3151 ad
565 3098 710 3151 illum
746 3093 941 3147 fontem
967 3092 1228 3160 signatum
1248 3129 1263 3154 ,
1293 3087 1396 3140 hoc
1421 3092 1537 3149 est,
1567 3080 1632 3135 ad
1658 3078 1888 3150 Spiritus

300 3189 476 3246 sancti
504 3188 702 3244 donum
724 3228 739 3252 ,
781 3198 887 3251 quo
915 3181 1147 3235 charitas
1174 3178 1270 3232 Dei
1298 3174 1606 3230 diffunditur
1633 3173 1684 3225 in
1712 3169 1888 3224 cordi-

301 3282 406 3336 bus
437 3279 632 3334 nostris
656 3319 670 3342 ,
701 3275 880 3330 nullus
903 3273 1125 3325 istorum
1154 3269 1252 3322 uisi
1282 3275 1515 3321 mutatus
1541 3263 1746 3317 accedit
1770 3303 1784 3325 ,
1817 3261 1887 3314 ita

297 3370 523 3426 omnino
555 3363 912 3428 mandandus,
945 3370 1001 3415 ιιι
1029 3375 1131 3414 nou
1163 3360 1232 3414 sit
1255 3358 1478 3421 alienus,
1509 3354 1601 3409 sed
1633 3354 1700 3408 sit
1724 3352 1888 3407 cmic-

302 3463 402 3519 stis
443 3460 714 3530 particeps
761 3454 924 3524 pacis,
966 3459 1164 3506 sanctae
1202 3449 1380 3504 socius
1416 3445 1653 3511 unitatis,
1699 3444 1889 3513 plenus

303 3552 594 3610 individute
623 3545 914 3610 charitatis,
941 3544 1072 3598 civis
1097 3541 1348 3612 angelicas
1371 3537 1620 3594 civitatis.
1647 3535 1725 3590 Ad
1753 3534 1890 3587 hanc

309 3645 493 3712 itaque
521 3637 786 3693 civitatem
818 3632 1057 3704 quisquis
1087 3630 1308 3685 haeresis
1335 3629 1419 3683 vel
1455 3624 1758 3680 schismatis
1791 3623 1890 3676 de-

306 3732 482 3804 posito
506 3741 716 3791 errore,
737 3723 990 3778 correctis
1025 3721 1262 3775 moribus
1285 3760 1300 3783 ,
1337 3719 1421 3787 pia
1461 3725 1638 3770 mente
1665 3727 1889 3767 conver-

308 3824 459 3887 titur,
489 3821 531 3874 si
567 3819 676 3888 jam
718 3815 1062 3871 Sacramenta
1097 3809 1360 3881 gestabat,
1400 3822 1519 3873 qure
1559 3806 1698 3858 foras
1727 3803 1888 3856 etiam

306 3915 376 3971 ad
409 3913 650 3982 indignos
687 3906 951 3979 proﬂuere
979 3910 1304 3973 potuerunt,
1337 3901 1452 3954 hinc
1480 3898 1809 3952 honorantur
1838 3895 1888 3946 iu

307 4021 399 4072 eo,
441 4004 562 4075 quia
600 4011 654 4057 et
697 4001 748 4054 in
796 3997 982 4051 alienis
1011 4009 1116 4048 non
1146 3992 1392 4046 videntur
1419 3990 1628 4054 aliena;
1661 3985 1752 4041 sed
1779 3985 1889 4055 jam

309 4099 403 4153 illo
428 4093 644 4166 proprio
667 4090 750 4146 cui
778 4101 936 4143 nemo
961 4085 1318 4140 communicat
1341 4082 1568 4144 alienus,
1597 4079 1686 4133 illo
1714 4079 1891 4146 signa-

311 4197 369 4243 to
406 4185 636 4256 Spiritus
677 4183 841 4234 sancti
881 4179 1026 4233 fonte
1065 4174 1367 4237 mundatur,
1411 4189 1441 4226 a
1483 4187 1587 4240 quo
1628 4167 1765 4238 apud
1797 4183 1892 4220 vos

311 4279 474 4334 etiam
503 4276 742 4346 quisquis
769 4273 978 4330 caeteris
1007 4269 1244 4324 moribus
1266 4259 1547 4321 laudabilis
1574 4259 1749 4323 fuerit,
1775 4257 1892 4313 solo

311 4369 614 4424 schismatis
638 4367 725 4421 vel
750 4365 970 4420 bzeresis
993 4363 1215 4418 crimine
1237 4365 1534 4428 separatur.

381 4458 608 4515 CAPUT
635 4457 752 4513 XVI
767 4455 947 4511 .—t9.
971 4454 1101 4508 Cum
1118 4465 1247 4520 ergo
1261 4448 1483 4504 veniunt
1501 4444 1566 4499 ad
1589 4458 1684 4498 nos
1709 4439 1892 4506 vestri,

313 4552 629 4608 desistentes
654 4563 774 4604 esse
803 4547 996 4608 vestri,
1029 4543 1340 4613 incipientes
1369 4553 1489 4594 esse
1519 4537 1684 4590 nostri
1710 4577 1726 4602 ,
1754 4533 1894 4588 acci-

316 4643 463 4711 piunt
491 4639 630 4712 quod
677 4655 779 4693 non
808 4637 1104 4698 habebant,
1137 4643 1194 4687 ut
1221 4630 1505 4686 salubriter
1535 4629 1732 4682 habere
1758 4624 1892 4679 iuci-
1970 4631 1972 4634 '

318 4733 455 4802 piant
487 4731 625 4802 quod
659 4740 803 4784 tanto
832 4725 1198 4797 perniciosius,
1226 4729 1423 4791 quanto
1453 4717 1720 4787 indignius
1744 4715 1898 4769 hahe-

317 4824 460 4880 bant.
513 4821 792 4890 Accipiunt
835 4818 974 4872 enim
1006 4816 1246 4888 primitus
1274 4814 1440 4883 ipsam
1489 4809 1779 4864 Ecclesiam
1801 4849 1816 4870 ,
1846 4816 1899 4861 et

317 4915 368 4970 in
392 4929 456 4970 ea
487 4927 670 4984 pacem
695 4954 710 4978 ,
737 4911 1048 4964 cbaritatem
1069 4949 1083 4970 ,
1119 4906 1370 4959 unitatem
1388 4943 1402 4966 ,
1433 4916 1529 4970 per
1557 4898 1756 4953 fontem
1783 4897 1898 4964 ejus

319 5005 586 5076 proprium
628 5012 785 5072 atque
814 4998 1128 5054 invisibilem
1171 4993 1423 5065 Spiritum
1464 4999 1738 5054 sanctum,
1783 4987 1898 5042 sine

316 5097 507 5165 quilms
553 5095 731 5164 utique
760 5091 904 5146 nullo
948 5088 1220 5144 dubitante
1266 5084 1618 5146 interiisseut,
1648 5078 1895 5149 quidquid

319 5189 458 5243 aliud
489 5187 628 5259 apud
659 5201 756 5241 vos
775 5228 788 5250 ,
816 5183 956 5254 quod
997 5181 1063 5236 de
1089 5179 1322 5235 Ecclesia
1355 5176 1496 5230 foras
1523 5175 1657 5229 trahi
1691 5172 1894 5242 potuit,

325 5279 632 5333 habuissent
660 5296 673 5331 :
706 5276 940 5331 faciliore
970 5281 1144 5328 autem
1175 5270 1327 5324 venia
1357 5267 1499 5338 quod
1533 5265 1762 5321 nondum
1795 5264 1892 5318 ha-

319 5371 543 5427 buerunt
567 5370 866 5438 accipiunt,
893 5381 1047 5436 quam
1073 5363 1118 5418 si
1149 5361 1451 5417 habuissent
1471 5401 1486 5425 ,
1517 5368 1570 5413 et
1599 5367 1772 5411 tamen
1799 5354 1896 5410 de-

381 5523 539 5592 {Bditi
574 5523 652 5592 hic
673 5517 1030 5592 adduntmivum
1058 5529 1074 5566 :
1098 5515 1186 5592 sed
1211 5527 1305 5564 non
1326 5513 1511 5592 habent
1701 5524 1804 5592 nec.
1837 5524 1896 5584 ea

315 5588 576 5656 scriptune
592 5583 713 5656 loco,
739 5573 925 5656 scilicet
948 5579 1170 5629 Proverb.
1201 5578 1356 5640 cap.5
1380 5583 1431 5625 et
1443 5578 1621 5626 Cautio.
1646 5587 1752 5636 cap.
1777 5573 1824 5634 4,
1847 5575 1895 5622 iu

316 5661 425 5712 qua:
446 5653 648 5709 respicit
672 5653 977 5706 Augustinus.

323 5771 332 5779 ι
377 5712 397 5739 ¹
419 5705 610 5779 aliquot
633 5715 756 5776 διες-,ε
789 5703 869 5779 Isti
891 5702 1063 5766 quippe
1089 5697 1312 5763 baptismi
1332 5704 1376 5749 cf
1414 5696 1702 5762 baptizantcs
1728 5692 1902 5749 t‘isibt'li

319 5771 546 5833 baptismo
572 5771 890 5831 reperiuntur.

1572 283 1771 385 tuseu
1809 317 2180 378 SECUNDUS.

3441 321 3545 376 478

1965 435 2278 491 seruissent.
2309 434 2379 490 Et
2406 434 2509 488 hoc
2533 431 2850 488 discernitur
2877 432 3015 502 apud
3045 446 3141 489 nos
3158 477 3173 499 ,
3201 443 3259 489 ut
3280 427 3434 488 aliter
3459 451 3546 490 re-

1961 531 2224 600 cipiantur
2251 528 2338 598 qui
2381 525 2704 582 Catholicam
2736 526 3092 596 reliquerunt,
3138 525 3296 580 aliter
3337 525 3426 594 qui
3473 523 3541 580 ad

1964 622 2108 677 illam
2138 621 2380 691 primitus
2409 619 2643 674 veniunt.
2669 618 2790 672 illos
2813 618 2952 675 enim
2983 619 3212 686 amplius
3235 625 3420 688 gravat
3445 617 3550 671 cri-

1965 731 2086 770 men
2114 711 2429 768 desertionis
2458 729 2470 764 :
2503 711 2600 765 hos
2627 719 2804 766 autem
2833 725 2934 766 non
2966 727 2995 764 a
3023 725 3080 765 se
3100 710 3428 779 disruptum,
3455 707 3550 762 sed

1965 804 2234 874 cognitum
2258 812 2312 857 et
2333 810 2598 856 retentum
2621 801 2886 856 vinculum
2917 800 3114 855 relevat
3140 800 3373 854 unitatis.
3397 798 3551 854 Unde

1970 895 2080 949 fleri
2113 901 2285 964 potest
2311 902 2367 946 ut
2385 907 2518 962 quos
2539 891 2784 947 seductos
2810 892 3267 962 rebaptizavcruut
3288 932 3303 956 ,
3333 891 3428 959 ipsi
3452 905 3550 959 pro

1968 985 2046 1040 eis
2072 982 2454 1054 pmuitentibus
2487 983 2764 1036 Dominum
2793 982 3164 1051 deprecentur,
3212 982 3255 1033 si
3288 981 3436 1050 prius
3465 977 3552 1033 isti

1967 1076 2262 1141 conciliati,
2318 1090 2475 1145 quam
2525 1074 2599 1128 illi
2655 1073 2980 1129 reconciliati
3036 1074 3290 1128 Ecclesia:
3333 1072 3548 1127 fuerint.

1969 1170 2116 1227 Sicut
2148 1171 2258 1226 fieri
2284 1179 2459 1240 potest
2490 1179 2545 1222 ut
2575 1169 2734 1223 etiam
2761 1170 2992 1223 cultores
3018 1167 3276 1221 idolorum
3299 1209 3312 1231 ,
3343 1166 3388 1220 si
3419 1180 3553 1235 quos

1972 1261 2106 1316 forte
2135 1262 2454 1316 christianos
2480 1260 2545 1314 ad
2569 1259 2707 1314 idola
2737 1260 2985 1314 seductos
3014 1266 3282 1327 apostatas
3312 1256 3555 1320 fecerint;

1971 1354 2014 1408 si
2045 1353 2248 1422 priores
2277 1353 2586 1408 seductorcs
2622 1350 2746 1405 facti
2779 1350 2970 1404 fuerint
3021 1349 3290 1404 christiani
3317 1389 3332 1412 .
3363 1357 3417 1402 et
3441 1362 3558 1400 tua-

1971 1461 2133 1514 guum
2154 1444 2366 1514 aliquod
2395 1443 2637 1496 meritum
2654 1441 2704 1494 iu
2729 1440 2964 1494 Ecclesia
2989 1438 3281 1500 consecmi,
3301 1452 3396 1506 per
3416 1437 3559 1504 ipsos

1976 1535 2046 1590 illi
2077 1549 2211 1604 quos
2240 1534 2560 1602 deceperant
2581 1531 2824 1596 redeant,
2848 1546 2940 1598 per
2961 1531 3102 1599 ipsos
3121 1527 3562 1583 commendantur

1975 1635 2030 1683 et
2057 1626 2465 1681 reconcilientur
2493 1625 2714 1678 Domino
2761 1639 2856 1694 per
2883 1637 3018 1692 quos
3043 1622 3356 1675 dimiserant
3383 1620 3564 1673 Domi-

1977 1733 2126 1771 num.
2153 1715 2305 1784 Quod
2353 1716 2495 1770 enim
2527 1715 2664 1768 valet
2689 1714 2752 1767 ad
2786 1713 3088 1767 mandanda
3115 1711 3387 1781 sacrilegia
3415 1710 3560 1765 Gen-

1980 1808 2182 1871 tilium,
2230 1816 2374 1862 recte
2420 1817 2722 1876 perceptum
2769 1813 3154 1858 sacramentum
3187 1801 3560 1871 Baptismatis;

1980 1899 2081 1954 hoc
2107 1899 2243 1954 valet
2267 1899 2334 1952 ad
2381 1896 2679 1952 mundanda
2725 1897 2996 1965 sacrilegia
3028 1894 3485 1950 schismatieorum
3513 1900 3567 1946 et

1981 1989 2381 2055 haereticorum,
2411 1989 2670 2043 veraciter
2698 1985 3030 2062 apprehensa
3071 1985 3300 2040 charitas
3326 1984 3564 2038 unitatis.

1979 2079 2336 2147 Quamobrem
2357 2121 2371 2144 ,
2403 2081 2538 2132 sicut
2566 2077 2874 2133 seductorcs
2902 2076 3132 2130 ﬁdelium
3160 2075 3568 2130 Christianorum

1981 2172 2256 2227 venientes
2296 2170 2360 2224 ad
2389 2169 2661 2224 Chris:um
2707 2168 2942 2223 seductis
2967 2167 3314 2221 redeuntibus
3358 2181 3568 2234 prapo-

1983 2272 2200 2326 nuntur,
2236 2260 2376 2315 unde
2403 2261 2486 2314 isti
2517 2260 2818 2328 etepiscopi
2866 2258 2981 2312 fieri
3029 2265 3287 2327 possunt,
3342 2256 3414 2310 illi
3463 2271 3567 2310 non

1985 2337 2200 2425 possunt
2222 2351 2328 2426 (a):
2355 2353 2422 2407 ita
2450 2353 2628 2406 mirari
2647 2368 2750 2405 non
2767 2350 3179 2420 debeuldecepti
3201 2349 3567 2413 abha-reticis,

1984 2446 2196 2518 quando
2224 2445 2289 2499 ad
2319 2444 2644 2500 Catholicam
2682 2442 2935 2506 redeunt,
2978 2457 3103 2496 suos
3131 2441 3442 2510 deceptor-cs
3470 2439 3569 2494 sibi

1985 2539 2233 2606 anteponi
2262 2535 2474 2606 quando
2500 2535 2566 2590 ad
2597 2534 2925 2589 Catholicam
2956 2534 3192 2588 veniunt.
3226 2533 3315 2587 l.-ti
3346 2547 3572 2601 namque

1987 2631 2346 2686 excusabilius
2387 2637 2572 2700 petunt
2598 2643 2716 2698 qum
2745 2629 2842 2682 sibi
2874 2627 3188 2691 defuerunt;
3217 2628 3288 2680 ilfi
3322 2626 3572 2681 humilius

1987 2730 2235 2792 repetunt
2282 2721 2423 2791 quod
2466 2721 2714 2776 fuerunt:
2745 2720 2874 2774 istos
2931 2719 3299 2773 honorabilius
3325 2717 3411 2771 ubi
3441 2733 3574 2770 non-

1988 2815 2114 2869 dum
2141 2822 2395 2868 steterant
2420 2813 2778 2877 advocamus;
2805 2812 2928 2865 illos
2954 2811 3252 2880 susliectius
3276 2808 3414 2864 unde
3441 2807 3572 2878 lapsi

1991 2908 2198 2962 fuerant
2221 2920 2550 2961 revocamus.

2059 3001 2148 3056 20.
2194 3000 2423 3055 Proinde
2455 2998 2564 3068 jam
2592 2996 2866 3068 pervides,
2907 3004 2963 3048 ut
2989 2993 3178 3064 opinor
3198 3034 3213 3056 ,
3243 3008 3346 3059 non
3379 2992 3574 3047 frustm

1991 3109 2080 3148 me
2101 3092 2299 3147 dixisse
2330 3089 2734 3154 Donatis!arum,
2767 3086 2872 3152 vel,
2903 3095 2961 3140 ut.
2979 3095 3037 3140 tu
3078 3086 3246 3139 mavis
3265 3126 3282 3150 ,
3329 3083 3576 3138 Donatiu-

1991 3185 2191 3250 norum,
2224 3182 2573 3236 Itwreticorum
2600 3179 2901 3250 sacrilegum
2936 3193 3161 3232 errorem
3188 3173 3370 3244 (Initio
3420 3175 3510 3228 lib.
3546 3175 3571 3230 l

1992 3285 2166 3327 contra
2195 3271 2410 3324 Litteras
2440 3269 2710 3334 Petiliani,
2737 3287 2789 3322 η.
2823 3267 2875 3338 1)
2896 3310 2910 3333 ,
2941 3269 2985 3322 si
3032 3277 3086 3322 et
3114 3267 3181 3320 ab
3207 3265 3442 3320 Ecclesia
3485 3279 3577 3317 ca-

1994 3363 2186 3418 tholica
2213 3360 2509 3439 dissentitis
2530 3402 2543 3426 ,
2574 3368 2628 3414 et
2653 3375 2772 3429 quia:
2803 3374 2907 3413 uua
2940 3366 3097 3428 atque
3124 3356 3308 3411 eadem
3342 3353 3577 3409 fatemini

1992 3453 2334 3510 Sacramenta
2365 3449 2668 3507 rescinditis
2698 3468 2710 3502 :
2741 3465 2837 3503 nec
2867 3459 3040 3503 tamen
3069 3447 3184 3502 sine
3209 3445 3359 3500 venia
3387 3446 3468 3500 vel
3500 3445 3582 3499 in-

1993 3545 2428 3602 sanabilesestis
2468 3543 2850 3598 misericordia
2915 3542 3036 3608 Dei;
3092 3542 3213 3611 quia
3252 3539 3580 3595 discordioso

1993 3650 2177 3690 errore
2203 3634 2479 3703 deposito,
2521 3633 2586 3686 ad
2613 3633 2928 3686 catholicam
2979 3633 3254 3685 veritatem
3294 3645 3582 3700 pacemque

1993 3724 2256 3786 conversi,
2281 3737 2376 3789 per
2396 3722 2590 3774 donum
2617 3721 2730 3789 ejus
2768 3721 3060 3790 proprium,
3090 3721 3190 3773 hoc
3215 3728 3316 3781 est,
3341 3728 3581 3771 sanctum

1995 3815 2112 3883 ejus
2140 3812 2423 3881 Spiritum,
2454 3825 2550 3879 per
2578 3825 2733 3878 quem
2773 3808 3085 3862 diﬂ‘unditur
3113 3808 3344 3861 charitas
3387 3809 3438 3861 in
3465 3823 3584 3860 cor-

1995 3905 2150 3961 dibus
2180 3902 2409 3968 uostris,
2444 3899 2684 3954 mundari
2729 3899 3010 3968 sanarique
3047 3899 3288 3968 poteritis
3318 3915 3330 3950 :
3377 3913 3480 3951 non
3528 3909 3584 3954 ut

1995 3995 2340 4050 destruantur
2362 3992 2412 4045 in
2441 3990 2591 4046 vobis
2615 3991 2866 4047 Ecclesia:
2883 3988 3225 4043 Sacramenta
3243 4030 3257 4049 ,
3277 4005 3393 4057 quze
3415 3988 3582 4041 aliena

1998 4089 2298 4159 perniciose
2328 4088 2456 4143 foris
2495 4085 2800 4152 habebatis,
2829 4085 2922 4142 sed
2955 4092 3013 4139 ut
3060 4099 3123 4138 ea
3171 4085 3281 4154 ipsa
3310 4085 3450 4136 intus
3475 4081 3584 4152 jam

1997 4191 2171 4236 vestra
2207 4179 2493 4234 salubriter
2524 4179 2782 4234 habeatis.

2066 4269 2293 4326 CAPUT
2321 4268 2647 4326 XV’ll.—2l.
2671 4267 2819 4322 Nunc
2843 4266 3115 4320 Videamus
3135 4261 3583 4336 quemadmodum

1999 4364 2283 4425 ostendas,
2324 4373 2468 4418 recte.
2505 4360 2703 4415 dixisse
2747 4358 3064 4414 Petilianqu
3091 4399 3104 4422 ,
3163 4357 3242 4410 vel
3296 4353 3589 4424 quemlibet

2000 4459 2158 4512 alium
2179 4499 2194 4524 ,
2224 4454 2540 4510 Conscientia
2566 4463 2736 4507 sancte
2757 4453 2922 4505 dantis
2957 4449 3252 4514 attenditur,
3278 4463 3391 4518 qnte
3407 4447 3588 4500 abluat

2001 4547 2312 4618 accipientis.
2353 4544 2448 4602 Ubi
2477 4558 2580 4615 ego
2609 4543 2714 4597 dixi
2751 4560 2764 4596 :
2802 4541 2977 4608 Quid,
3007 4541 3055 4608 si
3090 4541 3242 4593 lateat
3268 4539 3434 4592 dantis
3463 4553 3587 4590 con-

2001 4639 2211 4694 scientia
2232 4679 2247 4703 ,
2283 4647 2329 4692 et
2363 4640 2576 4708 fortasse
2601 4635 2859 4689 maculosa
2885 4634 2992 4688 sit?
3016 4631 3266 4702 quomodo
3294 4631 3472 4701 poterit
3498 4645 3588 4681 ac-

2001 4731 2227 4802 cipientis
2253 4729 2456 4786 abluere
2497 4727 2849 4782 conscientiam
2891 4723 3052 4797 (Ibid.
3078 4740 3130 4777 ιι.
3152 4722 3212 4788 2)
3234 4721 3258 4774 ?
3280 4721 3356 4775 Tu
3381 4731 3587 4784 contra,

2004 4837 2110 4878 non
2129 4821 2252 4892 quid
2273 4837 2301 4875 a
2323 4830 2377 4876 te
2403 4820 2620 4876 homine
2639 4828 2815 4884 acuto,
2835 4816 2929 4872 sed
2949 4813 3073 4886 quid
3093 4831 3122 4868 a
3144 4814 3333 4869 vestris
3357 4813 3585 4876 dicatur,

2003 4911 2092 4967 diu
2113 4913 2319 4967 locutus
2329 4925 2413 4976 es,
2430 4909 2570 4980 quod
2595 4917 2761 4963 totum
2776 4907 3009 4962 breviter
3026 4906 3093 4959 ita
3109 4905 3210 4958 dici
3232 4912 3407 4975 potest
3432 4901 3591 4956 :Con-

2002 5004 2209 5059 scientia
2227 5003 2393 5056 dantis
2417 5001 2691 5056 attenditur
2713 5041 2728 5067 ,
2757 5017 2856 5053 non
2882 4999 3152 5052 secundum
3177 4998 3290 5066 ejus
3332 4995 3593 5049 sincerita-

2004 5105 2248 5162 tem,qutz
2268 5094 2321 5146 in
2343 5091 2435 5147 illa
2463 5091 2621 5145 uideri
2650 5108 2748 5146 non
2776 5098 2967 5160 potest,
2993 5089 3082 5144 sed
3104 5089 3376 5143 secundum
3400 5089 3592 5156 famam

2001 5203 2114 5255 quae
2150 5186 2213 5241 de
2238 5186 2330 5240 illa
2362 5201 2449 5238 seu
2473 5200 2591 5238 vera
2612 5200 2701 5239 seu
2728 5183 2863 5252 falsa
2887 5192 2961 5236 est
2994 5198 3012 5235 :
3041 5181 3164 5251 quia
3204 5180 3450 5235 videlicet
3477 5176 3593 5245 ejus

2003 5287 2088 5334 est
2115 5277 2346 5331 hominis
2366 5317 2382 5342 ,
2424 5277 2512 5343 qui
2551 5275 2649 5330 etsi
2679 5275 2971 5330 sceleratus
3009 5272 3250 5328 occultus
3278 5271 3374 5333 sit,
3402 5267 3595 5322 sufficit

2003 5369 2283 5438 accipienti
2309 5367 2453 5437 quod
2482 5367 2637 5422 bona:
2670 5367 2741 5422 sit
2764 5365 3174 5421 existimationis
3197 5405 3210 5425 ,
3240 5361 3472 5417 nondum
3503 5372 3594 5412 co—

2003 5460 2210 5530 gnitus,
2245 5458 2480 5513 nondum
2505 5455 2808 5527 judicatus,
2853 5456 3084 5511 nondum
3126 5455 3193 5509 ab
3220 5452 3456 5509 Ecclesia
3505 5464 3595 5503 se-

2006 5561 2240 5622 paratus.
2268 5550 2430 5614 ‘v'ide,
2456 5549 2679 5604 obsecro
2706 5559 2786 5613 te,
2822 5547 2873 5602 in
2902 5548 3040 5618 quod
3072 5543 3417 5616 prmcipitium
3446 5557 3594 5596 com-

2007 5645 2195 5716 pulerit
2217 5643 2462 5705 homines
2483 5643 2725 5712 augustia
2757 5658 2860 5696 non
2893 5637 3192 5696 inveniendi
3219 5651 3322 5707 qua
3364 5635 3591 5692 exirent.

2067 5757 2267 5822 (u)\'ide
2286 5755 2540 5817 Epistulam
2561 5753 2670 5815 2i5,
2691 5761 2804 5804 tom.
2832 5753 2876 5801 Ξ.
