4066 6200
541 353 611 411 79
1246 350 1514 408 coxrns
1557 328 1984 407 censeamus:
2030 331 2476 420 DOM'X'ISTAM,
2518 355 2574 409 s.
2619 356 2981 414 AUGUSTINI

505 469 650 525 Itane
674 468 846 523 dantis
872 466 1138 522 maculosa
1162 465 1485 520 conscientia
1508 464 1881 519 conscientiam
1905 473 2081 534 potest

502 561 806 630 accipientis
831 558 1048 614 abluere
1072 600 1087 624 ,
1118 558 1159 611 si
1189 557 1379 612 habeat.
1407 556 1598 610 famam
1631 555 1820 609 bonam
1841 596 1856 617 ,
1885 566 1938 608 et
1967 563 2082 609 tan-

501 659 610 704 tum
637 649 700 702 ad
732 649 1050 703 abluendum
1079 648 1273 717 poterit
1315 656 1567 716 quantum
1600 647 1771 712 bona,
1817 647 1862 700 si
1888 645 2081 700 bonam

500 741 692 794 famam
721 740 949 794 fallendo
971 739 1334 794 contraxerit?
1362 739 1603 792 Attendis
1630 737 1754 807 quid
1773 737 1997 804 dicatur,
2027 746 2081 792 et

499 835 577 886 vis
598 832 708 902 jam
738 842 1113 902 pra-tereamus
1139 832 1276 886 lumc
1301 832 1470 885 locum
1490 873 1505 893 ,
1527 846 1593 883 an
1620 829 1720 886 huc
1748 829 1886 886 idem
1909 829 2080 883 adhuc

497 925 749 988 versabo,
778 932 830 976 ut
874 923 1175 991 diligentius
1199 921 1404 990 cogaris
1451 918 1764 974 attendere?
1790 918 2077 972 Petilianus

497 1014 629 1066 dixit
661 1031 672 1066 :
703 1012 1013 1067 Conscientia
1053 1021 1221 1066 sancte
1249 1011 1419 1064 dantis
1444 1011 1735 1073 attenditur,
1766 1025 1880 1079 qua:
1907 1009 2078 1062 abluat

497 1106 804 1173 accipientis.
836 1105 946 1174 Ego
973 1105 1078 1157 dixi
1114 1122 1126 1157 ε
1160 1103 1293 1170 Quid
1315 1145 1328 1166 ,
1355 1103 1400 1157 si
1430 1102 1581 1155 lateat
1611 1102 1780 1155 dantis
1818 1103 2079 1154 conscien-

499 1198 566 1247 tia
587 1238 602 1260 ,
635 1205 681 1248 et
708 1200 922 1264 fortasse
942 1195 1198 1247 maculosa
1218 1193 1281 1246 sit
1304 1193 1329 1245 ?
1353 1192 1602 1261 quomodo
1623 1193 1801 1263 poterit
1821 1192 2076 1261 accipien-

499 1288 561 1339 tis
590 1287 790 1339 abluere
827 1284 1222 1338 conscientiam?
1253 1283 1329 1336 Tu
1350 1326 1366 1349 ,
1398 1283 1482 1336 vel
1523 1283 1698 1352 potius
1726 1282 1884 1336 vestri
1928 1281 2077 1357 dixe-

499 1388 640 1442 runt,
671 1379 815 1448 (nam
846 1387 899 1431 tu
925 1379 1005 1432 vir
1034 1377 1149 1430 talis
1177 1374 1390 1445 quando
1415 1374 1515 1428 ista
1541 1373 1812 1442 dixisses?)
1839 1371 2077 1436 Quamvis

497 1469 675 1523 habeat
722 1469 1077 1522 conscientiam
1123 1469 1466 1530 maculosum;
1513 1466 1636 1517 nti/ti
1676 1476 1872 1530 tamen,
1905 1465 1989 1533 qui
2014 1463 2076 1517 ab

494 1576 552 1612 eo
579 1560 824 1628 baptizor,
853 1561 971 1627 quia
1003 1560 1121 1612 latet
1150 1568 1195 1612 et
1225 1558 1388 1610 nescio
1411 1599 1424 1618 ,
1455 1558 1629 1626 sufﬁcit
1653 1558 1787 1627 quod
1809 1557 1871 1610 ab
1901 1574 1960 1610 eo
1985 1575 2076 1611 ac-

493 1651 654 1720 cipio,
683 1651 824 1720 cujus
848 1651 1191 1711 innocentem,
1224 1649 1341 1717 quia
1366 1649 1416 1700 in
1441 1647 1666 1701 Ecclesia
1693 1655 1792 1713 est,
1823 1649 2074 1702 conscien«

493 1742 616 1793 tiam
647 1752 790 1810 puto.
822 1739 959 1793 Nam
990 1741 1098 1792 ideo
1119 1780 1133 1802 ,
1187 1738 1388 1807 inquis,
1419 1737 1772 1790 conscientiam
1801 1737 1968 1790 dantis
1993 1747 2073 1789 at-

492 1830 674 1894 tendo,
705 1834 803 1883 n'on
832 1840 912 1894 ut,
943 1831 1076 1894 quod
1105 1828 1215 1896 ﬁeri
1259 1843 1357 1880 non
1386 1834 1579 1895 potest,
1610 1825 1672 1878 de
1700 1825 1963 1878 latentibus
1979 1827 2074 1894 ju-

490 1921 682 1985 dicem,
712 1922 798 1974 sed
825 1929 875 1971 ut
905 1921 947 1973 si
971 1920 1092 1988 quid
1109 1920 1170 1970 de
1189 1918 1276 1970 illo
1299 1919 1349 1970 in
1377 1917 1575 1986 publica
1613 1917 1917 1970 conscientia
1942 1927 2012 1970 est
2032 1919 2072 1981 ‘,

490 2029 589 2066 non
637 2013 878 2084 ignorem.
915 2010 1131 2082 PrOpter
1177 2011 1268 2062 ltoc
1311 2010 1441 2062 enim
1490 2007 1552 2060 ab
1599 2007 1934 2074 omnipotente
1966 2005 2073 2062 Deo

493 2102 679 2155 dictum
703 2111 803 2166 est,
839 2100 994 2166 «Qua:
1022 2109 1138 2153 nota
1167 2107 1301 2162 sunt,
1323 2097 1455 2151 vobis
1477 2113 1495 2159 ;
1519 2112 1631 2166 qum
1659 2095 1874 2160 occulta,
1903 2097 2024 2148 mihi
2046 2115 2067 2149 ι

498 2189 669 2261 (Deut.
704 2207 832 2244 xm
855 2231 869 2256 ,
896 2190 1013 2260 29).
1073 2189 1287 2258 Semper
1315 2187 1466 2257 igitur
1491 2185 1695 2239 attendo
1719 2187 2072 2240 conscientiam

485 2285 685 2348 dantis;
705 2293 750 2336 et
779 2283 897 2352 quia
920 2283 1083 2352 ipsam
1108 2297 1206 2334 non
1246 2280 1387 2332 video
1406 2319 1420 2344 ,
1449 2277 1571 2347 quid
1600 2279 1662 2330 de
1683 2294 1741 2330 ea
1779 2278 1831 2330 in
1875 2279 2072 2346 publica

486 2388 656 2430 notum
679 2387 784 2440 est,
811 2392 1002 2444 quaero.
1034 2373 1141 2427 Nec
1167 2373 1235 2426 ad
1273 2389 1376 2425 rem
1404 2371 1647 2440 pertinet,
1691 2371 1735 2424 si
1762 2370 1908 2423 aliud
1931 2372 1994 2424 sit
2019 2373 2070 2425 in

484 2479 672 2520 secreta
694 2468 994 2520 conscientia
1016 2509 1030 2533 ,
1059 2465 1203 2518 aliud
1232 2465 1282 2516 in
1315 2464 1514 2532 publica
1539 2466 1695 2532 fanta.
1723 2461 1918 2532 Sufﬁcit
1939 2465 2072 2516 enim

483 2559 634 2610 scisse
655 2559 770 2626 quia
799 2557 1011 2611 necdum
1038 2557 1147 2626 «jus
1170 2572 1200 2606 a
1225 2569 1322 2624 quo
1343 2552 1533 2624 accipio
1555 2554 1794 2604 damnata
1814 2554 2071 2607 conscien-

483 2647 551 2698 tia
575 2657 665 2699 est.

551 2737 777 2793 CAPUT
798 2738 978 2792 XVIII.
997 2737 1166 2790 n91
1187 2736 1447 2804 Ecceipsa
1469 2735 1629 2789 verba
1651 2745 1738 2788 tua
1759 2736 1928 2804 posui,
1950 2736 2068 2805 qui-

483 2830 578 2884 lms
608 2839 658 2884 te
684 2829 863 2884 dicere
890 2829 1229 2884 oste-:dcrcm
1250 2869 1265 2894 ,
1300 2827 1439 2896 quod
1468 2827 1598 2880 meis
1625 2826 1804 2881 verbis
1839 2827 2070 2882 breviter

482 2928 770 2989 aperteque
820 2919 1127 2988 complexus
1174 2934 1322 2982 sum,
1355 2916 1495 2986 quod
1539 2916 1604 2969 ad
1637 2915 1736 2970 hoc
1763 2917 2068 2971 altendatur

481 3011 744 3080 abluentis
769 3010 1091 3064 conscientia
1111 3051 1125 3075 ,
1156 3019 1213 3061 ut
1260 3025 1377 3076 «pne
1406 3008 1474 3061 de
1503 3007 1584 3060 illa
1616 3007 1752 3060 fama
1781 3007 1849 3062 sit
1874 3024 2070 3078 cogno-

482 3081 682 3155 scatur.
731 3100 844 3153 Non
893 3115 1018 3170 ergo
1059 3100 1169 3169 ipsa
1213 3098 1521 3161 attenditur,
1566 3096 1727 3151 homo
1767 3097 1934 3160 bone,
1962 3113 2065 3152 non

489 3191 598 3259 ipsa
628 3189 916 3243 attenditur
941 3204 1058 3258 qua:
1099 3186 1264 3241 videri
1299 3203 1404 3240 non
1451 3192 1624 3256 potest
1651 3203 1663 3238 :
1695 3185 1787 3240 sed
1821 3187 1960 3242 fama
1989 3198 2068 3243 at-

486 3278 742 3344 tenditur,
775 3293 893 3347 quae
922 3278 1080 3332 etiam
1112 3275 1242 3330 falsa
1269 3290 1387 3330 esse
1419 3276 1770 3345 potest,quod
1798 3276 1911 3346 ipse
1940 3293 2069 3332 con-

486 3371 651 3424 literis
693 3377 852 3438 atque
893 3367 1162 3423 concedis.
1194 3365 1326 3422 Nam
1354 3375 1408 3420 et
1435 3374 1487 3420 tu
1516 3363 1694 3420 vidisti
1741 3367 2065 3422 maculosam

485 3461 866 3515 conscientiam
913 3476 1018 3515 non
1063 3461 1243 3514 valere
1273 3458 1337 3512 ad
1381 3457 1723 3512 abluendum.
1776 3457 1890 3511 Non
1939 3474 2067 3528 ergo

481 3552 804 3605 conscientia
835 3560 1016 3604 sancte
1045 3550 1218 3603 dantis
1247 3547 1570 3613 attenditur,
1599 3562 1718 3616 qua:
1769 3547 1948 3601 abluat
1973 3564 2065 3603 ae-

483 3641 762 3710 cipientis;
800 3639 892 3694 sed
933 3639 1067 3692 fama
1098 3654 1201 3708 qua
1245 3645 1456 3706 putatur
1482 3644 1665 3690 sancte
1695 3635 1853 3702 dare,
1907 3637 2066 3691 etiam

483 3735 572 3805 qui
603 3744 786 3788 sancte
811 3750 915 3787 non
945 3733 1062 3796 dat,
1089 3741 1142 3786 et
1169 3740 1383 3803 putatur
1402 3729 1616 3784 abluere
1636 3729 1724 3800 qui
1753 3744 1856 3783 non
1881 3728 2063 3783 abluit.

484 3826 664 3880 Abluit
705 3839 832 3895 ergo
879 3823 1224 3893 accipientem
1270 3819 1392 3874 mali
1439 3819 1668 3873 hominis
1709 3819 1845 3872 fama
1895 3819 2063 3884 bona,

483 3936 587 3972 non
616 3918 778 3986 ipsius
799 3917 971 3971 dantis
1000 3915 1196 3984 polluta
1225 3913 1568 3967 conscientia.
1595 3911 1702 3966 Cur
1720 3928 1846 3982 ergo
1868 3911 2065 3965 dictum

481 4017 595 4071 est,
642 4007 955 4061 Conscientia
985 4015 1155 4058 sancte
1191 4002 1358 4056 diuitis
1405 4002 1698 4067 attenditur,
1744 4018 1854 4070 qua:
1897 4002 2067 4055 abluat

482 4098 769 4168 accipientis
800 4114 818 4151 :
848 4097 946 4150 nisi
993 4096 1110 4164 quia
1159 4110 1265 4168 non
1293 4092 1459 4146 abluit
1483 4092 1823 4160 accipientis,
1871 4092 1914 4146 si
1962 4107 2064 4146 non

481 4199 562 4244 est
582 4166 904 4242 conscientia
927 4195 1108 4240 sancte
1129 4166 1342 4238 dan-lis?
1362 4183 1414 4238 Si
1441 4182 1703 4236 maculosa
1725 4191 1777 4236 et
1799 4182 2067 4236 immunda

483 4286 596 4344 est,
640 4276 763 4350 quid
794 4292 920 4346 ergo
951 4284 1074 4329 tunc
1110 4273 1434 4327 attenditur?
1462 4273 1605 4342 Ipsa,
1640 4272 1846 4341 inquis,
1891 4282 2066 4328 atten-

483 4368 644 4431 ditur,
674 4382 793 4420 cum
822 4365 961 4420 fama
991 4364 1106 4433 ejus
1134 4363 1454 4428 attenditur;
1483 4373 1536 4417 et
1557 4363 1599 4416 si
1630 4361 1766 4416 bona
1796 4370 1878 4416 est
1905 4362 2064 4429 fama,

485 4457 614 4511 nihil
644 4457 864 4509 interest
890 4454 954 4506 ad
986 4453 1306 4508 abluendum
1334 4454 1714 4523 accipientem,
1749 4453 1906 4507 etiam
1943 4469 2064 4508 cum

481 4557 565 4602 est
593 4547 727 4600 mala
759 4545 1084 4601 conscientia
1104 4585 1119 4610 ,
1148 4544 1239 4598 sed
1261 4543 1427 4598 abluit
1448 4544 1584 4598 bona
1607 4542 1721 4611 ejus
1747 4541 1903 4595 fama.
1940 4543 2062 4610 Dic,

484 4653 610 4708 rogo
630 4648 698 4700 te,
726 4652 844 4690 cum
874 4635 1006 4687 mala
1029 4634 1351 4689 conscientia
1371 4645 1452 4688 est
1472 4675 1486 4700 ,
1509 4648 1634 4686 vera
1661 4641 1744 4685 est
1768 4632 1903 4686 bona
1930 4631 2065 4686 fama

482 4730 596 4800 ejus
616 4745 681 4782 an
715 4728 840 4782 falsa
862 4726 887 4779 ’ἒ
913 4727 1092 4798 procul
1118 4725 1278 4779 dubio
1307 4726 1485 4794 utique
1508 4723 1659 4777 falsa.
1683 4722 1913 4777 Proinde
1943 4737 2066 4777 cum

484 4823 619 4876 bona
652 4838 754 4874 non
782 4828 862 4874 est
883 4861 895 4884 ,
925 4828 980 4874 et
1003 4818 1207 4872 occulta
1234 4825 1315 4871 est
1341 4815 1515 4870 dantis
1543 4813 1871 4869 conscientia
1892 4855 1907 4879 ,
1937 4829 2070 4882 quo-

482 4913 769 4968 modolibct
833 4927 950 4966 eam
1008 4910 1099 4964 tibi
1147 4907 1375 4963 videaris
1420 4905 1728 4970 attendere,
1775 4904 2065 4960 secundum

483 5007 616 5060 hanc
643 5004 960 5058 sententiam
982 5043 996 5068 ,
1022 5016 1125 5054 non
1153 4999 1322 5054 abluit
1349 4999 1692 5068 accipientem
1721 5014 1734 5062 ;
1766 4997 1864 5052 nisi
1894 4996 2068 5051 dantis

479 5105 571 5150 aut
641 5093 779 5149 fama
839 5092 1000 5154 falsa,
1068 5101 1156 5145 aut
1200 5090 1399 5162 polluta
1459 5089 1806 5144 conscientia.
1847 5087 2066 5144 Utrum-

481 5204 582 5254 que
605 5185 850 5240 insanum
879 5191 961 5238 est
994 5201 1006 5237 :
1036 5182 1080 5236 si
1109 5192 1160 5236 te
1201 5181 1324 5235 talia
1355 5181 1653 5245 delectant,
1697 5188 1752 5234 tu
1778 5180 1912 5251 elige
1940 5177 2065 5250 quid

481 5280 544 5334 sit
577 5279 836 5331 insanius.
869 5275 1036 5329 Porro
1080 5275 1200 5343 quia
1233 5273 1427 5327 veritas
1453 5289 1556 5325 non
1588 5271 1819 5326 admittit
1844 5279 1901 5324 ut
1928 5269 2068 5326 acci-

483 5370 677 5440 pientis
699 5366 1079 5440 conscientiam
1110 5365 1188 5419 vel
1219 5363 1345 5418 l'alsa
1374 5363 1507 5416 fama
1540 5363 1714 5416 dantis
1741 5361 1948 5426 abluat,
1982 5359 2066 5415 vel

486 5437 683 5531 polluta
703 5437 1025 5513 conscientia
1048 5473 1060 5517 ;
1087 5465 1251 5509 restat
1267 5464 1323 5509 ut
1343 5455 1436 5509 abs
1458 5465 1507 5507 te
1525 5454 1681 5508 etiam
1700 5452 2030 5521 requiramus
2048 5492 2064 5518 ,

486 5550 627 5621 quod
655 5562 707 5606 et
732 5551 799 5606 ibi
831 5548 1171 5621 quasivimus
1198 5546 1467 5618 (quoniam
1515 5545 1652 5599 sicut
1679 5542 1806 5598 dicit
1849 5541 2067 5597 Petilia-

483 5786 504 5849 ί
535 5720 723 5830 ὦέλίιξξῖ,
743 5723 794 5774 in
817 5721 1008 5787 publica
1027 5719 1160 5782 fama
1183 5720 1255 5772 vel
1276 5718 1560 5772 conscientia
1575 5693 1658 5771 est.
1682 5723 1735 5769 Al
1752 5723 1856 5768 Mss.
1881 5724 2066 5781 carent,

500 5799 528 5833 ιι
713 5819 724 5831 .
1555 5818 1558 5820 ,

500 5799 528 5833 ll
535 5799 616 5830 ma
637 5799 724 5831 αἰ.
1555 5818 1558 5820 -

3661 368 3778 424 480

2189 481 2287 521 nus
2328 467 2408 522 vel
2437 469 2658 538 quilibet
2701 471 2869 538 alius,
2913 472 3367 532 consentientibus
3413 479 3593 543 vobis.
3639 501 3789 544 cum

2186 567 2367 612 Sancte
2403 557 2577 613 dantis
2622 563 2943 616 conscientia
2975 575 3088 630 εει,
3137 566 3188 618 id
3237 577 3481 633 cst,cum
3524 572 3661 628 bona
3710 591 3777 633 et

2186 646 2380 700 munda
2424 651 2746 705 conscientia
2774 661 2891 716 est,
2934 653 3100 708 abluit
3135 656 3443 726 accipientis
3488 668 3779 721 conscien-

2186 737 2373 805 tiam),
2400 738 2538 792 unde
2561 740 2805 796 abluatur
2829 744 3093 813 accipiens
3117 787 3130 808 ,
3177 749 3388 816 quando
3414 749 3545 808 latet
3590 756 3776 814 dantis

2186 827 2453 880 maculosa
2482 830 2824 885 conscientia.
2848 832 2981 887 Puto
3001 836 3139 891 enim
3165 835 3284 906 jam
3303 855 3406 894 non
3437 851 3487 897 te
3511 848 3772 914 repetitu—

2185 931 2301 969 rum
2328 925 2487 986 atque
2515 919 2775 975 dicturum
2797 963 2812 984 ,
2833 924 2972 992 quod
2993 925 3210 994 impleat
3227 927 3277 982 in
3301 931 3566 989 abluendo
3589 937 3770 994 vicem

2181 1007 2524 1098 conscientia:
2549 1011 2703 1066 bona:
2729 1013 2866 1068 farna
2893 1016 3007 1085 ejus
3033 1016 3162 1072 falsa
3191 1019 3332 1075 bona
3361 1039 3376 1076 :
3401 1025 3594 1082 sufﬁcit
3619 1030 3770 1098 quod

2183 1096 2284 1152 hoc
2328 1107 2565 1167 vestros,
2614 1116 2718 1156 non
2748 1111 2834 1169 te,
2884 1105 3064 1161 dicere
3109 1111 3411 1164 asseruisti.
3449 1096 3662 1174 Illorum
3714 1129 3772 1176 te

2182 1188 2408 1258 pudeat,
2457 1207 2563 1247 non
2593 1195 2751 1248 etiam
2783 1197 2876 1251 tui.
2909 1197 3093 1253 Restat
3119 1216 3246 1271 ergo
3273 1211 3330 1257 ut
3356 1214 3479 1258 tum:
3509 1209 3589 1262 vel
3623 1210 3771 1268 Deus

2181 1281 2261 1334 vel
2305 1284 2579 1352 quisquam
2607 1296 2820 1343 sanctus
2845 1291 3063 1360 angelus
3087 1293 3285 1348 abluat.
3318 1295 3536 1362 Quodsi
3567 1301 3773 1359 dixeri-

2183 1372 2280 1439 tis,
2328 1374 2415 1426 illa
2451 1375 2716 1432 horrenda
2759 1391 3115 1451 consequetur
3142 1384 3475 1454 absurditas,
3504 1406 3662 1460 quam
3710 1394 3772 1449 in

2181 1461 2267 1514 illa
2295 1464 2514 1530 epistola
2540 1482 2658 1522 mea
2687 1482 3156 1527 commemoratam
3185 1472 3321 1546 (Lib.
3353 1477 3375 1531 l
3405 1491 3580 1533 contra
3605 1479 3772 1536 Litte-

2179 1568 2263 1605 ras
2309 1553 2568 1623 Petiliani,
2614 1575 2666 1611 η.
2699 1559 2788 1628 7),
2824 1575 2927 1615 non
2960 1561 3081 1616 dico
3111 1564 3294 1620 videre
3343 1569 3554 1624 noluisti
3580 1612 3595 1634 ,
3637 1575 3769 1642 quia

2180 1657 2397 1734 prorsus
2425 1661 2528 1699 non
2556 1649 2773 1718 attigisti
2799 1667 2813 1713 ;
2854 1651 2949 1705 sed
2994 1661 3142 1708 tanto
3171 1658 3425 1712 attentius
3453 1661 3769 1734 acutinsqne

2179 1733 2388 1801 vidisti,
2421 1747 2620 1806 quanto
2650 1741 2814 1809 magis
2839 1743 3099 1812 attingere
3129 1745 3366 1801 timuisti.
3399 1750 3452 1804 Si
3490 1752 3633 1807 enim
3663 1733 3769 1813 boc

2178 1823 2352 1878 dicitis
2369 1867 2381 1884 .
2413 1827 2552 1896 quod
2580 1844 2698 1883 cum
2729 1842 2943 1886 sanctus
2970 1833 3127 1889 homo
3153 1835 3380 1906 baptizat
3403 1881 3418 1903 ,
3443 1852 3625 1897 sancta
3645 1846 3766 1913 ejus

2176 1915 2500 1971 conscientia
2527 1919 2679 1974 diluit
2703 1923 3012 1991 accipientis
3036 1928 3453 1997 conscientiam,
3485 1947 3605 1988 cum
3631 1952 3764 1993 vero

2175 2008 2502 2064 conscientia
2547 2011 2720 2066 dantis
2767 2014 2990 2070 latenter
3018 2017 3288 2073 immunda
3319 2031 3435 2086 est,
3467 2034 3593 2080 tunc
3622 2029 3766 2086 Deus

2176 2097 2461 2165 angelusve
2488 2099 2655 2154 abluit
2689 2120 2701 2155 :
2730 2115 2911 2158 cavete
2944 2122 3009 2160 ne
3036 2106 3124 2176 qui
3155 2109 3304 2163 vobis
3329 2110 3440 2167 hzec
3463 2113 3764 2174 dicentibus

2176 2187 2431 2253 credunt,
2456 2192 2695 2247 occultos
2725 2196 2892 2248 malos
2917 2205 3102 2265 optent
3127 2200 3366 2255 invenire
3388 2217 3418 2256 a
3451 2205 3642 2274 quibus
3668 2208 3765 2262 ba-

2177 2277 2460 2367 ptizenlur,
2507 2289 2562 2335 ut
2605 2284 2773 2337 multo
2811 2286 3044 2340 sanctius
3070 2289 3137 2342 ab
3184 2290 3298 2358 ipso
3324 2291 3432 2348 Deo
3459 2296 3541 2350 vel
3572 2300 3765 2367 angelo

2174 2365 2290 2434 ejus
2333 2368 2632 2424 abluantur.
2682 2372 2829 2428 Hanc
2859 2375 3237 2433 absurditatem
3285 2381 3369 2434 vel
3415 2365 3764 2444 deridendam

2175 2457 2255 2510 vel
2286 2457 2651 2515 detestandam
2675 2478 2796 2517 cum
2818 2467 2997 2522 verbis
3020 2469 3036 2498 ¹
3061 2470 3485 2537 praecedentibus
3521 2476 3766 2536 Petiliani

2173 2549 2502 2617 perspiceres
2546 2566 2934 2626 consequenter
2975 2567 3030 2612 et
3057 2575 3088 2613 a
3136 2576 3222 2616 me
3270 2562 3322 2617 in
3368 2566 3587 2634 epistola
3639 2585 3763 2626 mea

2172 2650 2675 2710 commemoratam,
2723 2656 2873 2700 caute
2902 2657 2954 2702 tu
2985 2650 3197 2718 quidem
3231 2655 3379 2722 quasi
3408 2656 3540 2711 nihil
3570 2658 3763 2716 horum

2171 2726 2428 2797 dixerim,
2461 2747 2574 2786 rem
2623 2743 2818 2789 tantam
2869 2739 3126 2793 sileudam
3161 2743 3382 2810 putasti;
3425 2745 3518 2800 sed
3566 2749 3765 2804 confu-

2171 2819 2291 2888 gisti
2322 2821 2388 2874 ad
2413 2825 2593 2879 nescio
2621 2827 2744 2895 quid
2771 2831 3074 2898 absurdius,
3097 2843 3155 2887 ut
3175 2850 3293 2889 cum
3323 2838 3586 2892 maculosa
3618 2857 3766 2897 con-

2172 2913 2391 2970 scientia
2419 2916 2597 2972 dantis
2618 2922 2822 2975 occulta
2853 2932 2956 2990 est,
2987 2933 3040 2979 et
3084 2926 3203 2981 ideo
3239 2913 3348 2982 non
3391 2937 3564 2998 potest
3609 2935 3767 2989 acci-

2171 3006 2364 3074 pientis
2389 3008 2604 3064 abluere
2624 3053 2639 3075 ,
2671 3021 2792 3066 tunc
2820 3012 2949 3068 falsa
2983 3015 3118 3070 fama
3142 3017 3254 3087 ejus
3280 3020 3546 3090 accipiens
3571 3023 3764 3078 ablua-

2173 3106 2278 3162 tur,
2307 3108 2360 3152 et
2389 3100 2439 3153 in
2467 3116 2531 3156 eo
2562 3104 2836 3160 veritatem
2867 3105 3070 3162 falsitas
3096 3123 3364 3178 operetur.

2239 3187 2328 3243 25.
2383 3190 2532 3246 Nunc
2581 3194 2676 3260 ι’,
2708 3203 2762 3249 et
2817 3211 3009 3252 accusa
3063 3199 3390 3259 calumniose
3436 3205 3760 3276 dialecticos,

2169 3281 2308 3351 quod
2349 3285 2590 3354 fugienda
2617 3288 2833 3340 versutia
2871 3291 3114 3344 sermonis
3157 3292 3396 3361 efficiant,
3423 3305 3475 3347 ut
3501 3297 3544 3348 si
3571 3297 3764 3365 falsum

2169 3382 2270 3435 est,
2299 3389 2465 3426 verum
2489 3376 2591 3439 sit;
2615 3377 2658 3430 si
2686 3393 2855 3431 verum
2883 3389 2988 3445 est,
3017 3382 3204 3448 falsum
3231 3385 3315 3438 sit.
3354 3386 3487 3441 Ecce
3514 3388 3616 3442 tale
3653 3390 3761 3442 ali-

2169 3464 2295 3532 quid
2345 3465 2458 3534 ipse
2509 3466 2560 3520 in
2608 3468 2946 3524 Sacramenta
2993 3471 3296 3529 christiana:
3340 3480 3763 3546 regenerationis

2171 3554 2574 3621 immittis,imo
2614 3560 2765 3629 pejus
2803 3563 3073 3631 magisque
3113 3563 3440 3633 fugiendum.
3493 3569 3569 3623 Illi
3611 3571 3758 3626 enim

2172 3662 2275 3701 non
2301 3651 2351 3702 in
2381 3663 2475 3703 sua
2504 3649 2689 3706 fraude
2714 3669 2811 3708 nec
2839 3655 2890 3708 in
2922 3670 3101 3708 rerum
3134 3657 3392 3724 veritate,
3425 3660 3522 3714 sed
3555 3663 3607 3715 in
3637 3678 3764 3731 per-

2172 3739 2421 3807 plexitate
2467 3743 2745 3799 locutionis
2791 3746 3032 3799 humana:
3068 3746 3307 3816 quietiam
3359 3750 3522 3804 verba
3571 3751 3764 3808 dicunt

2172 3841 2295 3887 tunc
2319 3833 2482 3888 videri
2512 3851 2631 3889 vera
2663 3851 2781 3890 cum
2816 3837 2942 3891 falsa
2987 3849 3108 3892 sunt
3127 3881 3140 3903 ,
3175 3848 3299 3894 tunc
3327 3839 3454 3895 falsa
3483 3857 3604 3896 cum
3633 3859 3760 3899 vera

2171 3934 2326 3987 sunt;
2357 3941 2478 3993 quae
2503 3941 2622 3979 cum
2667 3928 2715 3980 in
2759 3927 3168 3996 disputationem
3212 3930 3528 3997 inciderint,
3577 3935 3763 3989 animo

2171 4015 2434 4080 discerni;
2467 4018 2673 4072 etiamsi
2703 4018 2918 4072 dissolvi
2959 4036 3208 4076 sermone
3251 4036 3356 4076 non
3396 4033 3635 4091 possunt.
3677 4025 3761 4080 Tu

2173 4121 2300 4161 vero
2321 4120 2424 4160 non
2447 4107 2667 4162 verbum
2695 4109 2968 4179 quodlibet
2987 4153 3001 4174 ,
3035 4127 3135 4166 nec
3163 4128 3274 4166 rem
3305 4115 3630 4182 quamlibet,
3657 4117 3760 4172 sed
3837 4165 3842 4168 .

2171 4197 2339 4266 ipsam
2369 4213 2471 4268 qua
2503 4199 2552 4252 in
2584 4199 2836 4254 teternam
2870 4202 3027 4254 vitam
3062 4203 3422 4266 renascimur,
3457 4206 3762 4259 mundatio—

2171 4303 2294 4343 nem
2345 4291 2683 4344 conscientia:
2729 4307 2906 4344 veram
2959 4292 3071 4346 fieri
3137 4309 3293 4362 posse
3359 4294 3492 4348 dicis
3544 4295 3594 4347 in
3661 4295 3763 4349 lto-

2171 4381 2317 4436 mine
2369 4397 2465 4450 per
2517 4380 2707 4435 famam
2760 4381 2948 4434 falsam
3000 4383 3190 4437 aliena:
3253 4385 3613 4440 conscientite.
3688 4385 3762 4440 Et

2173 4486 2241 4526 ne
2289 4471 2380 4525 tibi
2426 4471 2530 4525 hoc
2585 4472 2881 4537 tribuatur,
2933 4475 3054 4544 quia
3109 4477 3437 4531 dialecticam
3491 4477 3760 4544 didicisti,

2173 4570 2471 4615 vestrorum
2547 4560 2680 4615 dicis
2755 4562 2891 4616 hanc
2963 4579 3084 4618 esse
3138 4565 3500 4630 sententiam,
3563 4567 3762 4636 quibus

2171 4665 2276 4704 nou
2325 4658 2382 4703 ut
2421 4649 2758 4715 dialecticus,
2814 4651 2908 4706 sed
2953 4653 3107 4721 plane
3161 4663 3216 4706 ut
3276 4654 3554 4708 lnereticus
3621 4671 3759 4711 eon-

2171 4740 2404 4795 sensisti.
2453 4741 2554 4795 Per
2598 4752 2647 4794 te
2691 4741 2848 4811 igitur
2892 4752 2981 4796 aut
3020 4759 3114 4811 per
3153 4750 3358 4799 vestros
3397 4745 3508 4798 haac
3535 4754 3618 4800 est
3644 4763 3765 4800 ma-

2171 4831 2361 4900 gniﬁca
2409 4831 2618 4886 inventa
2650 4832 2728 4886 vel
2760 4832 3120 4886 demonstrata
3152 4833 3388 4888 doctrina
3422 4852 3434 4888 :
3462 4833 3595 4888 Cum
3631 4851 3762 4890 sau-

2171 4932 2257 4977 cte
2286 4924 2460 4977 dantis
2488 4925 2622 4978 bona
2644 4925 2965 4979 conscientia
2994 4933 3076 4978 est
3095 4967 3109 4988 ,
3141 4933 3266 4980 tunc
3289 4925 3356 4978 ab
3382 4941 3442 4978 ea
3470 4925 3527 4979 lit
3549 4926 3723 4981 bonus
3747 4930 3771 4960 ³

2172 5015 2261 5085 qui
2293 5014 2585 5082 baptizatur
2609 5055 2624 5080 ,
2669 5023 2790 5068 tunc
2818 5015 2977 5069 arbor
3007 5015 3143 5069 bona
3175 5015 3371 5070 bonum
3402 5014 3631 5070 fructum
3669 5034 3768 5088 pa-

2175 5107 2242 5160 rit
2289 5105 2514 5177 (Matth.
2548 5121 2614 5159 vu
2640 5145 2656 5170 ,
2717 5105 2816 5178 l7)
2848 5124 2860 5158 :
2892 5121 3012 5160 cum
3039 5093 3168 5160 veio
3215 5107 3536 5160 conscientia
3586 5107 3766 5163 dantis

2173 5196 2310 5249 mala
2357 5205 2410 5249 et
2455 5194 2659 5249 oceulta
2703 5207 2818 5258 est,
2867 5206 2992 5250 tunc
3029 5196 3145 5264 ejus
3187 5212 3304 5266 quze
3347 5197 3475 5250 falsa
3505 5205 3589 5252 est
3621 5199 3763 5253 bona

2174 5287 2313 5342 larua
2340 5288 2662 5354 consulitur;
2692 5296 2748 5341 ut
2777 5298 2900 5342 tunc
2919 5303 2948 5340 a
2975 5288 3188 5344 fallente
3214 5287 3436 5358 accipiat
3467 5288 3628 5342 homo
3659 5289 3763 5353 Ba-

2241 5529 2256 5560 ι
2283 5535 2356 5576 Er.
2385 5533 2436 5575 et
2457 5531 2587 5588 hom,
2610 5539 2719 5576 cum
2741 5527 2792 5578 in
2808 5527 2980 5578 verbis.
3008 5526 3251 5578 tteduadat
3269 5563 3284 5588 ,
3307 5526 3374 5586 in,
3399 5537 3492 5574 nec
3516 5531 3593 5574 est
3631 5524 3761 5586 apud

2178 5598 2278 5639 Am.
2307 5597 2356 5638 et
2377 5590 2740 5651 manuscriptos.

2238 5653 2258 5683 ³
2287 5661 2380 5699 Am.
2409 5657 2460 5697 et
2477 5657 2603 5700 Μεεά
2619 5647 2761 5700 ’Νηηε
2783 5657 2830 5701 et
2850 5652 3265 5710 accnsa;omisso,
3287 5647 3322 5698 ἱ.

2240 5715 2260 5745 ³
2284 5714 2433 5762 Nostri
2458 5724 2629 5776 omnes
2652 5720 2778 5774 Mss,
2803 5720 2914 5764 tunc
2938 5713 3001 5763 ad
3042 5725 3148 5764 eam
3189 5711 3243 5776 ﬁt
3287 5710 3447 5764 bonus.
3473 5716 3615 5760 Forte
3653 5720 3762 5756 me-

2177 5775 2268 5825 lius
2285 5788 2443 5838 quam,
2465 5773 2524 5822 ab
2547 5785 2622 5822 ea.
