4066 6200
274 252 373 311 481

276 405 531 477 ptismum
559 421 779 473 verum,
810 420 932 461 cum
960 406 1028 462 de
1057 405 1150 461 illo
1187 404 1476 461 crediderit
1521 404 1711 459 falsum
1738 412 1859 457 :at—

272 515 383 570 que
408 499 481 554 ita
509 513 579 553 ne
599 498 736 553 desit
758 512 878 567 quae
911 496 1138 552 fructum
1170 497 1341 566 pariat
1364 494 1598 549 haeretici
1623 495 1819 549 erroris
1842 536 1859 561 ,

273 593 335 647 ﬁt
359 600 533 647 mater
558 589 759 645 falsitas
777 588 1040 644 veritatis.
1072 588 1185 642 Hoc
1213 586 1334 641 ideo
1360 594 1529 641 totum
1560 595 1667 639 tam
1706 600 1863 640 exse-

254 682 506 746 .crahile,
542 690 650 736 tam
689 680 1004 735 mirabiliter
1047 693 1357 749 perversum
1384 690 1438 731 et
1466 678 1709 736 insanum
1734 717 1748 740 ,
1794 691 1864 731 ne

270 777 415 848 quod
447 778 538 831 Dei
564 785 650 830 est
678 775 770 830 Dei
797 789 920 829 esse
943 773 1149 828 dicatur
1174 789 1190 838 ;
1221 779 1280 826 ut
1307 770 1449 840 quod
1479 784 1509 823 a
1554 770 1664 824 Deo
1690 770 1860 823 sumi-

273 878 392 932 tur,
430 866 738 922 hominibus
769 864 1066 929 tribuatur;
1095 877 1164 917 ne
1212 861 1302 932 qui
1346 860 1514 925 dixit,
1544 858 1862 915 Conscientia

274 967 452 1011 sancte
491 956 661 1009 dantis
704 954 979 1008 attenditur
1000 994 1017 1022 ,
1044 968 1158 1023 ante
1201 952 1379 1006 abluat
1414 950 1739 1020 accipientis,
1773 962 1861 1003 er-

274 1063 423 1104 rasse
460 1048 723 1102 videatur.

344 1136 570 1193 CAPUT
600 1135 821 1191 XlX.-—-
842 1136 930 1191 24.
960 1134 1140 1190 Nostri
1166 1135 1280 1199 hoc,
1308 1134 1502 1204 inquis,
1534 1133 1597 1186 de
1622 1131 1858 1201 Scriptu-

272 1229 345 1281 ris
368 1227 614 1297 probant,
642 1227 882 1295 quoniam
909 1225 940 1279 J
948 1226 1073 1280 udas
1096 1226 1328 1289 traditer,
1352 1235 1627 1296 antequam
1640 1222 1859 1275 danma-

273 1331 410 1374 ταιν-
432 1359 448 1381 ,
479 1318 648 1371 omnia
672 1318 799 1371 sicut
824 1318 1081 1387 apostolus
1109 1318 1279 1387 gessit.
1306 1315 1443 1383 Quid
1488 1314 1589 1371 hoc
1616 1314 1681 1368 ad
1713 1313 1856 1368 Peti-

274 1410 396 1463 liani
436 1408 757 1463 sententiam
802 1407 960 1461 lixam
999 1415 1157 1476 atque
1198 1407 1502 1469 deﬁnitam,
1545 1404 1859 1459 Conscientia

270 1511 442 1555 sancte
477 1499 649 1553 dantis
683 1499 962 1552 attenditur
982 1540 999 1565 ,
1029 1514 1142 1566 qua:
1169 1497 1342 1551 abluat
1382 1497 1714 1567 accipientis;
1756 1494 1857 1548 nisi

270 1592 415 1660 quod
439 1600 494 1645 et
518 1590 681 1645 ludas
729 1590 831 1644 iste
859 1589 1080 1644 nimium
1104 1598 1286 1643 contra
1316 1602 1412 1642 vos
1436 1597 1517 1643 est
1534 1629 1549 1651 ,
1590 1602 1709 1641 cum
1741 1601 1859 1640 ver-

271 1682 355 1736 bis
395 1681 587 1736 alienis
633 1680 1023 1736 inconsiderate
1050 1681 1267 1749 prolatis
1311 1679 1666 1749 patrocinium
1713 1692 1856 1747 prte-

270 1771 402 1826 bere
428 1771 736 1825 conamini?
764 1770 897 1826 Cum
924 1770 1067 1825 enim
1093 1770 1258 1825 .ludas
1284 1772 1423 1825 sicut
1450 1769 1739 1839 Apostolus
1764 1768 1857 1822 ba—

270 1860 536 1929 ptizaret,
576 1860 1002 1931 quandoquidem
1047 1861 1220 1915 malus
1246 1870 1389 1928 erat,
1423 1860 1543 1930 quia
1590 1860 1676 1913 fur
1706 1867 1851 1923 erat,

269 1958 328 2004 et
348 1965 413 2004 ea
436 1966 555 2020 quae
579 1950 925 2006 mittebantur
945 1951 996 2005 in
1018 1952 1332 2006 commissos
1350 1951 1451 2005 sibi
1477 1950 1678 2005 loculos
1705 1948 1857 2003 aufe-

268 2043 455 2109 rebat;
485 2059 591 2098 non
620 2044 803 2115 utique
828 2045 1156 2100 conscientia
1182 2045 1299 2114 ejus
1317 2043 1693 2100 attendebatur
1715 2085 1729 2109 ,
1759 2042 1855 2097 sed

268 2132 413 2189 Deus
438 2142 494 2189 et
520 2133 766 2190 Christus
810 2135 862 2189 in
898 2150 1056 2204 quem
1101 2134 1440 2189 credebatur.
1487 2134 1670 2204 Neque
1710 2133 1853 2189 enim

265 2232 324 2280 et
352 2223 519 2293 ipsius
566 2224 688 2279 mali
733 2225 962 2280 hominis
1002 2225 1140 2297 falsa
1169 2227 1187 2257 ί
1213 2225 1350 2280 bona
1395 2224 1530 2279 fama
1572 2225 1850 2285 credentes

266 2314 592 2384 accipientes
617 2314 917 2380 abluebat’,
940 2330 1039 2370 nec
1063 2314 1350 2386 generahat
1395 2316 1447 2368 in
1480 2316 1693 2369 homine
1731 2330 1852 2384 gra-

268 2406 397 2460 tiam
425 2404 618 2459 divina:
650 2404 884 2458 veritatis
916 2406 1115 2459 falsitas
1147 2407 1394 2460 humanae
1424 2406 1710 2474 Opinionis.

336 2494 431 2548 25.
472 2494 540 2547 Et
562 2492 690 2550 illud
719 2496 1076 2551 testimonium
1105 2497 1247 2567 quod
1273 2497 1340 2551 de
1364 2494 1648 2565 Scripturis
1675 2494 1854 2565 posui»

263 2587 365 2654 sti,
425 2587 555 2655 Qua
598 2589 863 2659 manifesta
906 2598 1045 2654 sunt,
1070 2589 1245 2651 vobis;
1293 2604 1408 2657 qua:
1448 2597 1615 2641 autem
1658 2586 1853 2639 occulta

261 2688 401 2744 sunt,
431 2679 650 2736 Domino
676 2680 785 2735 Deo
804 2689 963 2733 vestro
993 2679 1178 2751 (Deut.
1207 2696 1331 2734 nix
1353 2721 1368 2745 ,
1399 2680 1538 2750 29);
1568 2680 1665 2732 ista
1689 2678 1852 2732 verba

263 2770 540 2841 redarguit
561 2780 719 2841 atque
742 2770 1036 2825 convincit.
1068 2769 1128 2826 Si
1154 2770 1297 2825 enim
1324 2786 1445 2840 qua:
1473 2770 1679 2825 occulta
1707 2775 1849 2834 sunt,

264 2858 496 2915 Domino
524 2860 631 2914 Deo
673 2860 1020 2931 relinquenda
1062 2869 1218 2925 sunt;
1263 2860 1530 2931 quomodo
1568 2860 1849 2916 conscien-

270 2954 348 3020 tia
384 2951 584 3019 dantis,
614 2967 719 3006 non
747 2952 921 3008 solum
948 2952 1110 3019 mala,
1127 2968 1312 3007 verum
1338 2952 1497 3007 etiam
1523 2952 1657 3006 bona
1681 2993 1698 3018 ,
1729 2967 1849 3008 cum

260 3045 474 3099 occulta
515 3053 595 3099 est
622 3044 948 3109 attenditur,
995 3054 1053 3099 ut
1092 3044 1272 3099 abluat
1299 3044 1603 3113 accipientis
1627 3043 1650 3097 ἲ
1676 3044 1781 3098 Aut
1804 3044 1851 3098 si

258 3134 381 3205 ipsa
404 3150 529 3193 cum
568 3136 774 3191 occulta
800 3144 886 3192 est
909 3149 1019 3192 non
1044 3134 1337 3192 attenditur
1361 3176 1375 3201 ,
1405 3134 1529 3203 quid
1559 3144 1681 3188 tunc
1706 3134 1849 3189 acci-

258 3227 420 3298 piens
467 3223 670 3298 juhetis
714 3226 957 3282 attendat
976 3267 995 3296 ,
1046 3225 1188 3281 unde
1229 3224 1553 3281 conscientia
1597 3223 1715 3296 ejus
1749 3226 1847 3283 ah-

257 3320 457 3375 luatur.

327 3409 562 3465 CAPUT
616 3407 1297 3478 XX.——Expergiscimini
1341 3406 1656 3478 aliquando,
1707 3423 1849 3465 nunc

254 3503 452 3557 saltem
478 3499 640 3557 dicite
657 3539 672 3565 ,
703 3498 961 3553 Attendat
982 3499 1164 3554 Deum.
1192 3498 1328 3566 Quid
1356 3498 1555 3553 timetis
1579 3514 1647 3555 ne
1678 3498 1850 3554 humi-

257 3589 509 3655 liemini,
542 3588 587 3644 si
633 3589 823 3643 nonin
851 3588 1092 3653 homine,
1145 3589 1239 3643 sed
1283 3589 1336 3643 in
1388 3589 1611 3644 Domino
1654 3591 1850 3660 glorie-

254 3681 433 3735 miui?
462 3680 598 3746 Est,
626 3681 820 3751 inquis,
851 3680 991 3750 quod
1023 3682 1234 3734 timeam
1264 3699 1278 3734 :
1309 3681 1354 3735 si
1384 3682 1525 3735 enim
1556 3696 1677 3735 cum
1724 3681 1850 3735 latet

256 3771 440 3826 dantis
464 3770 809 3835 conscientia,
830 3770 1016 3825 dixero
1037 3778 1094 3824 ut
1117 3771 1383 3840 accipiens
1407 3770 1643 3824 attendat
1660 3771 1861 3834 Deum,‘

260 3871 316 3916 et
342 3861 526 3916 abillo
547 3869 669 3916 tunc
684 3861 799 3930 ejus
816 3860 959 3915 ablui
980 3860 1359 3915 conscientiam
1382 3859 1658 3914 confessus
1678 3860 1844 3923 fuero,
1920 3884 1926 3891 -

262 3956 349 4009 illa
405 3969 493 4008 me
540 3952 803 4008 horrenda
846 3952 1193 4019 consequitur
1242 3949 1570 4016 absurditas,
1614 3950 1849 4006 sanctius

262 4045 408 4100 ablui
438 4045 681 4099 homines
709 4059 831 4100 cum
860 4043 1214 4112 baptizatores
1239 4041 1440 4096 habent
1464 4041 1701 4097 occultos
1730 4056 1846 4095 ma-

264 4133 383 4196 los,
428 4148 588 4203 quam
625 4148 747 4188 cum
792 4131 1104 4186 manifestos
1151 4132 1347 4195 honos,
1383 4132 1429 4184 si
1475 4131 1634 4187 homo
1680 4132 1851 4186 abluit

266 4228 482 4299 quando
501 4228 673 4282 dantis
694 4228 1017 4283 conscientia
1041 4226 1177 4279 bona
1197 4234 1277 4280 est
1307 4236 1362 4279 et
1385 4225 1682 4287 manifesta,
1712 4226 1849 4281 Deus

266 4328 445 4373 autem
475 4320 685 4389 quando
710 4320 847 4373 mala
890 4327 944 4373 et
980 4317 1205 4373 occulta.
1240 4318 1333 4372 Dic
1360 4333 1488 4388 ergo
1525 4318 1664 4388 quod
1713 4317 1845 4372 dici-

270 4424 416 4474 mus;
448 4409 570 4480 quia
600 4408 704 4463 hoc
727 4418 814 4463 est
833 4422 1017 4463 verum
1038 4450 1052 4474 ,
1094 4407 1195 4462 hoc
1238 4423 1422 4461 sanum
1450 4449 1465 4473 ,
1500 4409 1598 4463 hoc
1626 4408 1848 4463 catholi-

267 4515 425 4564 cum;
469 4499 611 4568 quod
639 4498 884 4553 Christus
914 4498 1133 4552 mundat
1160 4499 1533 4567 accipientium
1572 4500 1848 4553 conscien-

272 4589 369 4642 tias
393 4630 408 4654 ,
439 4589 553 4643 sive
578 4604 671 4657 per
694 4588 865 4643 bonos
893 4587 1164 4641 ministros
1187 4588 1436 4655 Baptismi
1462 4589 1575 4651 sui,
1604 4590 1715 4641 sive
1753 4605 1849 4658 per

272 4679 439 4733 malos
461 4719 479 4744 ,
505 4678 755 4748 quoniam
784 4678 851 4732 de
881 4678 971 4732 illo
999 4678 1252 4746 scriptum
1279 4686 1390 4742 est,
1423 4676 1649 4731 Christus
1672 4678 1848 4732 dilexit

271 4767 572 4837 Ecclesium,
596 4780 643 4824 et
670 4786 725 4825 se
750 4771 915 4840 ipsum
941 4770 1148 4824 tradidit
1172 4786 1264 4839 pro
1290 4786 1348 4822 ea
1367 4810 1381 4834 ,
1412 4778 1462 4821 ut
1490 4786 1598 4822 eam
1621 4773 1846 4839 sancti/i-

270 4870 432 4926 caret,
462 4862 713 4916 mandans
737 4878 847 4915 eam
870 4861 1068 4914 lavacro
1091 4876 1237 4931 aqua:
1272 4860 1323 4913 in
1360 4860 1505 4913 uerbo
1529 4860 1745 4931 (Ephes.
1774 4878 1806 4917 v
1829 4902 1843 4928 ,

268 4948 521 5017 25,26).
670 5018 677 5027 κ

340 5040 427 5095 26.
472 5039 554 5094 Tn
574 5082 589 5105 ,
631 5041 807 5108 inquis
832 5080 847 5106 ,
876 5040 1121 5110 responde
1160 5039 1410 5108 quomodo
1435 5040 1685 5111 baptizent
1724 5058 1849 5110 quos

270 5134 526 5187 danmaeit
556 5132 780 5187 Ecclesia
801 5133 827 5187 .9
852 5132 966 5187 Jatn
995 5147 1122 5202 ergo
1152 5132 1419 5187 receditur
1441 5148 1469 5184 a
1508 5133 1682 5187 verbis
1710 5135 1849 5189 Peti-

272 5222 395 5281 liani
423 5243 437 5276 :
467 5226 714 5294 quoniam
746 5225 835 5278 illo
860 5223 1070 5278 dicente
1092 5264 1107 5288 ,
1136 5223 1452 5278 Conscientia
1476 5233 1645 5278 sancte
1681 5224 1847 5279 dantis

267 5314 580 5377 ettenditnr,
620 5329 732 5385 qua
761 5314 929 5368 abluat
974 5313 1305 5382 accipientis;
1348 5328 1469 5367 cum
1513 5329 1844 5383 qumtcretu,

274 5405 392 5474 quis
416 5405 599 5459 abluat
623 5404 933 5475 accipientis
959 5403 1337 5459 conscientiam
1359 5445 1376 5471 ,
1408 5406 1620 5476 quando
1648 5406 1847 5476 polluta

337 5583 355 5614 ι
378 5583 452 5631 Sic
472 5588 578 5632 llas.
605 5585 661 5645 in
682 5580 987 5645 editi,falso.

335 5645 359 5676 ι
380 5651 429 5693 tn
452 5644 651 5693 excusis
666 5677 682 5703 ,
728 5641 974 5696 credentes
995 5650 1041 5695 et
1077 5641 1361 5709 accipientes
1395 5642 1628 5696 abluebat.
1653 5648 1847 5706 Expuli-

272 5710 503 5778 gendum,
528 5713 590 5771 et,
612 5709 749 5771 juxta
769 5715 873 5760 Mss.

1608 288 1813 345 LIBER
1850 287 2226 348 SECUNDUS.

3453 301 3554 354 482

1971 404 2146 460 dantis
2172 408 2372 461 occulta
2404 418 2483 462 est
2508 449 2522 473 ,
2562 424 2666 465 non
2696 410 2822 464 mihi
2855 410 3022 480 potuit
3049 411 3381 481 responderi.
3419 414 3550 470 Tam

1969 496 2111 549 enim
2153 508 2337 551 contra
2381 500 2654 554 veritatem
2697 501 2891 555 dicitur
2931 501 3071 569 quod
3100 502 3232 555 falsa
3268 503 3384 572 ejus
3411 503 3548 558 fama

1971 588 2136 658 possit
2180 588 2429 654 abluere,
2458 606 2613 659 quam
2662 592 2705 645 si
2754 590 2856 647 hoc
2899 592 3011 662 ipsa
3042 593 3181 647 mala
3229 595 3549 649 conscientia

1969 693 2127 748 posse
2154 679 2437 733 diceretur.

2036 768 2261 824 CAPUT
2291 769 2509 823 XXl.~—
2535 770 2589 826 Si
2629 782 2804 826 autem
2835 773 3057 842 quzeris,
3093 774 3356 839 Quomodo
3381 773 3551 845 bapti-

1966 870 2085 912 zant
2108 877 2233 928 quos
2252 862 2505 916 damnavit
2534 862 2804 918 Ecclesia?
2830 866 3127 934 respondeo
3151 868 3228 921 sic
3256 882 3351 922 eos
3381 867 3553 937 bapti—

1967 964 2119 1015 zare,
2140 953 2410 1021 quomodo
2438 954 2703 1023 baptizant
2736 969 2869 1024 quos
2894 956 3167 1011 damnavit
3195 958 3361 1025 Deus,
3392 970 3542 1013 aute-

1966 1057 2123 1110 quam
2153 1043 2219 1098 de
2248 1045 2350 1099 illis
2376 1046 2661 1115 quidquam
2682 1046 2945 1115 judicaret
2981 1047 3241 1102 Ecclesia.
3273 1048 3374 1116 Qui
3404 1050 3544 1103 enim

1965 1145 2145 1187 mente
2213 1150 2457 1203 perversa
2510 1138 2716 1192 videtur
2766 1139 2907 1193 intus
2950 1155 3070 1194 esse
3121 1155 3238 1194 cum
3276 1142 3400 1195 foris
3444 1144 3544 1207 sit,

1965 1226 2034 1279 ah
2062 1226 2177 1295 ipso
2223 1226 2432 1282 Christo
2472 1229 2580 1297 jam
2609 1228 2873 1298 judicatus
2915 1238 3017 1283 est.
3051 1230 3168 1299 ipse
3206 1231 3399 1300 quippe
3427 1233 3497 1285 ait
3529 1272 3542 1295 ,

1968 1314 2070 1380 Qui
2094 1332 2192 1369 non
2218 1317 2409 1383 credit,
2427 1320 2534 1386 iam
2558 1321 2809 1384 iudicatus
2840 1330 2910 1372 est
2936 1320 3110 1388 (Joan.
3143 1336 3195 1373 Ill
3219 1361 3234 1385 ,
3266 1320 3375 1385 l8).
3409 1321 3545 1375 Pau-

1964 1405 2046 1459 lus
2070 1416 2244 1459 autcm
2275 1409 2543 1475 apostolus
2570 1410 2717 1472 dicit,
2758 1410 2989 1463 Ecclesia
3015 1412 3214 1463 subdita
3239 1420 3310 1464 est
3348 1412 3545 1466 Christo

1964 1495 2177 1566 (Ephes.
2208 1513 2266 1563 v,
2295 1499 2411 1569 24).
2442 1499 2556 1553 Non
2588 1501 2744 1568 igitur
2773 1502 2929 1555 debet
2956 1502 3190 1555 Ecclesia
3231 1518 3291 1557 se
3330 1503 3544 1557 Christo

1962 1603 2298 1657 praeponere,
2326 1600 2381 1643 ut
2408 1601 2553 1659 putet
2579 1593 2846 1660 baptizare
2870 1608 3025 1661 posse
3052 1595 3119 1647 ah
3140 1594 3230 1648 illo
3252 1594 3538 1663 judicatus,

1962 1690 1992 1729 a
2021 1690 2083 1731 se
2106 1688 2282 1731 autem
2316 1679 2581 1748 judicatos
2612 1680 2881 1749 baptizare
2928 1699 3031 1737 non
3074 1698 3264 1751 posse;
3296 1699 3415 1738 cum
3456 1685 3542 1737 ille

1960 1779 2176 1837 semper
2203 1770 2461 1823 veraciter
2481 1769 2709 1838 judicet,
2738 1771 3081 1825 ecclesiastici
3124 1784 3299 1828 autem
3327 1774 3536 1843 judices

1961 1857 2098 1911 sicut
2126 1859 2368 1913 homines
2410 1860 2722 1930 plerumque
2768 1862 3034 1916 fallantur.
3071 1864 3347 1933 Baptizaut
3371 1882 3501 1935 ergo
3524 1909 3537 1925 ,

1960 1958 2214 2017 quantum
2257 1950 2443 2003 attinet
2482 1952 2549 2004 ad
2579 1951 2784 2005 visibile
2829 1952 3213 2017 ministerium,
3239 1964 3293 2008 et
3330 1955 3456 2009 boni
3487 1964 3541 2009 et

1960 2041 2085 2094 mali
2118 2057 2132 2093 :
2161 2041 2494 2096 invisibiliter
2521 2052 2697 2097 autem
2731 2058 2827 2112 per
2846 2058 2942 2097 eos
2968 2045 3057 2098 ille
3084 2045 3315 2114 baptizat
3337 2087 3352 2112 ,
3385 2046 3538 2113 cujus

1959 2140 2041 2187 est
2064 2141 2118 2186 et
2141 2133 2351 2191 visibile
2378 2134 2646 2205 Baptisma
2689 2143 2743 2189 et
2784 2135 3063 2189 invisibilis
3091 2137 3279 2205 gratia.
3312 2137 3539 2207 Tingere

1958 2237 2087 2293 ergo
2115 2233 2335 2292 possunt
2363 2234 2417 2279 et
2460 2225 2585 2278 boni
2629 2234 2680 2279 et
2724 2226 2887 2290 mali,
2927 2226 3145 2281 abluere
3191 2236 3364 2281 autem
3412 2244 3539 2282 con-

1957 2315 2233 2368 scientiam
2264 2330 2367 2369 non
2396 2316 2495 2369 nisi
2529 2316 2615 2369 ille
2640 2316 2727 2385 qui
2757 2332 2969 2385 semper
2997 2327 3078 2372 est
3116 2318 3305 2371 bonus.
3339 2322 3414 2371 Ac
3446 2334 3538 2387 per

1958 2402 2059 2458 hoc
2078 2406 2236 2459 etiam
2262 2406 2529 2460 nesciente
2544 2405 2781 2460 Ecclesia
2809 2416 3022 2477 propter
3042 2408 3233 2461 malam
3252 2408 3535 2475 pollutam-

1958 2509 2060 2564 que
2085 2496 2462 2550 conscientiam
2485 2496 2717 2551 damnati
2746 2512 2774 2551 a
2804 2499 3016 2553 Christo
3037 2540 3051 2564 ,
3080 2499 3186 2567 jam
3235 2499 3286 2553 in
3312 2515 3539 2570 corpore

1956 2584 2152 2639 Christi
2180 2601 2284 2640 non
2310 2595 2433 2641 sunt
2456 2588 2595 2656 quod
2624 2598 2705 2641 est
2737 2589 2970 2643 Ecclesia
2995 2630 3008 2653 ,
3038 2590 3284 2658 quoniam
3309 2606 3412 2644 non
3444 2608 3539 2661 po-

1958 2683 2061 2729 test
2107 2674 2347 2731 Christus
2391 2676 2590 2732 hahere
2629 2679 2867 2732 membra
2909 2681 3179 2733 damnata.
3227 2680 3538 2738 Proindeet

1958 2767 2057 2835 ipsi
2102 2779 2249 2821 extra
2301 2768 2591 2821 Ecclesiam
2640 2772 2926 2839 baptizant.
2978 2772 3165 2826 Omnia
3195 2773 3388 2841 quippe
3437 2774 3535 2827 ista

1957 2867 2195 2912 monstra
2219 2858 2355 2912 ahsit
2381 2860 2599 2912 omnino
2633 2870 2690 2912 ut
2734 2861 2785 2913 in
2823 2862 3076 2917 membris
3105 2863 3248 2917 illius
3275 2866 3535 2919 columba:

1957 2948 2128 3005 unica:
2153 2958 2561 3019 computentur:
2590 2952 2724 3005 absit
2774 2960 2831 3005 ut
2860 2953 3057 3008 intrare
3088 2956 3293 3023 possint
3337 2956 3559 3012 litnites~

1958 3039 2095 3094 horti
2124 3040 2391 3105 conclusi,
2420 3040 2573 3109 cujus
2602 3041 2690 3095 ille
2732 3051 2911 3097 custos
2941 3052 3023 3098 est
3065 3045 3153 3113 qui
3205 3060 3311 3099 non
3362 3056 3537 3115 potest

1955 3129 2083 3183 falli.
2115 3129 2214 3197 Qui
2253 3139 2426 3184 tamen
2475 3131 2517 3183 si
2549 3132 2866 3185 eontitentur
2890 3142 2943 3186 et
2985 3134 3354 3203 corriguntur,
3408 3145 3532 3189 tunc

1954 3220 2173 3285 intrant,
2204 3228 2326 3274 tunc
2352 3220 2693 3287 mundautur,
2716 3231 2840 3276 tunc
2868 3224 2918 3275 in
2939 3223 3217 3278 arboribus
3241 3224 3376 3279 horti
3402 3240 3533 3280 cou-

1953 3310 2119 3381 clusi,
2161 3318 2288 3367 tunc
2318 3314 2369 3365 in
2401 3313 2653 3367 membris
2678 3314 2847 3367 unicae
2869 3314 3128 3368 columbae
3163 3325 3530 3381 nutnerantur,

1952 3420 2053 3459 nec
2076 3412 2250 3459 tamen
2271 3403 2447 3457 denuo
2470 3401 2820 3475 haptizantur.
2849 3402 2922 3456 Ita
2951 3412 3007 3457 et
3032 3417 3157 3457 cum.
3175 3404 3244 3457 ah
3272 3406 3534 3460 lueretieis

1951 3496 2171 3551 veniunt
2206 3512 2326 3550 cum
2354 3495 2469 3566 ipso
2499 3496 2854 3566 Baptismate,
2884 3493 3026 3566 quod
3065 3505 3117 3549 et
3152 3494 3285 3551 foris
3330 3496 3531 3551 habue.

1950 3597 2105 3653 runt,
2137 3586 2229 3641 sed
2275 3600 2381 3641 non
2408 3596 2606 3641 etcum
2648 3588 2759 3657 ipsa
2808 3586 3149 3644 mundatione
3184 3601 3343 3658 quam
3394 3588 3533 3641 intus

1952 3679 2253 3747 accipiunt;
2296 3687 2352 3731 ut
2394 3678 2533 3747 quod
2581 3678 2750 3731 defuit
2797 3687 3114 3747 praestetur,
3162 3680 3304 3749 quod
3354 3691 3533 3736 autem

1954 3783 2058 3820 non
2084 3776 2341 3819 mutatum
2372 3774 2456 3819 est
2483 3768 2843 3834 approbatum

2024 3857 2248 3912 CAPUT
2288 3856 2450 3910 XXII.
2477 3884 2549 3896 --
2588 3857 2679 3908 27.
2732 3856 2935 3921 Vestra,
2977 3858 3171 3928 inquis,
3220 3875 3310 3929 per
3347 3870 3535 3916 uestros

1953 3950 2170 4019 majores
2194 3948 2479 4001 traditionis
2499 3957 2547 4002 et
2570 3948 2958 4017 tlturi/icationis
2975 3989 2989 4014 ,
3020 3960 3065 4003 et
3091 3966 3179 4019 per
3202 3966 3286 4004 vos
3306 3967 3536 4021 persecu—

1955 4040 2106 4095 tionis
2131 4040 2338 4093 crimine
2355 4039 2595 4093 damnata
2619 4040 2924 4093 conscientia
2949 4049 3045 4093 est.
3087 4040 3164 4095 De
3194 4041 3535 4098 traditorihus

1955 4130 2166 4201 quidem
2193 4138 2247 4185 et
2273 4129 2726 4184 thurificatorihus
2752 4130 2842 4200 qui
2872 4128 3070 4185 fuerint
3115 4133 3206 4201 qui
3242 4132 3342 4187 hoc
3387 4135 3536 4189 nefas

1953 4223 2291 4285 admiserint,
2322 4238 2429 4276 non
2455 4223 2750 4291 Scripturis
2776 4222 2973 4276 sanctis
2996 4264 3010 4287 ,
3040 4224 3133 4278 sed
3162 4223 3316 4278 fama:
3366 4225 3537 4279 homi~

1955 4329 2080 4367 num
2098 4314 2429 4369 credidistis.
2449 4314 2577 4380 Qua:
2598 4314 2641 4366 si
2665 4321 2841 4383 potest
2864 4329 2984 4369 esse
3004 4314 3133 4369 falsa
3160 4315 3296 4370 bona
3325 4315 3394 4371 de
3418 4331 3532 4370 ma-

1953 4404 2020 4458 lis
2042 4444 2057 4471 ,
2086 4420 2181 4458 cur
2208 4420 2312 4458 non
2343 4406 2509 4474 possit
2536 4407 2695 4459 etiam
2722 4405 2861 4459 mala
2902 4406 2970 4461 de
3015 4406 3209 4461 bonis?
3236 4409 3309 4463 De
3350 4423 3535 4478 perse-

1953 4496 2166 4550 cutione
2191 4506 2368 4550 autem
2400 4495 2499 4550 hoc
2528 4497 2619 4551 tibi
2651 4496 2884 4552 breviter
2911 4498 3212 4569 iterumque
3240 4501 3534 4571 respondeo

1954 4587 2075 4651 rim,
2107 4585 2247 4656 quod
2276 4601 2396 4639 cum
2427 4586 2825 4656 respondissem
2861 4587 3125 4643 Petiliauo
3168 4589 3411 4645 refellere
3438 4592 3536 4645 mi-

1954 4678 2099 4732 nime
2141 4676 2349 4730 valuisti
2378 4677 2395 4708 ¹
2421 4676 2572 4747 (Lib.
2607 4677 2636 4731 i‘
2687 4688 2864 4731 contra
2899 4677 3119 4733 Litteras
3157 4679 3431 4747 Petiliani,
3481 4699 3536 4736 η.

1952 4767 2068 4835 20).
2098 4766 2157 4821 ln
2184 4767 2456 4837 Scriptura
2483 4768 2678 4835 quippe
2704 4778 2908 4835 sancta,
2939 4784 3058 4838 quae
3085 4771 3352 4825 neminem
3383 4770 3536 4836 fallit,

1954 4875 2075 4914 area
2100 4860 2239 4913 dicta
2264 4867 2347 4912 est
2384 4858 2617 4913 Ecclesia
2648 4861 2770 4924 Dei;
2802 4860 3193 4931 Dominumque
3226 4864 3395 4931 ipsum
3417 4880 3537 4919 cum

1954 4952 2254 5006 ventilabro
2314 4966 2436 5006 esse
2486 4961 2767 5006 venturum
2817 4962 2872 5006 et
2928 4954 3306 5009 mandaturum
3359 4972 3538 5011 aream

1955 5058 2105 5097 suam
2130 5084 2144 5107 ,
2170 5052 2228 5096 ut
2254 5040 2515 5097 frumenta
2542 5043 2796 5098 recondat
2823 5045 2874 5098 in
2907 5044 3102 5101 horreo
3125 5089 3139 5113 ,
3174 5048 3380 5117 paleam
3412 5062 3565 5103 vero'

1954 5134 2231 5188 comburat
2270 5134 2376 5204 igni
2407 5135 2822 5204 inexslinguibili
2851 5136 2869 5205 (
2898 5135 3085 5190 Matth.
3133 5154 3225 5205 ut,
3262 5136 3392 5209 12).
3438 5142 3542 5193 Aut

1955 5240 2083 5295 ergo
2110 5234 2254 5280 recte
2282 5226 2423 5295 passi
2450 5226 2579 5280 estis
2624 5229 3083 5296 persecutionem;
3130 5241 3220 5283 aut
3264 5232 3308 5284 si
3354 5246 3405 5284 m
3442 5231 3541 5284 dus

1955 5316 2275 5372 Christianus
2304 5331 2555 5372 excessus
2583 5328 2663 5372 est
2684 5359 2699 5382 ,
2732 5319 2880 5388 palea
2909 5331 3087 5376 nostra
3128 5320 3253 5376 fecit
3276 5363 3291 5388 ,
3322 5330 3541 5390 propter

1954 5426 2114 5483 quam
2163 5425 2269 5466 non
2312 5409 2481 5465 fuerat
2507 5426 2630 5465 area
2661 5410 2924 5466 dominica
2949 5414 3238 5469 deserenda
3260 5456 3276 5479 ,
3306 5429 3372 5469 ne
3398 5416 3543 5483 quis-

1955 5505 2073 5575 quis
2099 5514 2223 5559 ante
2253 5512 2459 5573 tempus
2489 5502 2845 5558 ventilationis
2871 5504 2938 5559 ah
2978 5521 3100 5562 area
3150 5506 3356 5577 paleam
3397 5506 3539 5561 refu—

2025 5702 2043 5735 ι
2068 5702 2205 5764 mni,
2234 5700 2461 5754 voluistis.
2490 5708 2544 5751 Αι
2568 5708 2696 5758 διεδ..
2720 5700 2926 5755 valuisti.
