4066 6200
479 305 580 362 633

474 426 657 488 geret,
689 430 718 469 a
759 414 1024 469 frumento
1047 418 1325 477 separatus
1372 406 1522 475 palea
1550 404 1720 459 ﬁeret.
1747 403 1825 457 Tu
1875 411 2049 455 autem

475 525 601 566 cum
630 509 729 562 hoc
759 522 861 559 non
908 517 1083 557 meum
1106 542 1120 565 ,
1150 499 1243 554 sed
1269 509 1468 553 sanctae
1493 495 1780 566 Scriptura:
1811 495 2053 548 testimo-

476 614 623 654 nium
654 596 903 651 refellere,
929 591 1199 647 cunareris
1225 631 1238 651 ,
1284 589 1481 642 nullam
1528 585 1947 657 persecutionem
1975 584 2059 651 ju-

477 698 613 742 stam
643 700 758 737 esse
788 698 942 751 posse
965 680 1143 735 dixisti
1174 697 1186 732 :
1216 678 1303 732 ubi
1330 676 1706 747 ignoscendum
1736 674 1826 727 tibi
1858 684 1939 727 est
1968 688 2060 726 ne—

478 776 669 831 scienti
696 773 1027 841 Seripturas,
1047 769 1185 824 unde
1209 768 1303 823 tibi
1335 768 1518 821 venire
1540 774 1720 835 posset
1746 764 1799 816 in
1829 770 2059 816 mentem

480 882 636 936 quam
660 865 801 933 justo
829 876 959 916 voce
988 860 1056 915 sit
1079 859 1299 920 dictum,
1335 856 1684 910 Detraheutem
1713 853 1943 922 proximo
1970 867 2061 905 suo

482 957 695 1022 cccuttc,
740 959 873 1007 hunc
918 947 1454 1021 persequebar(Psal.
1483 962 1551 1010 c,
1580 947 1674 1014 5).
1726 945 1792 999 Et
1837 944 1903 996 ab
1949 942 2064 1010 ipso

485 1048 710 1101 Domino
752 1044 877 1099 Jusu
922 1042 1137 1097 Christo
1181 1041 1234 1094 iu
1260 1037 1703 1094 excellentissima
1747 1033 2059 1103 prophetia,

486 1136 766 1206 Persequar
816 1134 1045 1187 inimicos
1086 1146 1220 1183 meos
1246 1169 1260 1193 ,
1286 1138 1332 1183 et
1363 1126 1781 1198 conapreltendam
1826 1124 1940 1175 illos
1963 1163 1978 1185 ,
2018 1130 2064 1175 et

483 1248 587 1284 non
611 1237 869 1283 convertar
889 1227 1044 1279 donec
1069 1224 1303 1292 deﬁciant
1332 1223 1349 1290 (
1380 1219 1523 1274 Psal.
1550 1234 1676 1281 ιιι-ιι,
1707 1217 1774 1271 58
1796 1216 1835 1286 ).
1868 1214 1935 1269 Ει
1962 1213 2064 1267 alia

486 1321 651 1375 multa
683 1318 857 1372 divina
899 1314 1200 1370 testimonia
1246 1328 1366 1381 quae
1412 1309 1655 1380 persequi
1699 1308 1911 1376 longum
1940 1311 2061 1358 est:

484 1412 528 1465 si
563 1421 737 1464 tamen
766 1424 871 1461 non
904 1406 1031 1460 mihi
1062 1412 1274 1473 propter
1301 1402 1403 1455 hoc
1438 1400 1655 1454 verbum
1694 1395 2064 1459 calumniaris,

486 1511 545 1554 ut
569 1500 820 1568 quoniam
848 1497 986 1561 dixi,
1015 1493 1261 1562 persequi
1284 1493 1497 1560 longum
1521 1496 1600 1542 est
1625 1528 1640 1552 ,
1670 1495 2065 1555 persecutorem

487 1608 575 1647 me
603 1590 902 1643 divinorum
938 1585 1363 1639 testimoniorum
1390 1596 1509 1635 esse
1537 1578 1852 1633 criminaris.

557 1679 779 1735 CAPUT
806 1676 995 1731 XXIII.
1018 1704 1090 1713 —
1107 1674 1197 1728 28.
1230 1672 1465 1741 Opponis
1491 1670 1619 1724 mihi
1648 1668 1807 1722 verba
1831 1665 2067 1734 Scriptus

488 1789 689 1839 rarum,
724 1770 878 1825 toties
908 1769 1270 1824 demonStrata
1309 1778 1466 1833 quam
1495 1776 1597 1815 vos
1616 1760 1747 1814 nihil
1772 1758 2065 1827 adjuvant,

493 1865 671 1919 Oleum
714 1860 988 1931 peccatoris
1031 1874 1131 1911 non
1174 1857 1449 1925 im-pinguct
1493 1861 1642 1921 caput
1690 1865 1853 1903 meum
1879 1850 1896 1917 (
1920 1846 2065 1901 Psal.

489 1970 613 2019 CXL,
646 1951 715 2023 5)
747 1969 759 2004 :
793 1966 917 2005 cum
946 1956 1005 2005 et
1037 1946 1174 2015 apud
1202 1960 1297 1999 vos
1319 1958 1440 1998 esse
1468 1943 1655 1997 saltem
1681 1939 2068 2007 occultospec-

490 2057 698 2101 autores
721 2086 736 2108 ,
783 2056 979 2113 negare
1024 2054 1131 2097 non
1168 2036 1339 2107 possis
1363 2077 1378 2101 ,
1410 2035 1498 2104 qui
1546 2045 1724 2087 tamen
1764 2030 2067 2099 baptizant;

491 2152 593 2193 nec
631 2137 714 2191 his
754 2134 931 2189 verbis
976 2130 1183 2200 excepti
1212 2138 1356 2185 sunt.
1404 2125 1528 2180 Non
1551 2124 1693 2179 enim
1737 2122 1834 2187 ait,
1882 2120 2068 2175 Oleum

493 2226 758 2281 muii‘esti
782 2222 1110 2294 peccatoris;
1139 2218 1232 2274 sed
1260 2216 1533 2278 absolute,
1570 2212 1755 2268 Oleum
1774 2210 2066 2281 peccatoris.

492 2321 577 2386 Et,
613 2317 759 2370 Facti
785 2323 900 2368 sunt
927 2313 1050 2366 mihi
1077 2310 1210 2367 velut
1239 2323 1371 2378 aqua
1401 2305 1618 2359 mendam
1653 2320 1755 2357 non
1793 2300 1979 2355 habens
2004 2300 2069 2367 ﬁ-

491 2409 650 2463 dem.‘
680 2404 909 2476 (Jerem.
942 2419 1034 2467 xv,
1068 2401 1190 2469 18).
1220 2398 1320 2455 Ubi
1352 2398 1519 2451 miror
1549 2392 1881 2465 prudentiam
1903 2399 2069 2455 tuam,

491 2495 763 2568 quomodo
790 2494 883 2547 tibi
927 2507 1035 2546 non
1061 2490 1302 2544 videatur
1325 2501 1462 2555 aqua
1488 2482 1716 2540 mendax
1744 2479 2072 2535 simulatoris

492 2588 723 2652 occulti,
754 2585 905 2654 cujus
949 2591 1005 2637 et
1053 2582 1238 2636 falsam
1288 2579 1482 2631 famam
1527 2571 1847 2630 mundandae
1887 2571 2073 2625 alienae

492 2678 836 2734 conscientiae
866 2674 1118 2744 prodesse
1148 2669 1347 2739 aliquid
1372 2664 1645 2722 credidisti
1675 2681 1688 2717 :
1721 2664 1820 2717 nisi
1846 2661 1973 2731 quia
2009 2659 2075 2714 ii-

493 2772 582 2827 lud
611 2788 714 2824 non
740 2768 1075 2825 dialecticum
1094 2805 1107 2827 ,
1141 2763 1235 2818 sed
1265 2763 1419 2831 plane
1459 2759 1828 2829 sophistieum,
1854 2751 1998 2824 quod
2020 2752 2073 2806 in

495 2880 580 2916 me
607 2862 812 2916 frustra
832 2857 986 2928 quasi
1031 2857 1082 2909 in
1112 2854 1390 2910 dialectico
1416 2847 1838 2919 reprehendisti,
1876 2843 2074 2900 subve-

460 2956 609 3009 onire
638 2954 741 3010 tibi
766 2952 1055 3009 arbitratus
1097 2963 1176 3010 es,
1213 2946 1272 3001 Si
1300 2943 1556 3008 mentiris,
1602 2957 1775 2995 unum
1809 2938 1935 2992 diris
1977 2933 2073 3006 (α).

494 3045 629 3112 Quid
673 3045 816 3099 enim
844 3041 984 3096 aliud
1030 3038 1242 3095 conaris
1281 3047 1554 3099 asserere,
1586 3047 1706 3087 cum
1737 3028 1937 3084 homini
1979 3026 2075 3080 tri-

496 3138 660 3191 bueus
688 3133 1012 3203 Baptismum
1039 3170 1054 3195 ,
1084 3144 1243 3198 quem
1275 3126 1364 3180 Dei
1385 3139 1504 3179 esse
1531 3137 1634 3177 non
1659 3121 1743 3177 vis
1763 3132 2074 3190 agnoscere,

495 3227 617 3281 ideo
644 3226 779 3279 dicis
817 3223 1117 3279 adulterum
1144 3219 1274 3274 dare
1312 3230 1469 3286 posse
1505 3212 2072 3282 vcrumBaptismum,

497 3318 616 3388 quia
641 3332 701 3372 se
731 3316 904 3385 ipsum
930 3310 1246 3367 occultando
1273 3316 1475 3364 castum
1503 3321 1621 3363 esse
1652 3304 1903 3360 mentitur
1922 3301 1949 3355 't
1976 3301 2080 3359 Ita:-

495 3426 599 3477 que
636 3421 760 3463 tunc
789 3423 987 3461 verum.
1017 3405 1145 3461 dicit
1174 3404 1225 3456 in
1260 3400 1529 3470 Baptismo
1550 3440 1565 3464 ,
1592 3413 1713 3453 cum
1743 3395 1994 3450 mentitur
2024 3395 2075 3446 in

498 3500 725 3567 ﬂagitio;
754 3507 809 3552 et
843 3511 955 3551 non
986 3503 1071 3549 est
1112 3508 1247 3562 aqua
1298 3492 1417 3560 eius
1460 3487 1708 3549 mendax,
1755 3500 1911 3555 quam
1955 3498 2078 3539 esse

497 3592 654 3646 vultis
698 3591 750 3645 in
796 3589 1031 3643 Ecclesia
1062 3584 1354 3641 secundum
1382 3581 1790 3652 promissionem
1833 3585 1923 3641 tot
1954 3591 2078 3646 pro—

497 3682 801 3753 plietiarum
825 3688 936 3734 toto
978 3688 1238 3733 terrarum
1282 3675 1411 3730 orbe
1439 3672 1628 3728 diﬂ‘usa
1668 3686 1831 3729 :cum
1882 3684 2076 3740 aquam

498 3774 804 3831 mendacem
862 3788 968 3827 non
1020 3770 1345 3840 Baptismum
1396 3765 1597 3821 dixerit
1638 3762 1935 3829 Jeremias,
1982 3761 2077 3817 sed

497 3868 779 3923 mendaces
808 3866 1050 3920 homines
1073 3905 1087 3929 ,
1119 3860 1409 3916 secundum
1436 3858 1762 3914 intellectum
1790 3855 1879 3925 qui
1908 3855 2079 3911 mani-

496 3960 660 4015 festus
688 3967 771 4013 est
795 3960 817 3990 '
844 3957 896 4011 in
950 3952 1296 4024 Apocalypsi,
1329 3952 1417 4005 tibi
1465 3951 1827 4018 interrogante
1870 3946 2078 4004 Joanne

494 4051 627 4121 quid.
648 4057 828 4105 essent
852 4062 1002 4115 aquae
1032 4044 1135 4100 illa:
1162 4045 1218 4098 in
1259 4042 1458 4096 visione
1489 4046 1829 4104 monstrata},
1855 4039 2077 4108 populos

491 4159 613 4198 esse
632 4155 943 4210 responsum
966 4148 1049 4193 est
1076 4138 1260 4207 (Apoc.
1291 4150 1414 4197 xvu,
1446 4134 1559 4203 i5).

564 4232 790 4289 CAPUT
820 4229 1007 4285 XXIV.
1036 4228 1208 4283 -—29.
1239 4228 1316 4282 De
1337 4227 1427 4281 illo
1453 4239 1580 4280 vero
1609 4223 1911 4279 testimonio
1933 4222 2075 4293 quod

492 4324 751 4392 scriptum
781 4330 863 4375 est
890 4361 904 4383 ,
933 4318 1030 4382 Qui
1068 4318 1350 4386 baptizatur
1387 4333 1418 4370 a
1461 4325 1685 4377 mortuo,
1714 4313 1836 4382 quid
1878 4312 2076 4383 proﬁcit

494 4412 679 4466 lavatio
702 4412 809 4477 ejus
836 4407 1021 4477 (Eccli.
1058 4422 1237 4470 xxxtv,
1269 4406 1396 4477 50)?
1424 4420 1581 4475 quam
1613 4419 1717 4460 non
1745 4402 2075 4461 intellexeris

492 4503 635 4572 quod
685 4516 785 4570 ego
833 4500 883 4553 in
928 4498 1014 4553 illa
1058 4496 1280 4566 epistola
1335 4496 1518 4565 posui,
1571 4504 1933 4565 quantumque
1988 4508 2075 4548 me

493 4594 669 4649 verbis
716 4592 819 4647 tuis
864 4588 1128 4659 adiuveris
1176 4588 1444 4659 paululum
1492 4585 1726 4641 attende.
1768 4582 2070 4641 Cumenim

489 4699 736 4758 putasses
772 4700 801 4738 a
840 4699 926 4739 me
963 4691 1227 4738 mortuum
1267 4680 1368 4735 hoc
1413 4680 1529 4733 loco
1558 4677 1780 4748 intelligi
1809 4677 2068 4734 cultorem

491 4777 753 4833 idolorum
773 4819 787 4842 ,
810 4775 960 4845 quasi
994 4788 1086 4828 eos
1128 4773 1272 4827 solos
1304 4770 1633 4839 exceperim,
1661 4769 1761 4838 qui
1801 4768 2069 4838 baptizare

490 4886 594 4923 non
626 4868 863 4937 possint,
895 4866 1097 4935 elcgisti
1133 4870 1385 4933 quantum
1432 4859 1929 4931 potuisti,repetito
1976 4860 2068 4914 iIIo

487 4961 554 5017 de
570 4962 690 5016 oleo
714 4958 1036 5024 testimonio,
1058 4955 1200 5027 quod
1222 4954 1421 5011 nullum
1448 4960 1776 5021 peecatorem
1801 4951 2069 5021 baptizare

488 5053 747 5119 voluerit,
776 5053 863 5121 qui
904 5050 1036 5105 dixit
1060 5092 1075 5113 ,
1104 5049 1285 5102 Oleum
1309 5044 1581 5115 peccatoris
1606 5061 1705 5098 non
1733 5043 2067 5112 impinguabit

482 5153 634 5214 caput
680 5158 844 5196 meum
869 5181 882 5202 ,
914 5156 1019 5194 non
1062 5135 1379 5207 excipiendo
1411 5135 1656 5204 aliquem.
1690 5143 2019 5203 peccatorum
2050 5149 2065 5186 :

544 5324 560 5355 ί
586 5320 830 5370 Editiones
872 5324 969 5364 Am.
991 5322 1042 5364 et.
1064 5320 1160 5372 Ετη
1205 5312 1327 5364 velut
1366 5324 1496 5371 aqua
1523 5308 1736 5372 mendas:
1773 5308 2065 5361 simulatoris

477 5382 670 5441 θείη-αἰ,
710 5378 847 5441 cujus
884 5385 926 5427 et
953 5375 1075 5438 faLsa
1099 5370 1235 5441 fama
1252 5388 1345 5425 non
1367 5370 1505 5423 habet
1543 5370 1704 5441 ﬁnem.
1746 5372 2067 5441 Iovanienses

477 5432 581 5512 is...
609 5432 780 5512 ﬁnem;
807 5432 1141 5512 eoi-reseratu,
1166 5435 1348 5512 (idem;
1372 5432 1565 5508 servato
1589 5435 1912 5497 glossemate,
1935 5432 2065 5494 quod

478 5499 911 5565 manuscriptorum
926 5501 1221 5565 auctoritate
1245 5499 1524 5565 rejecimus.

540 5572 559 5599 ι
584 5569 655 5616 sic
688 5558 791 5616 Mss.
821 5563 936 5612 tiditi
963 5574 1098 5620 vero,
1126 5558 1453 5622 manifestatus
1480 5564 1569 5608 est.

539 5648 610 5707 (η)
632 5655 697 5696 ne
738 5648 829 5695 hoc
854 5652 903 5693 ct
925 5640 1159 5691 similibus
1191 5640 1433 5704 Chrysippi
1469 5638 1839 5701 sophismatibus
1862 5636 1970 5687 vide
1992 5638 2063 5687 Ci-

476 5720 600 5767 ουτ..
621 5708 686 5756 tib
730 5710 757 5757 4
780 5707 998 5758 auidum.
1022 5712 1194 5763 Quaest.

1197 295 1469 352 CONTRA
1508 289 1936 349 CRESCONIUM
1980 287 2435 353 DONATISTAM,
2478 288 2533 345 S.
2579 287 2946 345 AUGUSTINI

3637 292 3748 350 ιω

2166 400 2304 455 unde
2328 400 2496 471 magis
2514 416 2609 456 vos
2634 402 2915 472 urgemini,
2930 403 3066 457 sicut
3097 403 3253 472 paulo
3277 414 3401 460 ante
3426 413 3749 465 monstravi.

2165 490 2222 544 Si
2248 491 2391 544 enim
2419 493 2590 547 nullus
2618 502 2862 561 peccator
2889 504 3149 562 exceptus
3165 505 3279 561 est,
3314 497 3536 564 [unitate
3570 499 3751 571 bapti-

2164 593 2309 637 zatos
2333 584 2400 637 ab
2438 585 2657 639 occultis
2684 586 2875 651 malis,
2896 600 3017 640 cum
3043 587 3271 642 convicti
3302 590 3542 658 iuerint,
3567 592 3756 650 denuo

2165 675 2445 745 baptizata.
2474 674 2571 729 Hic
2595 677 2707 743 jam
2729 676 3005 731 conaberis
3029 678 3307 733 occultum:
3338 680 3591 750 excipere
3619 698 3770 752 ρεαδ.

2165 777 2435 831 calorem,
2468 781 2635 835 quem.
2660 777 2843 823 saneta
2871 767 3151 836 Scriptura
3174 786 3279 825 non
3316 774 3545 842 excepit.
3583 775 3755 831 Totus

2167 858 2326 928 igitur
2366 857 2472 914 iste
2490 869 2669 915 vester
2696 859 2997 915 intellectus
3030 859 3194 916 falsus
3221 878 3251 917 a
3282 866 3509 920 veritate
3532 868 3756 922 convino

2165 950 2336 1015 citur,
2363 965 2491 1004 cunt
2509 959 2570 1004 et
2611 959 2814 1005 vestrmt
2848 951 3135 1005 intentioni.
3171 954 3417 1009 similiter
3458 972 3757 1027 repugnare

2168 1049 2511 1095 monstratur.
2543 1040 2725 1110 Neque
2760 1042 2902 1095 enim
2934 1040 3035 1096 hoc
3062 1058 3248 1097 revera
3287 1044 3357 1099 de
3397 1045 3671 1116 Baptisms
3698 1050 3754 1103 in

2171 1132 2379 1187 Pssimo
2418 1134 2649 1202 positum
2688 1144 2809 1199 est,
2840 1149 2905 1189 ac
2948 1150 3051 1189 non
3096 1136 3173 1190 de
3191 1141 3538 1193 assentatoris
3566 1141 3751 1197 adula-

2170 1224 2509 1295 tione;tqnod
2536 1227 2820 1294 superiora.
2838 1226 2997 1280 verba
3026 1227 3157 1281 satis
3185 1228 3421 1284 indicant
3449 1248 3471 1283 :t
3490 1246 3610 1285 nam
3642 1242 3755 1287 tota

2169 1318 2437 1371 sententia
2457 1317 2529 1371 ita
2555 1319 2886 1373 eoiinectitur
2903 1360 2917 1385 ,
2945 1317 3251 1373 Emendabit
3270 1337 3349 1375 me
3360 1322 3538 1390 justus
3565 1325 3617 1377 in
3653 1327 3754 1379 mi-

2169 1407 2441 1461 sericordia
2462 1448 2477 1472 ,
2504 1417 2560 1461 et.-
2578 1420 2761 1479 arguet-
2780 1426 2899 1473 me;
2926 1411 3105 1464 oleum:
3131 1423 3305 1466 autem
3338 1416 3613 1482 peccatoris
3650 1433 3755 1470 non

2170 1498 2500 1568 impinguabit
2529 1510 2688 1569 caput
2720 1517 2904 1554 meum.
2944 1502 3135 1557 Maluit:
3159 1519 3285 1573 ergo
3313 1506 3565 1560 contundi
3594 1518 3759 1577 caput

2170 1604 2323 1643 suum
2360 1589 2428 1643 ab
2452 1598 2705 1659 arguente
2735 1593 2991 1645 veraciter
3010 1594 3357 1663 ,quamungi
3386 1611 3425 1648 at
3446 1596 3758 1652 blandiente

2176 1678 2459 1745 iallaciter,
2486 1680 2973 1749 transLatis-verbis,
3006 1685 3125 1737 oleo
3146 1693 3205 1738 et
3226 1682 3477 1740 unctione
3505 1686 3757 1741 lenitudi-

2174 1784 2295 1824 nem
2320 1771 2928 1840 signiﬁcansadnlantis.

2242 1861 2466 1917 CAPUT
2491 1861 2656 1917 XXV.
2684 1894 2754 1904 —
2781 1864 2869 1919 50.
2897 1864 3031 1932 Quid
3072 1875 3248 1920 autem
3293 1882 3397 1937 ego
3423 1869 3493 1922 in,
3515 1870 3617 1923 illa
3640 1871 3756 1941 epi—

2173 1952 2309 2005 stola
2345 1952 2415 2007 de
2459 1951 2560 2007 boc
2605 1954 2909 2009 testimonio
2951 1957 3210 2010 senserim
3232 1998 3247 2021 ,
3281 1957 3379 2011 ubi.
3395 1959 3597 2015 dictum
3634 1971 3754 2025 est,

2176 2044 2275 2112 Qui
2304 2044 2590 2114 baptizatur
2615 2062 2648 2099 a
2683 2057 2911 2112 mortua;
2945 2049 3078 2117 ipsis
3106 2065 3175 2104 ex
3211 2066 3277 2105 ea
3314 2053 3553 2122 repetitis
3582 2056 3760 2110 verbis

2174 2135 2324 2201 satis,
2348 2145 2601 2205 quantum
2632 2139 2839 2207 opinor,
2867 2140 3171 2196 ostendam.
3192 2142 3326 2197 Cum
3357 2144 3500 2198 enim
3531 2145 3765 2201 dissere-

2174 2240 2286 2279 rem
2311 2225 2445 2295 quid.
2462 2228 2782 2295 respondere
2804 2229 3078 2297 debeatad
3101 2232 3501 2290 istacatholicus
3516 2236 3763 2293 christia-

2176 2331 2274 2370 nus
2292 2359 2309 2384 ,
2337 2316 2464 2371 Cum
2490 2318 2726 2387 audierit,
2756 2320 2992 2390 inquam,
3021 2323 3152 2390 «Qui
3174 2324 3458 2395 baptizatur
3481 2344 3514 2381 a
3540 2339 3756 2398 mortuo,

2175 2424 2275 2460 non
2301 2408 2347 2460 ei
2368 2409 2569 2477 prodest
2590 2410 2891 2473 lavatioeius
2916 2430 2936 2464 ι
2968 2431 2981 2466 :
3004 2416 3338 2482 respondebit,
3355 2416 3495 2472 Vivit
3513 2419 3758 2489 Christus,

2174 2507 2223 2551 et
2239 2498 2353 2568 jam
2377 2515 2477 2552 non
2503 2502 2715 2554 moritur
2737 2544 2750 2566 ,
2779 2513 2827 2556 et
2867 2520 3009 2558 mors
3037 2505 3083 2559 ei
3108 2508 3245 2560 ultra
3270 2524 3370 2562 non
3416 2510 3761 2568 dominabitur

2180 2588 2437 2659 (Ronan,
2460 2591 2538 2661 9);
2551 2592 2615 2645 de
2634 2610 2732 2664 quo
2753 2594 2938 2648 dictum
2964 2604 3054 2659 est,
3084 2595 3236 2666 «Ipse
3251 2608 3325 2652 est
3345 2602 3434 2669 qui
3462 2601 3683 2672 baptizat
3708 2606 3763 2659 in

2178 2679 2378 2748 Spiritu
2404 2693 2615 2737 sanctas.
2635 2682 2809 2754 (Icari.-
2840 2701 2872 2749 i,
2902 2685 3357 2756 33).Baptisantur
3377 2700 3542 2745 autem
3566 2710 3597 2746 a
3625 2711 3763 2749 mor-

2177 2772 2307 2837 tuis,
2337 2773 2423 2843 qui
2448 2772 2766 2841 baptizautur
2792 2775 2845 2828 in
2870 2776 3129 2831 idolum
3147 2780 3363 2849 templis.
3398 2780 3519 2837 Non
3545 2785 3681 2837 enim
3710 2796 3761 2839 et

2177 2862 2275 2933 ipsi
2312 2879 2344 2915 a
2366 2862 2708 2917 sacerdotibus
2731 2865 2849 2919 suis:
2863 2882 2925 2919 se
2943 2866 3169 2935 accipere
3191 2870 3498 2925 arbitrantur
3520 2876 3761 2943 εαηωίρι

2177 2955 2423 3008 cntionem
2449 2971 2603 3022 quam
2629 2966 2827 3024 putant,
2851 2959 2947 3011 sed
2961 2975 2997 3012 α
3018 2960 3257 3015 diissuis.
3292 2962 3650 3033 Quiqaoniam
3667 2968 3764 3026 Ita-

2178 3047 2341 3100 mines
2365 3049 2583 3117 fuerunt,
2618 3058 2663 3101 et
2688 3049 2763 3101 ita
2785 3052 2966 3103 mortui
2978 3062 3124 3118 sunt,
3155 3062 3208 3107 ut
3229 3071 3557 3127 nequ’super
3576 3067 3757 3125 terms,

2180 3152 2336 3205 neque
2371 3139 2435 3190 in:
2463 3139 2631 3207 requie
2663 3149 2961 3194 sanctorum
2986 3144 3155 3197 ineant
3172 3184 3188 3210 ,
3216 3161 3334 3199 vere
3357 3146 3454 3215 ipsi
3488 3162 3525 3201 ο
3550 3150 3761 3204 mortuis

2179 3226 2516 3297 baptismum.
2563 3228 2859 3301 [lucusque
2891 3247 2971 3286 ex:
2997 3235 3227 3304 epistola
3272 3251 3389 3291 mea
3432 3238 3589 3295 verba
3644 3240 3757 3309 ipsa

2182 3317 2491 3386 transcripsi
2521 3337 2534 3372 :
2568 3318 2618 3373 in
2666 3321 2859 3389 quibus
2894 3321 3004 3391 jam
3053 3325 3309 3394 perspicis
3333 3367 3348 3391 ,
3377 3337 3435 3381 ut
3461 3329 3680 3397 Opinor,
3712 3332 3757 3385 si

2181 3421 2322 3462 nunc
2348 3406 2534 3462 saltem
2556 3408 2836 3479 diligenter
2854 3413 3115 3478 attendis,
3129 3430 3247 3469 non
3259 3432 3351 3471 me
3366 3420 3507 3487 ipsos
3526 3420 3759 3477 cultores

2179 3504 2421 3549 mortuos
2463 3498 2792 3566 appellasse,
2824 3503 3079 3570 quamvis.
3111 3505 3217 3558 alio
3265 3508 3431 3562 modo.
3461 3509 3618 3564 etiam
3658 3511 3757 3581 ipsi

2179 3583 2372 3639 mortui
2394 3585 2532 3650 sint;
2557 3586 2652 3643 sed
2690 3587 2821 3643 deos
2860 3590 3018 3648 falsOs
3041 3608 3172 3661 quos
3200 3595 3408 3661 colunt,
3436 3600 3557 3668 quia
3591 3600 3760 3656 homi-

2180 3690 2275 3731 nes
2314 3675 2526 3733 iuenunt
2544 3719 2561 3745 ,
2591 3688 2643 3734 et
2680 3681 2817 3736 sicut
2857 3682 3187 3740 hominesue
3214 3701 3438 3757 corpore
3464 3692 3714 3747 exierunt
3739 3735 3754 3759 ,

2180 3781 2280 3821 nec
2307 3778 2730 3833 resurrexerunt,
2756 3787 2853 3826 nec
2878 3772 2996 3827 vitae
3022 3773 3185 3829 ullum
3212 3777 3460 3832 meritum
3489 3795 3612 3850 qum
3640 3793 3758 3851 post

2180 3854 2319 3912 hanc
2342 3857 2499 3913 vitam
2528 3860 2849 3927 promittitur
2880 3861 3199 3918 habuerunt.
3224 3866 3302 3925 Ab
3329 3868 3612 3940 ipsisergo
3629 3872 3755 3938 diis,

2179 3946 2268 4016 qui
2298 3947 2630 4015 baptizantur
2649 3990 2665 4015 ,
2693 3951 2829 4005 sicut
2856 3951 2996 4017 dixi,
3027 3968 3153 4009 vere
3179 3971 3208 4009 a
3236 3959 3458 4014 mortuis
3482 3960 3755 4031 baptizau-

2180 4045 2285 4140 tur,
2320 4037 2373 4092 id
2400 4047 2503 4140 est,
2529 4041 2619 4108 qui
2648 4040 2705 4099 in.
2722 4046 3155 4101 eorumnomine
3173 4047 3520 4118 baptizantur;
3551 4053 3679 4123 quis
3705 4064 3759 4109 et

2181 4129 2279 4196 ipsi
2318 4144 2420 4183 non
2452 4129 2504 4182 in
2534 4131 2749 4187 nomine
2776 4134 3117 4190 sacerdotum
3137 4152 3354 4193 suorum
3375 4181 3389 4203 ,
3416 4142 3508 4196 sed
3533 4143 3758 4200 deorum

2178 4218 2246 4274 de
2289 4219 2481 4289 quibus
2525 4237 2658 4277 vana
2710 4224 3028 4293 opinantur,
3070 4244 3130 4283 se
3176 4230 3495 4286 sanetilicari
3545 4243 3755 4302 putant.

2178 4310 2419 4366 Christus
2457 4322 2632 4368 autem
2674 4318 2998 4386 resurrexit,
3021 4328 3077 4374 et
3113 4320 3242 4375 vivit
3273 4340 3286 4376 :
3322 4324 3542 4392 proinde
3574 4327 3662 4396 qui
3690 4329 3761 4381 ab

2180 4403 2268 4456 illo
2298 4403 2591 4472 baptizatur
2613 4444 2629 4471 ,
2663 4422 2769 4460 non
2804 4408 2976 4463 solum
3006 4425 3102 4479 per
3130 4411 3359 4478 bonum,
3387 4430 3569 4469 verum
3594 4416 3758 4472 etiam

2178 4510 2273 4565 per
2319 4496 2517 4551 malum
2558 4497 2855 4553 ministrum
2890 4501 3111 4568 perditis
3159 4505 3397 4559 moribus
3445 4516 3716 4562 mortuum
3742 4552 3757 4573 ,

2178 4606 2281 4644 non
2303 4605 2332 4642 a
2352 4600 2560 4644 mortuo
2585 4591 2899 4660 baptizatur.
2928 4594 3010 4648 Ab
3035 4595 3126 4650 illo
3152 4598 3294 4651 enim
3322 4598 3634 4667 baptizatur,
3668 4603 3760 4670 qui

2177 4681 2303 4735 vivit
2331 4682 2383 4734 in
2410 4692 2691 4749 zetcrnum,
2714 4694 2765 4739 et
2791 4685 2857 4739 de
2877 4701 2983 4755 quo
3005 4685 3205 4742 dictum
3237 4700 3318 4744 est
3348 4691 3397 4744 in
3428 4692 3718 4760 Evangelia
3742 4735 3757 4756 ,

2176 4774 2315 4843 quod
2344 4774 2501 4828 etiam
2534 4775 2602 4829 ibi
2628 4778 3062 4845 commemoravi,
3097 4777 3217 4849 Ipse
3245 4782 3420 4852 estqui
3447 4782 3670 4852 baptisat
3705 4784 3760 4837 in

2176 4864 2375 4935 Spiritu
2403 4876 2595 4920 sancto.

2243 4954 2467 5012 CAPUT
2496 4957 2765 5012 XXVI.—
2793 4959 2879 5014 3i.
2911 4958 3021 5013 lloc
3034 4968 3087 5014 tu
3118 4960 3168 5015 in
3194 4961 3414 5030 epistola
3430 4978 3757 5033 mea,quan-

2175 5055 2285 5103 tum
2325 5047 2560 5103 iudicant
2598 5049 2757 5104 verba
2786 5057 2875 5103 tua
2895 5092 2909 5114 ,
2941 5065 3044 5103 non
3082 5051 3384 5105 intellexisti
3417 5070 3430 5104 :
3463 5052 3584 5105 nolo
3612 5054 3756 5107 enim

2173 5140 2384 5206 dicere,
2426 5141 2617 5195 Parnm
2665 5142 2965 5213 intelligens
3014 5141 3259 5198 fraudare
3314 5145 3543 5199 voluisti.
3591 5145 3759 5201 Miror

2172 5244 2347 5288 autem
2377 5234 2517 5303 quod
2548 5234 2705 5288 verba
2736 5235 2842 5289 illic
2868 5251 2982 5291 mea
3018 5238 3394 5302 consequentia
3431 5254 3536 5293 non
3565 5239 3760 5293 adver-

2174 5324 2516 5389 teris,autab
2543 5325 2622 5379 eis
2649 5324 3088 5381 dissimulandum
3124 5331 3409 5397 putaveris.
3441 5331 3605 5386 Paulo
3636 5343 3759 5400 post

2170 5415 2366 5485 quippe
2391 5416 2597 5483 subieci
2623 5426 2676 5471 et
2700 5416 2806 5470 dixi
2837 5434 2850 5470 :
2883 5416 3020 5470 Nam
3060 5419 3104 5472 si
3133 5420 3230 5473 hoc
3254 5421 3366 5475 loco
3393 5432 3647 5475 mortuum
3672 5425 3755 5475 in—

2171 5507 2405 5562 tellexero
2431 5517 2734 5577 peccatorem
2764 5508 3146 5579 baptizatorem,
3170 5512 3344 5565 cadent
3363 5512 3453 5566 illa
3481 5528 3760 5583 conseque-

2169 5608 2250 5650 tur
2292 5596 2607 5662 absurditas,
2638 5608 2690 5651 ut
2718 5600 2940 5669 quisquis
2966 5601 3114 5653 etiam
3143 5617 3175 5654 a
3209 5602 3395 5657 latente
3421 5603 3576 5675 impio
3602 5603 3758 5672 fuerit

2173 5690 2471 5756 baptizatus,
2510 5698 2744 5760 tanquam
2764 5709 2794 5743 a
2821 5701 3015 5746 mortuo
3042 5692 3350 5764 baptizatus,
3379 5694 3600 5753 inaniter
3619 5694 3757 5749 lotus
