4066 6200
273 274 381 334 ωδ

272 381 362 436 sit.
393 384 511 441 Non
536 384 670 438 enim
691 381 798 448 ait,
826 378 924 447 Qui
954 377 1237 448 bapmatur
1269 392 1302 430 α
1342 384 1539 431 mortuo
1564 375 1863 444 manifesto;

270 476 363 532 sed
384 476 613 530 absolute
640 473 785 537 dicit,
807 488 838 524 a
864 479 1057 523 mortuo
1088 467 1236 538 (Lib.
1268 469 1290 522 l
1332 476 1506 522 contra
1532 464 1748 517 Litteras
1775 463 1868 516 Pe-

271 568 521 634 tiliaui,»
544 568 657 635 l0).
677 565 799 619 llaec
815 561 1164 617 manifestatio
1188 560 1465 615 verborum
1486 558 1588 611 illic
1606 570 1864 610 meorum.

277 673 432 728 quem
458 656 527 711 de
569 668 759 709 somno
788 653 871 707 vel
897 652 1067 719 potius
1095 650 1162 704 de
1187 650 1300 719 ipsa
1336 659 1505 703 morte
1536 662 1641 702 utin
1670 646 1864 700 excita.

276 749 399 805 ret?
423 748 487 803 Et
526 757 701 801 tamen
735 755 787 799 te
814 760 917 797 non
944 741 1196 796 excitavit
1228 759 1239 792 :
1274 750 1330 794 et
1358 739 1573 806 insuper
1598 736 1737 805 quod
1769 749 1866 803 ego

274 850 462 894 contra
513 835 828 892 Petilianum
873 834 1141 895 dixeram,
1175 831 1323 900 quasi
1354 838 1538 884 contra
1572 844 1655 880 me
1686 827 1867 879 dicens

278 927 649 985 vehementius
678 925 841 979 etiam
869 921 1216 982 confirmasti;
1242 920 1377 973 sicut
1398 919 1572 972 solent
1599 916 1864 979 homines,

276 1019 528 1090 injectum
563 1017 807 1087 sagittam
850 1010 1138 1068 nesciendo
1165 1008 1453 1064 excludere
1480 1051 1494 1074 ,
1523 1008 1679 1061 altius
1704 1006 1865 1060 etiam

277 1112 592 1182 penitusque
611 1108 862 1176 deligere.
891 1103 1176 1159 Asseruisti
1201 1102 1342 1155 enim
1363 1110 1627 1153 mortuum
1652 1114 1755 1151 non
1785 1098 1866 1151 in-

280 1202 622 1275 telligendum
672 1198 771 1253 niisi
829 1204 1162 1267 pet-calorem
1203 1194 1483 1261 baptistatn
1510 1233 1526 1257 ,
1556 1200 1611 1245 et
1661 1190 1863 1243 nullum

277 1302 609 1364 pewatorem
633 1288 999 1358 excipiendqu
1032 1304 1044 1339 :
1074 1296 1126 1339 et
1156 1284 1275 1339 ideo
1301 1282 1441 1352 quod
1472 1297 1570 1351 ego
1599 1279 1865 1343 dicebam,

277 1394 462 1441 c0utra
510 1395 560 1439 te
597 1379 961 1442 concluditur,
996 1392 1094 1432 nec
1141 1376 1407 1430 occultum
1456 1373 1626 1441 excipi
1670 1386 1863 1442 posse,

279 1479 367 1534 ubi
398 1476 574 1531 nullus
596 1473 878 1541 excipitur.
915 1468 1255 1538 Rebaptizate
1296 1467 1454 1536 igitur
1483 1479 1575 1516 eos
1619 1477 1752 1531 quos
1795 1459 1863 1513 ab

277 1567 505 1624 occultis
539 1562 905 1634 peccatoribus
936 1560 1224 1627 baptizatos
1250 1572 1370 1611 esse
1397 1553 1715 1618 constiterit,
1748 1551 1864 1621 qui—

276 1660 381 1713 bus
407 1665 581 1727 potest
608 1652 905 1707 viventibus
939 1659 992 1704 et
1029 1647 1318 1703 scientibus
1355 1644 1657 1707 subveniri;
1684 1651 1745 1696 ut
1788 1641 1867 1695 eis

278 1749 410 1806 solis
453 1761 557 1800 non
585 1743 782 1810 obsint,
812 1741 899 1810 qui
928 1738 1011 1794 vel
1038 1739 1345 1808 ignorantur
1372 1735 1455 1789 vel
1493 1744 1616 1787 ante
1635 1731 1866 1787 defuncti

276 1847 436 1902 sunt,
462 1847 522 1891 ut
549 1833 899 1891 manifestatis
928 1838 1108 1901 postea
1140 1828 1293 1883 malis
1320 1824 1734 1895 baptizatoribus
1757 1823 1869 1876 suis

271 1932 389 2002 jam
430 1925 679 1998 baptizari
719 1940 823 1978 non
864 1922 1085 1991 possint.
1116 1919 1385 1989 Baptizate
1408 1958 1423 1981 ,
1454 1917 1706 1983 inquam,
1740 1928 1865 1982 pro-

278 2023 395 2078 dito
423 2019 667 2073 adultero
706 2024 862 2085 atque
894 2013 1145 2067 damnato
1165 2053 1179 2076 ,
1209 2025 1341 2079 quos
1380 2009 1447 2061 ab
1493 2022 1557 2061 eo
1586 2022 1703 2059 cum
1732 2007 1865 2059 late-

279 2120 388 2176 ret,
436 2110 727 2179 baptizatos
770 2120 889 2160 esse
940 2102 1241 2157 constiterit
1286 2119 1298 2153 :
1347 2116 1376 2154 a
1423 2108 1632 2153 mortuo
1669 2098 1867 2166 quippe

278 2199 532 2272 baptizati
554 2208 697 2263 sunt,
725 2210 1044 2265 omnemque
1075 2200 1407 2262 peccatorem
1440 2190 1554 2243 sine
1585 2188 1687 2243 ulla
1710 2203 1866 2241 exce-

280 2292 469 2362 ptione
505 2286 903 2357 intelligendum
934 2300 1053 2341 esse
1083 2284 1261 2337 dixisti
1290 2324 1303 2347 ,
1333 2282 1421 2353 qui
1454 2281 1720 2350 baptizare
1762 2296 1863 2333 non

280 2380 492 2453 possit,
523 2377 861 2450 adjungendo
900 2374 1262 2430 testimonium
1300 2372 1368 2425 de
1396 2372 1516 2425 oleo
1552 2369 1862 2439 peccatoris.

278 2474 367 2529 Tu
392 2471 589 2536 dixisti,
614 2479 670 2525 tu
699 2469 953 2539 scripsisti
979 2486 993 2521 :
1016 2477 1066 2522 te
1098 2466 1267 2535 ipsum
1293 2464 1435 2527 audi,
1455 2462 1571 2532 lege
1600 2472 1650 2515 te
1672 2460 1863 2529 ipsum.

276 2564 341 2621 Si
382 2564 552 2618 omnis
582 2570 827 2633 peccator
854 2568 1103 2629 tanquam
1138 2563 1378 2609 mortuus
1410 2568 1513 2606 non
1560 2560 1731 2620 potest
1770 2550 1867 2603 ba-

283 2655 508 2727 ptizare,
530 2669 631 2708 nec
657 2650 895 2706 occultus
923 2656 1117 2718 potest.
1146 2645 1259 2699 Non
1291 2644 1430 2696 enim
1461 2642 1580 2712 quia
1609 2641 1863 2704 occultus,

279 2745 411 2801 ideo
436 2745 581 2798 vivus
608 2750 709 2801 est;
728 2756 847 2794 cum
878 2738 1045 2793 multo
1074 2734 1387 2805 profundius
1407 2734 1565 2787 etiam
1590 2729 1868 2786 mendacio

278 2836 636 2893 simulationis
663 2835 942 2903 absorptus
968 2830 1055 2883 sit.
1090 2828 1261 2882 Minus
1286 2826 1430 2881 enim
1462 2833 1702 2878 mortuus
1724 2822 1868 2875 diee-

280 2937 466 2992 retur,
496 2927 537 2982 si
560 2926 749 2983 saltem
780 2922 1145 2977 confiteretur.
1178 2917 1282 2972 Sed
1313 2916 1368 2969 lit
1394 2916 1445 2968 in
1480 2913 1571 2967 illo
1593 2912 1732 2983 quod
1763 2911 1868 2965 alio

278 3019 409 3074 loco
441 3017 692 3091 scriptum
735 3025 816 3070 est
842 3033 853 3067 :
883 3014 919 3066 A
948 3021 1143 3065 mortuo
1166 3052 1181 3076 ,
1211 3009 1339 3062 velut
1366 3005 1451 3075 qui
1482 3022 1579 3057 non
1612 3004 1705 3069 sit,
1742 3002 1867 3072 perit

277 3112 531 3183 confessio
579 3111 760 3183 (Eccli.
800 3104 1173 3174 xvn,26).Ab
1217 3104 1319 3156 isto
1368 3108 1578 3153 mortuo
1622 3096 1671 3149 in
1724 3104 1866 3148 Lauta

278 3205 475 3262 mortis
509 3203 870 3276 profunditate
914 3200 1163 3251 demerso
1186 3237 1201 3262 ,
1234 3209 1368 3264 quos
1412 3192 1704 3261 baptizatos
1748 3204 1867 3245 esse

277 3296 555 3358 claruerit,
576 3310 681 3348 non
704 3288 1042 3359 rebaptizatis
1067 3304 1078 3338 :
1104 3293 1157 3339 et
1182 3284 1248 3338 ab
1270 3284 1347 3336 eis
1366 3281 1681 3349 baptizatos,
1699 3280 1785 3347 qni
1815 3278 1866 3331 in

279 3386 483 3442 ultimis
511 3384 668 3440 terris
697 3395 794 3434 uec
816 3376 1104 3437 chiliani,
1133 3388 1231 3427 nec
1259 3370 1522 3440 Majorini,
1554 3383 1653 3422 nec
1681 3366 1867 3420 Donati

280 3491 478 3532 nomen
529 3473 808 3526 audierunt
841 3508 855 3530 ,
889 3464 1217 3534 rebaptizare
1269 3461 1311 3515 si
1368 3458 1609 3529 possitis,
1653 3457 1868 3511 minime

279 3565 538 3621 dubitatis
559 3604 573 3626 ,
606 3561 915 3629 objicienles
952 3556 1029 3610 eis
1052 3596 1065 3619 ,
1100 3553 1199 3619 Qui
1230 3550 1515 3620 baptizatur
1559 3566 1589 3602 a
1634 3556 1863 3614 mortuo,

279 3656 406 3729 quid
423 3656 472 3711 ei
502 3653 705 3725 prodest
730 3650 911 3704 lavatio
937 3648 1083 3718 ejus?
1114 3655 1350 3699 mortuos
1374 3642 1613 3697 dicentes
1632 3640 1697 3693 ad
1733 3653 1868 3709 quos

282 3748 538 3804 Afrorum
591 3744 907 3799 cadaverum
933 3783 947 3807 ,
976 3738 1335 3811 quorumlibet
1378 3736 1464 3789 illa
1509 3735 1699 3788 fuerint
1725 3775 1739 3799 ,
1769 3747 1869 3786 nec

283 3855 416 3896 aura
443 3838 609 3909 potuit
640 3838 941 3907 pervenire:
974 3842 1026 3886 et
1053 3838 1318 3885 mortuum
1347 3842 1455 3881 non
1480 3833 1745 3894 putantes,
1778 3822 1907 3890 quis

282 3930 557 4003 proprium
587 3936 758 3997 potest
786 3923 1053 3979 occultare
1101 3919 1381 3989 ﬂagitium;
1426 3929 1545 3969 cum
1600 3913 1868 3981 Scriptura

281 4023 513 4083 clamet,
543 4021 582 4073 Α
625 4028 821 4070 mortuo
845 4058 860 4081 ,
886 4014 1017 4067 velut
1054 4010 1139 4080 qui
1169 4026 1268 4063 non
1297 4008 1400 4074 sit,
1430 4007 1556 4076 perit
1598 4003 1866 4077 confessio.

284 4115 436 4169 Itane
475 4112 593 4183 quia
638 4109 789 4163 lietns
816 4115 930 4170 est,
959 4115 1199 4158 mortuus
1242 4116 1348 4155 non
1390 4097 1510 4154 est?
1534 4114 1652 4152 cum
1703 4096 1871 4166 magis

283 4214 506 4277 propter
534 4204 699 4272 ipsam
733 4200 997 4253 fictionem
1028 4192 1259 4249 carendo
1288 4190 1476 4260 spiritu
1506 4189 1627 4243 vita:
1660 4186 1868 4277 penitus

285 4276 654 4364 exspiraverit,
688 4292 877 4345 iterum
909 4288 1118 4342 dicente
1148 4283 1423 4352 Scriptura
1449 4322 1463 4347 ,
1495 4280 1713 4336 Sanctus
1738 4276 1871 4333 enim

286 4386 513 4459 Spiritus
535 4384 812 4455 disciplina?
833 4382 987 4453 fugiet
1015 4380 1186 4448 ﬁctum
1221 4374 1373 4447 (Sap.
1402 4391 1439 4439 ι,
1469 4373 1548 4444 5).
1574 4372 1758 4427 Adhuc
1779 4371 1873 4425 de-

286 4476 488 4534 fendite
516 4477 647 4530 istos
675 4483 927 4534 mortuos,
949 4478 1001 4525 et
1032 4470 1209 4523 vivere
1233 4466 1414 4528 dicite,
1438 4475 1496 4519 ut
1522 4475 1576 4520 et
1605 4478 1698 4518 vos
1722 4463 1871 4534 pejus

287 4570 405 4640 ipsa
435 4565 565 4622 falsa
592 4565 903 4621 defensione
933 4558 1250 4615 moriamini.

364 4656 452 4715 33.
494 4656 681 4713 Μοτῑυί
716 4662 872 4718 sunt,
906 4653 1079 4723 inquis
1109 4669 1122 4704 :
1151 4648 1243 4704 sed
1270 4644 1396 4717 quid
1424 4646 1727 4715 faceretqui
1770 4644 1871 4700 ba-

287 4749 571 4825 ptizandus
597 4747 662 4802 ad
692 4761 785 4801 eos
816 4746 1028 4817 ignarus
1058 4740 1317 4796 accessit?
1345 4738 1495 4793 Nunc
1522 4752 1648 4806 ergo
1678 4735 1869 4801 faciat,

286 4839 505 4913 quando
547 4838 638 4893 illo
667 4835 877 4909 prodito
906 4849 964 4888 se
995 4832 1205 4902 agnovit
1232 4845 1261 4883 a
1290 4836 1499 4882 mortuo
1526 4826 1869 4895 baptizatum.

284 4934 347 4989 Si
381 4932 523 4991 enim
558 4926 881 4984 conscientia
917 4932 1198 4994 propterea
1228 4919 1345 4974 lrcdi
1386 4935 1488 4972 non
1523 4918 1719 4987 potuit,
1750 4916 1873 4986 quia

285 5022 555 5084 nescivit;
578 5033 721 5073 nune
748 5016 932 5085 incipit
972 5013 1089 5068 bodi
1113 5055 1126 5075 ,
1155 5013 1275 5081 quia
1305 5010 1465 5064 scivit
1498 5026 1512 5064 :
1544 5010 1686 5063 velut
1716 5008 1757 5062 si
1790 5020 1873 5061 lu-

287 5115 412 5169 nica
440 5111 508 5167 de
545 5108 825 5164 latrocinio
862 5104 1107 5160 nesciens
1130 5101 1412 5156 vestiretur
1432 5142 1445 5163 ,
1474 5115 1539 5153 ex
1570 5098 1662 5152 illo
1687 5097 1742 5151 lit
1770 5098 1871 5151 ini-

286 5202 510 5275 quitatis
534 5201 697 5255 vestis
728 5198 837 5261 illa,
864 5210 932 5249 ex
961 5208 1066 5263 quo
1093 5190 1421 5262 cognoverit,
1446 5199 1494 5243 et
1527 5188 1639 5256 ipse
1666 5187 1874 5255 iniquus

288 5296 395 5351 nisi
440 5292 696 5363 abjecerit
728 5308 740 5342 :
774 5299 825 5344 et
849 5286 937 5357 qui
975 5284 1217 5340 nesciens
1250 5296 1467 5335 uxorem
1510 5278 1719 5334 duxerit
1748 5278 1875 5332 alie-

290 5402 440 5451 nam,
465 5400 533 5441 ex
564 5385 656 5438 illo
685 5384 742 5437 lit
770 5380 975 5435 adulter
1001 5420 1014 5441 ,
1037 5393 1099 5431 ex
1122 5391 1226 5445 quo
1246 5374 1512 5438 didicerit,
1545 5372 1643 5426 nisi
1672 5371 1872 5424 disces-

288 5478 446 5533 serit.
499 5476 729 5545 Abjiciat
771 5486 897 5542 ergo
940 5479 994 5525 et
1042 5469 1140 5522 iste
1168 5465 1494 5535 Baptismnm
1521 5505 1534 5526 ,
1564 5479 1718 5531 quem
1749 5478 1806 5515 se
1843 5477 1874 5515 a

288 5579 509 5626 mortuo
560 5564 864 5637 percepisse
917 5559 1188 5629 cognovit.
1237 5555 1403 5609 liabet
1446 5553 1587 5609 enim
1630 5551 1769 5622 quod
1801 5552 1874 5606 fa-

289 5662 398 5718 ciat
434 5660 648 5727 adhuc,
673 5654 925 5727 baptizari
953 5654 1139 5707 iterum
1176 5654 1366 5716 potest.
1406 5647 1709 5711 Postremo,
1736 5647 1872 5700 scie-

1704 261 1902 317 LIBER
1942 260 2317 320 SECUNDUS.

1979 371 2047 427 rit
2071 373 2343 438 nescierit,
2366 372 2409 426 Α
2436 380 2633 427 mortuo
2662 373 2965 443 baptizatus,
2986 375 3112 445 quid
3135 377 3182 429 ei
3211 376 3411 445 prodest
3433 380 3560 433 lava.

1976 460 2046 513 tio
2061 461 2232 531 ejusPt
2250 461 2443 518 Stricta
2457 462 2718 517 sententia
2731 472 2834 530 est,
2862 481 2881 514 ι
2903 463 3041 519 sicut
3061 474 3114 519 et
3138 473 3189 519 tu
3205 465 3320 535 ipse
3336 467 3555 536 clamas,

1982 574 2003 610 α
2026 561 2292 614 neminem
2321 562 2557 629 excepit:
2580 562 2621 615 A
2651 569 2879 626 mortuo,
2906 581 2925 613 ι
2949 563 3183 631 inquam,
3218 580 3237 613 ι
3263 560 3557 630 baptizatus

1974 658 2056 703 est
2078 690 2094 716 ,
2126 649 2253 705 nihil
2279 651 2327 707 ei
2360 652 2575 719 prodest
2603 653 2794 707 lavatio
2814 653 2950 721 ejus.
2974 672 2995 705 ι
3013 653 3259 707 Mundate
3286 652 3555 706 hominem

1974 737 2290 809 baptizando
2304 742 2395 811 qui
2415 742 2611 805 vivitis,
2632 754 2722 797 aut
2736 758 2827 798 vos
2841 744 2983 812 ipSos
3001 745 3171 813 potius
3185 744 3251 796 ab
3271 744 3555 796 hocerrore

1973 832 2243 897 mundata,
2274 848 2341 887 ne
2370 835 2490 889 talia
2517 836 2795 890 sentiendo
2824 837 3070 903 pereatis.
3097 835 3385 891 Contendis
3411 835 3555 889 enim

1972 922 2117 977 velut
2141 923 2397 979 adversus
2430 939 2515 980 me
2542 965 2559 988 ,
2585 936 2642 978 ut
2672 925 2875 980 nullum
2904 936 3183 995 exceptum
3225 926 3375 980 dicas
3412 927 3465 979 in
3490 939 3555 979 eo

1972 1014 2112 1083 quod
2159 1016 2412 1085 scriptum
2440 1026 2522 1071 est
2544 1058 2559 1081 ,
2589 1016 2769 1071 Oleum
2794 1019 3070 1088 peccatoris
3104 1018 3273 1088 (Paul.
3309 1034 3431 1084 est,
3458 1019 3552 1087 5);

1971 1115 2045 1173 et,
2080 1106 2180 1173 Qui
2199 1108 2530 1177 baptizatura
2554 1119 2749 1161 mortuo
2776 1125 2795 1162 :
2822 1124 2921 1183 nec
2952 1120 3001 1163 te
3029 1111 3194 1164 sentis
3222 1110 3417 1163 nodum
3449 1125 3555 1175 quo

1972 1195 2160 1265 ligatus
2198 1210 2256 1255 es
2284 1235 2299 1259 ,
2326 1196 2607 1254 renitendo
2652 1202 3036 1267 constringere.
3082 1198 3195 1253 Hoc
3233 1200 3375 1252 enim
3410 1214 3510 1267 ago
3535 1240 3550 1262 ,

1972 1287 2072 1343 hoc
2093 1288 2253 1354 insto,
2289 1288 2413 1345 hinc
2445 1305 2542 1344 vos
2564 1290 2629 1345 ad
2660 1290 2965 1345 mutandam
2996 1306 3184 1345 vanam
3218 1307 3554 1359 perversam-

1970 1393 2074 1446 quc
2101 1380 2420 1434 sententiam
2447 1389 2703 1450 urgenter
2745 1381 2982 1449 impingo
3005 1421 3021 1446 ,
3049 1390 3103 1434 ut
3133 1382 3183 1434 in
3215 1382 3335 1435 oleo.
3364 1396 3553 1449 pecea-

1974 1469 2104 1521 turis
2129 1478 2184 1523 et
2211 1470 2405 1523 mortui
2428 1469 2713 1539 baptismo,
2738 1470 2912 1524 nullus
2935 1478 3196 1531 mortuus,
3227 1470 3408 1523 nullus
3430 1485 3548 1538 pec-

1971 1572 2119 1615 cator
2157 1571 2412 1631 exceptus
2435 1563 2505 1617 sit
2534 1581 2548 1617 :
2579 1564 2716 1617 sicut
2747 1572 2798 1616 tu
2828 1578 2924 1632 pro
2950 1580 3037 1619 me
3064 1566 3211 1617 velut
3244 1574 3427 1618 contra
3470 1578 3554 1614 llic

1972 1651 2224 1721 loqueris.
2248 1653 2323 1706 Ita
2351 1653 2495 1707 enim
2524 1668 2621 1708 nec
2647 1654 2883 1708 occultus
2905 1656 3168 1723 excipitur
3196 1672 3208 1707 :
3239 1670 3344 1723 quo
3364 1653 3554 1706 everti-

1974 1749 2059 1795 tur
2081 1756 2243 1798 omne
2279 1742 2419 1811 quod
2450 1743 2718 1811 loqueris;
2752 1758 2814 1797 ac
2832 1744 2911 1797 sic
2935 1744 3265 1813 rebaptizare
3294 1754 3557 1812 coguntur

1972 1833 2064 1901 qui
2105 1841 2157 1888 te
2182 1833 2304 1887 talia
2330 1833 2663 1897 docuerunt,
2693 1849 2881 1887 omnes
2903 1849 3038 1903 quos
3056 1836 3124 1888 ab
3154 1836 3376 1888 occultis
3403 1833 3557 1887 malis

1973 1922 2266 1992 baptizatos
2297 1922 2348 1976 in
2378 1922 2479 1977 hac
2504 1923 2604 1976 vita
2637 1924 2876 1990 reperire
2902 1922 3192 1992 potuerint.

2042 2011 2287 2065 CAPUT.
2328 2010 2540 2065 XXVII.
2571 2042 2642 2051 —
2665 2013 2752 2066 55.
2782 2013 2918 2079 Quid
2946 2014 3095 2081 agis?
3125 2030 3230 2082 quo
3258 2024 3307 2066 te
3335 2027 3559 2067 conver—

1975 2103 2084 2159 tis?
2104 2103 2263 2159 verba
2286 2112 2373 2158 tua
2403 2104 2498 2158 tibi
2536 2104 2843 2159 recitantur.
2865 2104 2985 2159 Non
3005 2106 3175 2159 solum
3191 2106 3331 2159 enini
3346 2120 3405 2157 ea
3434 2119 3559 2157 cuin

1971 2194 2203 2250 dicerem
2236 2210 2340 2249 non
2368 2194 2606 2250 refellisti
2631 2237 2646 2260 ,
2676 2195 2769 2250 sed
2808 2197 3055 2251 neSriens
3080 2196 3204 2265 quid
3234 2212 3409 2249 meum
3436 2195 3553 2248 ele-

1972 2290 2147 2359 geris,
2177 2288 2297 2341 aliis
2323 2286 2500 2342 verbis
2531 2296 2779 2355 tanquam
2817 2298 2963 2342 tuum
2993 2288 3093 2343 hoc
3121 2287 3260 2342 idem
3287 2287 3398 2355 ipse
3421 2286 3558 2340 dixi-

1972 2378 2069 2444 sti;
2085 2388 2140 2434 et
2164 2388 2223 2432 ut
2238 2379 2539 2448 diligentius
2560 2379 2727 2433 audiri
2750 2388 2804 2433 et
2828 2378 3152 2433 considerari
3183 2387 3381 2445 posset,
3422 2376 3555 2429 scri-

1973 2470 2146 2539 psisti,
2166 2478 2223 2523 ut
2239 2467 2777 2539 tibiquotieslibuerit
2798 2468 3065 2522 recitetur.
3091 2466 3224 2539 Audi
3246 2480 3376 2534 ergo
3397 2463 3561 2519 verba

1974 2569 2061 2614 tua
2085 2577 2100 2622 ;
2132 2576 2325 2631 nempe
2356 2562 2452 2614 ista
2474 2570 2629 2613 sunt:
2653 2559 2799 2625 Quod
2828 2561 2871 2612 si
2895 2560 3019 2612 idoli
3038 2560 3278 2612 cultorem
3304 2599 3322 2625 ,
3344 2556 3517 2625 inquis
3540 2596 3559 2621 ,

1974 2660 2168 2704 tantum
2207 2652 2293 2703 tibi
2319 2652 2482 2720 placet
2507 2652 2769 2719 excipere,
2795 2651 2917 2721 quid
2959 2650 3089 2705 illud
3117 2652 3179 2703 de
3219 2666 3321 2719 quo
3337 2650 3520 2702 dicitur
3544 2690 3559 2711 ,

1981 2739 2149 2794 «Nolo
2165 2741 2327 2795 oleum
2359 2743 2633 2811 peccatoris
2662 2752 2815 2812 ungat
2842 2752 2993 2810 caput
3009 2758 3196 2797 meum:
3224 2761 3241 2791 ι
3269 2751 3500 2793 utrumne
3512 2748 3567 2791 et

1975 2830 2056 2883 hic
2082 2840 2313 2898 peccator
2338 2832 2425 2884 ille
2448 2832 2585 2883 solus
2611 2840 2705 2895 cst,
2736 2832 2821 2899 qui
2851 2831 3043 2883 idolum
3070 2831 3219 2891 colit,
3245 2845 3311 2880 an
3336 2828 3561 2895 quisquis

1973 2925 2108 2989 quod
2135 2937 2236 2973 non
2263 2921 2379 2973 licet
2404 2920 2670 2973 admittit?
2701 2920 2849 2986 Quod
2872 2920 2916 2974 si
2941 2932 2987 2975 ct
3016 2930 3326 2989 peccator-em
3366 2927 3571 2970 tantum,

1974 3010 2213 3065 cultorem
2254 3010 2379 3062 idoli
2422 3020 2569 3078 putas
2593 3050 2607 3073 ,
2636 3010 2941 3065 christianos
2986 3026 3101 3079 ergo
3134 3011 3179 3062 si
3222 3010 3342 3078 quid
3387 3019 3561 3063 contra

1974 3102 2136 3173 legem
2179 3103 2386 3173 gesserit
2412 3143 2427 3165 ,
2465 3117 2692 3169 peccasse
2734 3118 2834 3155 non
2887 3100 3117 3155 dicitur?
3160 3100 3309 3165 Quod
3349 3101 3393 3154 si
3436 3102 3563 3154 nihil

1974 3193 2073 3245 dici
2108 3193 2316 3246 stultius
2335 3209 2425 3246 nec
2445 3192 2717 3246 absurdius
2738 3202 2921 3261 potest,
2948 3202 3120 3262 aperte
3147 3194 3441 3262 pradictunt
3467 3202 3560 3255 est,

1973 3296 2028 3340 ut
2070 3303 2172 3342 non
2205 3288 2344 3341 solus
2388 3286 2515 3341 idoli
2543 3286 2707 3341 cultor
2726 3328 2741 3352 ,
2771 3287 2860 3339 sed
2889 3287 3111 3357 quisquis
3163 3299 3392 3355 peccator
3434 3287 3561 3341 inter

1973 3394 2145 3432 omnes
2172 3379 2396 3432 homines
2418 3379 2590 3448 fuerit,
2611 3381 2709 3449 jus.
2726 3378 2819 3432 sibi
2842 3377 3173 3449 Baptismatis
3203 3396 3303 3432 non
3332 3390 3559 3445 usurpet.

1975 3470 2100 3529 llzec
2127 3480 2271 3525 certe
2299 3486 2417 3540 qua:
2448 3470 2645 3524 inserui
2676 3470 2834 3526 verba
2862 3481 2950 3523 tua
2980 3479 3123 3524 sunt.
3166 3470 3274 3540 Ego
3301 3472 3563 3526 cultorem

1974 3559 2101 3615 idoli
2129 3575 2232 3614 non
2263 3561 2470 3630 excepi,
2502 3561 2593 3614 sed
2627 3560 2772 3631 ip~os
2800 3560 2931 3617 deos
2956 3578 3140 3615 eorum
3174 3573 3412 3617 mortuos
3440 3580 3567 3617 ese

1974 3648 2107 3715 dixi,
2134 3665 2357 3719 quorum
2375 3650 2565 3703 auullu
2588 3649 2840 3718 baptizari
2858 3651 3052 3720 aliquid
3077 3652 3290 3720 prodest
3313 3668 3326 3704 :
3346 3651 3414 3706 ab
3434 3652 3562 3720 ipsis

1975 3741 2116 3794 enim
2145 3740 2248 3793 diis
2274 3741 2375 3793 sibi
2419 3742 2672 3809 baptizari
2701 3742 2945 3795 videntur
2966 3782 2983 3806 ,
3016 3742 3065 3794 in
3094 3757 3317 3809 quorum
3349 3743 3565 3795 nomine

1974 3843 2033 3884 se
2064 3829 2302 3882 mandari
2330 3828 2691 3882 arbitrantur:
2717 3840 2770 3882 tu
2792 3839 2965 3887 autem
2998 3831 3197 3882 nullum
3229 3839 3559 3897 peccatorem

1976 3919 2250 3988 excepisti.
2270 3918 2422 3986 Quod
2452 3923 2495 3972 si
2527 3917 2629 3972 hoc
2658 3918 2775 3975 loco
2802 3929 3045 3988 peccator
3063 3928 3116 3974 et
3141 3921 3380 3975 mortalis
3399 3920 3561 3974 homo

1976 4014 2064 4083 qui
2096 4013 2326 4083 baptizat
2354 4010 2727 4081 intelligendus
2751 4020 2851 4077 est,
2873 4010 3072 4067 nullum
3100 4020 3433 4080 peccatorem
3460 4027 3558 4067 ex—

1976 4106 2199 4174 cipiens,
2229 4104 2410 4173 procul
2436 4103 2599 4159 dubio
2630 4118 2727 4158 nec
2751 4102 3015 4157 occultum
3039 4104 3315 4171 excepisti.
3338 4104 3520 4171 Aperte
3541 4146 3560 4167 ,

1978 4196 2182 4265 inquis,
2215 4195 2509 4265 prredictum
2536 4204 2606 4248 est
2630 4232 2648 4260 ,
2671 4203 2722 4247 ut
2768 4210 2868 4247 nou
2907 4194 3044 4247 solus
3073 4194 3199 4247 idoli
3241 4195 3405 4248 cultor
3424 4236 3438 4259 ,
3467 4194 3561 4247 sed

1977 4288 2201 4358 quisquis
2245 4296 2476 4356 peccator
2504 4287 2633 4340 inter
2671 4303 2841 4341 omnes
2885 4287 3111 4341 homines
3145 4288 3327 4358 fuerit,
3344 4288 3438 4357 jus
3468 4288 3564 4341 sibi

1976 4379 2306 4451 Baptismatis
2342 4394 2443 4435 non
2480 4389 2703 4447 usurpet.
2739 4380 2873 4435 Audi
2910 4394 3043 4449 ergo
3070 4390 3119 4435 te
3150 4381 3321 4450 ipsum
3357 4399 3371 4434 :
3408 4380 3560 4449 Quis-

1977 4473 2083 4544 quir
2115 4481 2364 4541 peccator,
2392 4470 2571 4526 dixisti
2597 4487 2613 4535 ;
2644 4486 2741 4526 nec
2771 4472 3129 4536 manifestum,
3163 4488 3266 4529 nec
3293 4474 3569 4529 occultum

1977 4563 2251 4631 excepisti.
2283 4560 2510 4631 Proinde
2550 4576 2651 4631 qua
2693 4562 2866 4616 fronte
2905 4571 3099 4630 cogunt
3146 4561 3401 4632 baptizari
3441 4574 3562 4633 post

1980 4654 2352 4719 manifestum,
2379 4652 2473 4725 qui
2500 4653 2689 4707 nolunt
2716 4662 2833 4722 post
2860 4652 3126 4708 occultum
3157 4695 3172 4717 ,
3203 4655 3287 4708 ubi
3315 4666 3569 4709 asserunt

1981 4747 2248 4801 neminem
2300 4744 2617 4815 exceptum?
2645 4744 2790 4815 Fuge
2837 4760 2964 4815 ergo
2988 4787 3003 4811 ,
3033 4746 3196 4800 frater
3220 4788 3233 4809 ,
3262 4747 3330 4800 ab
3376 4747 3565 4801 insano

1981 4837 2246 4891 intellectu
2271 4837 2337 4893 ad
2363 4852 2572 4901 sanum,
2596 4844 2654 4891 ut
2679 4837 2728 4889 in
2758 4836 2858 4890 hoc
2885 4836 3189 4891 testimonio
3209 4838 3274 4891 de
3294 4838 3414 4891 oleo
3439 4853 3564 4907 pce.

1979 4929 2178 4982 catoris
2200 4969 2213 4988 ,
2235 4928 2375 4982 sicut
2416 4927 2688 4997 superiora
2730 4926 2969 4996 ejusdem
3014 4927 3201 4995 psalmi
3232 4930 3389 4981 verba
3425 4944 3563 4996 pnu-

1981 5018 2239 5085 scriliunt,
2257 5018 2500 5074 blandam
2527 5018 2869 5074 lenitudinem
2900 5019 3104 5073 fallacis
3131 5020 3423 5075 adulatoris
3441 5022 3455 5051 ¹
3477 5020 3559 5073 in-

1983 5109 2188 5177 telligas
2217 5146 2231 5161 .
2263 5108 2335 5161 lta
2369 5107 2511 5162 enim
2552 5118 2603 5162 et
2649 5108 2824 5163 nullus
2866 5108 2971 5162 erit
3016 5118 3279 5179 exceptus
3304 5151 3318 5172 ,
3352 5119 3405 5161 et
3449 5125 3556 5165 non

1983 5200 2236 5268 impinget
2267 5198 2317 5251 in
2357 5198 2627 5266 angustias
2656 5198 3044 5266 insuperabiles
3070 5200 3242 5253 malus
3268 5199 3562 5270 baptizatur

1981 5292 2237 5345 occultus.
2266 5289 2354 5343 Sic
2394 5299 2449 5343 et
2489 5290 2538 5342 in
2572 5289 2679 5341 alio
2716 5288 3019 5342 testimonio
3041 5330 3056 5353 ,
3087 5290 3173 5344 ubi
3217 5290 3415 5343 dictum
3442 5298 3521 5341 est
3543 5331 3558 5353 ,

1984 5382 2084 5448 Qui
2112 5381 2393 5449 baptizatur
2420 5395 2453 5431 a
2477 5388 2673 5432 mortuo
2692 5420 2707 5445 ,
2734 5379 2858 5449 quid
2901 5380 2947 5432 ei
2970 5380 3173 5449 prodest
3202 5381 3385 5433 lavatio
3410 5381 3561 5448 ejus.’

1979 5484 2071 5529 aut
2108 5472 2309 5542 inspice
2352 5470 2631 5541 diligenter
2672 5470 2885 5529 codices
2923 5472 3172 5541 antiquos
3196 5511 3211 5536 ,
3238 5481 3291 5525 ct
3330 5470 3562 5525 maxime

2047 5654 2063 5683 ι
2088 5649 2158 5699 sic
2179 5648 2362 5710 aliquot
2384 5652 2491 5696 Mss.
2521 5653 2573 5696 At
2591 5645 2725 5707 editi,
2751 5644 2998 5709 fallaciam
3019 5644 3303 5698 adulator-is.

3458 274 3561 330 I86
3632 296 3635 297 ν
