4066 6200
324 329 407 385 ιω
1618 310 1821 372 LIBER
1858 309 2231 370 SECUNDUS.

321 446 419 511 ejus
438 456 536 497 ore
561 440 801 505 audiunt,
833 437 1084 501 credant,
1125 435 1340 498 faciant,
1372 431 1679 500 proficiant;
1708 441 1886 483 nonuc

321 537 399 594 illo
419 534 705 605 rept'obato
738 531 1130 595 laudabuntur,
1159 527 1253 582 illo
1281 525 1496 595 culpato
1520 519 1890 593 justiticahun—

322 637 412 689 tur,
438 626 532 681 illo
561 624 812 679 damnato
840 620 1272 683 coronabantur;
1300 615 1548 687 quoniam
1573 618 1893 668 curaverunt

324 716 527 775 obedire
552 714 777 769 Domino
803 710 1021 772 dicenti,
1054 709 1181 777 Quae
1204 708 1410 770 dicunt,
1444 704 1625 776 facite;
1655 717 1769 773 quae
1797 715 1891 753 au-

323 817 403 860 tem
431 805 646 875 faciunt,
682 805 847 875 facere
875 801 1028 854 nolite
1055 815 1073 852 :
1098 798 1272 851 dicunt
1298 796 1464 862 enim,
1496 802 1544 847 et
1570 808 1672 846 non
1698 791 1892 862 faciunt

322 898 518 970 (.llatt/t.
547 912 704 959 XXIII,
737 894 830 962 '5)?
855 891 1003 948 Sicut
1031 904 1158 960 ergo
1181 890 1280 943 iste
1304 895 1573 957 peccator,
1602 885 1646 940 si
1672 883 1760 953 jus
1790 882 1891 937 sibi

325 987 630 1059 prmdicandi
665 986 967 1040 testamenti
997 981 1163 1037 divini
1206 977 1573 1048 usurpaverit,
1619 975 1718 1031 sibi
1761 974 1897 1030 nihil

322 1077 543 1150 prodest,
588 1076 927 1132 audientibus
957 1082 1134 1127 autem
1165 1082 1219 1127 et
1248 1070 1563 1125 facientibus
1589 1082 1694 1122 non
1736 1067 1850 1138 ipse
1873 1108 1891 1134 ,

326 1169 406 1226 sed
446 1169 586 1239 quod
630 1166 889 1239 pra-dicat
928 1164 1144 1236 prodest
1174 1180 1187 1217 :
1217 1162 1287 1217 ita
1316 1170 1370 1216 ct
1412 1161 1505 1216 ille
1541 1160 1630 1230 qtti
1660 1160 1749 1228 jus
1787 1157 1892 1211 Ba-

321 1260 570 1332 ptismatis
601 1259 702 1313 sibi
750 1271 1007 1327 usurpare
1058 1269 1162 1308 non
1211 1252 1425 1317 debuit,
1468 1250 1566 1307 sibi
1606 1257 1765 1305 nocet
1803 1247 1892 1318 qui

323 1354 505 1408 bonum
530 1352 674 1407 male
705 1349 1003 1421 usurpavit,
1049 1362 1156 1401 non
1181 1346 1231 1402 ei
1256 1345 1348 1416 qui
1378 1343 1579 1400 bonum
1604 1341 1745 1397 bene
1772 1355 1893 1411 per-

321 1447 467 1516 cepit.

383 1534 606 1590 CAPUT
659 1528 828 1588 XXX.
851 1563 922 1573 —
945 1528 1034 1588 58.
1067 1523 1229 1586 Vides
1255 1542 1363 1583 non
1392 1527 1562 1582 solum
1592 1534 1645 1583 te
1670 1542 1775 1580 non
1798 1539 1895 1597 po-

323 1628 478 1684 tuisse
506 1625 751 1682 rcfellerc
775 1624 917 1695 quod
944 1639 1045 1694 ego
1069 1631 1255 1678 contra
1282 1619 1600 1675 Pctilianum
1637 1616 1767 1680 dixi,
1800 1614 1893 1669 sed

322 1728 504 1791 (planta
534 1718 653 1772 luce
692 1716 930 1772 veritatis
966 1713 1139 1768 modis
1168 1711 1417 1766 omnibus
1457 1708 1732 1765 refellatur
1755 1704 1895 1777 quod

321 1820 493 1865 contra
520 1825 605 1864 me
634 1809 748 1878 ipse
773 1807 975 1863 dixisti.
1001 1805 1069 1860 Et
1100 1803 1274 1859 adhuc
1301 1802 1475 1874 pergis
1494 1808 1551 1855 et
1579 1799 1730 1866 dicis,
1762 1796 1898 1870 quod

319 1892 517 1955 causam
540 1909 765 1953 nostram
791 1915 894 1952 non
915 1896 1123 1967 probam
1145 1895 1414 1968 faciamus,
1438 1901 1485 1947 et
1504 1890 1723 1961 quodam
1748 1889 1897 1943 modo

320 2005 596 2066 peccatores
625 2009 714 2047 nos
744 2008 850 2046 esse
872 1991 1143 2060 fateamur,
1174 1987 1412 2057 quoniam
1441 1984 1563 2038 dum
1600 1982 1742 2036 nobis
1768 1982 1899 2050 obji-

319 2087 441 2141 citnr
464 2127 478 2149 ,
517 2087 612 2157 jus
654 2081 982 2154 Baptismatis
1009 2096 1110 2151 qua
1148 2078 1291 2132 nobis
1336 2073 1535 2129 licentia
1561 2073 1899 2134 uindicemus;

319 2199 412 2235 non
446 2180 510 2234 de
536 2179 714 2232 merito
738 2186 976 2238 actuum,
1026 2190 1127 2227 non
1154 2171 1216 2225 de
1240 2168 1529 2224 innocentia
1573 2162 1686 2220 uitta
1711 2174 1901 2218 tracta-

320 2289 452 2334 mus,
493 2271 582 2324 sed
614 2269 912 2337 cuicumque
940 2265 1090 2319 licere
1114 2263 1350 2316 dicimus.
1398 2257 1630 2314 Attende
1656 2265 1804 2311 certe
1832 2268 1900 2310 ex

320 2363 396 2418 bis
421 2381 538 2431 qua:
560 2361 700 2416 dicta
722 2366 870 2424 sunt,
893 2372 1000 2411 non
1029 2356 1346 2424 cuicumque
1369 2352 1529 2406 licere
1554 2363 1655 2405 nos
1678 2348 1897 2412 dicere;
1954 2358 1963 2370 '

318 2454 405 2509 sed
436 2454 484 2507 ei
519 2467 729 2522 pinnam
761 2464 881 2505 esse
901 2490 919 2515 ,
959 2447 1049 2519 qui
1080 2456 1325 2501 sanetum
1365 2451 1559 2497 tractat
1583 2440 1802 2505 illicite;
1848 2446 1904 2494 et

318 2559 435 2598 cum
484 2557 608 2597 esse
649 2537 1022 2610 corrigendum
1048 2577 1064 2602 ,
1106 2550 1214 2591 non
1256 2541 1500 2587 sanctum
1538 2529 1681 2601 quod
1722 2522 1903 2584 illicito

321 2643 526 2699 tractat,
561 2633 742 2686 illicito
762 2628 1172 2685 rescindendnm
1206 2643 1221 2679 :
1250 2625 1386 2679 sicut
1409 2622 1654 2677 homines
1682 2626 1789 2675 nun
1820 2619 1898 2674 le-

319 2727 500 2797 gitime
538 2727 656 2794 lege
684 2732 895 2777 utentes
922 2719 1114 2790 corrigi
1160 2716 1407 2770 volumus
1427 2755 1441 2778 ,
1488 2729 1596 2768 non
1630 2711 1798 2782 ipsam
1826 2708 1902 2765 leo

320 2834 434 2888 gen:
478 2819 680 2872 irritant
706 2816 984 2879 ducimus;
1016 2812 1155 2867 sicut
1192 2809 1283 2864 Dei
1314 2815 1691 2864 testamentum
1723 2804 1904 2859 illicito

321 2925 412 2979 per
435 2926 497 2963 os
527 2925 679 2962 suum
705 2914 1064 2961 assumeutem
1091 2900 1536 2973 rcprcbendimus
1555 2940 1572 2965 ,
1599 2912 1703 2952 non
1730 2897 1903 2967 ipsum

323 3009 697 3056 testann-ututn
744 3011 998 3068 negamus
1025 3005 1117 3050 aut
1156 2992 1449 3048 scindimus
1483 3009 1495 3044 :
1530 3005 1629 3045 nec
1657 2988 1777 3044 ideo
1807 3002 1906 3043 nos

302 3093 627 3162 peccavisse
654 3089 995 3151 confitemur,
1026 3083 1147 3155 quia
1173 3094 1228 3139 et
1257 3083 1309 3139 in
1342 3090 1622 3152 peccatore
1652 3078 1792 3149 quod
1823 3087 1906 3133 est

321 3185 486 3253 ipsius
512 3179 894 3251 itnprobantns,
918 3175 1058 3245 quod
1087 3184 1264 3228 autem
1297 3173 1392 3229 Dei
1421 3181 1501 3227 est
1529 3173 1855 3225 ltonoratttus
1886 3184 1902 3223 :

317 3277 441 3345 quia
488 3276 540 3327 in
574 3274 741 3327 Deum
781 3267 1089 3323 credentem
1120 3279 1224 3318 non
1252 3278 1320 3317 ex
1361 3261 1583 3315 occultis
1609 3259 1857 3314 humanis
1885 3258 1903 3290 ⁸

315 3367 554 3436 pendere
585 3365 852 3424 volumus,
881 3358 972 3413 sed
997 3358 1049 3410 in
1078 3354 1303 3410 Domino
1326 3352 1539 3424 gloriari
1566 3351 1633 3407 de
1652 3367 1758 3421 quo
1784 3364 1906 3405 cer-

317 3470 403 3515 tus
426 3468 514 3515 est
535 3499 550 3522 ,
583 3455 951 3508 admonemus.
981 3448 1166 3519 Neque
1192 3446 1336 3502 enim
1360 3454 1417 3501 et
1439 3443 1726 3516 Apostolus
1750 3442 1906 3498 malae

314 3564 427 3604 sua:
454 3543 798 3601 conscientia:
823 3539 1129 3606 dii'fidebat,
1169 3536 1265 3593 sed
1292 3550 1446 3605 spem
1484 3534 1751 3589 credentis
1781 3534 1905 3604 poni

314 3638 538 3693 nolebat
578 3634 629 3686 in
661 3631 905 3697 homine,
948 3630 1083 3684 etin
1125 3629 1236 3683 Deo
1276 3627 1539 3682 stabiliter
1566 3625 1901 3691 colIOCabat,

313 3745 442 3784 cum
462 3729 686 3790 diceret,
716 3724 892 3793 Neque
914 3722 1000 3793 qui
1030 3722 1225 3791 plantat
1266 3729 1341 3774 est
1369 3719 1564 3792 aliquid
1582 3758 1596 3781 ,
1624 3734 1783 3788 neque
1819 3717 1907 3784 qui

315 3823 485 3894 rigat;
525 3819 613 3873 sed
640 3818 726 3889 qui
765 3818 1123 3871 incrementum
1149 3812 1237 3865 dat
1278 3810 1417 3864 Deus
1461 3810 1501 3882 (1
1534 3807 1653 3864 Cor.
1694 3825 1750 3864 ιιι
1775 3849 1790 3874 ,
1824 3809 1903 3879 7).

312 3912 438 3969 Non
464 3918 642 3980 itaque
669 3924 784 3973 nos,
817 3907 1056 3961 dicentes
1082 3902 1224 3973 quod
1251 3902 1506 3970 scriptum
1531 3907 1635 3965 est,
1665 3897 1786 3953 Non
1816 3915 1908 3953 no-

314 4005 415 4067 bis,
466 4001 704 4066 Domine,
754 4014 858 4051 non
904 3995 1068 4062 nobis,
1113 3992 1202 4047 sed
1240 3992 1431 4046 nomini
1471 4001 1557 4045 tuo
1586 3992 1654 4045 da
1689 3989 1908 4063 gloriam

316 4095 496 4168 (Psal.
530 4107 655 4148 exin
680 4132 694 4152 ,
740 4091 793 4161 l)
819 4130 833 4153 ,
865 4100 1181 4143 accusamus
1208 4092 1444 4139 nostram
1478 4082 1903 4138 conscientiam:

310 4186 415 4245 sed
455 4199 551 4239 vos
589 4184 643 4237 in
684 4181 957 4235 hominum
994 4175 1234 4231 moribus
1270 4188 1456 4229 eorum
1501 4186 1652 4242 spem
1680 4172 1770 4242 qui
1811 4168 1909 4227 ba-

313 4279 590 4349 ptizantur
618 4273 741 4345 poni
778 4272 1052 4334 volentes,
1083 4282 1190 4322 non
1231 4265 1522 4337 agnoscitis
1550 4273 1781 4317 vestram
1809 4276 1906 4317 su-

313 4368 584 4440 perbiam.

389 4456 622 4514 CAPUT
642 4451 1003 4510 XXXl.——39.
1015 4448 1320 4520 Quid,quod
1334 4448 1492 4503 etiam
1507 4446 1645 4502 beati
1659 4444 1907 4518 Cypriani

314 4552 650 4607 mentionem
674 4548 849 4602 facere
869 4544 1096 4610 audetis,
1125 4541 1270 4596 velut
1295 4540 1384 4594 ille
1408 4548 1591 4593 auctor
1619 4537 1689 4591 sit
1716 4544 1910 4592 vestra:

314 4644 637 4707 divisionis,
680 4646 858 4694 tantus
892 4636 1141 4691 defensor
1178 4632 1455 4688 catholicae
1492 4631 1707 4685 unitatis
1733 4638 1788 4685 et
1816 4644 1911 4699 pa-

278 4774 287 4779 -
314 4737 443 4793 cis?
472 4735 651 4790 Primo
679 4741 796 4788 esto
836 4730 888 4783 in
926 4727 1161 4783 Ecclesia
1187 4767 1202 4792 ,
1241 4739 1399 4794 quam
1430 4731 1641 4777 constat
1677 4720 1912 4777 tenuisse

311 4844 384 4883 ac
416 4825 735 4896 praedicasse
761 4820 1079 4893 Cyprianum
1104 4832 1120 4883 ;
1152 4824 1207 4872 et
1235 4825 1358 4869 tunc
1380 4813 1520 4869 aude
1547 4813 1694 4868 velut
1721 4822 1910 4866 aucto-

310 4935 440 4977 rem
471 4916 748 4974 sententia:
777 4925 878 4968 tua:
906 4911 1181 4966 nominare
1207 4907 1528 4977 Cyprianum
1556 4923 1570 4960 :
1597 4906 1767 4974 primo
1789 4903 1913 4977 imi-

316 5025 448 5067 tare
473 5012 724 5082 pietatem
757 5005 1215 5070 humilitatemque
1242 4974 1513 5072 Cypriani,
1547 5006 1604 5053 et
1632 5008 1757 5052 tunc
1785 4974 1911 5065 pro-

310 5103 405 5160 fer
435 5102 720 5157 concilium
748 5095 1019 5169 Cypriani.
1068 5091 1177 5148 Nos
1205 5092 1348 5146 enim
1400 5091 1602 5143 nullout
1645 5088 1912 5159 Cypriano

308 5196 552 5252 facimus
589 5190 859 5261 injuriam,
891 5202 1010 5240 cum
1039 5185 1155 5254 ejus
1183 5182 1448 5253 quaslibet
1476 5180 1722 5247 litteras,
1761 5194 1791 5233 a
1820 5194 1912 5234 ea-

308 5288 518 5343 uonics
563 5285 866 5340 di-iinarum
914 5279 1305 5347 Seriptnrarum
1352 5274 1672 5327 auctoritate
1719 5271 1913 5326 distin-

303 5382 561 5450 guimus.
592 5375 775 5444 Neque
804 5372 944 5427 enim
986 5370 1103 5424 sine
1133 5383 1291 5423 causa
1325 5376 1429 5419 tam
1458 5365 1656 5419 salubri
1684 5362 1914 5433 vigilan-

309 5476 391 5527 tia
434 5485 606 5523 canon
629 5463 1022 5523 ecclesiasticus
1042 5460 1361 5515 constitutus
1383 5467 1486 5520 est,
1509 5455 1573 5511 ad
1597 5470 1755 5525 quem
1782 5453 1914 5508 certi

302 5564 720 5637 Prophetarum
749 5566 805 5613 et
834 5553 1210 5626 Apostolorum
1242 5551 1358 5605 libri
1397 5549 1733 5620 pertineant,
1776 5560 1913 5615 quos

379 5740 402 5772 ’
432 5740 512 5790 ste
532 5735 713 5801 aliquot
748 5744 857 5789 Mss.
883 5730 1201 5801 Aliiqnidam,
1223 5740 1288 5801 ea:
1309 5721 1752 5801 οεειιιιξξιιξιίιιαηω
1793 5734 1912 5772 con-

300 5801 565 5853 scientite.
591 5790 729 5855 riliti,
751 5813 815 5851 ex
838 5790 1034 5848 occultis
1053 5790 1300 5843 hominum
1321 5790 1636 5838 conscientiae.

658 5879 923 5941 Parcet.
969 5880 1016 5940 Χ
1035 5878 1184 5943 [ιιι.

3482 306 3583 367 490

2002 428 2221 482 omnino
2241 426 2479 497 judicare
2503 442 2608 482 non
2632 426 2940 494 audeamus,
2966 437 3021 484 et
3045 425 3337 484 secundum
3360 439 3493 498 quos
3513 426 3580 479 de

1998 519 2213 573 ca-teris
2240 518 2434 574 litteris
2470 520 2552 574 vel
2584 514 2820 576 [idolium
2849 521 2932 575 vel
2971 518 3262 575 infidelium
3308 517 3474 574 libere
3497 517 3585 589 ju-

2000 608 2267 666 diccmus.
2302 601 2533 667 Proinde
2552 652 2568 676 ,
2597 627 2719 666 cum
2745 611 2888 667 dicat
2918 610 3204 682 Apostolus
3223 652 3237 675 ,
3268 611 3420 678 cujus
3453 608 3583 677 Epi-

2003 698 2158 755 stula:
2190 699 2242 754 in
2270 701 2585 757 auctoritate
2619 705 2872 758 canonica
2904 701 3081 771 vigent
3105 742 3119 766 ,
3169 699 3422 769 Quotquot
3466 710 3585 769 ergo

2002 793 2229 865 perfecti,
2262 794 2357 847 hoc
2384 796 2680 864 sapiamus;
2702 805 2745 849 et
2771 798 2814 851 si
2839 796 2959 863 quid
2980 798 3128 850 aliter
3155 796 3354 865 sapitis,
3380 795 3433 849 id
3454 812 3583 865 quo-

2000 900 2095 954 que
2118 885 2256 939 vobis
2286 883 2424 940 Deus
2445 886 2679 940 reuelabit
2705 889 2722 919 ¹
2750 887 3005 958 (Philipp.
3045 903 3131 954 nt,
3169 887 3253 957 l5)
3288 905 3300 940 :
3334 887 3585 957 qnaunliu

2001 977 2160 1031 aliter
2189 977 2365 1046 sapuit
2392 976 2694 1048 Cyprianus
2718 1021 2732 1043 ,
2763 978 2807 1032 si
2837 979 3033 1049 scripta
3059 979 3173 1047 ejus
3216 993 3335 1033 esse
3378 987 3586 1032 constat

2001 1084 2122 1137 qua:
2150 1084 2245 1137 pro
2267 1068 2417 1123 vobis
2444 1066 2760 1139 proferenda
2780 1064 3110 1125 arbitramini
3136 1086 3151 1133 ;
3182 1071 3432 1141 quamdiu
3459 1086 3587 1140 ergo

2001 1162 2070 1216 de
2100 1162 2198 1217 hac
2229 1178 2287 1218 re
2316 1164 2473 1218 aliter
2499 1164 2675 1234 sapuit
2703 1178 2858 1234 quam
2887 1164 3081 1217 veritas
3113 1156 3418 1233 diligentius
3456 1177 3587 1217 con-

2000 1253 2231 1308 siderata
2264 1254 2532 1323 patefecit,
2556 1255 2728 1310 donec
2747 1254 2796 1310 ei
2824 1255 2967 1309 Dens
2995 1253 3046 1308 id
3069 1270 3278 1325 quoque
3302 1255 3580 1313 revelaret.

2000 1343 2252 1401 inelTabili
2283 1346 2441 1402 laude
2481 1346 2753 1401 charitatis
2781 1345 3036 1400 unitatem
3069 1359 3359 1416 pacemque
3394 1343 3583 1399 catho-

2002 1439 2157 1493 licam
2182 1440 2341 1494 etiam
2368 1455 2491 1495 cum
2523 1439 2743 1508 collegis
2768 1439 2899 1504 suis,
2932 1453 2960 1492 a
2988 1439 3180 1510 quibus
3204 1439 3357 1494 aliter
3380 1436 3576 1507 sapuit,

2001 1545 2107 1586 non
2137 1533 2370 1601 reliquit.

2070 1606 2297 1679 CAPUT
2337 1622 2758 1680 XXXll.—40.
2787 1623 2959 1678 Verba
3003 1623 3118 1693 ejus
3155 1638 3217 1678 ex
3257 1621 3478 1692 cpistola
3521 1621 3586 1675 ad

2000 1716 2318 1772 Jubaiannm
2340 1717 2610 1772 inseruisti
2632 1717 2823 1773 litteris
2841 1717 2965 1780 tuis,
2986 1717 3176 1787 quibus
3192 1716 3269 1771 eis
3285 1718 3305 1748 ²
3327 1715 3589 1785 piacuisse

2004 1818 2352 1874 monstrarcs,
2384 1806 2733 1878 baptizandos
2759 1824 2853 1864 eos
2894 1823 3011 1863 cs5e
3042 1809 3094 1862 in
3138 1807 3370 1863 Ecclesia
3400 1806 3586 1860 catho-

2005 1902 2126 1966 lica,
2146 1902 2235 1973 qui
2260 1902 2459 1968 iuerint
2478 1902 2528 1955 in
2554 1900 2747 1957 hmresi
2768 1901 2851 1957 vel
2873 1901 3161 1955 schismate
3183 1900 3453 1970 baptizati.
3481 1900 3592 1968 Ego

2006 1991 2162 2061 hujus
2200 1991 2441 2061 epistolae
2480 1991 2796 2046 auctoritate
2838 2006 2942 2045 non
2983 1999 3199 2053 teneor;
3232 1990 3354 2059 quia
3386 1990 3592 2045 litteras

2004 2083 2258 2155 Cypriani
2284 2098 2391 2138 non
2417 2092 2474 2138 ut
2496 2083 2783 2138 canonicos
2811 2081 3006 2148 habeo,
3031 2080 3127 2137 sed
3155 2094 3247 2138 eas
3274 2097 3338 2136 ex
3370 2072 3593 2137 canonil

2005 2175 2086 2231 cis
2112 2174 2416 2240 considero,
2445 2181 2501 2230 et
2522 2174 2663 2249 quod
2692 2174 2743 2228 in
2768 2174 2848 2230 eis
2872 2173 3168 2229 divinartnn
3197 2168 3589 2242 Scripturarnm

2003 2265 2309 2321 auctoritati
2339 2265 2617 2335 congruit,
2645 2280 2766 2320 cum
2809 2263 2967 2320 laude
3012 2264 3129 2334 ejus
3169 2263 3406 2333 accipio;
3450 2260 3592 2334 quod

2006 2365 2184 2412 autem
2225 2372 2331 2411 non
2368 2356 2649 2427 congruit,
2678 2371 2800 2411 cum
2830 2370 2959 2426 pace
2988 2354 3102 2425 ejus
3132 2370 3348 2424 respuo.
3382 2356 3459 2410 Ae
3500 2370 3601 2425 per

2008 2451 2144 2516 hoc,
2172 2448 2218 2505 si
2245 2465 2305 2506 ea
2334 2465 2452 2521 qua:
2479 2450 2913 2506 commemorasti
2943 2450 3010 2505 ab
3043 2451 3133 2506 illo
3161 2449 3227 2505 ad
3267 2449 3587 2506 lubaianmn

2008 2542 2228 2611 scripta,
2253 2540 2320 2596 de
2340 2541 2518 2611 aliquo
2540 2541 2676 2597 libro
2697 2542 3072 2611 Apostolorum
3096 2543 3177 2596 vel
3202 2536 3591 2611 Pr0pbetarum
3640 2556 3649 2566 ο

2009 2631 2267 2686 canonico
2292 2632 2547 2687 recitares
2568 2673 2584 2699 ,
2610 2632 2736 2703 quid
2766 2633 2985 2687 omnino
3013 2631 3440 2687 contradicerem
3487 2648 3592 2686 non

2011 2721 2287 2777 haberem.
2330 2720 2486 2776 Nunc
2527 2737 2658 2777 vero
2702 2723 2950 2793 quoniam
2995 2723 3310 2776 canonicum
3361 2739 3466 2776 non
3516 2733 3595 2776 est

2010 2812 2153 2881 quod
2184 2812 2401 2878 recitas,
2426 2827 2490 2867 ea
2517 2813 2760 2867 libertate
2780 2812 2848 2868 ad
2875 2828 3031 2883 quam
3060 2827 3157 2867 nos
3184 2813 3390 2868 vocavit
3417 2811 3599 2867 Domi-

2010 2918 2132 2968 nus,
2164 2902 2279 2971 ejus
2310 2903 2407 2957 viri
2435 2903 2587 2973 cujus
2613 2903 2825 2959 laudent
2852 2903 3064 2973 assequi
3092 2918 3196 2956 non
3228 2903 3412 2969 valeo,
3443 2904 3595 2972 cujus

2010 2993 2194 3047 multis
2224 2993 2415 3048 litteris
2443 3009 2560 3050 mea
2587 2995 2780 3063 scripta
2804 3009 2910 3048 non
2940 3008 3192 3064 comparo
3212 3035 3227 3059 ,
3261 2995 3412 3063 cujus
3450 2994 3596 3065 inge-

2010 3086 2158 3142 nium
2186 3085 2372 3167 diligo,
2401 3087 2553 3156 cujus
2572 3101 2666 3142 ore
2695 3086 2951 3152 delector,
2980 3087 3131 3156 cujus
3152 3086 3467 3144 cbaritatem
3497 3089 3599 3144 mi-

2009 3193 2122 3245 ror,
2145 3177 2296 3248 cujus
2324 3178 2635 3251 martyrium
2660 3194 2911 3243 veneror,
2936 3178 3038 3234 hoc
3063 3179 3201 3251 quod
3224 3180 3378 3234 aliter
3398 3180 3593 3252 sapuit,

2011 3284 2117 3325 non
2143 3270 2367 3339 accipio.
2397 3269 2513 3325 Non
2540 3270 2765 3341 accipio,
2798 3271 3035 3341 inquam,
3059 3271 3197 3341 quod
3225 3272 3291 3326 de
3323 3270 3594 3340 baptizan-

2010 3361 2095 3417 dis
2119 3361 2383 3416 hmretiris
2405 3369 2458 3415 et
2485 3360 2841 3417 schismatieis
2864 3362 3048 3417 beatus
3078 3362 3372 3433 Cyprianus
3398 3364 3594 3429 sensit;

2008 3453 2133 3525 quia
2163 3452 2265 3508 hoc
2298 3453 2535 3508 Ecclesia
2558 3468 2660 3507 non
2683 3453 2895 3522 accipit,
2922 3469 3017 3524 pro
3042 3469 3145 3524 qua
3172 3456 3357 3510 beatus
3380 3455 3599 3526 Cypria—

2011 3560 2112 3600 nus
2151 3544 2463 3615 sanguinem
2508 3542 2663 3599 fudit.
2708 3543 2811 3625 Sed
2843 3544 2964 3614 quia
2995 3544 3171 3600 dicitis
3197 3560 3319 3601 enm
3362 3561 3458 3615 pro
3499 3546 3600 3601 hac

2011 3638 2275 3691 sententia
2303 3634 2490 3706 legalia
2513 3636 2829 3691 documenta
2856 3636 3097 3690 firmasse
3120 3653 3134 3688 :
3160 3652 3463 3705 quanquam
3491 3655 3596 3692 non

2011 3726 2103 3781 ille
2130 3727 2449 3781 documenta
2479 3726 2666 3795 legalia
2698 3726 2909 3779 firmare
2936 3725 3141 3795 potuit,
3168 3726 3261 3781 sed
3300 3728 3380 3779 eis
3420 3729 3598 3797 potius

2012 3830 2363 3886 qumeumque
2390 3822 2534 3869 recte
2562 3815 2732 3870 sensit
2754 3815 2867 3883 ipsc
2892 3814 3121 3869 ﬁrmavit
3149 3833 3164 3869 :
3195 3817 3436 3887 relinque
3470 3834 3598 3888 ergo

2011 3907 2206 3976 scripta
2236 3905 2510 3977 Cypriani,
2538 3913 2591 3961 et
2615 3920 2676 3959 ea
2708 3903 2819 3974 ipsa
2848 3904 3035 3975 legalia
3057 3904 3374 3960 documenta
3404 3907 3598 3976 quibus

2009 4012 2135 4053 eum
2162 3997 2295 4052 dicis
2328 4012 2485 4052 usum
2511 4011 2631 4052 esse
2659 4010 3037 4051 commemora.
3071 3995 3124 4050 Si
3159 4011 3264 4049 non
3289 4011 3352 4052 ea
3376 3997 3602 4053 deumn-

2012 4102 2254 4147 stravero
2304 4099 2533 4146 vestram
2577 4103 2792 4144 causam
2831 4086 2966 4141 nihil
3005 4086 3264 4156 adjuvare
3304 4088 3357 4153 ³.
3401 4090 3593 4146 vicisti.

2014 4183 2352 4252 Quapropter
2372 4181 2441 4235 ita
2467 4180 2570 4234 hoc
2589 4178 2840 4251 Cypriani
2866 4193 2972 4232 non
2997 4178 3226 4248 accipio,
3246 4181 3492 4249 quamvis
3518 4182 3599 4235 in-

2013 4275 2177 4331 ferior
2204 4271 2688 4342 incomparabiliter
2713 4269 3013 4342 Cypriane;
3039 4269 3177 4324 sicut
3210 4270 3337 4326 illud
3368 4274 3598 4342 apostoli

2014 4366 2157 4423 Petri
2185 4364 2325 4435 quod
2365 4363 2565 4419 Gentes
2592 4360 2874 4417 Judaizare
2902 4358 3127 4431 cogebat
3154 4359 3349 4432 (Galat.
3377 4377 3448 4426 ιι,
3484 4362 3596 4433 lii),

2013 4471 2115 4512 nec
2134 4455 2364 4525 accipio,
2393 4468 2492 4509 nec
2517 4452 2673 4517 facio,
2701 4452 2944 4523 quamvis
2965 4450 3186 4507 inferior
3212 4453 3604 4524 incomparabi-

2014 4552 2136 4606 liter
2163 4549 2342 4605 Petro.
2372 4547 2477 4604 Vos
2506 4556 2682 4602 autem
2704 4545 2793 4617 qui
2812 4544 3010 4614 scripta
3031 4545 3285 4616 Cypriani
3308 4548 3464 4603 nobis
3486 4556 3601 4601 tan-

2015 4658 2174 4723 quam
2222 4641 2557 4697 ﬁrmamenta
2603 4637 2877 4694 canonica:
2922 4640 3256 4694 auctoritatis
3303 4642 3593 4711 opponitis,

2018 4732 2271 4804 quidquid
2293 4733 2360 4787 de
2372 4731 2638 4804 Cypriano
2659 4739 2844 4785 contra
2862 4745 2958 4786 vos
2987 4729 3226 4801 proferre
3250 4734 3596 4801 potuerimus,

2017 4840 2237 4881 necesse
2263 4833 2346 4880 est
2368 4823 2591 4890 cedatis,
2613 4836 2667 4878 et
2690 4822 2892 4893 justum
2923 4832 3006 4878 est
3031 4832 3087 4878 ut
3114 4825 3236 4879 victi
3267 4828 3506 4893 tacentis,
3536 4843 3601 4883 ac

2017 4932 2113 4971 vos
2141 4913 2428 4986 aliquando
2450 4915 2519 4970 ab
2543 4928 2726 4969 errore
2757 4914 3226 4984 perniciosissima:
3249 4916 3603 4973 dissensionis

2018 5010 2084 5064 ad
2113 5009 2369 5064 unitatem
2398 5006 2713 5062 catholicam
2740 5006 3085 5061 convertotis.

2090 5099 2314 5157 CAPUT
2352 5097 2594 5154 XXXIII.
2614 5125 2690 5139 -
2713 5098 2806 5153 41.
2834 5096 3009 5163 Unde,
3032 5112 3099 5151 ne
3129 5098 3343 5168 longum
3372 5097 3559 5155 faciam
3587 5141 3602 5165 ,

2020 5208 2085 5249 ex
2115 5191 2215 5246 hac
2236 5191 2347 5260 ipsa
2370 5189 2593 5260 cpistola
2618 5188 2683 5243 ad
2703 5187 3040 5251 Jubaiauum,
3064 5188 3280 5243 attende
3304 5187 3429 5258 quid
3459 5188 3606 5255 inge-

2022 5300 2158 5349 ram,
2180 5282 2321 5353 quod
2351 5290 2586 5337 vestrum
2612 5288 2816 5335 evertat
2844 5288 2898 5332 et
2926 5280 3169 5334 absumat
3189 5295 3448 5335 errorem.
3472 5280 3603 5335 Cum

2022 5376 2164 5430 enim
2189 5371 2509 5444 persuadere
2535 5379 2821 5426 conaretur
2842 5370 2923 5424 vel
2943 5379 3160 5424 sanctus
3178 5367 3495 5440 Cyprianus,
3522 5373 3603 5427 vel

2088 5531 2104 5564 ³
2133 5537 2198 5578 tta
2219 5526 2588 5592 Cygiranucnsis
2610 5524 2867 5592 codex._.tt
2893 5523 3027 5592 editi,
3053 5500 3295 5592 ιίξιειτιίιινίι.

2024 5653 2042 5705 ι
2088 5585 2381 5664 {adiuret}
2407 5596 2460 5638 At
2499 5587 2838 5650 manuscripti,
2875 5585 2977 5648 eis;
3015 5586 3204 5637 scilicet
3242 5587 3460 5650 Cypriani
3503 5588 3605 5639 cal~

2047 5666 2170 5705 oms.

2047 5666 2195 5764 ι’ξιῖῗιι
2215 5714 2263 5762 in
2289 5721 2391 5761 uss.
2420 5717 2475 5759 At
2497 5709 2545 5781 in
2565 5708 2832 5821 .[ilerisque
2872 5708 3031 5770 editis,
3058 5714 3267 5758 nostram
3291 5721 3485 5762 causan
3516 5714 3609 5764 ad-

2047 5781 2198 5821 luntre
2214 5790 2229 5821 :
2252 5778 2445 5821 omisso.
2473 5772 2574 5821 mltt
2597 5808 2610 5821 .

2031 5779 2229 5839 iuriae;
2252 5778 2445 5836 omisso,
2473 5771 2610 5823 nihil.

3074 5856 3341 5934 (Sciam)
