4066 6200
407 383 498 435 ιυι
1145 373 1419 428 CONTRA
1458 368 1884 426 CRESCONIL'M
1931 368 1996 421 Di.

2101 366 2387 432 .TISTAM,
2430 366 2485 422 5.
2531 363 2893 423 ΑυουειίΝι

407 495 723 560 quicutttqttc
754 488 892 543 illam
916 484 1125 553 scripsit
1156 484 1455 553 epistolam,
1482 480 1759 536 luercticus
1790 480 1854 533 ad
1887 477 1989 532 Ec-

404 584 622 635 t'iesiam
655 578 927 633 venientes
956 575 1225 645 baptizare
1256 584 1537 641 Oporterc;
1570 570 1711 642 quod
1742 569 1989 623 videlicet

401 674 710 741 .ltaptismus
742 667 916 723 nullus
945 665 1281 735 deputandus
1308 672 1479 728 esset,
1509 678 1664 733 quem
1696 660 1825 715 foris
1851 657 1989 730 apud

408 768 690 822 haereticos
720 764 1080 832 accepissent;
1114 759 1363 829 Opposuit
1390 758 1487 811 sibi
1516 757 1861 827 quatstionent
1881 796 1894 819 ,
1939 763 1993 809 et

406 866 480 913 att
508 879 518 911 :
547 859 649 911 Sed
671 858 799 910 dicet
828 856 1028 919 aliquis.
1062 853 1199 921 Quid
1227 868 1342 922 ergo
1373 852 1455 920 ﬁet
1487 850 1547 903 de
1579 849 1655 901 his
1681 849 1762 918 qui
1786 848 1836 899 in
1864 861 1993 916 prte-

413 966 471 1003 ιςιι
490 954 607 1003 itaut
632 952 693 1003 tle
716 950 892 1002 Ita'resi
917 948 983 1000 ad
1015 947 1290 1000 Ecclesium
1316 945 1582 1007 venientes,
1603 944 1709 994 sine
1731 939 1991 1007 Baptismo

409 1042 618 1097 admissi
643 1040 795 1093 sunt?
828 1038 1013 1092 Potens
1044 1048 1111 1091 est
1145 1036 1390 1088 Dominus
1424 1034 1765 1087 misericordia
1796 1049 1887 1084 sua
1916 1032 1994 1083 in-

407 1133 719 1202 dttlgentiam
762 1132 916 1190 dare,
951 1138 995 1181 et
1031 1144 1113 1180 eos
1144 1128 1226 1195 qui
1267 1127 1331 1177 ad
1381 1124 1656 1177 Ecclesium
1703 1122 1993 1191 simpliciter

409 1224 617 1276 atl.i.issi
647 1223 697 1274 in
728 1220 956 1273 Ecclesia
979 1219 1312 1281 dormierunt,
1335 1218 1395 1268 ab
1422 1214 1665 1268 Ecclesia
1691 1230 1795 1267 suae
1821 1229 1993 1265 mune-

410 1317 545 1369 ribus
575 1333 672 1367 non
704 1328 955 1381 separare.
995 1311 1093 1364 Ista
1127 1310 1282 1362 nobis
1314 1307 1626 1377 simplicitas
1658 1306 1883 1369 sufficit,
1908 1304 1991 1357 cui

414 1404 772 1459 testimonium
804 1400 1044 1470 perhibet
1072 1400 1185 1467 ipse
1213 1396 1527 1466 Cyprianus,
1560 1405 1762 1450 tantum
1796 1396 1991 1449 bonum

412 1497 710 1564 intelligens
738 1508 857 1548 esse
886 1492 1135 1545 unitatem
1174 1492 1415 1558 corporis
1443 1488 1643 1543 Christi
1665 1530 1677 1553 ,
1712 1498 1767 1543 ut
1796 1488 1847 1542 in
1875 1503 1994 1542 eam

410 1587 719 1656 simpliciter
746 1585 1029 1649 admissos,
1056 1584 1212 1637 etiam
1237 1584 1353 1636 illos
1375 1597 1509 1651 quos
1535 1597 1653 1636 esse
1681 1583 1795 1635 sine
1817 1582 1995 1651 Bapti-

411 1694 528 1733 smo
553 1677 927 1740 arbitrabatur,
960 1675 1026 1729 de
1056 1674 1233 1727 divina
1273 1674 1639 1727 misericordia
1682 1674 1874 1727 mereri
1909 1674 1990 1727 in-

412 1769 760 1839 dulgentiam,
789 1778 843 1822 et
872 1767 939 1822 ab
968 1767 1221 1821 Ecclesia:
1250 1766 1560 1819 muneribus
1589 1780 1692 1817 non
1722 1764 1954 1831 separari
1977 1804 1993 1828 ,

416 1864 495 1930 pia
514 1861 831 1931 cogitatione
858 1868 1227 1929 pra‘sumeret.
1250 1857 1375 1910 lltec
1396 1855 1723 1911 consuetudo
1747 1855 1996 1909 Ecclesia:

414 1952 510 2007 fuit
536 1961 657 2007 ante
684 1951 971 2006 concilium
1000 1949 1271 2018 Cypriani,
1306 1947 1421 2003 lucc
1447 1947 1683 2016 superari
1717 1955 1770 1999 ct
1799 1946 1996 2000 auferri

414 2060 519 2099 non
568 2042 738 2113 potuit
781 2056 878 2095 nec
919 2040 1145 2094 concilio
1185 2037 1466 2109 Cypriani;
1497 2047 1551 2091 ut
1589 2052 1654 2091 ex
1686 2036 1874 2090 luercsi
1904 2052 1995 2091 ve-

416 2138 643 2199 nientes,
672 2148 776 2187 non
803 2130 1015 2202 quidem
1042 2131 1158 2183 sine
1184 2130 1452 2196 Baptismo
1475 2169 1488 2191 ,
1521 2128 1657 2181 sicut
1687 2127 1845 2191 dicit,
1874 2128 1994 2195 quia

417 2227 554 2280 idem
578 2224 878 2293 Baptisnuts
907 2223 1067 2275 etiam
1097 2219 1222 2273 foris
1249 2220 1326 2273 eis
1354 2220 1542 2282 iuerat,
1572 2218 1663 2272 sed
1695 2234 1797 2269 non
1830 2216 1994 2285 prod-

419 2328 567 2384 erat,
596 2326 964 2369 verumtamen
1008 2311 1340 2381 simpliciter,
1368 2312 1502 2365 sicut
1543 2311 1666 2364 item
1709 2310 1866 2374 dicit,
1900 2308 1997 2361 ad-

422 2409 569 2462 missi
611 2409 677 2461 dc
722 2406 813 2459 Dei
840 2402 1200 2459 misericordia
1230 2402 1608 2470 indulgentiam
1639 2409 1994 2466 mererentur,

417 2513 471 2557 ct
498 2516 525 2553 a
557 2498 866 2554 muneribus
893 2512 995 2551 non
1023 2504 1399 2565 separarentur
1425 2493 1693 2547 Ecclesiaz.
1727 2492 1851 2546 llrcc
1872 2492 1999 2545 sim-

356 2576 361 2583 ’
419 2592 646 2661 plicitas,
677 2588 845 2657 magis
870 2602 1029 2658 quam
1051 2585 1351 2655 duplicitas,
1382 2583 1631 2638 Ecclesire
1659 2582 1854 2651 placuit
1883 2583 2001 2635 uni-

417 2697 585 2736 versa:
614 2689 723 2735 toto
750 2689 1010 2733 terrarum
1041 2677 1169 2731 orbe
1192 2674 1418 2729 diffuszc.

489 2771 576 2825 49..
606 2768 703 2824 Cui
746 2767 1042 2840 Cyprianus
1081 2767 1193 2835 ipse
1223 2764 1378 2833 quale
1411 2763 1771 2819 testimonium
1815 2762 1998 2833 perbi-

420 2867 559 2929 lusat,
581 2862 702 2916 audi
729 2877 792 2915 ex
813 2859 1035 2931 epistola
1058 2874 1214 2929 quam
1237 2858 1302 2913 de
1324 2857 1536 2913 Uuitate
1560 2857 1877 2927 conscripsit
1898 2857 1996 2927 (a).

420 2956 606 3019 Avelle,
639 2954 829 3024 inquit,
860 2953 1059 3007 radium
1086 2952 1207 3005 solis
1234 2968 1263 3003 a
1288 2966 1515 3020 corpore,
1547 2950 1843 3004 divisionem
1874 2949 2001 3004 lucis

421 3068 448 3099 ιι
461 3050 585 3102 nitas
606 3064 704 3100 non
729 3046 881 3117 capit.
915 3045 988 3098 Ab
1010 3042 1188 3097 arbore
1214 3045 1391 3113 [range
1418 3058 1636 3107 ramum,
1667 3044 1859 3113 fractus
1888 3057 2001 3110 ger-

421 3141 611 3193 minare
639 3155 736 3192 non
770 3137 964 3207 poterit.
999 3136 1041 3188 Α
1079 3139 1232 3208 fonte.
1258 3134 1473 3204 prtecide
1516 3133 1717 3197 rivum,
1762 3134 2000 3200 prtecisus

423 3231 618 3285 arescit.
650 3229 703 3284 In
735 3227 816 3281 bis
843 3225 1093 3297 Cypriani
1118 3224 1294 3279 verbis
1322 3239 1426 3277 non
1459 3222 1800 3291 intelligimus
1826 3221 1997 3276 lucem

423 3339 526 3378 non
552 3336 739 3390 capere
768 3319 1104 3383 divisionem,
1130 3315 1227 3369 nisi
1255 3314 1306 3367 in
1334 3314 1532 3369 sanctis
1560 3329 1724 3383 regno
1751 3313 1845 3367 Dei
1874 3328 2003 3381 pra:-

422 3414 719 3475 dcstinatis,
750 3411 837 3476 qui
864 3409 1027 3465 dividi
1050 3408 1116 3461 ab
1137 3406 1372 3461 Ecclesia
1398 3405 1543 3460 nullo
1568 3404 1725 3459 modo
1747 3413 1996 3472 possunt;

421 3517 474 3558 ct
517 3520 620 3557 non
657 3502 959 3573 germinare
1002 3513 1205 3553 ramum
1255 3495 1512 3559 fractum,
1547 3496 1732 3549 salutis
1782 3504 1999 3548 reternre

424 3595 659 3663 germine
686 3591 976 3659 accipimus
1002 3606 1015 3642 :
1044 3588 1342 3641 ariditatcm
1369 3600 1498 3639 vero
1519 3583 1613 3639 rivi
1641 3600 1670 3638 a
1699 3583 1841 3639 futite
1865 3600 2000 3653 pne-

425 3685 542 3748 cisi,
576 3684 626 3736 in
656 3698 721 3736 eo
748 3679 890 3750 quod
922 3679 1119 3733 Sancto
1148 3676 1344 3747 Spiritu
1366 3685 1655 3729 vacuantur
1681 3674 1771 3757 qui
1798 3675 1862 3728 ab
1885 3675 2001 3728 uni-

425 3785 533 3829 tate
581 3778 932 3841 separantur,
980 3767 1353 3837 agnoscimus;
1401 3780 1505 3819 non
1555 3764 1607 3818 in
1666 3758 2001 3819 sacramento

410 3864 678 3937 Baptismi
701 3907 716 3931 ,
748 3861 886 3934 quod
915 3870 968 3917 et
996 3860 1120 3915 boni
1149 3866 1203 3913 et
1232 3858 1355 3912 mali
1398 3856 1596 3911 habere
1637 3867 1891 3927 possunt,
1930 3858 1999 3911 ita

424 3958 550 4012 furis
579 3966 781 4026 aperte,
807 3949 1249 4024 quemadmodum
1278 3949 1419 4002 intus
1437 3948 1640 4001 occulte
1660 3948 1727 4001 ab
1748 3947 2000 4001 Ecclesia:

410 4049 701 4103 sanctitate
726 4043 977 4113 separati.
997 4039 1100 4096 Sed
1124 4038 1263 4093 unde
1290 4052 1447 4092 nemo
1472 4036 1698 4102 dubitat,
1727 4036 1867 4105 quod
1894 4038 1910 4067 ²
1933 4036 2001 4091 de

423 4140 591 4209 ipsius
614 4136 863 4192 Ecclesire
892 4131 1210 4189 fecunditate
1232 4138 1345 4184 toto
1366 4138 1624 4183 terrarum
1646 4128 1775 4181 orbe
1795 4126 2001 4181 diﬂ‘usaa

406 4231 651 4286 senserit
668 4227 983 4298 Cyprianus,
1012 4222 1224 4277 attende
1249 4222 1300 4275 in
1323 4220 1404 4274 bis
1428 4235 1547 4289 qua:
1571 4219 1866 4289 subiungit:
1889 4220 1997 4287 Sic,

426 4321 616 4392 inquit,
645 4329 690 4372 et
720 4316 943 4371 Ecclesia
970 4312 1176 4367 Domini
1200 4313 1330 4367 lucet
1357 4314 1585 4383 perfusa,
1620 4327 1708 4378 per
1737 4311 1903 4365 orbem
1924 4322 2000 4366 to-

425 4423 531 4463 tum
564 4409 734 4463 radios
760 4421 875 4461 suos
907 4403 1154 4476 porrigit;
1194 4418 1350 4455 unum
1378 4411 1542 4455 tamen
1571 4402 1740 4456 lumen
1766 4412 1839 4455 est
1866 4402 2000 4473 quod

422 4501 602 4571 ubique
619 4498 669 4551 di
673 4495 944 4564 ﬁ'unditur,
966 4509 1056 4547 nec
1072 4492 1240 4547 unitas
1259 4493 1484 4562 corporis
1504 4502 1783 4562 separatur.
1807 4492 1997 4547 Ramos

423 4608 539 4645 suos
566 4590 619 4645 in
650 4588 928 4641 universam
957 4594 1142 4639 terram
1170 4586 1315 4654 copia
1339 4586 1578 4638 ubertatis
1603 4585 1843 4649 extendit,
1876 4602 1999 4655 pro.

424 4684 632 4751 fluentes
676 4676 882 4749 largiter
923 4676 1057 4729 rivos
1106 4675 1260 4729 latius
1304 4674 1579 4744 expandit;
1624 4690 1781 4727 unum
1831 4684 1997 4728 tamen

421 4780 573 4841 caput
599 4778 687 4833 est,
708 4777 751 4823 et
781 4768 921 4839 origo
948 4782 1071 4833 una,
1089 4774 1134 4818 et
1162 4781 1267 4818 una
1294 4774 1454 4817 mater
1469 4764 1790 4832 fecunditatis
1804 4781 1996 4820 succes-

416 4864 558 4917 sibus
583 4860 808 4930 copiosa.
833 4858 980 4912 llanc
1001 4855 1290 4911 Ecclesiam
1313 4853 1609 4926 Cyprianus
1631 4854 1682 4908 in
1708 4854 1997 4925 Scripturis

420 4952 618 5007 sanctis
648 4948 983 5020 promissam,
1017 4947 1068 5000 in
1096 4947 1345 5001 universo
1371 4943 1571 4998 mundo
1599 4944 1882 5011 redditam,
1910 4946 1995 4999 di-

422 5041 790 5110 lexit,'tenuit,
817 5038 1209 5094 commendavit
1228 5053 1245 5090 :
1266 5053 1424 5108 quam
1452 5036 1641 5107 perditi
1669 5036 1994 5093 sshismatici

423 5137 503 5189 vel
540 5132 773 5189 haeretici
806 5130 950 5184 velut
988 5144 1017 5184 a
1055 5128 1208 5183 malis
1233 5145 1291 5183 se
1320 5128 1625 5182 discernere
1654 5142 1715 5181 ac
1743 5142 1995 5195 separare

420 5226 713 5295 cupientes.
731 5220 1082 5277 seditionibus
1098 5220 1276 5289 impiis
1298 5220 1646 5286 reliquerunt.
1662 5218 1759 5284 Qui
1785 5234 1850 5273 ne
1869 5233 1995 5275 suos

422 5320 599 5371 exitus
636 5314 829 5385 impios
855 5313 1005 5366 vanis
1036 5309 1463 5365 excusatiunibus
1488 5308 1703 5364 abluere
1731 5324 1993 5365 conaren-

432 5396 552 5473 tur,
596 5414 778 5461 saneta
823 5402 1092 5471 Scriptura
1140 5397 1608 5469 prmdixit:Filius
1634 5400 1795 5452 malus
1818 5400 1999 5469 ipsese

488 5520 502 5547 ¹
528 5516 679 5567 Fditi:
704 5512 795 5565 sed
812 5511 925 5562 inde
952 5521 1089 5559 nemo
1121 5507 1321 5559 dubitat.
1347 5505 1469 5566 Quid
1493 5520 1618 5557 vero.
1667 5515 1723 5558 At
1759 5516 1863 5558 Mss.
1901 5524 1995 5561 non

419 5580 623 5636 habent,
647 5590 773 5635 vero,
795 5574 885 5623 nisi
931 5572 1052 5636 forte
1078 5571 1125 5619 in
1150 5569 1449 5618 iuterlincari
1473 5570 1629 5630 spatio
1648 5576 1702 5636 et
1734 5582 1762 5616 a
1786 5574 1995 5636 secunda

422 5652 563 5702 nimo
586 5631 918 5702 imprudenter
941 5634 1214 5702 adjectum;
1241 5639 1292 5702 et
1307 5631 1847 5702 preteruut,.sed‘untte
1864 5646 1999 5702 nemo

424 5698 605 5746 dubitat
633 5690 801 5761 {quod
848 5709 945 5761 non
989 5690 1050 5743 ad
1090 5690 1372 5755 superiora,
1419 5691 1507 5741 sed
1546 5690 1605 5739 ad
1648 5694 1997 5755 subsequentia

423 5761 616 5805 cantico
650 5758 983 5807 referendum.
1774 5776 1777 5779 ·

489 5818 559 5879 (ιι)
583 5819 718 5867 Liber
734 5819 796 5867 de
818 5817 1124 5880 supplicitate
1142 5812 1441 5863 Praelatorum
1462 5814 1603 5863 etiam
1619 5815 1909 5866 imibitur.

3578 368 3684 423 £92

2095 476 2290 546 justum
2338 478 2493 545 dicit,
2524 479 2711 532 exitum
2752 489 2919 532 autem
2963 495 3111 531 suum
3160 496 3259 533 non
3299 478 3455 534 abluit
3497 479 3678 548 (Prov.

2100 585 2245 634 utv,
2279 580 2388 638 post
2424 569 2586 640 9.22
2624 586 2723 623 sec.
2752 568 3089 640 LXX).Quia
3131 585 3229 624 nec
3270 580 3486 640 propter
3513 574 3687 627 malos

2097 663 2185 731 qui
2216 662 2460 716 videntur
2487 677 2605 717 esse
2634 663 2796 729 intus,
2830 661 3111 717 deserendi
3139 673 3263 717 sunt
3290 664 3413 717 boni
3440 666 3529 735 qui
3560 681 3686 720 vere

2098 764 2218 807 sunt
2246 754 2407 807 intus.

2167 845 2249 899 CA
2261 845 2389 901 PUT
2414 844 2650 900 XXXIV.
2682 877 2755 888 —
2776 847 2861 901 63.
2884 847 3017 901 llinc
3038 847 3224 901 beatus
3242 846 3538 918 Cyprianus
3557 851 3685 918 quid

2098 938 2321 991 senserit
2361 940 2540 1008 accipe
2569 954 2633 992 ex
2663 939 2886 1006 cpistola
2934 955 3091 1009 quam
3132 941 3342 1007 scripsit
3374 940 3438 993 ad
3469 943 3691 1010 presby-

2098 1038 2268 1084 terum
2301 1031 2580 1085 Maximum
2604 1039 2657 1084 et
2688 1041 2930 1093 cancros,
2958 1032 3149 1100 quibus
3175 1032 3241 1085 de
3269 1033 3611 1087 sebistnattco
3636 1043 3692 1086 et

2099 1120 2350 1175 barretico
2379 1137 2560 1177 errore
2584 1124 2647 1176 ad
2675 1123 2969 1176 Ecclesium
2998 1123 3340 1176 redeuntibus
3368 1127 3687 1193 gratulatur.

2103 1232 2121 1266 ι
2158 1215 2285 1268 Nam
2316 1216 2413 1269 etsi
2442 1216 2709 1280 videntur,
2742 1235 2760 1267 ι
2792 1216 2980 1284 inquit,
3010 1235 3028 1268 ι
3057 1218 3105 1269 in
3139 1216 3371 1270 Ecclesia
3402 1231 3522 1270 esse
3550 1218 3689 1272 ziza-

2099 1306 2204 1367 nia,
2241 1322 2344 1358 non
2376 1314 2552 1359 tamen
2587 1306 2829 1374 impediri
2862 1307 3024 1360 debet
3052 1316 3143 1359 aut
3176 1307 3307 1360 fides
3336 1317 3425 1360 aut
3449 1306 3689 1363 Charitas

2099 1410 2302 1459 noStra,
2332 1406 2389 1450 ut
2410 1397 2661 1466 quoniam
2685 1399 2883 1452 zizania
2906 1414 3025 1453 esse
3054 1399 3106 1451 in
3134 1398 3369 1453 Ecclesia
3392 1401 3685 1463 cernimus,

2099 1489 2197 1559 ipsi
2228 1489 2292 1543 de
2323 1490 2560 1544 Ecclesia
2595 1491 2928 1545 recedamus.
2962 1490 3124 1545 Nobis
3148 1491 3512 1544 tantummodo
3540 1492 3687 1545 labo-

2100 1579 2321 1633 randum
2356 1588 2473 1645 est,
2522 1590 2574 1633 ut
2619 1580 2940 1633 frumentum
2981 1594 3100 1635 esse
3143 1581 3435 1649 poSsimus;
3478 1591 3532 1634 ut
3560 1597 3683 1634 cum

2101 1672 2325 1740 coeperit
2354 1672 2675 1725 frumentum
2703 1671 2984 1725 dominicis
3017 1671 3223 1726 liorreis
3248 1671 3426 1733 coadi,
3454 1670 3683 1726 fructum

2100 1778 2197 1831 pro
2244 1777 2405 1830 opere
2448 1771 2632 1815 nostro
2672 1772 2725 1815 et
2767 1762 2949 1816 labore
2994 1765 3284 1830 capiamus.
3317 1764 3602 1831 Apostolus
3636 1764 3686 1816 in

2102 1853 2333 1921 Epistula
2373 1866 2469 1907 sua
2509 1852 2638 1907 dicit
2668 1870 2681 1905 :
2713 1852 2779 1906 In
2810 1853 2959 1906 domo
2986 1863 3155 1907 autem
3186 1871 3368 1923 magna
3396 1871 3494 1907 non
3524 1857 3691 1908 solum

2100 1959 2218 1997 rasa
2246 1953 2362 1996 sunt
2388 1960 2541 1996 aurea
2568 1954 2615 1997 et
2642 1954 2899 2013 argentea,
2928 1939 3015 1997 sed
3043 1954 3088 1997 et
3120 1943 3285 2013 lignea
3313 1955 3359 1997 et
3390 1946 3605 2013 fictilia;
3646 1957 3690 1997 et

2100 2035 2329 2105 quaedam
2356 2035 2555 2104 quidem
2584 2036 2851 2102 honorata,
2880 2037 3113 2105 quwdotn
3138 2037 3443 2090 inhonorata
3472 2038 3532 2107 (ll
3558 2037 3689 2091 Tim.

2101 2142 2159 2193 ιι,
2186 2127 2299 2196 20).
2324 2126 2431 2181 Nos
2459 2144 2673 2197 operam
2703 2127 2915 2193 demus,
2939 2138 2991 2182 et
3019 2140 3275 2198 quantum
3305 2146 3587 2199 possumus
3615 2132 3689 2185 la-

2102 2217 2380 2283 boremus,
2416 2228 2471 2272 ut
2498 2234 2588 2271 vas
2619 2234 2835 2272 aureum
2868 2230 2920 2273 et
2948 2230 3257 2289 argenteum
3289 2223 3477 2276 simus.
3510 2224 3689 2277 Cade-

2101 2324 2218 2363 rum
2249 2310 2423 2363 fictilia
2450 2325 2572 2363 vasa
2600 2308 2938 2380 confringere
2984 2312 3208 2367 Domino
3234 2313 3334 2367 Soli
3366 2329 3685 2369 concessum

2102 2410 2202 2464 est,
2227 2402 2309 2455 cui
2344 2403 2485 2471 virga
2514 2401 2681 2457 ferrea
2713 2402 2833 2457 data
2864 2412 2946 2458 cst
2976 2403 3090 2476 (Pst
3112 2404 3146 2458 ι.
3177 2421 3247 2471 ιι,
3277 2406 3356 2476 9).
3410 2407 3541 2462 Esse
3582 2425 3690 2464 nun

2103 2500 2275 2559 potest
2300 2492 2469 2559 major
2488 2492 2704 2546 domino
2733 2508 2831 2547 suo
2861 2509 3047 2549 servus
3073 2497 3089 2562 (
3106 2495 3248 2548 Ioan.
3278 2512 3363 2550 χιιι
3386 2538 3399 2559 ,
3429 2497 3551 2568 16);
3598 2514 3694 2553 ne-

2104 2596 2209 2649 que
2239 2582 2517 2652 quisquam
2550 2583 2671 2649 sibi,
2699 2583 2839 2653 quod
2870 2585 2967 2639 soli
2997 2584 3130 2639 Filio
3160 2585 3316 2639 Pater
3344 2587 3547 2653 tribuit,
3569 2588 3689 2641 vin—

2101 2673 2279 2729 dicare
2305 2692 2319 2729 :
2343 2685 2399 2728 ut
2424 2690 2480 2729 se
2506 2685 2653 2744 putet
2679 2685 2770 2730 aut
2799 2676 2863 2729 ad
2890 2692 3070 2731 aream
3101 2678 3457 2731 ventilandam
3479 2688 3533 2733 et
3560 2696 3688 2748 pur-

2103 2767 2353 2837 gandum,
2391 2768 2559 2836 palam
2592 2767 2731 2822 ferre
2752 2767 2861 2837 jam
2892 2748 3071 2837 posse,
3100 2778 3185 2821 aut
3217 2784 3247 2822 a
3278 2770 3543 2823 frumento
3566 2770 3689 2824 uni-

2104 2872 2257 2911 versa
2290 2857 2488 2911 zizania
2521 2858 2754 2911 bumano
2777 2858 2976 2926 judicio
3002 2874 3255 2927 separare
3280 2862 3316 2913 ³.
3345 2862 3578 2930 Superba
3605 2872 3692 2916 est

2103 2948 2201 3003 ista
2227 2948 2535 3016 obstinatio,
2556 2958 2609 3004 et
2628 2950 2881 3019 sacrilega
2912 2953 3269 3020 prresumptio,
3294 2968 3450 3021 quam
3479 2952 3576 3006 sibi
3603 2952 3685 3005 fn-

2102 3054 2195 3094 ror
2227 3054 2423 3109 pravus
2451 3040 2674 3093 assumit
2696 3058 2709 3094 :
2733 3050 2786 3094 et
2813 3040 2937 3094 dum
2969 3042 3068 3096 sibi
3100 3057 3310 3112 senper
3328 3042 3538 3112 quidam
3571 3046 3690 3113 plus

2104 3146 2265 3201 quam
2301 3131 2446 3184 mitis
2480 3131 2682 3200 justitia
2714 3132 2954 3202 deposcit
2990 3146 3302 3199 assumunt,
3335 3136 3401 3190 de
3452 3136 3688 3190 Ecclesia

2103 3231 2365 3291 pereunt;
2393 3232 2446 3275 et
2475 3220 2599 3275 dum
2628 3237 2686 3277 se
2715 3223 3008 3278 insolenter
3034 3226 3315 3291 extollunt,
3347 3228 3459 3294 ipso
3486 3243 3578 3282 suo
3604 3238 3694 3281 tn-

2103 3326 2252 3365 more
2278 3312 2481 3377 cmcati,
2506 3313 2741 3367 veritatis
2766 3314 2942 3369 lumen
2974 3317 3239 3370 amittunt.
3270 3338 3287 3369 ι
3308 3318 3484 3384 Vides,
3504 3318 3690 3384 frater,

2103 3403 2391 3458 secundum
2425 3402 2959 3474 Scripturas'divinas
2988 3407 3087 3463 hoc
3120 3412 3440 3479 prmcepisse
3469 3411 3692 3481 Cypria-

2105 3510 2253 3560 num,
2281 3496 2439 3549 etiam
2473 3508 2689 3567 propter
2720 3498 2924 3551 malos:
2954 3500 3042 3568 qui
3073 3516 3192 3553 cum
3226 3502 3331 3555 sint
3360 3519 3386 3553 a
3418 3503 3565 3556 bonis
3584 3502 3689 3555 vita

2104 3587 2447 3657 moribusque
2472 3588 2821 3656 Spiritualiter
2849 3590 3099 3656 separati,
3132 3593 3485 3659 corporaliter
3513 3604 3689 3648 tamen

2103 3679 2182 3734 eis
2213 3679 2264 3733 in
2296 3679 2529 3734 Ecclesia
2558 3680 2802 3735 videntur
2828 3696 2945 3735 esse
2986 3683 3222 3749 permixti
3252 3700 3419 3752 usque
3462 3686 3512 3737 in
3544 3684 3689 3739 diem

2100 3769 2284 3841 judicii
2305 3812 2319 3833 ,
2349 3786 2453 3839 quo
2491 3770 2649 3824 etiam
2688 3772 3041 3839 corporaliter
3066 3770 3271 3825 debitas
3298 3775 3694 3841 scparabuntur

2104 3862 2169 3915 ad
2200 3876 2405 3931 pinnas.
2443 3861 2556 3915 Non
2588 3872 2670 3917 est
2699 3861 2937 3916 Ecclesia
2965 3862 3257 3917 deserenda
3288 3872 3539 3934 tanquam
3572 3865 3691 3919 fru-

2107 3961 2283 4005 menta
2316 3962 2533 4022 propter
2562 3953 2767 4023 paleam
2798 3954 2876 4007 vel
2907 3954 3111 4008 zizania
3134 3997 3148 4023 ,
3190 3965 3437 4025 tanquam
3468 3958 3691 4013 domum

2105 4044 2383 4112 magnam'
2402 4053 2617 4113 propter
2643 4058 2765 4097 vasa
2798 4043 3131 4099 inhonorata.
3159 4045 3335 4113 Vides,
3368 4047 3537 4111 audis,
3561 4062 3692 4102 scn-

2106 4132 2193 4195 tis,
2224 4139 2390 4200 capis,
2423 4133 2690 4202 intelligis,
2723 4144 2921 4204 quanto
2964 4135 3166 4189 scelere
3186 4176 3200 4200 ,
3233 4145 3450 4205 propter
3478 4152 3572 4192 eos
3598 4140 3692 4208 qui

2104 4222 2255 4277 vobis
2285 4225 2396 4278 sive
2422 4234 2568 4279 recte
2596 4225 2705 4278 sive
2726 4240 2847 4278 cum
2877 4223 3112 4278 fallimiui
3139 4226 3442 4294 distilicent,
3471 4243 3694 4298 separe-

2105 4314 2232 4368 mini
2264 4314 2330 4367 ab
2363 4314 2595 4369 Ecclesia
2626 4331 2744 4383 qua:
2792 4324 2903 4369 toto
2940 4317 3070 4370 orbe
3113 4315 3444 4383 diffunditur,
3474 4320 3555 4371 cui
3600 4334 3691 4372 sc-

2102 4406 2331 4461 cundunt
2350 4406 2649 4476 Scripturas
2664 4406 2889 4468 divinas,
2907 4415 3012 4460 tam
3036 4423 3305 4477 magnum,
3322 4417 3427 4461 tam
3450 4409 3653 4462 lirmum
3669 4451 3686 4471 ,

2105 4504 2210 4549 tam
2246 4495 2445 4549 clarum
2485 4506 2642 4564 atque
2687 4495 3012 4549 luculentum
3051 4499 3409 4553 testimonium
3444 4499 3689 4569 perbibet

2103 4587 2416 4657 Cyprianus.

2172 4676 2396 4733 CAPUT
2434 4675 2743 4731 XXXV.-—
2788 4677 2876 4732 44.
2919 4676 3275 4743 Quamobrem
3313 4680 3527 4735 attende
3563 4681 3692 4735 dili-

2101 4779 2289 4839 genter
2308 4770 2375 4824 de
2401 4778 2505 4823 tota
2538 4769 2637 4825 ista
2663 4770 2959 4838 quarstione
2982 4770 3195 4825 brevem
3224 4772 3691 4827 ratiocinationem

2101 4880 2295 4918 meam.
2319 4860 2375 4919 Si
2397 4870 2541 4917 recte
2571 4862 2622 4915 in
2654 4862 2945 4915 Ecclesium
2974 4863 3301 4932 recipiuntur
3326 4878 3388 4917 ex
3418 4863 3691 4919 lizcretieis

2101 4958 2410 5022 venientes,
2456 4966 2512 5008 ut
2543 4956 2593 5007 in
2629 4955 2707 5009 eis
2740 4969 2893 5009 error
2921 4956 3164 5024 proprius
3192 4955 3509 5025 corrigatur,
3552 4956 3692 5009 divi-

2102 5066 2226 5102 num
2258 5057 2434 5103 autem
2463 5047 2866 5103 Sacramentum
2900 5064 3006 5101 non
3034 5048 3391 5111 rescindatur;
3419 5049 3556 5103 bene
3580 5051 3690 5104 illic

2104 5138 2435 5195 viventibus’
2454 5148 2702 5209 tanquam
2727 5140 3006 5193 frumentis
3030 5138 3308 5194 dominicis
3334 5142 3691 5210 gratulamur.

2102 5232 2157 5288 Si
2186 5242 2361 5287 autem
2383 5274 2397 5297 ,
2437 5232 2569 5285 sicut
2603 5232 2796 5301 putatis
2820 5273 2833 5293 ,
2866 5240 2919 5287 et
2946 5232 3269 5302 Cyprianum
3300 5232 3452 5287 vobis
3492 5234 3542 5286 in
3586 5234 3692 5290 bac

2103 5322 2364 5378 sententia
2410 5319 2591 5375 favere
2634 5320 2879 5390 iactatis,
2924 5337 3029 5375 non
3074 5321 3272 5375 habent
3313 5321 3691 5391 Baptismum;

2169 5518 2182 5547 ί
2212 5523 2284 5566 Er.
2318 5514 2463 5579 Lugd.
2492 5523 2609 5579 Ven.
2636 5516 2706 5579 sic
2728 5514 2901 5579 legunt
2925 5515 3054 5565 bunc
3076 5514 3230 5565 locum
3256 5530 3268 5564 :
3300 5521 3353 5579 Et
3378 5518 3690 5579 purgandum

2103 5579 2292 5641 paleam
2314 5576 2625 5647 ventilabrum
2659 5577 2768 5637 jam
2789 5576 2918 5647 ferre
2942 5590 3095 5647 posse,
3140 5585 3222 5628 aut
3244 5592 3274 5625 a
3296 5576 3539 5639 {mm
3574 5581 3689 5629 uns-

2105 5638 2291 5689 rersam
2313 5638 2547 5688 zizaniam
2569 5638 2980 5700 lmmanojudicio
3002 5651 3248 5700 separare.
3298 5638 3369 5687 Qu.

2171 5702 2193 5763 ξ
2223 5703 2294 5749 sic
2314 5700 2446 5757 (aditi,
2476 5701 2707 5749 mendose
2731 5713 2743 5747 :
2771 5702 3178 5763 namverborutn
3212 5709 3450 5750 structura
3476 5703 3695 5763 posuzlat

2105 5771 2152 5808 ut
2176 5760 2373 5831 legatur
2398 5763 2690 5831 nominativo
2700 5773 2842 5831 casu,
2871 5762 3039 5831 derisus
3057 5774 3248 5827 magna.
3314 5770 3369 5809 ιι.

2172 5824 2190 5852 ³
2214 5818 2283 5869 sic
2306 5830 2406 5869 ηδε.
2441 5832 2486 5871 ιι
2512 5822 2645 5883 editi,
2672 5820 2767 5873 illis
2790 5818 3060 5873 rirentibns.
