  <div class='ocr_page' id='page_1' title='image "/cluster/home/n/w/nwhite01/storage/ocr_20150623/43/hvd.32044096580659/252.png"; bbox 0 0 4066 6200; ppageno 0'>
   <div class='ocr_carea' id='block_1_1' title="bbox 425 269 528 325">
    <p class='ocr_par' dir='ltr' id='par_1_1' title="bbox 425 269 528 325">
     <span class='ocr_line' id='line_1_1' title="bbox 425 269 528 325; baseline 0.019 -2"><span class='ocrx_word' id='word_1_1' title='bbox 425 269 528 325; x_wconf 69' lang='grc'><strong>893</strong></span> 
     </span>
    </p>
   </div>
   <div class='ocr_carea' id='block_1_2' title="bbox 419 380 2009 453">
    <p class='ocr_par' dir='ltr' id='par_1_2' title="bbox 419 380 2009 453">
     <span class='ocr_line' id='line_1_2' title="bbox 419 380 2009 453; baseline 0.002 -16"><span class='ocrx_word' id='word_1_2' title='bbox 419 380 794 437; x_wconf 86' lang='lat' dir='ltr'><strong>certeadmissi</strong></span> <span class='ocrx_word' id='word_1_3' title='bbox 814 383 910 437; x_wconf 81' lang='lat' dir='ltr'><strong>sim</strong></span> <span class='ocrx_word' id='word_1_4' title='bbox 919 382 1122 453; x_wconf 84' lang='lat' dir='ltr'><strong>pliciter</strong></span> <span class='ocrx_word' id='word_1_5' title='bbox 1138 383 1202 438; x_wconf 86' lang='lat' dir='ltr'><strong>ad</strong></span> <span class='ocrx_word' id='word_1_6' title='bbox 1222 384 1530 448; x_wconf 67' lang='lat' dir='ltr'><strong>Ecclesium,</strong></span> <span class='ocrx_word' id='word_1_7' title='bbox 1547 386 1834 442; x_wconf 80' lang='lat' dir='ltr'><strong>secundum</strong></span> <span class='ocrx_word' id='word_1_8' title='bbox 1849 382 1968 442; x_wconf 86' lang='lat' dir='ltr'><strong>cum</strong></span> <span class='ocrx_word' id='word_1_9' title='bbox 1990 417 2009 428; x_wconf 75' lang='grc' dir='ltr'><strong><em>ο</em></strong></span> 
     </span>
    </p>
   </div>
   <div class='ocr_carea' id='block_1_3' title="bbox 325 471 2008 546">
    <p class='ocr_par' dir='ltr' id='par_1_3' title="bbox 325 471 2008 546">
     <span class='ocr_line' id='line_1_3' title="bbox 325 471 2008 546; baseline 0.005 -24"><span class='ocrx_word' id='word_1_10' title='bbox 325 515 332 522; x_wconf 85' lang='grc'>.</span> <span class='ocrx_word' id='word_1_11' title='bbox 420 471 906 543; x_wconf 80' lang='lat' dir='ltr'><strong>demCyprianum,</strong></span> <span class='ocrx_word' id='word_1_12' title='bbox 934 485 1152 545; x_wconf 87' lang='lat' dir='ltr'><strong>propter</strong></span> <span class='ocrx_word' id='word_1_13' title='bbox 1176 477 1419 532; x_wconf 88' lang='lat' dir='ltr'><strong>meritum</strong></span> <span class='ocrx_word' id='word_1_14' title='bbox 1446 477 1613 546; x_wconf 86' lang='lat' dir='ltr'><strong>ipsius</strong></span> <span class='ocrx_word' id='word_1_15' title='bbox 1638 479 1652 509; x_wconf 71' lang='grc' dir='ltr'>ι</span> <span class='ocrx_word' id='word_1_16' title='bbox 1681 478 1897 532; x_wconf 73' lang='lat' dir='ltr'><strong>unitatis</strong></span> <span class='ocrx_word' id='word_1_17' title='bbox 1925 479 2008 531; x_wconf 91' lang='lat' dir='ltr'><strong>iu-</strong></span> 
     </span>
    </p>
   </div>
   <div class='ocr_carea' id='block_1_4' title="bbox 418 561 2006 631">
    <p class='ocr_par' dir='ltr' id='par_1_4' title="bbox 418 561 2006 631">
     <span class='ocr_line' id='line_1_4' title="bbox 418 561 2006 631; baseline 0.004 -14"><span class='ocrx_word' id='word_1_18' title='bbox 418 561 744 631; x_wconf 78' lang='lat' dir='ltr'><strong>dulgentiam</strong></span> <span class='ocrx_word' id='word_1_19' title='bbox 772 564 863 621; x_wconf 82' lang='lat' dir='ltr'><strong>Dei</strong></span> <span class='ocrx_word' id='word_1_20' title='bbox 886 576 1172 630; x_wconf 85' lang='lat' dir='ltr'><strong>merentur,</strong></span> <span class='ocrx_word' id='word_1_21' title='bbox 1196 583 1293 622; x_wconf 87' lang='lat' dir='ltr'><strong>nec</strong></span> <span class='ocrx_word' id='word_1_22' title='bbox 1318 568 1385 624; x_wconf 84' lang='lat' dir='ltr'><strong>al)</strong></span> <span class='ocrx_word' id='word_1_23' title='bbox 1413 569 1667 624; x_wconf 62' lang='lat' dir='ltr'><strong>Ecclesiae</strong></span> <span class='ocrx_word' id='word_1_24' title='bbox 1698 570 2006 625; x_wconf 82' lang='lat' dir='ltr'><strong>muneribus</strong></span> 
     </span>
    </p>
   </div>
   <div class='ocr_carea' id='block_1_5' title="bbox 419 656 2010 728">
    <p class='ocr_par' dir='ltr' id='par_1_5' title="bbox 419 656 2010 728">
     <span class='ocr_line' id='line_1_5' title="bbox 419 656 2010 728; baseline 0.004 -20"><span class='ocrx_word' id='word_1_25' title='bbox 419 666 753 724; x_wconf 74' lang='lat' dir='ltr'><strong>scparautur.</strong></span> <span class='ocrx_word' id='word_1_26' title='bbox 782 656 844 710; x_wconf 84' lang='lat' dir='ltr'><strong>Et</strong></span> <span class='ocrx_word' id='word_1_27' title='bbox 873 658 1192 728; x_wconf 76' lang='lat' dir='ltr'><strong>quicumque</strong></span> <span class='ocrx_word' id='word_1_28' title='bbox 1217 660 1335 716; x_wconf 85' lang='lat' dir='ltr'><strong>illos</strong></span> <span class='ocrx_word' id='word_1_29' title='bbox 1359 661 1650 715; x_wconf 89' lang='lat' dir='ltr'><strong>secundum</strong></span> <span class='ocrx_word' id='word_1_30' title='bbox 1683 677 1883 718; x_wconf 85' lang='lat' dir='ltr'><strong>morem</strong></span> <span class='ocrx_word' id='word_1_31' title='bbox 1912 678 2010 715; x_wconf 81' lang='lat' dir='ltr'><strong>aa-</strong></span> 
     </span>
    </p>
   </div>
   <div class='ocr_carea' id='block_1_6' title="bbox 422 745 2010 821">
    <p class='ocr_par' dir='ltr' id='par_1_6' title="bbox 422 745 2010 821">
     <span class='ocr_line' id='line_1_6' title="bbox 422 745 2010 821; baseline 0.009 -26"><span class='ocrx_word' id='word_1_32' title='bbox 422 746 705 805; x_wconf 83' lang='lat' dir='ltr'><strong>teriorcm.</strong></span> <span class='ocrx_word' id='word_1_33' title='bbox 746 745 812 799; x_wconf 88' lang='lat' dir='ltr'><strong>de</strong></span> <span class='ocrx_word' id='word_1_34' title='bbox 842 763 945 816; x_wconf 88' lang='lat' dir='ltr'><strong>quo</strong></span> <span class='ocrx_word' id='word_1_35' title='bbox 996 765 1097 802; x_wconf 90' lang='lat' dir='ltr'><strong>non</strong></span> <span class='ocrx_word' id='word_1_36' title='bbox 1131 751 1292 808; x_wconf 88' lang='lat' dir='ltr'><strong>tacuit</strong></span> <span class='ocrx_word' id='word_1_37' title='bbox 1319 750 1652 821; x_wconf 79' lang='lat' dir='ltr'><strong>Cyprianus,</strong></span> <span class='ocrx_word' id='word_1_38' title='bbox 1696 753 2010 821; x_wconf 75' lang='lat' dir='ltr'><strong>simpliciter</strong></span> 
     </span>
    </p>
   </div>
   <div class='ocr_carea' id='block_1_7' title="bbox 419 837 2006 911">
    <p class='ocr_par' dir='ltr' id='par_1_7' title="bbox 419 837 2006 911">
     <span class='ocr_line' id='line_1_7' title="bbox 419 837 2006 911; baseline 0.009 -25"><span class='ocrx_word' id='word_1_39' title='bbox 419 837 737 900; x_wconf 83' lang='lat' dir='ltr'><strong>admittunt,</strong></span> <span class='ocrx_word' id='word_1_40' title='bbox 784 849 834 890; x_wconf 83' lang='lat' dir='ltr'><strong>et</strong></span> <span class='ocrx_word' id='word_1_41' title='bbox 883 848 1028 894; x_wconf 84' lang='lat' dir='ltr'><strong>recte</strong></span> <span class='ocrx_word' id='word_1_42' title='bbox 1057 856 1119 894; x_wconf 86' lang='lat' dir='ltr'><strong>ac</strong></span> <span class='ocrx_word' id='word_1_43' title='bbox 1164 843 1368 911; x_wconf 75' lang='lat' dir='ltr'><strong>pacifici</strong></span> <span class='ocrx_word' id='word_1_44' title='bbox 1402 843 1618 910; x_wconf 83' lang='lat' dir='ltr'><strong>vivunt,</strong></span> <span class='ocrx_word' id='word_1_45' title='bbox 1651 846 1790 900; x_wconf 86' lang='lat' dir='ltr'><strong>inter</strong></span> <span class='ocrx_word' id='word_1_46' title='bbox 1816 846 2006 906; x_wconf 87' lang='lat' dir='ltr'><strong>eadem</strong></span> 
     </span>
    </p>
   </div>
   <div class='ocr_carea' id='block_1_8' title="bbox 417 927 2005 1005">
    <p class='ocr_par' dir='ltr' id='par_1_8' title="bbox 417 927 2005 1005">
     <span class='ocr_line' id='line_1_8' title="bbox 417 927 2005 1005; baseline 0.008 -25"><span class='ocrx_word' id='word_1_47' title='bbox 417 927 682 982; x_wconf 68' lang='lat' dir='ltr'><strong>frium-um</strong></span> <span class='ocrx_word' id='word_1_48' title='bbox 715 930 908 986; x_wconf 81' lang='lat' dir='ltr'><strong>horren</strong></span> <span class='ocrx_word' id='word_1_49' title='bbox 935 932 1196 987; x_wconf 75' lang='lat' dir='ltr'><strong>destinata</strong></span> <span class='ocrx_word' id='word_1_50' title='bbox 1222 934 1565 1005; x_wconf 86' lang='lat' dir='ltr'><strong>deputantur.</strong></span> <span class='ocrx_word' id='word_1_51' title='bbox 1589 937 1686 1003; x_wconf 83' lang='lat' dir='ltr'><strong>Qui</strong></span> <span class='ocrx_word' id='word_1_52' title='bbox 1715 949 1892 994; x_wconf 85' lang='lat' dir='ltr'><strong>autem</strong></span> <span class='ocrx_word' id='word_1_53' title='bbox 1922 939 2005 994; x_wconf 86' lang='lat' dir='ltr'><strong>vel</strong></span> 
     </span>
    </p>
   </div>
   <div class='ocr_carea' id='block_1_9' title="bbox 413 1022 2005 1099">
    <p class='ocr_par' dir='ltr' id='par_1_9' title="bbox 413 1022 2005 1099">
     <span class='ocr_line' id='line_1_9' title="bbox 413 1022 2005 1099; baseline 0.009 -27"><span class='ocrx_word' id='word_1_54' title='bbox 413 1022 646 1075; x_wconf 84' lang='lat' dir='ltr'><strong>scientes</strong></span> <span class='ocrx_word' id='word_1_55' title='bbox 671 1035 856 1077; x_wconf 83' lang='lat' dir='ltr'><strong>contra</strong></span> <span class='ocrx_word' id='word_1_56' title='bbox 885 1026 1160 1079; x_wconf 89' lang='lat' dir='ltr'><strong>veritatem</strong></span> <span class='ocrx_word' id='word_1_57' title='bbox 1205 1027 1254 1080; x_wconf 92' lang='lat' dir='ltr'><strong>in</strong></span> <span class='ocrx_word' id='word_1_58' title='bbox 1299 1029 1378 1082; x_wconf 80' lang='lat' dir='ltr'><strong>eis</strong></span> <span class='ocrx_word' id='word_1_59' title='bbox 1420 1030 1740 1099; x_wconf 70' lang='lat' dir='ltr'><strong>recipiendis</strong></span> <span class='ocrx_word' id='word_1_60' title='bbox 1779 1041 2005 1086; x_wconf 78' lang='lat' dir='ltr'><strong>conten-</strong></span> 
     </span>
    </p>
   </div>
   <div class='ocr_carea' id='block_1_10' title="bbox 413 1111 2004 1189">
    <p class='ocr_par' dir='ltr' id='par_1_10' title="bbox 413 1111 2004 1189">
     <span class='ocr_line' id='line_1_10' title="bbox 413 1111 2004 1189; baseline 0.006 -23"><span class='ocrx_word' id='word_1_61' title='bbox 413 1111 552 1168; x_wconf 77' lang='lat' dir='ltr'><strong>tiose</strong></span> <span class='ocrx_word' id='word_1_62' title='bbox 573 1113 850 1177; x_wconf 82' lang='lat' dir='ltr'><strong>dimicant,</strong></span> <span class='ocrx_word' id='word_1_63' title='bbox 877 1115 960 1172; x_wconf 89' lang='lat' dir='ltr'><strong>vel</strong></span> <span class='ocrx_word' id='word_1_64' title='bbox 988 1119 1166 1187; x_wconf 77' lang='lat' dir='ltr'><strong>pravis</strong></span> <span class='ocrx_word' id='word_1_65' title='bbox 1186 1128 1342 1189; x_wconf 90' lang='lat' dir='ltr'><strong>atque</strong></span> <span class='ocrx_word' id='word_1_66' title='bbox 1373 1122 1637 1189; x_wconf 81' lang='lat' dir='ltr'><strong>perversis</strong></span> <span class='ocrx_word' id='word_1_67' title='bbox 1664 1123 1901 1177; x_wconf 89' lang='lat' dir='ltr'><strong>moribus</strong></span> <span class='ocrx_word' id='word_1_68' title='bbox 1922 1125 2004 1176; x_wconf 91' lang='lat' dir='ltr'><strong>vi-</strong></span> 
     </span>
    </p>
   </div>
   <div class='ocr_carea' id='block_1_11' title="bbox 413 1206 2001 1278">
    <p class='ocr_par' dir='ltr' id='par_1_11' title="bbox 413 1206 2001 1278">
     <span class='ocr_line' id='line_1_11' title="bbox 413 1206 2001 1278; baseline 0.009 -22"><span class='ocrx_word' id='word_1_69' title='bbox 413 1217 534 1257; x_wconf 90' lang='lat' dir='ltr'><strong>vunt</strong></span> <span class='ocrx_word' id='word_1_70' title='bbox 555 1247 570 1268; x_wconf 92' lang='lat'><strong>,</strong></span> <span class='ocrx_word' id='word_1_71' title='bbox 600 1206 652 1258; x_wconf 90' lang='lat' dir='ltr'><strong>in</strong></span> <span class='ocrx_word' id='word_1_72' title='bbox 679 1207 897 1263; x_wconf 76' lang='lat' dir='ltr'><strong>zizaniis</strong></span> <span class='ocrx_word' id='word_1_73' title='bbox 939 1217 994 1263; x_wconf 91' lang='lat' dir='ltr'><strong>et</strong></span> <span class='ocrx_word' id='word_1_74' title='bbox 1033 1211 1178 1278; x_wconf 85' lang='lat' dir='ltr'><strong>palea</strong></span> <span class='ocrx_word' id='word_1_75' title='bbox 1197 1208 1433 1267; x_wconf 73' lang='lat' dir='ltr'><strong>dammis</strong></span> <span class='ocrx_word' id='word_1_76' title='bbox 1459 1210 1634 1269; x_wconf 86' lang='lat' dir='ltr'><strong>debita</strong></span> <span class='ocrx_word' id='word_1_77' title='bbox 1669 1213 2001 1270; x_wconf 89' lang='lat' dir='ltr'><strong>tolerantur:</strong></span> 
     </span>
    </p>
   </div>
   <div class='ocr_carea' id='block_1_12' title="bbox 411 1301 1998 1375">
    <p class='ocr_par' dir='ltr' id='par_1_12' title="bbox 411 1301 1998 1375">
     <span class='ocr_line' id='line_1_12' title="bbox 411 1301 1998 1375; baseline 0.01 -28"><span class='ocrx_word' id='word_1_78' title='bbox 411 1306 633 1364; x_wconf 86' lang='lat' dir='ltr'><strong>propter</strong></span> <span class='ocrx_word' id='word_1_79' title='bbox 671 1313 763 1351; x_wconf 88' lang='lat' dir='ltr'><strong>eos</strong></span> <span class='ocrx_word' id='word_1_80' title='bbox 803 1309 980 1354; x_wconf 88' lang='lat' dir='ltr'><strong>tamen</strong></span> <span class='ocrx_word' id='word_1_81' title='bbox 1023 1301 1314 1357; x_wconf 76' lang='lat' dir='ltr'><strong>Ecclesiam</strong></span> <span class='ocrx_word' id='word_1_82' title='bbox 1347 1319 1466 1375; x_wconf 76' lang='lat' dir='ltr'><strong>qua:</strong></span> <span class='ocrx_word' id='word_1_83' title='bbox 1497 1321 1592 1374; x_wconf 92' lang='lat' dir='ltr'><strong>per</strong></span> <span class='ocrx_word' id='word_1_84' title='bbox 1616 1315 1781 1362; x_wconf 91' lang='lat' dir='ltr'><strong>totum</strong></span> <span class='ocrx_word' id='word_1_85' title='bbox 1813 1306 1998 1364; x_wconf 86' lang='lat' dir='ltr'><strong>orbem</strong></span> 
     </span>
    </p>
   </div>
   <div class='ocr_carea' id='block_1_13' title="bbox 410 1392 1994 1462">
    <p class='ocr_par' dir='ltr' id='par_1_13' title="bbox 410 1392 1994 1462">
     <span class='ocr_line' id='line_1_13' title="bbox 410 1392 1994 1462; baseline 0.008 -22"><span class='ocrx_word' id='word_1_86' title='bbox 410 1396 677 1442; x_wconf 75' lang='lat' dir='ltr'><strong>terrarum</strong></span> <span class='ocrx_word' id='word_1_87' title='bbox 707 1392 940 1460; x_wconf 88' lang='lat' dir='ltr'><strong>copiosis</strong></span> <span class='ocrx_word' id='word_1_88' title='bbox 976 1395 1312 1450; x_wconf 81' lang='lat' dir='ltr'><strong>successibus</strong></span> <span class='ocrx_word' id='word_1_89' title='bbox 1337 1397 1608 1462; x_wconf 87' lang='lat' dir='ltr'><strong>dilatatur,</strong></span> <span class='ocrx_word' id='word_1_90' title='bbox 1645 1399 1744 1455; x_wconf 91' lang='lat' dir='ltr'><strong>hoc</strong></span> <span class='ocrx_word' id='word_1_91' title='bbox 1771 1409 1854 1455; x_wconf 88' lang='lat' dir='ltr'><strong>est</strong></span> <span class='ocrx_word' id='word_1_92' title='bbox 1883 1401 1994 1454; x_wconf 86' lang='lat' dir='ltr'><strong>fru-</strong></span> 
     </span>
    </p>
   </div>
   <div class='ocr_carea' id='block_1_14' title="bbox 409 1479 1997 1559">
    <p class='ocr_par' dir='ltr' id='par_1_14' title="bbox 409 1479 1997 1559">
     <span class='ocr_line' id='line_1_14' title="bbox 409 1479 1997 1559; baseline 0.011 -30"><span class='ocrx_word' id='word_1_93' title='bbox 409 1487 589 1530; x_wconf 88' lang='lat' dir='ltr'><strong>menta</strong></span> <span class='ocrx_word' id='word_1_94' title='bbox 616 1479 884 1535; x_wconf 85' lang='lat' dir='ltr'><strong>dominica</strong></span> <span class='ocrx_word' id='word_1_95' title='bbox 905 1522 922 1548; x_wconf 90' lang='lat'><strong>,</strong></span> <span class='ocrx_word' id='word_1_96' title='bbox 949 1498 1067 1553; x_wconf 78' lang='lat' dir='ltr'><strong>qua:</strong></span> <span class='ocrx_word' id='word_1_97' title='bbox 1089 1500 1256 1554; x_wconf 84' lang='lat' dir='ltr'><strong>usque</strong></span> <span class='ocrx_word' id='word_1_98' title='bbox 1293 1487 1358 1541; x_wconf 89' lang='lat' dir='ltr'><strong>ad</strong></span> <span class='ocrx_word' id='word_1_99' title='bbox 1389 1503 1616 1544; x_wconf 85' lang='lat' dir='ltr'><strong>messem</strong></span> <span class='ocrx_word' id='word_1_100' title='bbox 1655 1490 1852 1559; x_wconf 88' lang='lat' dir='ltr'><strong>pariter</strong></span> <span class='ocrx_word' id='word_1_101' title='bbox 1876 1507 1997 1546; x_wconf 77' lang='lat' dir='ltr'><strong>erc—</strong></span> 
     </span>
    </p>
   </div>
   <div class='ocr_carea' id='block_1_15' title="bbox 409 1573 1996 1652">
    <p class='ocr_par' dir='ltr' id='par_1_15' title="bbox 409 1573 1996 1652">
     <span class='ocr_line' id='line_1_15' title="bbox 409 1573 1996 1652; baseline 0.011 -30"><span class='ocrx_word' id='word_1_102' title='bbox 409 1579 565 1623; x_wconf 90' lang='lat' dir='ltr'><strong>scunt</strong></span> <span class='ocrx_word' id='word_1_103' title='bbox 600 1573 681 1626; x_wconf 91' lang='lat' dir='ltr'><strong>vel</strong></span> <span class='ocrx_word' id='word_1_104' title='bbox 723 1588 889 1642; x_wconf 83' lang='lat' dir='ltr'><strong>usque</strong></span> <span class='ocrx_word' id='word_1_105' title='bbox 914 1575 978 1629; x_wconf 89' lang='lat' dir='ltr'><strong>ad</strong></span> <span class='ocrx_word' id='word_1_106' title='bbox 1005 1579 1406 1634; x_wconf 85' lang='lat' dir='ltr'><strong>vcntilationcm</strong></span> <span class='ocrx_word' id='word_1_107' title='bbox 1438 1578 1636 1650; x_wconf 80' lang='lat' dir='ltr'><strong>pariter</strong></span> <span class='ocrx_word' id='word_1_108' title='bbox 1661 1584 1996 1652; x_wconf 89' lang='lat' dir='ltr'><strong>triturantur,</strong></span> 
     </span>
    </p>
   </div>
   <div class='ocr_carea' id='block_1_16' title="bbox 409 1664 1998 1747">
    <p class='ocr_par' dir='ltr' id='par_1_16' title="bbox 409 1664 1998 1747">
     <span class='ocr_line' id='line_1_16' title="bbox 409 1664 1998 1747; baseline 0.011 -35"><span class='ocrx_word' id='word_1_109' title='bbox 409 1675 514 1713; x_wconf 89' lang='lat' dir='ltr'><strong>non</strong></span> <span class='ocrx_word' id='word_1_110' title='bbox 543 1678 664 1717; x_wconf 77' lang='lat' dir='ltr'><strong>esse</strong></span> <span class='ocrx_word' id='word_1_111' title='bbox 689 1664 1002 1731; x_wconf 82' lang='lat' dir='ltr'><strong>deserenda,</strong></span> <span class='ocrx_word' id='word_1_112' title='bbox 1035 1667 1261 1738; x_wconf 88' lang='lat' dir='ltr'><strong>imperat</strong></span> <span class='ocrx_word' id='word_1_113' title='bbox 1290 1671 1453 1735; x_wconf 85' lang='lat' dir='ltr'><strong>Deus,</strong></span> <span class='ocrx_word' id='word_1_114' title='bbox 1486 1674 1642 1729; x_wconf 84' lang='lat' dir='ltr'><strong>teStis</strong></span> <span class='ocrx_word' id='word_1_115' title='bbox 1667 1685 1750 1729; x_wconf 88' lang='lat' dir='ltr'><strong>est</strong></span> <span class='ocrx_word' id='word_1_116' title='bbox 1773 1675 1998 1747; x_wconf 80' lang='lat' dir='ltr'><strong>Cypria-</strong></span> 
     </span>
    </p>
   </div>
   <div class='ocr_carea' id='block_1_17' title="bbox 406 1757 1995 1824">
    <p class='ocr_par' dir='ltr' id='par_1_17' title="bbox 406 1757 1995 1824">
     <span class='ocr_line' id='line_1_17' title="bbox 406 1757 1995 1824; baseline 0.011 -18"><span class='ocrx_word' id='word_1_117' title='bbox 406 1769 528 1806; x_wconf 85' lang='lat' dir='ltr'><strong>nus.</strong></span> <span class='ocrx_word' id='word_1_118' title='bbox 566 1757 640 1808; x_wconf 76' lang='lat' dir='ltr'><strong>Ac</strong></span> <span class='ocrx_word' id='word_1_119' title='bbox 672 1771 768 1824; x_wconf 85' lang='lat' dir='ltr'><strong>per</strong></span> <span class='ocrx_word' id='word_1_120' title='bbox 799 1757 930 1821; x_wconf 85' lang='lat' dir='ltr'><strong>hoc,</strong></span> <span class='ocrx_word' id='word_1_121' title='bbox 962 1761 1006 1814; x_wconf 93' lang='lat' dir='ltr'><strong>si</strong></span> <span class='ocrx_word' id='word_1_122' title='bbox 1041 1760 1092 1814; x_wconf 89' lang='lat' dir='ltr'><strong>in</strong></span> <span class='ocrx_word' id='word_1_123' title='bbox 1118 1765 1494 1819; x_wconf 88' lang='lat' dir='ltr'><strong>communione</strong></span> <span class='ocrx_word' id='word_1_124' title='bbox 1531 1765 1995 1823; x_wconf 86' lang='lat' dir='ltr'><strong>Sacramentorum</strong></span> 
     </span>
    </p>
   </div>
   <div class='ocr_carea' id='block_1_18' title="bbox 408 1844 1994 1928">
    <p class='ocr_par' dir='ltr' id='par_1_18' title="bbox 408 1844 1994 1928">
     <span class='ocr_line' id='line_1_18' title="bbox 408 1844 1994 1928; baseline 0.011 -35"><span class='ocrx_word' id='word_1_125' title='bbox 408 1844 531 1897; x_wconf 89' lang='lat' dir='ltr'><strong>mali</strong></span> <span class='ocrx_word' id='word_1_126' title='bbox 580 1847 844 1900; x_wconf 89' lang='lat' dir='ltr'><strong>maculant</strong></span> <span class='ocrx_word' id='word_1_127' title='bbox 890 1847 1084 1913; x_wconf 83' lang='lat' dir='ltr'><strong>bonos,</strong></span> <span class='ocrx_word' id='word_1_128' title='bbox 1117 1853 1331 1918; x_wconf 83' lang='lat' dir='ltr'><strong>quando</strong></span> <span class='ocrx_word' id='word_1_129' title='bbox 1372 1856 1701 1924; x_wconf 83' lang='lat' dir='ltr'><strong>temporibus</strong></span> <span class='ocrx_word' id='word_1_130' title='bbox 1742 1857 1994 1928; x_wconf 84' lang='lat' dir='ltr'><strong>Cypriani</strong></span> 
     </span>
    </p>
   </div>
   <div class='ocr_carea' id='block_1_19' title="bbox 405 1935 1997 2014">
    <p class='ocr_par' dir='ltr' id='par_1_19' title="bbox 405 1935 1997 2014">
     <span class='ocr_line' id='line_1_19' title="bbox 405 1935 1997 2014; baseline 0.01 -27"><span class='ocrx_word' id='word_1_131' title='bbox 405 1935 486 1987; x_wconf 78' lang='lat' dir='ltr'><strong>Vel</strong></span> <span class='ocrx_word' id='word_1_132' title='bbox 517 1949 641 1990; x_wconf 87' lang='lat' dir='ltr'><strong>ante</strong></span> <span class='ocrx_word' id='word_1_133' title='bbox 670 1936 995 2009; x_wconf 77' lang='lat' dir='ltr'><strong>Cyprianum</strong></span> <span class='ocrx_word' id='word_1_134' title='bbox 1023 1942 1138 1997; x_wconf 89' lang='lat' dir='ltr'><strong>sine</strong></span> <span class='ocrx_word' id='word_1_135' title='bbox 1165 1943 1452 2012; x_wconf 84' lang='lat' dir='ltr'><strong>Baptismo,</strong></span> <span class='ocrx_word' id='word_1_136' title='bbox 1480 1948 1620 2000; x_wconf 90' lang='lat' dir='ltr'><strong>sicut</strong></span> <span class='ocrx_word' id='word_1_137' title='bbox 1649 1949 1862 2014; x_wconf 75' lang='lat' dir='ltr'><strong>putatis,</strong></span> <span class='ocrx_word' id='word_1_138' title='bbox 1888 1949 1997 2002; x_wconf 75' lang='lat' dir='ltr'><strong>hrc-</strong></span> 
     </span>
    </p>
   </div>
   <div class='ocr_carea' id='block_1_20' title="bbox 404 2026 1995 2105">
    <p class='ocr_par' dir='ltr' id='par_1_20' title="bbox 404 2026 1995 2105">
     <span class='ocr_line' id='line_1_20' title="bbox 404 2026 1995 2105; baseline 0.013 -28"><span class='ocrx_word' id='word_1_139' title='bbox 404 2026 561 2079; x_wconf 87' lang='lat' dir='ltr'><strong>retici</strong></span> <span class='ocrx_word' id='word_1_140' title='bbox 591 2030 1036 2097; x_wconf 87' lang='lat' dir='ltr'><strong>suscipiebantur,</strong></span> <span class='ocrx_word' id='word_1_141' title='bbox 1063 2033 1350 2088; x_wconf 74' lang='lat' dir='ltr'><strong>Ecclesium</strong></span> <span class='ocrx_word' id='word_1_142' title='bbox 1377 2037 1598 2104; x_wconf 90' lang='lat' dir='ltr'><strong>periisse</strong></span> <span class='ocrx_word' id='word_1_143' title='bbox 1619 2039 1801 2105; x_wconf 85' lang='lat' dir='ltr'><strong>dicite,</strong></span> <span class='ocrx_word' id='word_1_144' title='bbox 1826 2051 1879 2095; x_wconf 95' lang='lat' dir='ltr'><strong>et</strong></span> <span class='ocrx_word' id='word_1_145' title='bbox 1900 2057 1995 2097; x_wconf 85' lang='lat' dir='ltr'><strong>vos</strong></span> 
     </span>
    </p>
   </div>
   <div class='ocr_carea' id='block_1_21' title="bbox 403 2117 1994 2199">
    <p class='ocr_par' dir='ltr' id='par_1_21' title="bbox 403 2117 1994 2199">
     <span class='ocr_line' id='line_1_21' title="bbox 403 2117 1994 2199; baseline 0.013 -32"><span class='ocrx_word' id='word_1_146' title='bbox 403 2117 545 2170; x_wconf 88' lang='lat' dir='ltr'><strong>unde</strong></span> <span class='ocrx_word' id='word_1_147' title='bbox 588 2118 692 2170; x_wconf 82' lang='lat' dir='ltr'><strong>nati</strong></span> <span class='ocrx_word' id='word_1_148' title='bbox 738 2119 945 2174; x_wconf 88' lang='lat' dir='ltr'><strong>fueritis</strong></span> <span class='ocrx_word' id='word_1_149' title='bbox 971 2124 1256 2179; x_wconf 87' lang='lat' dir='ltr'><strong>ostendite.</strong></span> <span class='ocrx_word' id='word_1_150' title='bbox 1297 2123 1351 2181; x_wconf 88' lang='lat' dir='ltr'><strong>Si</strong></span> <span class='ocrx_word' id='word_1_151' title='bbox 1383 2136 1596 2195; x_wconf 80' lang='lat' dir='ltr'><strong>autem,</strong></span> <span class='ocrx_word' id='word_1_152' title='bbox 1625 2129 1766 2199; x_wconf 89' lang='lat' dir='ltr'><strong>quod</strong></span> <span class='ocrx_word' id='word_1_153' title='bbox 1801 2133 1994 2187; x_wconf 84' lang='lat' dir='ltr'><strong>veritas</strong></span> 
     </span>
    </p>
   </div>
   <div class='ocr_carea' id='block_1_22' title="bbox 405 2209 1992 2292">
    <p class='ocr_par' dir='ltr' id='par_1_22' title="bbox 405 2209 1992 2292">
     <span class='ocr_line' id='line_1_22' title="bbox 405 2209 1992 2292; baseline 0.011 -33"><span class='ocrx_word' id='word_1_154' title='bbox 405 2209 563 2259; x_wconf 86' lang='lat' dir='ltr'><strong>etiam</strong></span> <span class='ocrx_word' id='word_1_155' title='bbox 597 2225 691 2276; x_wconf 86' lang='lat' dir='ltr'><strong>per</strong></span> <span class='ocrx_word' id='word_1_156' title='bbox 716 2209 1036 2280; x_wconf 78' lang='lat' dir='ltr'><strong>Cyprianum</strong></span> <span class='ocrx_word' id='word_1_157' title='bbox 1067 2212 1223 2268; x_wconf 89' lang='lat' dir='ltr'><strong>docet</strong></span> <span class='ocrx_word' id='word_1_158' title='bbox 1245 2257 1259 2279; x_wconf 94' lang='lat'><strong>,</strong></span> <span class='ocrx_word' id='word_1_159' title='bbox 1291 2231 1408 2270; x_wconf 92' lang='lat' dir='ltr'><strong>cum</strong></span> <span class='ocrx_word' id='word_1_160' title='bbox 1449 2232 1547 2286; x_wconf 92' lang='lat' dir='ltr'><strong>pro</strong></span> <span class='ocrx_word' id='word_1_161' title='bbox 1580 2219 1833 2275; x_wconf 76' lang='lat' dir='ltr'><strong>Ecclesize</strong></span> <span class='ocrx_word' id='word_1_162' title='bbox 1862 2237 1992 2292; x_wconf 88' lang='lat' dir='ltr'><strong>pace</strong></span> 
     </span>
    </p>
   </div>
   <div class='ocr_carea' id='block_1_23' title="bbox 405 2299 1993 2371">
    <p class='ocr_par' dir='ltr' id='par_1_23' title="bbox 405 2299 1993 2371">
     <span class='ocr_line' id='line_1_23' title="bbox 405 2299 1993 2371; baseline 0.01 -22"><span class='ocrx_word' id='word_1_163' title='bbox 405 2299 565 2351; x_wconf 86' lang='lat' dir='ltr'><strong>etiam</strong></span> <span class='ocrx_word' id='word_1_164' title='bbox 592 2299 800 2362; x_wconf 68' lang='lat' dir='ltr'><strong>cognita</strong></span> <span class='ocrx_word' id='word_1_165' title='bbox 829 2301 1027 2354; x_wconf 84' lang='lat' dir='ltr'><strong>zizauia</strong></span> <span class='ocrx_word' id='word_1_166' title='bbox 1057 2304 1370 2371; x_wconf 87' lang='lat' dir='ltr'><strong>tolerantur,</strong></span> <span class='ocrx_word' id='word_1_167' title='bbox 1398 2305 1660 2363; x_wconf 88' lang='lat' dir='ltr'><strong>frumenta</strong></span> <span class='ocrx_word' id='word_1_168' title='bbox 1683 2325 1786 2363; x_wconf 90' lang='lat' dir='ltr'><strong>non</strong></span> <span class='ocrx_word' id='word_1_169' title='bbox 1813 2325 1993 2366; x_wconf 81' lang='lat' dir='ltr'><strong>macu-</strong></span> 
     </span>
    </p>
   </div>
   <div class='ocr_carea' id='block_1_24' title="bbox 406 2385 1992 2465">
    <p class='ocr_par' dir='ltr' id='par_1_24' title="bbox 406 2385 1992 2465">
     <span class='ocr_line' id='line_1_24' title="bbox 406 2385 1992 2465; baseline 0.009 -25"><span class='ocrx_word' id='word_1_170' title='bbox 406 2385 518 2441; x_wconf 86' lang='lat' dir='ltr'><strong>lant</strong></span> <span class='ocrx_word' id='word_1_171' title='bbox 549 2406 560 2439; x_wconf 94' lang='lat'>:</span> <span class='ocrx_word' id='word_1_172' title='bbox 593 2387 759 2441; x_wconf 74' lang='lat' dir='ltr'><strong>Filius</strong></span> <span class='ocrx_word' id='word_1_173' title='bbox 787 2391 951 2444; x_wconf 75' lang='lat' dir='ltr'><strong>malus</strong></span> <span class='ocrx_word' id='word_1_174' title='bbox 978 2391 1087 2460; x_wconf 79' lang='lat' dir='ltr'><strong>ipse</strong></span> <span class='ocrx_word' id='word_1_175' title='bbox 1110 2409 1164 2446; x_wconf 77' lang='lat' dir='ltr'><strong>se</strong></span> <span class='ocrx_word' id='word_1_176' title='bbox 1191 2395 1390 2465; x_wconf 81' lang='lat' dir='ltr'><strong>justum</strong></span> <span class='ocrx_word' id='word_1_177' title='bbox 1416 2397 1572 2464; x_wconf 81' lang='lat' dir='ltr'><strong>dicit,</strong></span> <span class='ocrx_word' id='word_1_178' title='bbox 1601 2399 1790 2453; x_wconf 74' lang='lat' dir='ltr'><strong>exitum</strong></span> <span class='ocrx_word' id='word_1_179' title='bbox 1823 2413 1992 2456; x_wconf 81' lang='lat' dir='ltr'><strong>autem</strong></span> 
     </span>
    </p>
   </div>
   <div class='ocr_carea' id='block_1_25' title="bbox 405 2481 1990 2560">
    <p class='ocr_par' dir='ltr' id='par_1_25' title="bbox 405 2481 1990 2560">
     <span class='ocr_line' id='line_1_25' title="bbox 405 2481 1990 2560; baseline 0.011 -28"><span class='ocrx_word' id='word_1_180' title='bbox 405 2495 551 2532; x_wconf 76' lang='lat' dir='ltr'><strong>suum</strong></span> <span class='ocrx_word' id='word_1_181' title='bbox 581 2497 678 2534; x_wconf 85' lang='lat' dir='ltr'><strong>non</strong></span> <span class='ocrx_word' id='word_1_182' title='bbox 701 2481 892 2548; x_wconf 80' lang='lat' dir='ltr'><strong>abluit;</strong></span> <span class='ocrx_word' id='word_1_183' title='bbox 915 2485 1034 2554; x_wconf 88' lang='lat' dir='ltr'><strong>quia</strong></span> <span class='ocrx_word' id='word_1_184' title='bbox 1056 2485 1123 2542; x_wconf 88' lang='lat' dir='ltr'><strong>de</strong></span> <span class='ocrx_word' id='word_1_185' title='bbox 1144 2487 1385 2544; x_wconf 85' lang='lat' dir='ltr'><strong>Ecclesia</strong></span> <span class='ocrx_word' id='word_1_186' title='bbox 1413 2500 1631 2560; x_wconf 85' lang='lat' dir='ltr'><strong>propter</strong></span> <span class='ocrx_word' id='word_1_187' title='bbox 1655 2493 1824 2549; x_wconf 86' lang='lat' dir='ltr'><strong>malos</strong></span> <span class='ocrx_word' id='word_1_188' title='bbox 1842 2496 1990 2550; x_wconf 80' lang='lat' dir='ltr'><strong>exire</strong></span> 
     </span>
    </p>
   </div>
   <div class='ocr_carea' id='block_1_26' title="bbox 405 2573 743 2626">
    <p class='ocr_par' dir='ltr' id='par_1_26' title="bbox 405 2573 743 2626">
     <span class='ocr_line' id='line_1_26' title="bbox 405 2573 743 2626; baseline 0.006 -2"><span class='ocrx_word' id='word_1_189' title='bbox 405 2586 511 2624; x_wconf 85' lang='lat' dir='ltr'><strong>non</strong></span> <span class='ocrx_word' id='word_1_190' title='bbox 544 2573 743 2626; x_wconf 86' lang='lat' dir='ltr'><strong>debuit.</strong></span> 
     </span>
    </p>
   </div>
   <div class='ocr_carea' id='block_1_27' title="bbox 475 2662 1987 2737">
    <p class='ocr_par' dir='ltr' id='par_1_27' title="bbox 475 2662 1987 2737">
     <span class='ocr_line' id='line_1_27' title="bbox 475 2662 1987 2737; baseline 0.013 -23"><span class='ocrx_word' id='word_1_191' title='bbox 475 2662 699 2717; x_wconf 73' lang='lat' dir='ltr'><strong>CAPUT</strong></span> <span class='ocrx_word' id='word_1_192' title='bbox 727 2663 976 2719; x_wconf 76' lang='lat' dir='ltr'><strong>XXXVI.</strong></span> <span class='ocrx_word' id='word_1_193' title='bbox 1000 2668 1177 2735; x_wconf 71' lang='lat'><strong>—45.</strong></span> <span class='ocrx_word' id='word_1_194' title='bbox 1221 2668 1413 2724; x_wconf 91' lang='lat' dir='ltr'><strong>Iterum</strong></span> <span class='ocrx_word' id='word_1_195' title='bbox 1444 2671 1586 2737; x_wconf 90' lang='lat' dir='ltr'><strong>dico,</strong></span> <span class='ocrx_word' id='word_1_196' title='bbox 1614 2683 1670 2729; x_wconf 91' lang='lat' dir='ltr'><strong>et</strong></span> <span class='ocrx_word' id='word_1_197' title='bbox 1693 2684 1742 2729; x_wconf 89' lang='lat' dir='ltr'><strong>te</strong></span> <span class='ocrx_word' id='word_1_198' title='bbox 1763 2677 1830 2730; x_wconf 86' lang='lat' dir='ltr'><strong>ab</strong></span> <span class='ocrx_word' id='word_1_199' title='bbox 1849 2675 1987 2733; x_wconf 82' lang='lat' dir='ltr'><strong>hac&#39;</strong></span> 
     </span>
    </p>
   </div>
   <div class='ocr_carea' id='block_1_28' title="bbox 404 2751 1985 2826">
    <p class='ocr_par' dir='ltr' id='par_1_28' title="bbox 404 2751 1985 2826">
     <span class='ocr_line' id='line_1_28' title="bbox 404 2751 1985 2826; baseline 0.015 -23"><span class='ocrx_word' id='word_1_200' title='bbox 404 2751 744 2808; x_wconf 81' lang='lat' dir='ltr'><strong>iuvictissima</strong></span> <span class='ocrx_word' id='word_1_201' title='bbox 792 2757 994 2810; x_wconf 89' lang='lat' dir='ltr'><strong>ratione</strong></span> <span class='ocrx_word' id='word_1_202' title='bbox 1032 2757 1374 2824; x_wconf 77' lang='lat' dir='ltr'><strong>dissimulare</strong></span> <span class='ocrx_word' id='word_1_203' title='bbox 1423 2777 1527 2817; x_wconf 88' lang='lat' dir='ltr'><strong>non</strong></span> <span class='ocrx_word' id='word_1_204' title='bbox 1576 2765 1739 2819; x_wconf 90' lang='lat' dir='ltr'><strong>sino:</strong></span> <span class='ocrx_word' id='word_1_205' title='bbox 1781 2767 1834 2823; x_wconf 90' lang='lat' dir='ltr'><strong>Si</strong></span> <span class='ocrx_word' id='word_1_206' title='bbox 1880 2785 1985 2826; x_wconf 88' lang='lat' dir='ltr'><strong>non</strong></span> 
     </span>
    </p>
   </div>
   <div class='ocr_carea' id='block_1_29' title="bbox 404 2845 1989 2926">
    <p class='ocr_par' dir='ltr' id='par_1_29' title="bbox 404 2845 1989 2926">
     <span class='ocr_line' id='line_1_29' title="bbox 404 2845 1989 2926; baseline 0.014 -33"><span class='ocrx_word' id='word_1_207' title='bbox 404 2845 856 2900; x_wconf 70' lang='lat' dir='ltr'><strong>communit-antes</strong></span> <span class='ocrx_word' id='word_1_208' title='bbox 881 2849 1111 2915; x_wconf 70' lang='lat' dir='ltr'><strong>peccatis</strong></span> <span class='ocrx_word' id='word_1_209' title='bbox 1133 2851 1413 2914; x_wconf 87' lang='lat' dir='ltr'><strong>malorum,</strong></span> <span class='ocrx_word' id='word_1_210' title='bbox 1439 2867 1654 2924; x_wconf 88' lang='lat' dir='ltr'><strong>propter</strong></span> <span class='ocrx_word' id='word_1_211' title='bbox 1678 2857 1847 2926; x_wconf 88' lang='lat' dir='ltr'><strong>ipsam</strong></span> <span class='ocrx_word' id='word_1_212' title='bbox 1873 2869 1989 2914; x_wconf 82' lang='lat' dir='ltr'><strong>tan-</strong></span> 
     </span>
    </p>
   </div>
   <div class='ocr_carea' id='block_1_30' title="bbox 405 2935 1988 3014">
    <p class='ocr_par' dir='ltr' id='par_1_30' title="bbox 405 2935 1988 3014">
     <span class='ocr_line' id='line_1_30' title="bbox 405 2935 1988 3014; baseline 0.015 -33"><span class='ocrx_word' id='word_1_213' title='bbox 405 2935 514 2984; x_wconf 85' lang='lat' dir='ltr'><strong>tum</strong></span> <span class='ocrx_word' id='word_1_214' title='bbox 544 2937 972 2991; x_wconf 80' lang='lat' dir='ltr'><strong>conuumtiuncnt</strong></span> <span class='ocrx_word' id='word_1_215' title='bbox 996 2937 1463 2996; x_wconf 88' lang='lat' dir='ltr'><strong>Sacramentorum</strong></span> <span class='ocrx_word' id='word_1_216' title='bbox 1488 2945 1610 2998; x_wconf 89' lang='lat' dir='ltr'><strong>mali</strong></span> <span class='ocrx_word' id='word_1_217' title='bbox 1638 2947 1865 3014; x_wconf 85' lang='lat' dir='ltr'><strong>perdunt</strong></span> <span class='ocrx_word' id='word_1_218' title='bbox 1893 2950 1988 3005; x_wconf 85' lang='lat' dir='ltr'><strong>bo-</strong></span> 
     </span>
    </p>
   </div>
   <div class='ocr_carea' id='block_1_31' title="bbox 404 3027 1984 3096">
    <p class='ocr_par' dir='ltr' id='par_1_31' title="bbox 404 3027 1984 3096">
     <span class='ocr_line' id='line_1_31' title="bbox 404 3027 1984 3096; baseline 0.015 -24"><span class='ocrx_word' id='word_1_219' title='bbox 404 3035 530 3085; x_wconf 87' lang='lat' dir='ltr'><strong>nos;</strong></span> <span class='ocrx_word' id='word_1_220' title='bbox 560 3027 772 3092; x_wconf 82' lang='lat' dir='ltr'><strong>quando</strong></span> <span class='ocrx_word' id='word_1_221' title='bbox 802 3027 852 3080; x_wconf 90' lang='lat' dir='ltr'><strong>in</strong></span> <span class='ocrx_word' id='word_1_222' title='bbox 881 3032 1207 3096; x_wconf 75' lang='lat' dir='ltr'><strong>pneteritum</strong></span> <span class='ocrx_word' id='word_1_223' title='bbox 1237 3047 1303 3086; x_wconf 82' lang='lat' dir='ltr'><strong>ex</strong></span> <span class='ocrx_word' id='word_1_224' title='bbox 1349 3033 1537 3089; x_wconf 82' lang='lat' dir='ltr'><strong>haeresi</strong></span> <span class='ocrx_word' id='word_1_225' title='bbox 1578 3037 1643 3090; x_wconf 84' lang='lat' dir='ltr'><strong>ad</strong></span> <span class='ocrx_word' id='word_1_226' title='bbox 1689 3039 1984 3096; x_wconf 86' lang='lat' dir='ltr'><strong>Ecelesiam</strong></span> 
     </span>
    </p>
   </div>
   <div class='ocr_carea' id='block_1_32' title="bbox 402 3116 1985 3198">
    <p class='ocr_par' dir='ltr' id='par_1_32' title="bbox 402 3116 1985 3198">
     <span class='ocr_line' id='line_1_32' title="bbox 402 3116 1985 3198; baseline 0.015 -34"><span class='ocrx_word' id='word_1_227' title='bbox 402 3116 670 3170; x_wconf 81' lang='lat' dir='ltr'><strong>venientes</strong></span> <span class='ocrx_word' id='word_1_228' title='bbox 698 3117 812 3171; x_wconf 80' lang='lat' dir='ltr'><strong>sine</strong></span> <span class='ocrx_word' id='word_1_229' title='bbox 843 3119 1107 3187; x_wconf 75' lang='lat' dir='ltr'><strong>baptismo</strong></span> <span class='ocrx_word' id='word_1_230' title='bbox 1135 3122 1352 3177; x_wconf 89' lang='lat' dir='ltr'><strong>admissi</strong></span> <span class='ocrx_word' id='word_1_231' title='bbox 1378 3134 1520 3188; x_wconf 76' lang='lat' dir='ltr'><strong>sunt,</strong></span> <span class='ocrx_word' id='word_1_232' title='bbox 1544 3129 1862 3198; x_wconf 79' lang='lat' dir='ltr'><strong>contagione</strong></span> <span class='ocrx_word' id='word_1_233' title='bbox 1890 3147 1985 3187; x_wconf 91' lang='lat' dir='ltr'><strong>sua</strong></span> 
     </span>
    </p>
   </div>
   <div class='ocr_carea' id='block_1_33' title="bbox 379 3196 1986 3282">
    <p class='ocr_par' dir='ltr' id='par_1_33' title="bbox 379 3196 1986 3282">
     <span class='ocr_line' id='line_1_33' title="bbox 379 3196 1986 3282; baseline 0.017 -38"><span class='ocrx_word' id='word_1_234' title='bbox 379 3196 570 3252; x_wconf 73' lang='lat' dir='ltr'><strong>.bomts</strong></span> <span class='ocrx_word' id='word_1_235' title='bbox 613 3202 792 3270; x_wconf 84' lang='lat' dir='ltr'><strong>utique</strong></span> <span class='ocrx_word' id='word_1_236' title='bbox 839 3203 1201 3270; x_wconf 88' lang='lat' dir='ltr'><strong>perdiderunt.</strong></span> <span class='ocrx_word' id='word_1_237' title='bbox 1247 3205 1364 3261; x_wconf 84' lang='lat' dir='ltr'><strong>Jam</strong></span> <span class='ocrx_word' id='word_1_238' title='bbox 1399 3218 1520 3265; x_wconf 91' lang='lat' dir='ltr'><strong>tunc</strong></span> <span class='ocrx_word' id='word_1_239' title='bbox 1569 3226 1694 3282; x_wconf 79' lang='lat' dir='ltr'><strong>ergo</strong></span> <span class='ocrx_word' id='word_1_240' title='bbox 1713 3196 1827 3269; x_wconf 69' lang='lat' dir='ltr'><strong>non</strong></span> <span class='ocrx_word' id='word_1_241' title='bbox 1869 3226 1986 3271; x_wconf 84' lang='lat' dir='ltr'><strong>erat</strong></span> 
     </span>
    </p>
   </div>
   <div class='ocr_carea' id='block_1_34' title="bbox 401 3287 1986 3370">
    <p class='ocr_par' dir='ltr' id='par_1_34' title="bbox 401 3287 1986 3370">
     <span class='ocr_line' id='line_1_34' title="bbox 401 3287 1986 3370; baseline 0.014 -31"><span class='ocrx_word' id='word_1_242' title='bbox 401 3287 657 3346; x_wconf 79' lang='lat' dir='ltr'><strong>Ecclesia.</strong></span> <span class='ocrx_word' id='word_1_243' title='bbox 691 3307 847 3357; x_wconf 86' lang='lat' dir='ltr'><strong>quam</strong></span> <span class='ocrx_word' id='word_1_244' title='bbox 875 3289 1172 3359; x_wconf 81' lang='lat' dir='ltr'><strong>Cyprianus</strong></span> <span class='ocrx_word' id='word_1_245' title='bbox 1215 3305 1452 3362; x_wconf 89' lang='lat' dir='ltr'><strong>teneret,</strong></span> <span class='ocrx_word' id='word_1_246' title='bbox 1497 3301 1836 3370; x_wconf 72' lang='lat' dir='ltr'><strong>prmdicaret,</strong></span> <span class='ocrx_word' id='word_1_247' title='bbox 1887 3321 1986 3360; x_wconf 90' lang='lat' dir='ltr'><strong>nec</strong></span> 
     </span>
    </p>
   </div>
   <div class='ocr_carea' id='block_1_35' title="bbox 399 3379 1983 3464">
    <p class='ocr_par' dir='ltr' id='par_1_35' title="bbox 399 3379 1983 3464">
     <span class='ocr_line' id='line_1_35' title="bbox 399 3379 1983 3464; baseline 0.012 -33"><span class='ocrx_word' id='word_1_248' title='bbox 399 3379 543 3431; x_wconf 84' lang='lat' dir='ltr'><strong>unde</strong></span> <span class='ocrx_word' id='word_1_249' title='bbox 577 3389 758 3446; x_wconf 84' lang='lat' dir='ltr'><strong>postea</strong></span> <span class='ocrx_word' id='word_1_250' title='bbox 793 3382 1024 3434; x_wconf 82' lang='lat' dir='ltr'><strong>Donatus</strong></span> <span class='ocrx_word' id='word_1_251' title='bbox 1045 3384 1234 3436; x_wconf 78' lang='lat' dir='ltr'><strong>exiret.</strong></span> <span class='ocrx_word' id='word_1_252' title='bbox 1263 3385 1318 3441; x_wconf 89' lang='lat' dir='ltr'><strong>Si</strong></span> <span class='ocrx_word' id='word_1_253' title='bbox 1346 3395 1523 3450; x_wconf 86' lang='lat' dir='ltr'><strong>autem</strong></span> <span class='ocrx_word' id='word_1_254' title='bbox 1549 3388 1715 3444; x_wconf 90' lang='lat' dir='ltr'><strong>bonos</strong></span> <span class='ocrx_word' id='word_1_255' title='bbox 1735 3395 1983 3464; x_wconf 70' lang='lat' dir='ltr'><strong>contagio</strong></span> 
     </span>
    </p>
   </div>
   <div class='ocr_carea' id='block_1_36' title="bbox 399 3469 1984 3555">
    <p class='ocr_par' dir='ltr' id='par_1_36' title="bbox 399 3469 1984 3555">
     <span class='ocr_line' id='line_1_36' title="bbox 399 3469 1984 3555; baseline 0.013 -33"><span class='ocrx_word' id='word_1_256' title='bbox 399 3469 490 3524; x_wconf 84' lang='lat' dir='ltr'><strong>illa</strong></span> <span class='ocrx_word' id='word_1_257' title='bbox 527 3487 630 3521; x_wconf 88' lang='lat' dir='ltr'><strong>non</strong></span> <span class='ocrx_word' id='word_1_258' title='bbox 661 3470 908 3540; x_wconf 67' lang='lat' dir='ltr'><strong>perdidit,</strong></span> <span class='ocrx_word' id='word_1_259' title='bbox 943 3489 1044 3528; x_wconf 92' lang='lat' dir='ltr'><strong>nec</strong></span> <span class='ocrx_word' id='word_1_260' title='bbox 1069 3490 1252 3529; x_wconf 91' lang='lat' dir='ltr'><strong>eorum</strong></span> <span class='ocrx_word' id='word_1_261' title='bbox 1281 3493 1413 3545; x_wconf 87' lang='lat' dir='ltr'><strong>quos</strong></span> <span class='ocrx_word' id='word_1_262' title='bbox 1438 3483 1701 3535; x_wconf 72' lang='lat' dir='ltr'><strong>accusatis</strong></span> <span class='ocrx_word' id='word_1_263' title='bbox 1739 3487 1984 3555; x_wconf 83' lang='lat' dir='ltr'><strong>contagio</strong></span> 
     </span>
    </p>
   </div>
   <div class='ocr_carea' id='block_1_37' title="bbox 394 3559 1982 3635">
    <p class='ocr_par' dir='ltr' id='par_1_37' title="bbox 394 3559 1982 3635">
     <span class='ocr_line' id='line_1_37' title="bbox 394 3559 1982 3635; baseline 0.014 -25"><span class='ocrx_word' id='word_1_264' title='bbox 394 3559 752 3612; x_wconf 83' lang='lat' dir='ltr'><strong>ctu-istianum</strong></span> <span class='ocrx_word' id='word_1_265' title='bbox 780 3561 963 3614; x_wconf 89' lang='lat' dir='ltr'><strong>orbem</strong></span> <span class='ocrx_word' id='word_1_266' title='bbox 991 3564 1218 3631; x_wconf 86' lang='lat' dir='ltr'><strong>perdere</strong></span> <span class='ocrx_word' id='word_1_267' title='bbox 1248 3567 1417 3635; x_wconf 86' lang='lat' dir='ltr'><strong>potuit</strong></span> <span class='ocrx_word' id='word_1_268' title='bbox 1446 3587 1459 3622; x_wconf 88' lang='lat'><strong>:</strong></span> <span class='ocrx_word' id='word_1_269' title='bbox 1488 3571 1651 3625; x_wconf 90' lang='lat' dir='ltr'><strong>nolite</strong></span> <span class='ocrx_word' id='word_1_270' title='bbox 1674 3573 1982 3632; x_wconf 90' lang='lat' dir='ltr'><strong>calunmiari</strong></span> 
     </span>
    </p>
   </div>
   <div class='ocr_carea' id='block_1_38' title="bbox 399 3648 1980 3728">
    <p class='ocr_par' dir='ltr' id='par_1_38' title="bbox 399 3648 1980 3728">
     <span class='ocr_line' id='line_1_38' title="bbox 399 3648 1980 3728; baseline 0.013 -28"><span class='ocrx_word' id='word_1_271' title='bbox 399 3648 654 3719; x_wconf 78' lang='lat' dir='ltr'><strong>separati,</strong></span> <span class='ocrx_word' id='word_1_272' title='bbox 686 3658 739 3702; x_wconf 90' lang='lat' dir='ltr'><strong>et</strong></span> <span class='ocrx_word' id='word_1_273' title='bbox 759 3649 824 3703; x_wconf 83' lang='lat' dir='ltr'><strong>ad</strong></span> <span class='ocrx_word' id='word_1_274' title='bbox 856 3651 1144 3707; x_wconf 72' lang='lat' dir='ltr'><strong>Ecclesium</strong></span> <span class='ocrx_word' id='word_1_275' title='bbox 1171 3656 1336 3711; x_wconf 87' lang='lat' dir='ltr'><strong>redite</strong></span> <span class='ocrx_word' id='word_1_276' title='bbox 1365 3661 1612 3727; x_wconf 82' lang='lat' dir='ltr'><strong>correcti.</strong></span> <span class='ocrx_word' id='word_1_277' title='bbox 1644 3665 1980 3728; x_wconf 62' lang='lat' dir='ltr'><strong>Caecilianum</strong></span> 
     </span>
    </p>
   </div>
   <div class='ocr_carea' id='block_1_39' title="bbox 395 3739 1982 3824">
    <p class='ocr_par' dir='ltr' id='par_1_39' title="bbox 395 3739 1982 3824">
     <span class='ocr_line' id='line_1_39' title="bbox 395 3739 1982 3824; baseline 0.014 -35"><span class='ocrx_word' id='word_1_278' title='bbox 395 3746 453 3789; x_wconf 84' lang='lat' dir='ltr'><strong>et</strong></span> <span class='ocrx_word' id='word_1_279' title='bbox 476 3739 650 3791; x_wconf 85' lang='lat' dir='ltr'><strong>socios</strong></span> <span class='ocrx_word' id='word_1_280' title='bbox 676 3739 810 3806; x_wconf 86' lang='lat' dir='ltr'><strong>ejus,</strong></span> <span class='ocrx_word' id='word_1_281' title='bbox 839 3752 1022 3795; x_wconf 90' lang='lat' dir='ltr'><strong>contra</strong></span> <span class='ocrx_word' id='word_1_282' title='bbox 1053 3759 1187 3812; x_wconf 88' lang='lat' dir='ltr'><strong>quos</strong></span> <span class='ocrx_word' id='word_1_283' title='bbox 1215 3756 1338 3801; x_wconf 86' lang='lat' dir='ltr'><strong>tunc</strong></span> <span class='ocrx_word' id='word_1_284' title='bbox 1358 3749 1637 3816; x_wconf 80' lang='lat' dir='ltr'><strong>Secundus</strong></span> <span class='ocrx_word' id='word_1_285' title='bbox 1659 3753 1982 3824; x_wconf 83' lang='lat' dir='ltr'><strong>Tigisitanus</strong></span> 
     </span>
    </p>
   </div>
   <div class='ocr_carea' id='block_1_40' title="bbox 396 3829 1986 3902">
    <p class='ocr_par' dir='ltr' id='par_1_40' title="bbox 396 3829 1986 3902">
     <span class='ocr_line' id='line_1_40' title="bbox 396 3829 1986 3902; baseline 0.014 -23"><span class='ocrx_word' id='word_1_286' title='bbox 396 3829 660 3881; x_wconf 59' lang='lat' dir='ltr'><strong>Contraxit</strong></span> <span class='ocrx_word' id='word_1_287' title='bbox 684 3829 1020 3900; x_wconf 75' lang='lat' dir='ltr'><strong>coudditque</strong></span> <span class='ocrx_word' id='word_1_288' title='bbox 1039 3835 1342 3902; x_wconf 90' lang='lat' dir='ltr'><strong>concilium,</strong></span> <span class='ocrx_word' id='word_1_289' title='bbox 1371 3854 1587 3896; x_wconf 87' lang='lat' dir='ltr'><strong>necesse</strong></span> <span class='ocrx_word' id='word_1_290' title='bbox 1607 3846 1799 3898; x_wconf 90' lang='lat' dir='ltr'><strong>esttibi</strong></span> <span class='ocrx_word' id='word_1_291' title='bbox 1826 3861 1986 3900; x_wconf 88' lang='lat' dir='ltr'><strong>accu-</strong></span> 
     </span>
    </p>
   </div>
   <div class='ocr_carea' id='block_1_41' title="bbox 399 3919 1983 3992">
    <p class='ocr_par' dir='ltr' id='par_1_41' title="bbox 399 3919 1983 3992">
     <span class='ocr_line' id='line_1_41' title="bbox 399 3919 1983 3992; baseline 0.015 -24"><span class='ocrx_word' id='word_1_292' title='bbox 399 3931 536 3979; x_wconf 82' lang='lat' dir='ltr'><strong>sare,</strong></span> <span class='ocrx_word' id='word_1_293' title='bbox 579 3919 705 3971; x_wconf 90' lang='lat' dir='ltr'><strong>mihi</strong></span> <span class='ocrx_word' id='word_1_294' title='bbox 752 3936 858 3973; x_wconf 90' lang='lat' dir='ltr'><strong>non</strong></span> <span class='ocrx_word' id='word_1_295' title='bbox 897 3931 980 3975; x_wconf 91' lang='lat' dir='ltr'><strong>est</strong></span> <span class='ocrx_word' id='word_1_296' title='bbox 1029 3939 1248 3980; x_wconf 87' lang='lat' dir='ltr'><strong>necesse</strong></span> <span class='ocrx_word' id='word_1_297' title='bbox 1295 3927 1602 3986; x_wconf 80' lang='lat' dir='ltr'><strong>defendere.</strong></span> <span class='ocrx_word' id='word_1_298' title='bbox 1647 3934 1852 3989; x_wconf 82' lang='lat' dir='ltr'><strong>Accusa</strong></span> <span class='ocrx_word' id='word_1_299' title='bbox 1888 3951 1983 3992; x_wconf 84' lang='lat' dir='ltr'><strong>eos</strong></span> 
     </span>
    </p>
   </div>
   <div class='ocr_carea' id='block_1_42' title="bbox 397 4011 1983 4090">
    <p class='ocr_par' dir='ltr' id='par_1_42' title="bbox 397 4011 1983 4090">
     <span class='ocr_line' id='line_1_42' title="bbox 397 4011 1983 4090; baseline 0.016 -33"><span class='ocrx_word' id='word_1_300' title='bbox 397 4011 606 4077; x_wconf 86' lang='lat' dir='ltr'><strong>quantis</strong></span> <span class='ocrx_word' id='word_1_301' title='bbox 635 4011 832 4063; x_wconf 77' lang='lat' dir='ltr'><strong>\‘II&#39;IIIIIS</strong></span> <span class='ocrx_word' id='word_1_302' title='bbox 858 4021 1011 4080; x_wconf 87' lang='lat' dir='ltr'><strong>potes</strong></span> <span class='ocrx_word' id='word_1_303' title='bbox 1036 4031 1050 4064; x_wconf 90' lang='lat'>:</span> <span class='ocrx_word' id='word_1_304' title='bbox 1076 4015 1116 4067; x_wconf 92' lang='lat' dir='ltr'><strong>si</strong></span> <span class='ocrx_word' id='word_1_305' title='bbox 1147 4014 1457 4082; x_wconf 88' lang='lat' dir='ltr'><strong>innocentes</strong></span> <span class='ocrx_word' id='word_1_306' title='bbox 1483 4019 1717 4086; x_wconf 87' lang='lat' dir='ltr'><strong>fuerunt,</strong></span> <span class='ocrx_word' id='word_1_307' title='bbox 1751 4025 1878 4080; x_wconf 88' lang='lat' dir='ltr'><strong>nihil</strong></span> <span class='ocrx_word' id='word_1_308' title='bbox 1905 4027 1983 4090; x_wconf 78' lang='lat' dir='ltr'><strong>eis</strong></span> 
     </span>
    </p>
   </div>
   <div class='ocr_carea' id='block_1_43' title="bbox 399 4101 1982 4177">
    <p class='ocr_par' dir='ltr' id='par_1_43' title="bbox 399 4101 1982 4177">
     <span class='ocr_line' id='line_1_43' title="bbox 399 4101 1982 4177; baseline 0.016 -27"><span class='ocrx_word' id='word_1_309' title='bbox 399 4109 644 4170; x_wconf 86' lang='lat' dir='ltr'><strong>tauquam</strong></span> <span class='ocrx_word' id='word_1_310' title='bbox 676 4101 952 4156; x_wconf 78' lang='lat' dir='ltr'><strong>frumentis</strong></span> <span class='ocrx_word' id='word_1_311' title='bbox 980 4104 1152 4164; x_wconf 84' lang='lat' dir='ltr'><strong>oberit</strong></span> <span class='ocrx_word' id='word_1_312' title='bbox 1187 4111 1474 4164; x_wconf 87' lang='lat' dir='ltr'><strong>vcntositas</strong></span> <span class='ocrx_word' id='word_1_313' title='bbox 1501 4121 1621 4177; x_wconf 87' lang='lat' dir='ltr'><strong>tua;</strong></span> <span class='ocrx_word' id='word_1_314' title='bbox 1653 4116 1696 4171; x_wconf 92' lang='lat' dir='ltr'><strong>si</strong></span> <span class='ocrx_word' id='word_1_315' title='bbox 1731 4131 1982 4175; x_wconf 85' lang='lat' dir='ltr'><strong>nocentes</strong></span> 
     </span>
    </p>
   </div>
   <div class='ocr_carea' id='block_1_44' title="bbox 399 4189 1980 4268">
    <p class='ocr_par' dir='ltr' id='par_1_44' title="bbox 399 4189 1980 4268">
     <span class='ocr_line' id='line_1_44' title="bbox 399 4189 1980 4268; baseline 0.015 -26"><span class='ocrx_word' id='word_1_316' title='bbox 399 4189 629 4252; x_wconf 87' lang='lat' dir='ltr'><strong>fuerunt.</strong></span> <span class='ocrx_word' id='word_1_317' title='bbox 666 4209 768 4248; x_wconf 92' lang='lat' dir='ltr'><strong>uou</strong></span> <span class='ocrx_word' id='word_1_318' title='bbox 798 4193 1096 4250; x_wconf 87' lang='lat' dir='ltr'><strong>debuerunt</strong></span> <span class='ocrx_word' id='word_1_319' title='bbox 1128 4208 1344 4268; x_wconf 83' lang='lat' dir='ltr'><strong>propter</strong></span> <span class='ocrx_word' id='word_1_320' title='bbox 1369 4201 1685 4262; x_wconf 7' lang='lat' dir='ltr'><strong>illajzizania</strong></span> <span class='ocrx_word' id='word_1_321' title='bbox 1716 4207 1980 4266; x_wconf 87' lang='lat' dir='ltr'><strong>frtuneuta</strong></span> 
     </span>
    </p>
   </div>
   <div class='ocr_carea' id='block_1_45' title="bbox 396 4279 1978 4371">
    <p class='ocr_par' dir='ltr' id='par_1_45' title="bbox 396 4279 1978 4371">
     <span class='ocr_line' id='line_1_45' title="bbox 396 4279 1978 4371; baseline 0.016 -39"><span class='ocrx_word' id='word_1_322' title='bbox 396 4279 592 4347; x_wconf 82' lang='lat' dir='ltr'><strong>deseri,</strong></span> <span class='ocrx_word' id='word_1_323' title='bbox 611 4283 802 4352; x_wconf 89' lang='lat' dir='ltr'><strong>quibus</strong></span> <span class='ocrx_word' id='word_1_324' title='bbox 819 4285 945 4338; x_wconf 92' lang='lat' dir='ltr'><strong>nihil</strong></span> <span class='ocrx_word' id='word_1_325' title='bbox 964 4285 1266 4343; x_wconf 81' lang='lat' dir='ltr'><strong>obfuerunt.</strong></span> <span class='ocrx_word' id='word_1_326' title='bbox 1299 4292 1503 4348; x_wconf 81' lang='lat' dir='ltr'><strong>Accusa</strong></span> <span class='ocrx_word' id='word_1_327' title='bbox 1525 4307 1779 4365; x_wconf 90' lang='lat' dir='ltr'><strong>quantum</strong></span> <span class='ocrx_word' id='word_1_328' title='bbox 1808 4283 1978 4371; x_wconf 84' lang='lat' dir='ltr'><strong>potes;</strong></span> 
     </span>
    </p>
   </div>
   <div class='ocr_carea' id='block_1_46' title="bbox 399 4370 1978 4462">
    <p class='ocr_par' dir='ltr' id='par_1_46' title="bbox 399 4370 1978 4462">
     <span class='ocr_line' id='line_1_46' title="bbox 399 4370 1978 4462; baseline 0.017 -39"><span class='ocrx_word' id='word_1_329' title='bbox 399 4370 554 4426; x_wconf 84' lang='lat' dir='ltr'><strong>vinco</strong></span> <span class='ocrx_word' id='word_1_330' title='bbox 579 4373 620 4426; x_wconf 89' lang='lat' dir='ltr'><strong>si</strong></span> <span class='ocrx_word' id='word_1_331' title='bbox 641 4389 744 4427; x_wconf 87' lang='lat' dir='ltr'><strong>non</strong></span> <span class='ocrx_word' id='word_1_332' title='bbox 773 4375 984 4445; x_wconf 87' lang='lat' dir='ltr'><strong>probas,</strong></span> <span class='ocrx_word' id='word_1_333' title='bbox 1009 4379 1162 4434; x_wconf 88' lang='lat' dir='ltr'><strong>vinco</strong></span> <span class='ocrx_word' id='word_1_334' title='bbox 1189 4381 1232 4435; x_wconf 87' lang='lat' dir='ltr'><strong>si</strong></span> <span class='ocrx_word' id='word_1_335' title='bbox 1263 4383 1456 4451; x_wconf 85' lang='lat' dir='ltr'><strong>probas</strong></span> <span class='ocrx_word' id='word_1_336' title='bbox 1487 4402 1502 4439; x_wconf 92' lang='lat'><strong>:</strong></span> <span class='ocrx_word' id='word_1_337' title='bbox 1536 4388 1710 4454; x_wconf 85' lang='lat' dir='ltr'><strong>vinco,</strong></span> <span class='ocrx_word' id='word_1_338' title='bbox 1740 4391 1978 4462; x_wconf 87' lang='lat' dir='ltr'><strong>inquam,</strong></span> 
     </span>
    </p>
   </div>
   <div class='ocr_carea' id='block_1_47' title="bbox 399 4463 1982 4552">
    <p class='ocr_par' dir='ltr' id='par_1_47' title="bbox 399 4463 1982 4552">
     <span class='ocr_line' id='line_1_47' title="bbox 399 4463 1982 4552; baseline 0.018 -35"><span class='ocrx_word' id='word_1_339' title='bbox 399 4463 443 4517; x_wconf 86' lang='lat' dir='ltr'><strong>si</strong></span> <span class='ocrx_word' id='word_1_340' title='bbox 475 4480 579 4518; x_wconf 69' lang='lat' dir='ltr'><strong>nun</strong></span> <span class='ocrx_word' id='word_1_341' title='bbox 611 4468 824 4534; x_wconf 87' lang='lat' dir='ltr'><strong>probas,</strong></span> <span class='ocrx_word' id='word_1_342' title='bbox 849 4468 1026 4536; x_wconf 89' lang='lat' dir='ltr'><strong>judice</strong></span> <span class='ocrx_word' id='word_1_343' title='bbox 1056 4481 1108 4526; x_wconf 91' lang='lat' dir='ltr'><strong>te</strong></span> <span class='ocrx_word' id='word_1_344' title='bbox 1138 4472 1286 4542; x_wconf 89' lang='lat' dir='ltr'><strong>ipso;</strong></span> <span class='ocrx_word' id='word_1_345' title='bbox 1327 4476 1484 4532; x_wconf 87' lang='lat' dir='ltr'><strong>vinco</strong></span> <span class='ocrx_word' id='word_1_346' title='bbox 1521 4479 1564 4532; x_wconf 90' lang='lat' dir='ltr'><strong>si</strong></span> <span class='ocrx_word' id='word_1_347' title='bbox 1589 4484 1812 4552; x_wconf 86' lang='lat' dir='ltr'><strong>probas,</strong></span> <span class='ocrx_word' id='word_1_348' title='bbox 1847 4495 1982 4545; x_wconf 81' lang='lat' dir='ltr'><strong>teste</strong></span> 
     </span>
    </p>
   </div>
   <div class='ocr_carea' id='block_1_48' title="bbox 398 4552 1983 4638">
    <p class='ocr_par' dir='ltr' id='par_1_48' title="bbox 398 4552 1983 4638">
     <span class='ocr_line' id='line_1_48' title="bbox 398 4552 1983 4638; baseline 0.016 -30"><span class='ocrx_word' id='word_1_349' title='bbox 398 4552 682 4626; x_wconf 80' lang='lat' dir='ltr'><strong>Cypriano.</strong></span> <span class='ocrx_word' id='word_1_350' title='bbox 712 4557 848 4624; x_wconf 88' lang='lat' dir='ltr'><strong>Quid</strong></span> <span class='ocrx_word' id='word_1_351' title='bbox 864 4574 960 4614; x_wconf 86' lang='lat' dir='ltr'><strong>eos</strong></span> <span class='ocrx_word' id='word_1_352' title='bbox 980 4561 1058 4616; x_wconf 86' lang='lat' dir='ltr'><strong>vis</strong></span> <span class='ocrx_word' id='word_1_353' title='bbox 1086 4562 1288 4619; x_wconf 76' lang='lat' dir='ltr'><strong>fuisse?</strong></span> <span class='ocrx_word' id='word_1_354' title='bbox 1309 4565 1362 4621; x_wconf 91' lang='lat' dir='ltr'><strong>Si</strong></span> <span class='ocrx_word' id='word_1_355' title='bbox 1395 4567 1724 4638; x_wconf 90' lang='lat' dir='ltr'><strong>innocentes,</strong></span> <span class='ocrx_word' id='word_1_356' title='bbox 1754 4592 1850 4631; x_wconf 88' lang='lat' dir='ltr'><strong>cur</strong></span> <span class='ocrx_word' id='word_1_357' title='bbox 1874 4579 1983 4634; x_wconf 86' lang='lat' dir='ltr'><strong>fru-</strong></span> 
     </span>
    </p>
   </div>
   <div class='ocr_carea' id='block_1_49' title="bbox 399 4648 1983 4728">
    <p class='ocr_par' dir='ltr' id='par_1_49' title="bbox 399 4648 1983 4728">
     <span class='ocr_line' id='line_1_49' title="bbox 399 4648 1983 4728; baseline 0.018 -30"><span class='ocrx_word' id='word_1_358' title='bbox 399 4648 591 4700; x_wconf 87' lang='lat' dir='ltr'><strong>mentis</strong></span> <span class='ocrx_word' id='word_1_359' title='bbox 633 4648 936 4717; x_wconf 87' lang='lat' dir='ltr'><strong>dominicis,</strong></span> <span class='ocrx_word' id='word_1_360' title='bbox 981 4667 1102 4707; x_wconf 90' lang='lat' dir='ltr'><strong>cum</strong></span> <span class='ocrx_word' id='word_1_361' title='bbox 1144 4656 1260 4709; x_wconf 91' lang='lat' dir='ltr'><strong>sitis</strong></span> <span class='ocrx_word' id='word_1_362' title='bbox 1290 4659 1514 4727; x_wconf 84' lang='lat' dir='ltr'><strong>zizania,</strong></span> <span class='ocrx_word' id='word_1_363' title='bbox 1544 4665 1983 4728; x_wconf 74' lang='lat' dir='ltr'><strong>calumniamiui’</strong></span> 
     </span>
    </p>
   </div>
   <div class='ocr_carea' id='block_1_50' title="bbox 397 4735 1979 4827">
    <p class='ocr_par' dir='ltr' id='par_1_50' title="bbox 397 4735 1979 4827">
     <span class='ocr_line' id='line_1_50' title="bbox 397 4735 1979 4827; baseline 0.017 -36"><span class='ocrx_word' id='word_1_364' title='bbox 397 4735 449 4791; x_wconf 90' lang='lat' dir='ltr'><strong>Si</strong></span> <span class='ocrx_word' id='word_1_365' title='bbox 479 4754 752 4805; x_wconf 79' lang='lat' dir='ltr'><strong>nocentes,</strong></span> <span class='ocrx_word' id='word_1_366' title='bbox 778 4757 921 4796; x_wconf 84' lang='lat' dir='ltr'><strong>cura</strong></span> <span class='ocrx_word' id='word_1_367' title='bbox 950 4744 1228 4800; x_wconf 85' lang='lat' dir='ltr'><strong>frumentis</strong></span> <span class='ocrx_word' id='word_1_368' title='bbox 1245 4748 1525 4808; x_wconf 89' lang='lat' dir='ltr'><strong>dominicis</strong></span> <span class='ocrx_word' id='word_1_369' title='bbox 1550 4770 1763 4827; x_wconf 84' lang='lat' dir='ltr'><strong>propter</strong></span> <span class='ocrx_word' id='word_1_370' title='bbox 1782 4761 1979 4819; x_wconf 86' lang='lat' dir='ltr'><strong>zizauia</strong></span> 
     </span>
    </p>
   </div>
   <div class='ocr_carea' id='block_1_51' title="bbox 398 4831 1983 4922">
    <p class='ocr_par' dir='ltr' id='par_1_51' title="bbox 398 4831 1983 4922">
     <span class='ocr_line' id='line_1_51' title="bbox 398 4831 1983 4922; baseline 0.02 -44"><span class='ocrx_word' id='word_1_371' title='bbox 398 4831 752 4904; x_wconf 79' lang='lat' dir='ltr'><strong>separaniiui?</strong></span> <span class='ocrx_word' id='word_1_372' title='bbox 779 4831 962 4887; x_wconf 70' lang='lat' dir='ltr'><strong>Exstat</strong></span> <span class='ocrx_word' id='word_1_373' title='bbox 980 4835 1002 4866; x_wconf 86' lang='grc'>³</span> <span class='ocrx_word' id='word_1_374' title='bbox 1025 4836 1256 4892; x_wconf 83' lang='lat' dir='ltr'><strong>Ecclesia</strong></span> <span class='ocrx_word' id='word_1_375' title='bbox 1275 4845 1480 4898; x_wconf 87' lang='lat' dir='ltr'><strong>eunetis</strong></span> <span class='ocrx_word' id='word_1_376' title='bbox 1503 4846 1645 4901; x_wconf 89' lang='lat' dir='ltr'><strong>clara</strong></span> <span class='ocrx_word' id='word_1_377' title='bbox 1675 4861 1832 4922; x_wconf 88' lang='lat' dir='ltr'><strong>atque</strong></span> <span class='ocrx_word' id='word_1_378' title='bbox 1854 4869 1983 4910; x_wconf 88' lang='lat' dir='ltr'><strong>con-</strong></span> 
     </span>
    </p>
   </div>
   <div class='ocr_carea' id='block_1_52' title="bbox 395 4921 1982 5016">
    <p class='ocr_par' dir='ltr' id='par_1_52' title="bbox 395 4921 1982 5016">
     <span class='ocr_line' id='line_1_52' title="bbox 395 4921 1982 5016; baseline 0.02 -45"><span class='ocrx_word' id='word_1_379' title='bbox 395 4921 572 4987; x_wconf 74' lang='lat' dir='ltr'><strong>spicua</strong></span> <span class='ocrx_word' id='word_1_380' title='bbox 592 4937 614 4985; x_wconf 65' lang='lat'><strong>;,</strong></span> <span class='ocrx_word' id='word_1_381' title='bbox 637 4923 835 4993; x_wconf 88' lang='lat' dir='ltr'><strong>quippe</strong></span> <span class='ocrx_word' id='word_1_382' title='bbox 855 4926 1043 4981; x_wconf 82' lang='lat' dir='ltr'><strong>etvitas</strong></span> <span class='ocrx_word' id='word_1_383' title='bbox 1067 4944 1185 5003; x_wconf 71' lang='lat' dir='ltr'><strong>qua:</strong></span> <span class='ocrx_word' id='word_1_384' title='bbox 1205 4931 1457 4989; x_wconf 87' lang='lat' dir='ltr'><strong>abscondi</strong></span> <span class='ocrx_word' id='word_1_385' title='bbox 1488 4953 1593 4992; x_wconf 92' lang='lat' dir='ltr'><strong>non</strong></span> <span class='ocrx_word' id='word_1_386' title='bbox 1623 4921 1796 5008; x_wconf 84' lang='lat' dir='ltr'><strong>potest</strong></span> <span class='ocrx_word' id='word_1_387' title='bbox 1821 4963 1982 5016; x_wconf 85' lang='lat' dir='ltr'><strong>super</strong></span> 
     </span>
    </p>
   </div>
   <div class='ocr_carea' id='block_1_53' title="bbox 396 5016 1982 5099">
    <p class='ocr_par' dir='ltr' id='par_1_53' title="bbox 396 5016 1982 5099">
     <span class='ocr_line' id='line_1_53' title="bbox 396 5016 1982 5099; baseline 0.02 -37"><span class='ocrx_word' id='word_1_388' title='bbox 396 5023 628 5066; x_wconf 86' lang='lat' dir='ltr'><strong>montem</strong></span> <span class='ocrx_word' id='word_1_389' title='bbox 652 5017 937 5078; x_wconf 71' lang='lat' dir='ltr'><strong>constituta</strong></span> <span class='ocrx_word' id='word_1_390' title='bbox 970 5016 1185 5086; x_wconf 61' lang='lat' dir='ltr'><strong>(ll/mh.</strong></span> <span class='ocrx_word' id='word_1_391' title='bbox 1211 5037 1264 5089; x_wconf 90' lang='lat' dir='ltr'><strong>v,</strong></span> <span class='ocrx_word' id='word_1_392' title='bbox 1300 5025 1408 5096; x_wconf 74' lang='grc'><strong>14),</strong></span> <span class='ocrx_word' id='word_1_393' title='bbox 1439 5043 1531 5098; x_wconf 88' lang='lat' dir='ltr'><strong>per</strong></span> <span class='ocrx_word' id='word_1_394' title='bbox 1556 5048 1712 5099; x_wconf 86' lang='lat' dir='ltr'><strong>quam</strong></span> <span class='ocrx_word' id='word_1_395' title='bbox 1740 5035 1982 5093; x_wconf 88' lang='lat' dir='ltr'><strong>domina-</strong></span> 
     </span>
    </p>
   </div>
   <div class='ocr_carea' id='block_1_54' title="bbox 399 5105 1981 5188">
    <p class='ocr_par' dir='ltr' id='par_1_54' title="bbox 399 5105 1981 5188">
     <span class='ocr_line' id='line_1_54' title="bbox 399 5105 1981 5188; baseline 0.023 -36"><span class='ocrx_word' id='word_1_396' title='bbox 399 5111 480 5156; x_wconf 88' lang='lat' dir='ltr'><strong>tur</strong></span> <span class='ocrx_word' id='word_1_397' title='bbox 508 5105 751 5160; x_wconf 86' lang='lat' dir='ltr'><strong>Christus</strong></span> <span class='ocrx_word' id='word_1_398' title='bbox 776 5123 804 5160; x_wconf 86' lang='lat' dir='ltr'><strong>a</strong></span> <span class='ocrx_word' id='word_1_399' title='bbox 835 5110 966 5164; x_wconf 91' lang='lat' dir='ltr'><strong>mari</strong></span> <span class='ocrx_word' id='word_1_400' title='bbox 989 5128 1154 5183; x_wconf 71' lang='lat' dir='ltr'><strong>usque</strong></span> <span class='ocrx_word' id='word_1_401' title='bbox 1180 5116 1244 5170; x_wconf 91' lang='lat' dir='ltr'><strong>ad</strong></span> <span class='ocrx_word' id='word_1_402' title='bbox 1272 5135 1438 5183; x_wconf 90' lang='lat' dir='ltr'><strong>mare,</strong></span> <span class='ocrx_word' id='word_1_403' title='bbox 1483 5133 1536 5176; x_wconf 90' lang='lat' dir='ltr'><strong>et</strong></span> <span class='ocrx_word' id='word_1_404' title='bbox 1578 5140 1604 5176; x_wconf 92' lang='lat' dir='ltr'><strong>a</strong></span> <span class='ocrx_word' id='word_1_405' title='bbox 1647 5107 1866 5186; x_wconf 82' lang='lat' dir='ltr'><strong>flumine</strong></span> <span class='ocrx_word' id='word_1_406' title='bbox 1893 5150 1981 5188; x_wconf 89' lang='lat' dir='ltr'><strong>us-</strong></span> 
     </span>
    </p>
   </div>
   <div class='ocr_carea' id='block_1_55' title="bbox 398 5194 1978 5294">
    <p class='ocr_par' dir='ltr' id='par_1_55' title="bbox 398 5194 1978 5294">
     <span class='ocr_line' id='line_1_55' title="bbox 398 5194 1978 5294; baseline 0.025 -53"><span class='ocrx_word' id='word_1_407' title='bbox 398 5205 499 5260; x_wconf 91' lang='lat' dir='ltr'><strong>que</strong></span> <span class='ocrx_word' id='word_1_408' title='bbox 528 5194 592 5248; x_wconf 92' lang='lat' dir='ltr'><strong>ad</strong></span> <span class='ocrx_word' id='word_1_409' title='bbox 624 5198 876 5256; x_wconf 82' lang='lat' dir='ltr'><strong>terminos</strong></span> <span class='ocrx_word' id='word_1_410' title='bbox 903 5202 1044 5256; x_wconf 83' lang='lat' dir='ltr'><strong>orbis</strong></span> <span class='ocrx_word' id='word_1_411' title='bbox 1072 5213 1225 5258; x_wconf 51' lang='lat' dir='ltr'><strong>terra!</strong></span> <span class='ocrx_word' id='word_1_412' title='bbox 1247 5206 1414 5280; x_wconf 66' lang='lat' dir='ltr'><strong>(Paul.</strong></span> <span class='ocrx_word' id='word_1_413' title='bbox 1450 5229 1593 5277; x_wconf 69' lang='lat' dir='ltr'><strong>uxr,</strong></span> <span class='ocrx_word' id='word_1_414' title='bbox 1622 5216 1700 5289; x_wconf 78' lang='lat'><strong>8),</strong></span> <span class='ocrx_word' id='word_1_415' title='bbox 1731 5229 1978 5294; x_wconf 87' lang='lat' dir='ltr'><strong>tanquam</strong></span> 
     </span>
    </p>
   </div>
   <div class='ocr_carea' id='block_1_56' title="bbox 398 5287 1980 5379">
    <p class='ocr_par' dir='ltr' id='par_1_56' title="bbox 398 5287 1980 5379">
     <span class='ocr_line' id='line_1_56' title="bbox 398 5287 1980 5379; baseline 0.025 -46"><span class='ocrx_word' id='word_1_416' title='bbox 398 5297 577 5338; x_wconf 71' lang='lat' dir='ltr'><strong>semen</strong></span> <span class='ocrx_word' id='word_1_417' title='bbox 624 5287 851 5343; x_wconf 76' lang='lat' dir='ltr'><strong>Abrahre</strong></span> <span class='ocrx_word' id='word_1_418' title='bbox 896 5293 1300 5363; x_wconf 88' lang='lat' dir='ltr'><strong>multiplicatum</strong></span> <span class='ocrx_word' id='word_1_419' title='bbox 1353 5301 1490 5356; x_wconf 88' lang='lat' dir='ltr'><strong>sicut</strong></span> <span class='ocrx_word' id='word_1_420' title='bbox 1531 5287 1698 5362; x_wconf 76' lang='lat' dir='ltr'><strong>stellae</strong></span> <span class='ocrx_word' id='word_1_421' title='bbox 1738 5287 1880 5379; x_wconf 76' lang='lat' dir='ltr'><strong>caeli,</strong></span> <span class='ocrx_word' id='word_1_422' title='bbox 1925 5327 1980 5371; x_wconf 91' lang='lat' dir='ltr'><strong>ct</strong></span> 
     </span>
    </p>
   </div>
   <div class='ocr_carea' id='block_1_57' title="bbox 401 5373 1978 5478">
    <p class='ocr_par' dir='ltr' id='par_1_57' title="bbox 401 5373 1978 5478">
     <span class='ocr_line' id='line_1_57' title="bbox 401 5373 1978 5478; baseline 0.024 -52"><span class='ocrx_word' id='word_1_423' title='bbox 401 5373 532 5429; x_wconf 87' lang='lat' dir='ltr'><strong>sicut</strong></span> <span class='ocrx_word' id='word_1_424' title='bbox 559 5392 718 5431; x_wconf 87' lang='lat' dir='ltr'><strong>arena</strong></span> <span class='ocrx_word' id='word_1_425' title='bbox 748 5382 940 5447; x_wconf 91' lang='lat' dir='ltr'><strong>maris,</strong></span> <span class='ocrx_word' id='word_1_426' title='bbox 987 5384 1037 5438; x_wconf 92' lang='lat' dir='ltr'><strong>in</strong></span> <span class='ocrx_word' id='word_1_427' title='bbox 1067 5401 1173 5455; x_wconf 90' lang='lat' dir='ltr'><strong>quo</strong></span> <span class='ocrx_word' id='word_1_428' title='bbox 1205 5389 1590 5452; x_wconf 89' lang='lat' dir='ltr'><strong>benedicuntur</strong></span> <span class='ocrx_word' id='word_1_429' title='bbox 1629 5416 1978 5478; x_wconf 77' lang='lat' dir='ltr'><strong>omnesgeu-</strong></span> 
     </span>
    </p>
   </div>
   <div class='ocr_carea' id='block_1_58' title="bbox 397 5507 1976 5632">
    <p class='ocr_par' dir='ltr' id='par_1_58' title="bbox 397 5507 1976 5632">
     <span class='ocr_line' id='line_1_58' title="bbox 397 5507 1976 5632; baseline 0.023 -80"><span class='ocrx_word' id='word_1_430' title='bbox 397 5507 946 5632; x_wconf 42' lang='lat' dir='ltr'><strong>ertillit‘ifgpropter</strong></span> <span class='ocrx_word' id='word_1_431' title='bbox 967 5514 1192 5570; x_wconf 79' lang='lat' dir='ltr'><strong>men&#39;tum</strong></span> <span class='ocrx_word' id='word_1_432' title='bbox 1206 5524 1364 5593; x_wconf 75' lang='lat' dir='ltr'><strong>tamen</strong></span> <span class='ocrx_word' id='word_1_433' title='bbox 1385 5521 1552 5589; x_wconf 73' lang='lat' dir='ltr'><strong>ipsius.</strong></span> <span class='ocrx_word' id='word_1_434' title='bbox 1567 5529 1730 5593; x_wconf 78' lang='lat' dir='ltr'><strong>Abest,</strong></span> <span class='ocrx_word' id='word_1_435' title='bbox 1747 5537 1923 5600; x_wconf 78' lang='lat' dir='ltr'><strong>tamen,</strong></span> <span class='ocrx_word' id='word_1_436' title='bbox 1949 5550 1976 5588; x_wconf 85' lang='lat' dir='ltr'><strong>a</strong></span> 
     </span>
    </p>
   </div>
   <div class='ocr_carea' id='block_1_59' title="bbox 455 5630 974 5691">
    <p class='ocr_par' dir='ltr' id='par_1_59' title="bbox 455 5630 974 5691">
     <span class='ocr_line' id='line_1_59' title="bbox 455 5630 974 5691; baseline 0.021 -15"><span class='ocrx_word' id='word_1_437' title='bbox 455 5630 475 5691; x_wconf 65' lang='grc' dir='ltr'>ξ</span> <span class='ocrx_word' id='word_1_438' title='bbox 497 5630 764 5691; x_wconf 49' lang='grc' dir='ltr'><strong>ΡΔίίΙίετεε</strong></span> <span class='ocrx_word' id='word_1_439' title='bbox 784 5634 846 5684; x_wconf 85' lang='lat' dir='ltr'><strong>ab</strong></span> <span class='ocrx_word' id='word_1_440' title='bbox 866 5634 974 5688; x_wconf 85' lang='lat' dir='ltr'><strong>hac.</strong></span> 
     </span>
    </p>
   </div>
   <div class='ocr_carea' id='block_1_60' title="bbox 458 5687 1340 5772">
    <p class='ocr_par' dir='ltr' id='par_1_60' title="bbox 458 5687 1340 5772">
     <span class='ocr_line' id='line_1_60' title="bbox 458 5687 1340 5772; baseline 0.022 -34"><span class='ocrx_word' id='word_1_441' title='bbox 458 5687 480 5722; x_wconf 78' lang='grc'><strong>³</strong></span> <span class='ocrx_word' id='word_1_442' title='bbox 503 5701 603 5741; x_wconf 71' lang='lat' dir='ltr'><strong>am.</strong></span> <span class='ocrx_word' id='word_1_443' title='bbox 619 5687 704 5743; x_wconf 63' lang='grc' dir='ltr'><strong>Ἐν.</strong></span> <span class='ocrx_word' id='word_1_444' title='bbox 733 5703 784 5746; x_wconf 85' lang='lat' dir='ltr'><strong>et</strong></span> <span class='ocrx_word' id='word_1_445' title='bbox 807 5695 973 5761; x_wconf 55' lang='lat' dir='ltr'><strong>plures</strong></span> <span class='ocrx_word' id='word_1_446' title='bbox 995 5707 1120 5764; x_wconf 58' lang='lat'><strong>3153.,</strong></span> <span class='ocrx_word' id='word_1_447' title='bbox 1145 5696 1340 5772; x_wconf 70' lang='lat' dir='ltr'><strong>existat.</strong></span> 
     </span>
    </p>
   </div>
   <div class='ocr_carea' id='block_1_61' title="bbox 1785 273 2403 336">
    <p class='ocr_par' dir='ltr' id='par_1_61' title="bbox 1785 273 2403 336">
     <span class='ocr_line' id='line_1_61' title="bbox 1785 273 2403 336; baseline 0.003 -6"><span class='ocrx_word' id='word_1_448' title='bbox 1785 273 1988 330; x_wconf 68' lang='lat' dir='ltr'><strong>LIBER</strong></span> <span class='ocrx_word' id='word_1_449' title='bbox 2028 277 2403 336; x_wconf 68' lang='lat' dir='ltr'><strong>SECUNDUS.</strong></span> 
     </span>
    </p>
   </div>
   <div class='ocr_carea' id='block_1_62' title="bbox 3605 296 3708 352">
    <p class='ocr_par' dir='ltr' id='par_1_62' title="bbox 3605 296 3708 352">
     <span class='ocr_line' id='line_1_62' title="bbox 3605 296 3708 352; baseline 0.019 -3"><span class='ocrx_word' id='word_1_450' title='bbox 3605 296 3708 352; x_wconf 61' lang='lat'><strong>4&#39;95</strong></span> 
     </span>
    </p>
   </div>
   <div class='ocr_carea' id='block_1_63' title="bbox 2119 391 3700 470">
    <p class='ocr_par' dir='ltr' id='par_1_63' title="bbox 2119 391 3700 470">
     <span class='ocr_line' id='line_1_63' title="bbox 2119 391 3700 470; baseline 0.009 -27"><span class='ocrx_word' id='word_1_451' title='bbox 2119 399 2218 445; x_wconf 90' lang='lat' dir='ltr'><strong>tes.</strong></span> <span class='ocrx_word' id='word_1_452' title='bbox 2253 391 2398 448; x_wconf 81' lang='lat' dir='ltr'><strong>Ilanc</strong></span> <span class='ocrx_word' id='word_1_453' title='bbox 2429 394 2584 448; x_wconf 86' lang='lat' dir='ltr'><strong>etiam</strong></span> <span class='ocrx_word' id='word_1_454' title='bbox 2621 395 2802 450; x_wconf 75' lang='lat' dir='ltr'><strong>beatus</strong></span> <span class='ocrx_word' id='word_1_455' title='bbox 2835 398 3130 468; x_wconf 60' lang='lat' dir='ltr'><strong>Cyprianus</strong></span> <span class='ocrx_word' id='word_1_456' title='bbox 3160 400 3226 455; x_wconf 71' lang='lat' dir='ltr'><strong>ita</strong></span> <span class='ocrx_word' id='word_1_457' title='bbox 3256 404 3613 470; x_wconf 82' lang='lat' dir='ltr'><strong>commendat,</strong></span> <span class='ocrx_word' id='word_1_458' title='bbox 3646 417 3700 458; x_wconf 65' lang='lat' dir='ltr'><strong>ut</strong></span> 
     </span>
    </p>
   </div>
   <div class='ocr_carea' id='block_1_64' title="bbox 2116 480 3702 563">
    <p class='ocr_par' dir='ltr' id='par_1_64' title="bbox 2116 480 3702 563">
     <span class='ocr_line' id='line_1_64' title="bbox 2116 480 3702 563; baseline 0.011 -32"><span class='ocrx_word' id='word_1_459' title='bbox 2116 495 2232 534; x_wconf 79' lang='lat' dir='ltr'><strong>eam</strong></span> <span class='ocrx_word' id='word_1_460' title='bbox 2260 480 2400 538; x_wconf 82' lang='lat' dir='ltr'><strong>dicat</strong></span> <span class='ocrx_word' id='word_1_461' title='bbox 2426 483 2632 548; x_wconf 83' lang='lat' dir='ltr'><strong>Domini</strong></span> <span class='ocrx_word' id='word_1_462' title='bbox 2661 485 2778 541; x_wconf 83' lang='lat' dir='ltr'><strong>luce</strong></span> <span class='ocrx_word' id='word_1_463' title='bbox 2805 487 3096 557; x_wconf 87' lang='lat' dir='ltr'><strong>perfusam,</strong></span> <span class='ocrx_word' id='word_1_464' title='bbox 3132 490 3308 546; x_wconf 84' lang='lat' dir='ltr'><strong>radios</strong></span> <span class='ocrx_word' id='word_1_465' title='bbox 3334 507 3458 546; x_wconf 82' lang='lat' dir='ltr'><strong>suos</strong></span> <span class='ocrx_word' id='word_1_466' title='bbox 3489 509 3582 563; x_wconf 89' lang='lat' dir='ltr'><strong>per</strong></span> <span class='ocrx_word' id='word_1_467' title='bbox 3607 511 3702 549; x_wconf 89' lang='lat' dir='ltr'><strong>or-</strong></span> 
     </span>
    </p>
   </div>
   <div class='ocr_carea' id='block_1_65' title="bbox 2115 569 3698 650">
    <p class='ocr_par' dir='ltr' id='par_1_65' title="bbox 2115 569 3698 650">
     <span class='ocr_line' id='line_1_65' title="bbox 2115 569 3698 650; baseline 0.012 -26"><span class='ocrx_word' id='word_1_468' title='bbox 2115 569 2236 624; x_wconf 83' lang='lat' dir='ltr'><strong>bem</strong></span> <span class='ocrx_word' id='word_1_469' title='bbox 2265 581 2523 636; x_wconf 81' lang='lat' dir='ltr'><strong>terrarum</strong></span> <span class='ocrx_word' id='word_1_470' title='bbox 2557 577 2847 646; x_wconf 75' lang='lat' dir='ltr'><strong>porrigere,</strong></span> <span class='ocrx_word' id='word_1_471' title='bbox 2883 594 3058 633; x_wconf 62' lang='lat' dir='ltr'><strong>rantes</strong></span> <span class='ocrx_word' id='word_1_472' title='bbox 3093 594 3219 635; x_wconf 86' lang='lat' dir='ltr'><strong>suos</strong></span> <span class='ocrx_word' id='word_1_473' title='bbox 3261 597 3355 650; x_wconf 84' lang='lat' dir='ltr'><strong>per</strong></span> <span class='ocrx_word' id='word_1_474' title='bbox 3397 585 3698 642; x_wconf 82' lang='lat' dir='ltr'><strong>universam</strong></span> 
     </span>
    </p>
   </div>
   <div class='ocr_carea' id='block_1_66' title="bbox 2117 665 3698 732">
    <p class='ocr_par' dir='ltr' id='par_1_66' title="bbox 2117 665 3698 732">
     <span class='ocr_line' id='line_1_66' title="bbox 2117 665 3698 732; baseline 0.011 -20"><span class='ocrx_word' id='word_1_475' title='bbox 2117 668 2311 716; x_wconf 83' lang='lat' dir='ltr'><strong>terram</strong></span> <span class='ocrx_word' id='word_1_476' title='bbox 2339 665 2488 732; x_wconf 86' lang='lat' dir='ltr'><strong>copia</strong></span> <span class='ocrx_word' id='word_1_477' title='bbox 2541 667 2802 722; x_wconf 83' lang='lat' dir='ltr'><strong>ubertatis</strong></span> <span class='ocrx_word' id='word_1_478' title='bbox 2857 670 3165 724; x_wconf 83' lang='lat' dir='ltr'><strong>extendere.</strong></span> <span class='ocrx_word' id='word_1_479' title='bbox 3199 673 3323 725; x_wconf 73' lang='lat' dir='ltr'><strong>Ilaec</strong></span> <span class='ocrx_word' id='word_1_480' title='bbox 3351 675 3474 728; x_wconf 83' lang='lat' dir='ltr'><strong>aut&#39;</strong></span> <span class='ocrx_word' id='word_1_481' title='bbox 3509 675 3560 730; x_wconf 90' lang='lat' dir='ltr'><strong>in</strong></span> <span class='ocrx_word' id='word_1_482' title='bbox 3589 675 3698 729; x_wconf 78' lang='lat' dir='ltr'><strong>fru-</strong></span> 
     </span>
    </p>
   </div>
   <div class='ocr_carea' id='block_1_67' title="bbox 2109 751 3697 830">
    <p class='ocr_par' dir='ltr' id='par_1_67' title="bbox 2109 751 3697 830">
     <span class='ocr_line' id='line_1_67' title="bbox 2109 751 3697 830; baseline 0.011 -27"><span class='ocrx_word' id='word_1_483' title='bbox 2109 751 2307 806; x_wconf 85' lang='lat' dir='ltr'><strong>mentis</strong></span> <span class='ocrx_word' id='word_1_484' title='bbox 2335 755 2448 808; x_wconf 81' lang='lat' dir='ltr'><strong>suis</strong></span> <span class='ocrx_word' id='word_1_485' title='bbox 2476 771 2577 810; x_wconf 77' lang='lat' dir='ltr'><strong>non</strong></span> <span class='ocrx_word' id='word_1_486' title='bbox 2603 767 2963 817; x_wconf 85' lang='lat' dir='ltr'><strong>accusaretur.</strong></span> <span class='ocrx_word' id='word_1_487' title='bbox 2993 770 3086 815; x_wconf 85' lang='lat' dir='ltr'><strong>aut</strong></span> <span class='ocrx_word' id='word_1_488' title='bbox 3118 771 3335 830; x_wconf 80' lang='lat' dir='ltr'><strong>propter</strong></span> <span class='ocrx_word' id='word_1_489' title='bbox 3362 764 3560 820; x_wconf 85' lang='lat' dir='ltr'><strong>zizania</strong></span> <span class='ocrx_word' id='word_1_490' title='bbox 3594 781 3697 820; x_wconf 90' lang='lat' dir='ltr'><strong>non</strong></span> 
     </span>
    </p>
   </div>
   <div class='ocr_carea' id='block_1_68' title="bbox 2111 838 3698 924">
    <p class='ocr_par' dir='ltr' id='par_1_68' title="bbox 2111 838 3698 924">
     <span class='ocr_line' id='line_1_68' title="bbox 2111 838 3698 924; baseline 0.013 -30"><span class='ocrx_word' id='word_1_491' title='bbox 2111 838 2452 898; x_wconf 85' lang='lat' dir='ltr'><strong>desereretur</strong></span> <span class='ocrx_word' id='word_1_492' title='bbox 2480 863 2493 898; x_wconf 88' lang='lat'><strong>:</strong></span> <span class='ocrx_word' id='word_1_493' title='bbox 2521 862 2679 901; x_wconf 89' lang='lat' dir='ltr'><strong>unum</strong></span> <span class='ocrx_word' id='word_1_494' title='bbox 2726 849 2914 904; x_wconf 73' lang='lat' dir='ltr'><strong>herum</strong></span> <span class='ocrx_word' id='word_1_495' title='bbox 2957 851 3106 905; x_wconf 86' lang='lat' dir='ltr'><strong>vobis</strong></span> <span class='ocrx_word' id='word_1_496' title='bbox 3146 856 3306 907; x_wconf 89' lang='lat' dir='ltr'><strong>etiam</strong></span> <span class='ocrx_word' id='word_1_497' title='bbox 3349 871 3442 908; x_wconf 72' lang='lat' dir='ltr'><strong>vos</strong></span> <span class='ocrx_word' id='word_1_498' title='bbox 3483 857 3582 924; x_wconf 83' lang='lat' dir='ltr'><strong>ipsi</strong></span> <span class='ocrx_word' id='word_1_499' title='bbox 3615 875 3698 914; x_wconf 88' lang='lat' dir='ltr'><strong>re-</strong></span> 
     </span>
    </p>
   </div>
   <div class='ocr_carea' id='block_1_69' title="bbox 2112 931 3699 1018">
    <p class='ocr_par' dir='ltr' id='par_1_69' title="bbox 2112 931 3699 1018">
     <span class='ocr_line' id='line_1_69' title="bbox 2112 931 3699 1018; baseline 0.013 -35"><span class='ocrx_word' id='word_1_500' title='bbox 2112 931 2396 1000; x_wconf 81' lang='lat' dir='ltr'><strong>spondete,</strong></span> <span class='ocrx_word' id='word_1_501' title='bbox 2441 935 2669 992; x_wconf 80' lang='lat' dir='ltr'><strong>alterum</strong></span> <span class='ocrx_word' id='word_1_502' title='bbox 2708 939 2957 1010; x_wconf 82' lang='lat' dir='ltr'><strong>Cypriani</strong></span> <span class='ocrx_word' id='word_1_503' title='bbox 3010 946 3224 1000; x_wconf 86' lang='lat' dir='ltr'><strong>monitis</strong></span> <span class='ocrx_word' id='word_1_504' title='bbox 3269 945 3478 1001; x_wconf 77' lang='lat' dir='ltr'><strong>discite.</strong></span> <span class='ocrx_word' id='word_1_505' title='bbox 3534 950 3699 1018; x_wconf 91' lang='lat' dir='ltr'><strong>Ipsius</strong></span> 
     </span>
    </p>
   </div>
   <div class='ocr_carea' id='block_1_70' title="bbox 2110 1021 3702 1096">
    <p class='ocr_par' dir='ltr' id='par_1_70' title="bbox 2110 1021 3702 1096">
     <span class='ocr_line' id='line_1_70' title="bbox 2110 1021 3702 1096; baseline 0.01 -19"><span class='ocrx_word' id='word_1_506' title='bbox 2110 1021 2252 1077; x_wconf 83' lang='lat' dir='ltr'><strong>enim</strong></span> <span class='ocrx_word' id='word_1_507' title='bbox 2281 1024 2436 1078; x_wconf 86' lang='lat' dir='ltr'><strong>verba</strong></span> <span class='ocrx_word' id='word_1_508' title='bbox 2467 1034 2591 1080; x_wconf 88' lang='lat' dir='ltr'><strong>sunt</strong></span> <span class='ocrx_word' id='word_1_509' title='bbox 2615 1031 2995 1096; x_wconf 77' lang='lat' dir='ltr'><strong>attestautisct</strong></span> <span class='ocrx_word' id='word_1_510' title='bbox 3031 1033 3257 1088; x_wconf 85' lang='lat' dir='ltr'><strong>dicentis</strong></span> <span class='ocrx_word' id='word_1_511' title='bbox 3291 1052 3305 1089; x_wconf 90' lang='lat'><strong><em>:</em></strong></span> <span class='ocrx_word' id='word_1_512' title='bbox 3348 1035 3485 1092; x_wconf 78' lang='lat' dir='ltr'><strong>Nam</strong></span> <span class='ocrx_word' id='word_1_513' title='bbox 3512 1043 3606 1092; x_wconf 65' lang='grc' dir='ltr'><strong>ευτ’</strong></span> <span class='ocrx_word' id='word_1_514' title='bbox 3631 1041 3702 1092; x_wconf 72' lang='grc' dir='ltr'><strong>οἱ·-</strong></span> 
     </span>
    </p>
   </div>
   <div class='ocr_carea' id='block_1_71' title="bbox 2110 1110 3697 1195">
    <p class='ocr_par' dir='ltr' id='par_1_71' title="bbox 2110 1110 3697 1195">
     <span class='ocr_line' id='line_1_71' title="bbox 2110 1110 3697 1195; baseline 0.013 -32"><span class='ocrx_word' id='word_1_515' title='bbox 2110 1110 2294 1168; x_wconf 76' lang='lat' dir='ltr'><strong>dentur</strong></span> <span class='ocrx_word' id='word_1_516' title='bbox 2319 1114 2371 1167; x_wconf 85' lang='lat' dir='ltr'><strong>in</strong></span> <span class='ocrx_word' id='word_1_517' title='bbox 2395 1115 2622 1188; x_wconf 74' lang='lat' dir='ltr'><strong>Ecclesia</strong></span> <span class='ocrx_word' id='word_1_518' title='bbox 2641 1135 2756 1175; x_wconf 73' lang='lat' dir='ltr'><strong>esse</strong></span> <span class='ocrx_word' id='word_1_519' title='bbox 2775 1121 2994 1184; x_wconf 75' lang='lat' dir='ltr'><strong>zizanin,</strong></span> <span class='ocrx_word' id='word_1_520' title='bbox 3025 1139 3124 1177; x_wconf 88' lang='lat' dir='ltr'><strong>nou</strong></span> <span class='ocrx_word' id='word_1_521' title='bbox 3152 1134 3316 1178; x_wconf 81' lang='lat' dir='ltr'><strong>tamen</strong></span> <span class='ocrx_word' id='word_1_522' title='bbox 3349 1127 3581 1195; x_wconf 82' lang='lat' dir='ltr'><strong>impediri</strong></span> <span class='ocrx_word' id='word_1_523' title='bbox 3605 1130 3697 1184; x_wconf 77' lang='lat' dir='ltr'><strong>de-</strong></span> 
     </span>
    </p>
   </div>
   <div class='ocr_carea' id='block_1_72' title="bbox 2097 1201 3699 1285">
    <p class='ocr_par' dir='ltr' id='par_1_72' title="bbox 2097 1201 3699 1285">
     <span class='ocr_line' id='line_1_72' title="bbox 2097 1201 3699 1285; baseline 0.011 -30"><span class='ocrx_word' id='word_1_524' title='bbox 2097 1201 2300 1264; x_wconf 43' lang='lat' dir='ltr'><strong>;betqul</strong></span> <span class='ocrx_word' id='word_1_525' title='bbox 2335 1205 2461 1272; x_wconf 74' lang='lat' dir='ltr'><strong>ﬁdes</strong></span> <span class='ocrx_word' id='word_1_526' title='bbox 2505 1216 2592 1264; x_wconf 80' lang='lat' dir='ltr'><strong>aut</strong></span> <span class='ocrx_word' id='word_1_527' title='bbox 2637 1208 2855 1269; x_wconf 69' lang='lat' dir='ltr'><strong>elutrilas</strong></span> <span class='ocrx_word' id='word_1_528' title='bbox 2884 1222 3088 1278; x_wconf 71' lang='lat' dir='ltr'><strong>nostra,</strong></span> <span class='ocrx_word' id='word_1_529' title='bbox 3131 1224 3183 1272; x_wconf 77' lang='lat' dir='ltr'><strong>ut</strong></span> <span class='ocrx_word' id='word_1_530' title='bbox 3221 1217 3457 1285; x_wconf 78' lang='lat' dir='ltr'><strong>quoniam</strong></span> <span class='ocrx_word' id='word_1_531' title='bbox 3501 1220 3699 1272; x_wconf 80' lang='lat' dir='ltr'><strong>zizauia</strong></span> 
     </span>
    </p>
   </div>
   <div class='ocr_carea' id='block_1_73' title="bbox 2107 1294 3696 1372">
    <p class='ocr_par' dir='ltr' id='par_1_73' title="bbox 2107 1294 3696 1372">
     <span class='ocr_line' id='line_1_73' title="bbox 2107 1294 3696 1372; baseline 0.01 -24"><span class='ocrx_word' id='word_1_532' title='bbox 2107 1295 2289 1355; x_wconf 70' lang='lat' dir='ltr'><strong>esscin</strong></span> <span class='ocrx_word' id='word_1_533' title='bbox 2319 1294 2550 1372; x_wconf 68' lang='lat' dir='ltr'><strong>Ecclesia</strong></span> <span class='ocrx_word' id='word_1_534' title='bbox 2576 1301 2846 1370; x_wconf 70' lang='lat' dir='ltr'><strong>cernimus,</strong></span> <span class='ocrx_word' id='word_1_535' title='bbox 2879 1303 2988 1370; x_wconf 74' lang='lat' dir='ltr'><strong>ipsi</strong></span> <span class='ocrx_word' id='word_1_536' title='bbox 3025 1303 3088 1357; x_wconf 86' lang='lat' dir='ltr'><strong>de</strong></span> <span class='ocrx_word' id='word_1_537' title='bbox 3109 1302 3342 1360; x_wconf 73' lang='lat' dir='ltr'><strong>Ecclesia</strong></span> <span class='ocrx_word' id='word_1_538' title='bbox 3383 1311 3696 1364; x_wconf 75' lang='lat' dir='ltr'><strong>recedamus.</strong></span> 
     </span>
    </p>
   </div>
   <div class='ocr_carea' id='block_1_74' title="bbox 2177 1384 3694 1467">
    <p class='ocr_par' dir='ltr' id='par_1_74' title="bbox 2177 1384 3694 1467">
     <span class='ocr_line' id='line_1_74' title="bbox 2177 1384 3694 1467; baseline 0.008 -25"><span class='ocrx_word' id='word_1_539' title='bbox 2177 1384 2403 1450; x_wconf 72' lang='lat' dir='ltr'><strong>CAPUT</strong></span> <span class='ocrx_word' id='word_1_540' title='bbox 2455 1387 2718 1445; x_wconf 73' lang='lat' dir='ltr'><strong>XXXVII.</strong></span> <span class='ocrx_word' id='word_1_541' title='bbox 2740 1421 2811 1431; x_wconf 84' lang='lat'><strong>-—</strong></span> <span class='ocrx_word' id='word_1_542' title='bbox 2828 1392 2918 1458; x_wconf 71' lang='grc'><strong>46.</strong></span> <span class='ocrx_word' id='word_1_543' title='bbox 2965 1393 3070 1449; x_wconf 80' lang='lat' dir='ltr'><strong>Vos</strong></span> <span class='ocrx_word' id='word_1_544' title='bbox 3088 1397 3406 1467; x_wconf 82' lang='lat' dir='ltr'><strong>contagione</strong></span> <span class='ocrx_word' id='word_1_545' title='bbox 3435 1399 3694 1454; x_wconf 84' lang='lat' dir='ltr'><strong>malorum</strong></span> 
     </span>
    </p>
   </div>
   <div class='ocr_carea' id='block_1_75' title="bbox 2106 1477 3692 1552">
    <p class='ocr_par' dir='ltr' id='par_1_75' title="bbox 2106 1477 3692 1552">
     <span class='ocr_line' id='line_1_75' title="bbox 2106 1477 3692 1552; baseline 0.009 -22"><span class='ocrx_word' id='word_1_546' title='bbox 2106 1477 2357 1535; x_wconf 84' lang='lat' dir='ltr'><strong>Afrorum</strong></span> <span class='ocrx_word' id='word_1_547' title='bbox 2389 1480 2684 1538; x_wconf 81' lang='lat' dir='ltr'><strong>Ecclesium</strong></span> <span class='ocrx_word' id='word_1_548' title='bbox 2715 1485 2936 1552; x_wconf 88' lang='lat' dir='ltr'><strong>periisse</strong></span> <span class='ocrx_word' id='word_1_549' title='bbox 2956 1484 3132 1542; x_wconf 86' lang='lat' dir='ltr'><strong>dicitis</strong></span> <span class='ocrx_word' id='word_1_550' title='bbox 3155 1488 3223 1543; x_wconf 91' lang='lat' dir='ltr'><strong>de</strong></span> <span class='ocrx_word' id='word_1_551' title='bbox 3249 1489 3378 1544; x_wconf 91' lang='lat' dir='ltr'><strong>orbe</strong></span> <span class='ocrx_word' id='word_1_552' title='bbox 3409 1499 3692 1552; x_wconf 85' lang='lat' dir='ltr'><strong>terrarum.</strong></span> 
     </span>
    </p>
   </div>
   <div class='ocr_carea' id='block_1_76' title="bbox 2106 1569 3694 1651">
    <p class='ocr_par' dir='ltr' id='par_1_76' title="bbox 2106 1569 3694 1651">
     <span class='ocr_line' id='line_1_76' title="bbox 2106 1569 3694 1651; baseline 0.011 -30"><span class='ocrx_word' id='word_1_553' title='bbox 2106 1577 2162 1622; x_wconf 85' lang='lat' dir='ltr'><strong>et</strong></span> <span class='ocrx_word' id='word_1_554' title='bbox 2191 1569 2242 1626; x_wconf 91' lang='lat' dir='ltr'><strong>in</strong></span> <span class='ocrx_word' id='word_1_555' title='bbox 2272 1582 2422 1642; x_wconf 87' lang='lat' dir='ltr'><strong>parte</strong></span> <span class='ocrx_word' id='word_1_556' title='bbox 2449 1573 2636 1632; x_wconf 80' lang='lat' dir='ltr'><strong>Donati</strong></span> <span class='ocrx_word' id='word_1_557' title='bbox 2669 1575 2784 1644; x_wconf 83' lang='lat' dir='ltr'><strong>ejus</strong></span> <span class='ocrx_word' id='word_1_558' title='bbox 2809 1574 3060 1647; x_wconf 82' lang='lat' dir='ltr'><strong>reliquias</strong></span> <span class='ocrx_word' id='word_1_559' title='bbox 3081 1579 3412 1640; x_wconf 78' lang='lat' dir='ltr'><strong>remansisse</strong></span> <span class='ocrx_word' id='word_1_560' title='bbox 3443 1589 3694 1651; x_wconf 87' lang='lat' dir='ltr'><strong>tanquam</strong></span> 
     </span>
    </p>
   </div>
   <div class='ocr_carea' id='block_1_77' title="bbox 2047 1659 3692 1745">
    <p class='ocr_par' dir='ltr' id='par_1_77' title="bbox 2047 1659 3692 1745">
     <span class='ocr_line' id='line_1_77' title="bbox 2047 1659 3692 1745; baseline 0.01 -31"><span class='ocrx_word' id='word_1_561' title='bbox 2047 1706 2066 1714; x_wconf 68' lang='lat'><strong>-</strong></span> <span class='ocrx_word' id='word_1_562' title='bbox 2106 1659 2156 1712; x_wconf 94' lang='lat' dir='ltr'><strong>in</strong></span> <span class='ocrx_word' id='word_1_563' title='bbox 2189 1659 2471 1722; x_wconf 85' lang='lat' dir='ltr'><strong>frumentis</strong></span> <span class='ocrx_word' id='word_1_564' title='bbox 2501 1679 2532 1718; x_wconf 86' lang='lat' dir='ltr'><strong>a</strong></span> <span class='ocrx_word' id='word_1_565' title='bbox 2557 1665 2776 1728; x_wconf 82' lang='lat' dir='ltr'><strong>zizaniis</strong></span> <span class='ocrx_word' id='word_1_566' title='bbox 2802 1678 2854 1722; x_wconf 90' lang='lat' dir='ltr'><strong>et</strong></span> <span class='ocrx_word' id='word_1_567' title='bbox 2882 1669 3030 1737; x_wconf 89' lang='lat' dir='ltr'><strong>palea</strong></span> <span class='ocrx_word' id='word_1_568' title='bbox 3058 1669 3344 1739; x_wconf 79' lang='lat' dir='ltr'><strong>separatis;</strong></span> <span class='ocrx_word' id='word_1_569' title='bbox 3372 1683 3555 1728; x_wconf 87' lang='lat' dir='ltr'><strong>contra</strong></span> <span class='ocrx_word' id='word_1_570' title='bbox 3586 1673 3692 1745; x_wconf 77' lang='lat' dir='ltr'><strong>Cy-</strong></span> 
     </span>
    </p>
   </div>
   <div class='ocr_carea' id='block_1_78' title="bbox 2104 1752 3692 1830">
    <p class='ocr_par' dir='ltr' id='par_1_78' title="bbox 2104 1752 3692 1830">
     <span class='ocr_line' id='line_1_78' title="bbox 2104 1752 3692 1830; baseline 0.011 -26"><span class='ocrx_word' id='word_1_571' title='bbox 2104 1752 2349 1819; x_wconf 89' lang='lat' dir='ltr'><strong>prianum</strong></span> <span class='ocrx_word' id='word_1_572' title='bbox 2375 1755 2707 1823; x_wconf 73' lang='lat' dir='ltr'><strong>apertissime</strong></span> <span class='ocrx_word' id='word_1_573' title='bbox 2749 1759 3063 1824; x_wconf 86' lang='lat' dir='ltr'><strong>sentientes,</strong></span> <span class='ocrx_word' id='word_1_574' title='bbox 3096 1762 3182 1830; x_wconf 90' lang='lat' dir='ltr'><strong>qui</strong></span> <span class='ocrx_word' id='word_1_575' title='bbox 3213 1761 3341 1820; x_wconf 86' lang='lat' dir='ltr'><strong>dicit</strong></span> <span class='ocrx_word' id='word_1_576' title='bbox 3385 1779 3485 1826; x_wconf 85' lang='lat' dir='ltr'><strong>nec</strong></span> <span class='ocrx_word' id='word_1_577' title='bbox 3509 1765 3692 1830; x_wconf 79' lang='lat' dir='ltr'><strong>malo-</strong></span> 
     </span>
    </p>
   </div>
   <div class='ocr_carea' id='block_1_79' title="bbox 2103 1845 3689 1921">
    <p class='ocr_par' dir='ltr' id='par_1_79' title="bbox 2103 1845 3689 1921">
     <span class='ocr_line' id='line_1_79' title="bbox 2103 1845 3689 1921; baseline 0.014 -28"><span class='ocrx_word' id='word_1_578' title='bbox 2103 1856 2218 1895; x_wconf 87' lang='lat' dir='ltr'><strong>rum</strong></span> <span class='ocrx_word' id='word_1_579' title='bbox 2248 1845 2601 1910; x_wconf 73' lang='lat' dir='ltr'><strong>permixtione</strong></span> <span class='ocrx_word' id='word_1_580' title='bbox 2625 1846 2792 1906; x_wconf 85' lang='lat' dir='ltr'><strong>bonos</strong></span> <span class='ocrx_word' id='word_1_581' title='bbox 2819 1850 3002 1917; x_wconf 73' lang='lat' dir='ltr'><strong>perire</strong></span> <span class='ocrx_word' id='word_1_582' title='bbox 3033 1849 3083 1903; x_wconf 91' lang='lat' dir='ltr'><strong>iu</strong></span> <span class='ocrx_word' id='word_1_583' title='bbox 3127 1851 3386 1921; x_wconf 83' lang='lat' dir='ltr'><strong>Ecclesia,</strong></span> <span class='ocrx_word' id='word_1_584' title='bbox 3431 1871 3530 1912; x_wconf 91' lang='lat' dir='ltr'><strong>nec</strong></span> <span class='ocrx_word' id='word_1_585' title='bbox 3567 1872 3689 1914; x_wconf 89' lang='lat' dir='ltr'><strong>eos-</strong></span> 
     </span>
    </p>
   </div>
   <div class='ocr_carea' id='block_1_80' title="bbox 2100 1932 3690 2010">
    <p class='ocr_par' dir='ltr' id='par_1_80' title="bbox 2100 1932 3690 2010">
     <span class='ocr_line' id='line_1_80' title="bbox 2100 1932 3690 2010; baseline 0.013 -26"><span class='ocrx_word' id='word_1_586' title='bbox 2100 1932 2223 1987; x_wconf 88' lang='lat' dir='ltr'><strong>dem</strong></span> <span class='ocrx_word' id='word_1_587' title='bbox 2255 1935 2421 1989; x_wconf 82' lang='lat' dir='ltr'><strong>malos</strong></span> <span class='ocrx_word' id='word_1_588' title='bbox 2457 1951 2612 2003; x_wconf 84' lang='lat' dir='ltr'><strong>posse</strong></span> <span class='ocrx_word' id='word_1_589' title='bbox 2636 1948 2758 1992; x_wconf 89' lang='lat' dir='ltr'><strong>ante</strong></span> <span class='ocrx_word' id='word_1_590' title='bbox 2784 1948 2994 2009; x_wconf 81' lang='lat' dir='ltr'><strong>tempus</strong></span> <span class='ocrx_word' id='word_1_591' title='bbox 3018 1939 3202 2010; x_wconf 89' lang='lat' dir='ltr'><strong>judicii</strong></span> <span class='ocrx_word' id='word_1_592' title='bbox 3243 1945 3406 1999; x_wconf 86' lang='lat' dir='ltr'><strong>divini</strong></span> <span class='ocrx_word' id='word_1_593' title='bbox 3449 1962 3479 2000; x_wconf 84' lang='lat' dir='ltr'><strong>a</strong></span> <span class='ocrx_word' id='word_1_594' title='bbox 3517 1948 3690 2003; x_wconf 83' lang='lat' dir='ltr'><strong>bono-</strong></span> 
     </span>
    </p>
   </div>
   <div class='ocr_carea' id='block_1_81' title="bbox 2100 2026 3687 2102">
    <p class='ocr_par' dir='ltr' id='par_1_81' title="bbox 2100 2026 3687 2102">
     <span class='ocr_line' id='line_1_81' title="bbox 2100 2026 3687 2102; baseline 0.011 -26"><span class='ocrx_word' id='word_1_595' title='bbox 2100 2038 2216 2078; x_wconf 88' lang='lat' dir='ltr'><strong>rum</strong></span> <span class='ocrx_word' id='word_1_596' title='bbox 2244 2026 2605 2092; x_wconf 77' lang='lat' dir='ltr'><strong>permixtione</strong></span> <span class='ocrx_word' id='word_1_597' title='bbox 2639 2031 2896 2097; x_wconf 87' lang='lat' dir='ltr'><strong>separari.</strong></span> <span class='ocrx_word' id='word_1_598' title='bbox 2932 2030 3034 2084; x_wconf 78' lang='lat' dir='ltr'><strong>Vos</strong></span> <span class='ocrx_word' id='word_1_599' title='bbox 3059 2031 3235 2102; x_wconf 84' lang='lat' dir='ltr'><strong>itaque</strong></span> <span class='ocrx_word' id='word_1_600' title='bbox 3269 2036 3564 2092; x_wconf 85' lang='lat' dir='ltr'><strong>secundum</strong></span> <span class='ocrx_word' id='word_1_601' title='bbox 3598 2055 3687 2094; x_wconf 87' lang='lat' dir='ltr'><strong>ve-</strong></span> 
     </span>
    </p>
   </div>
   <div class='ocr_carea' id='block_1_82' title="bbox 2098 2117 3685 2199">
    <p class='ocr_par' dir='ltr' id='par_1_82' title="bbox 2098 2117 3685 2199">
     <span class='ocr_line' id='line_1_82' title="bbox 2098 2117 3685 2199; baseline 0.011 -35"><span class='ocrx_word' id='word_1_602' title='bbox 2098 2120 2266 2166; x_wconf 86' lang='lat' dir='ltr'><strong>strum</strong></span> <span class='ocrx_word' id='word_1_603' title='bbox 2295 2129 2555 2181; x_wconf 85' lang='lat' dir='ltr'><strong>errorem,</strong></span> <span class='ocrx_word' id='word_1_604' title='bbox 2593 2117 2682 2190; x_wconf 13' lang='lat' dir='ltr'><strong>.ch</strong></span> <span class='ocrx_word' id='word_1_605' title='bbox 2723 2120 2897 2188; x_wconf 82' lang='lat' dir='ltr'><strong>potius</strong></span> <span class='ocrx_word' id='word_1_606' title='bbox 2939 2120 3203 2188; x_wconf 87' lang='lat' dir='ltr'><strong>furorem,</strong></span> <span class='ocrx_word' id='word_1_607' title='bbox 3247 2138 3500 2181; x_wconf 88' lang='lat' dir='ltr'><strong>accusare</strong></span> <span class='ocrx_word' id='word_1_608' title='bbox 3537 2130 3685 2199; x_wconf 81' lang='lat' dir='ltr'><strong>cogi-</strong></span> 
     </span>
    </p>
   </div>
   <div class='ocr_carea' id='block_1_83' title="bbox 2097 2202 3683 2288">
    <p class='ocr_par' dir='ltr' id='par_1_83' title="bbox 2097 2202 3683 2288">
     <span class='ocr_line' id='line_1_83' title="bbox 2097 2202 3683 2288; baseline 0.011 -33"><span class='ocrx_word' id='word_1_609' title='bbox 2097 2202 2250 2266; x_wconf 91' lang='lat' dir='ltr'><strong>miui,</strong></span> <span class='ocrx_word' id='word_1_610' title='bbox 2300 2218 2402 2258; x_wconf 90' lang='lat' dir='ltr'><strong>non</strong></span> <span class='ocrx_word' id='word_1_611' title='bbox 2451 2207 2624 2262; x_wconf 85' lang='lat' dir='ltr'><strong>solum</strong></span> <span class='ocrx_word' id='word_1_612' title='bbox 2675 2207 3016 2272; x_wconf 72' lang='lat' dir='ltr'><strong>Caecilianum</strong></span> <span class='ocrx_word' id='word_1_613' title='bbox 3073 2222 3127 2268; x_wconf 90' lang='lat' dir='ltr'><strong>et</strong></span> <span class='ocrx_word' id='word_1_614' title='bbox 3177 2214 3510 2272; x_wconf 86' lang='lat' dir='ltr'><strong>ordiuatores</strong></span> <span class='ocrx_word' id='word_1_615' title='bbox 3547 2218 3683 2288; x_wconf 90' lang='lat' dir='ltr'><strong>ejus,</strong></span> 
     </span>
    </p>
   </div>
   <div class='ocr_carea' id='block_1_84' title="bbox 2096 2295 3685 2378">
    <p class='ocr_par' dir='ltr' id='par_1_84' title="bbox 2096 2295 3685 2378">
     <span class='ocr_line' id='line_1_84' title="bbox 2096 2295 3685 2378; baseline 0.012 -34"><span class='ocrx_word' id='word_1_616' title='bbox 2096 2308 2280 2348; x_wconf 83' lang='lat' dir='ltr'><strong>verum</strong></span> <span class='ocrx_word' id='word_1_617' title='bbox 2307 2295 2468 2350; x_wconf 91' lang='lat' dir='ltr'><strong>etiam</strong></span> <span class='ocrx_word' id='word_1_618' title='bbox 2496 2298 2611 2359; x_wconf 86' lang='lat' dir='ltr'><strong>illas</strong></span> <span class='ocrx_word' id='word_1_619' title='bbox 2637 2299 2906 2356; x_wconf 81' lang='lat' dir='ltr'><strong>Ecclesias</strong></span> <span class='ocrx_word' id='word_1_620' title='bbox 2931 2317 3062 2372; x_wconf 89' lang='lat' dir='ltr'><strong>quas</strong></span> <span class='ocrx_word' id='word_1_621' title='bbox 3092 2303 3145 2358; x_wconf 91' lang='lat' dir='ltr'><strong>in</strong></span> <span class='ocrx_word' id='word_1_622' title='bbox 3172 2304 3458 2375; x_wconf 89' lang='lat' dir='ltr'><strong>Scripturis</strong></span> <span class='ocrx_word' id='word_1_623' title='bbox 3480 2320 3685 2378; x_wconf 78' lang='lat' dir='ltr'><strong>aposto-</strong></span> 
     </span>
    </p>
   </div>
   <div class='ocr_carea' id='block_1_85' title="bbox 2097 2383 3686 2475">
    <p class='ocr_par' dir='ltr' id='par_1_85' title="bbox 2097 2383 3686 2475">
     <span class='ocr_line' id='line_1_85' title="bbox 2097 2383 3686 2475; baseline 0.013 -38"><span class='ocrx_word' id='word_1_624' title='bbox 2097 2383 2211 2438; x_wconf 92' lang='lat' dir='ltr'><strong>Iicis</strong></span> <span class='ocrx_word' id='word_1_625' title='bbox 2246 2394 2301 2440; x_wconf 91' lang='lat' dir='ltr'><strong>et</strong></span> <span class='ocrx_word' id='word_1_626' title='bbox 2325 2388 2597 2442; x_wconf 88' lang='lat' dir='ltr'><strong>canonicis</strong></span> <span class='ocrx_word' id='word_1_627' title='bbox 2626 2390 2825 2457; x_wconf 88' lang='lat' dir='ltr'><strong>pariter</strong></span> <span class='ocrx_word' id='word_1_628' title='bbox 2849 2391 3101 2462; x_wconf 81' lang='lat' dir='ltr'><strong>legimus,</strong></span> <span class='ocrx_word' id='word_1_629' title='bbox 3136 2409 3240 2450; x_wconf 90' lang='lat' dir='ltr'><strong>non</strong></span> <span class='ocrx_word' id='word_1_630' title='bbox 3281 2397 3452 2452; x_wconf 87' lang='lat' dir='ltr'><strong>solum</strong></span> <span class='ocrx_word' id='word_1_631' title='bbox 3489 2399 3686 2475; x_wconf 80' lang='lat' dir='ltr'><strong>Roma-</strong></span> 
     </span>
    </p>
   </div>
   <div class='ocr_carea' id='block_1_86' title="bbox 2095 2479 3682 2553">
    <p class='ocr_par' dir='ltr' id='par_1_86' title="bbox 2095 2479 3682 2553">
     <span class='ocr_line' id='line_1_86' title="bbox 2095 2479 3682 2553; baseline 0.012 -25"><span class='ocrx_word' id='word_1_632' title='bbox 2095 2491 2306 2543; x_wconf 85' lang='lat' dir='ltr'><strong>norum,</strong></span> <span class='ocrx_word' id='word_1_633' title='bbox 2334 2494 2440 2547; x_wconf 90' lang='lat' dir='ltr'><strong>quo</strong></span> <span class='ocrx_word' id='word_1_634' title='bbox 2462 2495 2536 2534; x_wconf 83' lang='lat' dir='ltr'><strong>ex</strong></span> <span class='ocrx_word' id='word_1_635' title='bbox 2568 2479 2744 2536; x_wconf 77' lang='lat' dir='ltr'><strong>Africa</strong></span> <span class='ocrx_word' id='word_1_636' title='bbox 2774 2482 3028 2548; x_wconf 87' lang='lat' dir='ltr'><strong>ordinare</strong></span> <span class='ocrx_word' id='word_1_637' title='bbox 3059 2487 3238 2553; x_wconf 90' lang='lat' dir='ltr'><strong>paucis</strong></span> <span class='ocrx_word' id='word_1_638' title='bbox 3269 2489 3458 2542; x_wconf 84' lang='lat' dir='ltr'><strong>vestris</strong></span> <span class='ocrx_word' id='word_1_639' title='bbox 3497 2491 3682 2546; x_wconf 84' lang='lat' dir='ltr'><strong>soletis</strong></span> 
     </span>
    </p>
   </div>
   <div class='ocr_carea' id='block_1_87' title="bbox 2080 2566 3677 2647">
    <p class='ocr_par' dir='ltr' id='par_1_87' title="bbox 2080 2566 3677 2647">
     <span class='ocr_line' id='line_1_87' title="bbox 2080 2566 3677 2647; baseline 0.011 -27"><span class='ocrx_word' id='word_1_640' title='bbox 2080 2566 2425 2636; x_wconf 83' lang='lat' dir='ltr'><strong>episcopum,</strong></span> <span class='ocrx_word' id='word_1_641' title='bbox 2455 2584 2639 2624; x_wconf 88' lang='lat' dir='ltr'><strong>verum</strong></span> <span class='ocrx_word' id='word_1_642' title='bbox 2685 2572 2845 2627; x_wconf 87' lang='lat' dir='ltr'><strong>etiam</strong></span> <span class='ocrx_word' id='word_1_643' title='bbox 2876 2572 3304 2644; x_wconf 88' lang='lat' dir='ltr'><strong>Corinthiorum,</strong></span> <span class='ocrx_word' id='word_1_644' title='bbox 3349 2577 3677 2647; x_wconf 87' lang='lat' dir='ltr'><strong>Galatarum,</strong></span> 
     </span>
    </p>
   </div>
   <div class='ocr_carea' id='block_1_88' title="bbox 2098 2653 3680 2737">
    <p class='ocr_par' dir='ltr' id='par_1_88' title="bbox 2098 2653 3680 2737">
     <span class='ocr_line' id='line_1_88' title="bbox 2098 2653 3680 2737; baseline 0.012 -30"><span class='ocrx_word' id='word_1_645' title='bbox 2098 2653 2468 2724; x_wconf 85' lang='lat' dir='ltr'><strong>Ephesiorum,</strong></span> <span class='ocrx_word' id='word_1_646' title='bbox 2499 2659 3076 2730; x_wconf 81' lang='lat' dir='ltr'><strong>&#39;I&#39;hessaloniceusium,</strong></span> <span class='ocrx_word' id='word_1_647' title='bbox 3104 2664 3525 2737; x_wconf 84' lang='lat' dir='ltr'><strong>Colosseusium,</strong></span> <span class='ocrx_word' id='word_1_648' title='bbox 3553 2672 3680 2726; x_wconf 84' lang='lat' dir='ltr'><strong>Phi-</strong></span> 
     </span>
    </p>
   </div>
   <div class='ocr_carea' id='block_1_89' title="bbox 2093 2747 3681 2832">
    <p class='ocr_par' dir='ltr' id='par_1_89' title="bbox 2093 2747 3681 2832">
     <span class='ocr_line' id='line_1_89' title="bbox 2093 2747 3681 2832; baseline 0.012 -32"><span class='ocrx_word' id='word_1_649' title='bbox 2093 2747 2411 2817; x_wconf 89' lang='lat' dir='ltr'><strong>Iippensium</strong></span> <span class='ocrx_word' id='word_1_650' title='bbox 2441 2792 2457 2816; x_wconf 94' lang='lat'><strong>,</strong></span> <span class='ocrx_word' id='word_1_651' title='bbox 2511 2752 2577 2807; x_wconf 89' lang='lat' dir='ltr'><strong>ad</strong></span> <span class='ocrx_word' id='word_1_652' title='bbox 2621 2769 2755 2823; x_wconf 84' lang='lat' dir='ltr'><strong>quas</strong></span> <span class='ocrx_word' id='word_1_653' title='bbox 2795 2756 3128 2824; x_wconf 80' lang='lat' dir='ltr'><strong>apertissime</strong></span> <span class='ocrx_word' id='word_1_654' title='bbox 3174 2759 3359 2814; x_wconf 88' lang='lat' dir='ltr'><strong>scribit</strong></span> <span class='ocrx_word' id='word_1_655' title='bbox 3406 2763 3681 2832; x_wconf 77' lang='lat' dir='ltr'><strong>apostolus</strong></span> 
     </span>
    </p>
   </div>
   <div class='ocr_carea' id='block_1_90' title="bbox 2093 2835 3680 2924">
    <p class='ocr_par' dir='ltr' id='par_1_90' title="bbox 2093 2835 3680 2924">
     <span class='ocr_line' id='line_1_90' title="bbox 2093 2835 3680 2924; baseline 0.011 -34"><span class='ocrx_word' id='word_1_656' title='bbox 2093 2835 2322 2904; x_wconf 87' lang='lat' dir='ltr'><strong>Paulus;</strong></span> <span class='ocrx_word' id='word_1_657' title='bbox 2367 2839 2897 2914; x_wconf 69' lang='lat' dir='ltr'><strong>Jcrosolymitanam,</strong></span> <span class='ocrx_word' id='word_1_658' title='bbox 2948 2861 3107 2914; x_wconf 90' lang='lat' dir='ltr'><strong>quam</strong></span> <span class='ocrx_word' id='word_1_659' title='bbox 3158 2849 3362 2916; x_wconf 89' lang='lat' dir='ltr'><strong>primus</strong></span> <span class='ocrx_word' id='word_1_660' title='bbox 3409 2855 3680 2924; x_wconf 81' lang='lat' dir='ltr'><strong>apostolus</strong></span> 
     </span>
    </p>
   </div>
   <div class='ocr_carea' id='block_1_91' title="bbox 2090 2925 3680 3012">
    <p class='ocr_par' dir='ltr' id='par_1_91' title="bbox 2090 2925 3680 3012">
     <span class='ocr_line' id='line_1_91' title="bbox 2090 2925 3680 3012; baseline 0.012 -31"><span class='ocrx_word' id='word_1_661' title='bbox 2090 2925 2330 2983; x_wconf 77' lang='lat' dir='ltr'><strong>Jacobus</strong></span> <span class='ocrx_word' id='word_1_662' title='bbox 2358 2931 2666 3001; x_wconf 87' lang='lat' dir='ltr'><strong>episcopatu</strong></span> <span class='ocrx_word' id='word_1_663' title='bbox 2712 2948 2814 3000; x_wconf 83' lang='lat' dir='ltr'><strong>suo</strong></span> <span class='ocrx_word' id='word_1_664' title='bbox 2866 2936 3044 3002; x_wconf 78' lang='lat' dir='ltr'><strong>rexit;</strong></span> <span class='ocrx_word' id='word_1_665' title='bbox 3090 2938 3504 3007; x_wconf 69' lang='lat' dir='ltr'><strong>Autiocheuscm</strong></span> <span class='ocrx_word' id='word_1_666' title='bbox 3531 2984 3546 3012; x_wconf 93' lang='lat'><strong>,</strong></span> <span class='ocrx_word' id='word_1_667' title='bbox 3591 2947 3680 3000; x_wconf 88' lang='lat' dir='ltr'><strong>ubi</strong></span> 
     </span>
    </p>
   </div>
   <div class='ocr_carea' id='block_1_92' title="bbox 2079 3019 3676 3108">
    <p class='ocr_par' dir='ltr' id='par_1_92' title="bbox 2079 3019 3676 3108">
     <span class='ocr_line' id='line_1_92' title="bbox 2079 3019 3676 3108; baseline 0.014 -38"><span class='ocrx_word' id='word_1_668' title='bbox 2079 3019 2264 3094; x_wconf 85' lang='lat' dir='ltr'><strong>primo</strong></span> <span class='ocrx_word' id='word_1_669' title='bbox 2289 3021 2538 3090; x_wconf 88' lang='lat' dir='ltr'><strong>appellati</strong></span> <span class='ocrx_word' id='word_1_670' title='bbox 2561 3031 2686 3077; x_wconf 86' lang='lat' dir='ltr'><strong>sunt</strong></span> <span class='ocrx_word' id='word_1_671' title='bbox 2709 3023 2954 3096; x_wconf 70' lang='lat' dir='ltr'><strong>discipuli</strong></span> <span class='ocrx_word' id='word_1_672' title='bbox 2985 3025 3268 3084; x_wconf 84' lang='lat' dir='ltr'><strong>Christiani</strong></span> <span class='ocrx_word' id='word_1_673' title='bbox 3295 3031 3430 3098; x_wconf 77' lang='lat' dir='ltr'><strong>(Act.</strong></span> <span class='ocrx_word' id='word_1_674' title='bbox 3460 3049 3537 3102; x_wconf 74' lang='lat' dir='ltr'><strong>XI,</strong></span> <span class='ocrx_word' id='word_1_675' title='bbox 3560 3035 3676 3108; x_wconf 72' lang='lat'><strong>26);</strong></span> 
     </span>
    </p>
   </div>
   <div class='ocr_carea' id='block_1_93' title="bbox 2089 3108 3678 3196">
    <p class='ocr_par' dir='ltr' id='par_1_93' title="bbox 2089 3108 3678 3196">
     <span class='ocr_line' id='line_1_93' title="bbox 2089 3108 3678 3196; baseline 0.014 -32"><span class='ocrx_word' id='word_1_676' title='bbox 2089 3108 2492 3180; x_wconf 73' lang='lat' dir='ltr'><strong>Stnyrucnsem,</strong></span> <span class='ocrx_word' id='word_1_677' title='bbox 2526 3113 2952 3186; x_wconf 82' lang='lat' dir='ltr'><strong>Thyatireusem,</strong></span> <span class='ocrx_word' id='word_1_678' title='bbox 2982 3118 3324 3192; x_wconf 88' lang='lat' dir='ltr'><strong>Sardensem,</strong></span> <span class='ocrx_word' id='word_1_679' title='bbox 3351 3123 3678 3196; x_wconf 73' lang='lat' dir='ltr'><strong>Pergamen—</strong></span> 
     </span>
    </p>
   </div>
   <div class='ocr_carea' id='block_1_94' title="bbox 2089 3203 3683 3288">
    <p class='ocr_par' dir='ltr' id='par_1_94' title="bbox 2089 3203 3683 3288">
     <span class='ocr_line' id='line_1_94' title="bbox 2089 3203 3683 3288; baseline 0.013 -32"><span class='ocrx_word' id='word_1_680' title='bbox 2089 3217 2226 3267; x_wconf 88' lang='lat' dir='ltr'><strong>scm,</strong></span> <span class='ocrx_word' id='word_1_681' title='bbox 2277 3203 2802 3276; x_wconf 87' lang='lat' dir='ltr'><strong>Philadelphensem,</strong></span> <span class='ocrx_word' id='word_1_682' title='bbox 2849 3208 3254 3280; x_wconf 79' lang='lat' dir='ltr'><strong>Laudicensem,</strong></span> <span class='ocrx_word' id='word_1_683' title='bbox 3304 3215 3370 3271; x_wconf 89' lang='lat' dir='ltr'><strong>ad</strong></span> <span class='ocrx_word' id='word_1_684' title='bbox 3418 3233 3550 3288; x_wconf 89' lang='lat' dir='ltr'><strong>quas</strong></span> <span class='ocrx_word' id='word_1_685' title='bbox 3597 3231 3683 3280; x_wconf 81' lang='lat' dir='ltr'><strong>est</strong></span> 
     </span>
    </p>
   </div>
   <div class='ocr_carea' id='block_1_95' title="bbox 2089 3294 3679 3372">
    <p class='ocr_par' dir='ltr' id='par_1_95' title="bbox 2089 3294 3679 3372">
     <span class='ocr_line' id='line_1_95' title="bbox 2089 3294 3679 3372; baseline 0.014 -24"><span class='ocrx_word' id='word_1_686' title='bbox 2089 3294 2437 3367; x_wconf 78' lang='lat' dir='ltr'><strong>Apocalypsis</strong></span> <span class='ocrx_word' id='word_1_687' title='bbox 2485 3301 2714 3368; x_wconf 86' lang='lat' dir='ltr'><strong>apostoli</strong></span> <span class='ocrx_word' id='word_1_688' title='bbox 2762 3300 3005 3360; x_wconf 78' lang='lat' dir='ltr'><strong>Joannis.</strong></span> <span class='ocrx_word' id='word_1_689' title='bbox 3067 3304 3170 3360; x_wconf 81' lang='lat' dir='ltr'><strong>Tot</strong></span> <span class='ocrx_word' id='word_1_690' title='bbox 3229 3307 3360 3364; x_wconf 90' lang='lat' dir='ltr'><strong>alias</strong></span> <span class='ocrx_word' id='word_1_691' title='bbox 3411 3311 3679 3372; x_wconf 82' lang='lat' dir='ltr'><strong>Ecclesias</strong></span> 
     </span>
    </p>
   </div>
   <div class='ocr_carea' id='block_1_96' title="bbox 2088 3385 3682 3470">
    <p class='ocr_par' dir='ltr' id='par_1_96' title="bbox 2088 3385 3682 3470">
     <span class='ocr_line' id='line_1_96' title="bbox 2088 3385 3682 3470; baseline 0.013 -30"><span class='ocrx_word' id='word_1_692' title='bbox 2088 3385 2265 3452; x_wconf 87' lang='lat' dir='ltr'><strong>Ponti,</strong></span> <span class='ocrx_word' id='word_1_693' title='bbox 2297 3387 2664 3459; x_wconf 76' lang='lat' dir='ltr'><strong>Cappadocim,</strong></span> <span class='ocrx_word' id='word_1_694' title='bbox 2703 3393 2864 3462; x_wconf 73' lang='lat' dir='ltr'><strong>Asiae,</strong></span> <span class='ocrx_word' id='word_1_695' title='bbox 2896 3395 3190 3468; x_wconf 69' lang='lat' dir='ltr'><strong>Bithyniae,</strong></span> <span class='ocrx_word' id='word_1_696' title='bbox 3229 3400 3293 3454; x_wconf 89' lang='lat' dir='ltr'><strong>ad</strong></span> <span class='ocrx_word' id='word_1_697' title='bbox 3325 3417 3456 3470; x_wconf 89' lang='lat' dir='ltr'><strong>quas</strong></span> <span class='ocrx_word' id='word_1_698' title='bbox 3496 3407 3682 3462; x_wconf 86' lang='lat' dir='ltr'><strong>scribit</strong></span> 
     </span>
    </p>
   </div>
   <div class='ocr_carea' id='block_1_97' title="bbox 2087 3479 3680 3562">
    <p class='ocr_par' dir='ltr' id='par_1_97' title="bbox 2087 3479 3680 3562">
     <span class='ocr_line' id='line_1_97' title="bbox 2087 3479 3680 3562; baseline 0.016 -33"><span class='ocrx_word' id='word_1_699' title='bbox 2087 3479 2362 3546; x_wconf 90' lang='lat' dir='ltr'><strong>apostolus</strong></span> <span class='ocrx_word' id='word_1_700' title='bbox 2395 3481 2582 3536; x_wconf 85' lang='lat' dir='ltr'><strong>Petrus</strong></span> <span class='ocrx_word' id='word_1_701' title='bbox 2613 3483 2828 3555; x_wconf 80' lang='lat' dir='ltr'><strong>(IPetr.</strong></span> <span class='ocrx_word' id='word_1_702' title='bbox 2857 3501 2894 3551; x_wconf 88' lang='lat' dir='ltr'><strong>I,</strong></span> <span class='ocrx_word' id='word_1_703' title='bbox 2925 3485 2998 3560; x_wconf 85' lang='lat' dir='ltr'><strong>I),</strong></span> <span class='ocrx_word' id='word_1_704' title='bbox 3043 3499 3097 3545; x_wconf 91' lang='lat' dir='ltr'><strong>et</strong></span> <span class='ocrx_word' id='word_1_705' title='bbox 3136 3490 3390 3562; x_wconf 79' lang='lat' dir='ltr'><strong>quidquid</strong></span> <span class='ocrx_word' id='word_1_706' title='bbox 3437 3496 3578 3552; x_wconf 89' lang='lat' dir='ltr'><strong>aliud</strong></span> <span class='ocrx_word' id='word_1_707' title='bbox 3621 3513 3680 3557; x_wconf 83' lang='lat' dir='ltr'><strong>se</strong></span> 
     </span>
    </p>
   </div>
   <div class='ocr_carea' id='block_1_98' title="bbox 2089 3566 3681 3658">
    <p class='ocr_par' dir='ltr' id='par_1_98' title="bbox 2089 3566 3681 3658">
     <span class='ocr_line' id='line_1_98' title="bbox 2089 3566 3681 3658; baseline 0.014 -36"><span class='ocrx_word' id='word_1_708' title='bbox 2089 3566 2283 3624; x_wconf 85' lang='lat' dir='ltr'><strong>Paulus</strong></span> <span class='ocrx_word' id='word_1_709' title='bbox 2311 3571 2379 3625; x_wconf 87' lang='lat' dir='ltr'><strong>ab</strong></span> <span class='ocrx_word' id='word_1_710' title='bbox 2405 3570 2702 3629; x_wconf 84' lang='lat' dir='ltr'><strong>Jerusalem</strong></span> <span class='ocrx_word' id='word_1_711' title='bbox 2745 3593 2913 3648; x_wconf 89' lang='lat' dir='ltr'><strong>usque</strong></span> <span class='ocrx_word' id='word_1_712' title='bbox 2960 3579 3024 3633; x_wconf 91' lang='lat' dir='ltr'><strong>ad</strong></span> <span class='ocrx_word' id='word_1_713' title='bbox 3070 3580 3338 3653; x_wconf 88' lang='lat' dir='ltr'><strong>Illyricum</strong></span> <span class='ocrx_word' id='word_1_714' title='bbox 3387 3585 3681 3658; x_wconf 77' lang='lat' dir='ltr'><strong>Evangelia</strong></span> 
     </span>
    </p>
   </div>
   <div class='ocr_carea' id='block_1_99' title="bbox 2089 3647 3680 3744">
    <p class='ocr_par' dir='ltr' id='par_1_99' title="bbox 2089 3647 3680 3744">
     <span class='ocr_line' id='line_1_99' title="bbox 2089 3647 3680 3744; baseline 0.014 -30"><span class='ocrx_word' id='word_1_715' title='bbox 2089 3647 2380 3729; x_wconf 82' lang='lat' dir='ltr'><strong>replevisse</strong></span> <span class='ocrx_word' id='word_1_716' title='bbox 2420 3673 2644 3732; x_wconf 78' lang='lat' dir='ltr'><strong>testatur</strong></span> <span class='ocrx_word' id='word_1_717' title='bbox 2670 3647 2846 3737; x_wconf 75' lang='lat' dir='ltr'><strong>(Rom.</strong></span> <span class='ocrx_word' id='word_1_718' title='bbox 2881 3687 2968 3735; x_wconf 75' lang='lat' dir='ltr'><strong>xv,</strong></span> <span class='ocrx_word' id='word_1_719' title='bbox 2998 3672 3085 3744; x_wconf 68' lang='lat'><strong>19)</strong></span> <span class='ocrx_word' id='word_1_720' title='bbox 3114 3647 3215 3728; x_wconf 75' lang='grc' dir='ltr'><strong>εὐι</strong></span> <span class='ocrx_word' id='word_1_721' title='bbox 3242 3685 3442 3732; x_wconf 90' lang='lat' dir='ltr'><strong>taceam</strong></span> <span class='ocrx_word' id='word_1_722' title='bbox 3473 3647 3680 3737; x_wconf 52' lang='lat' dir='ltr'><strong>devaliis</strong></span> 
     </span>
    </p>
   </div>
   <div class='ocr_carea' id='block_1_100' title="bbox 2087 3751 3678 3842">
    <p class='ocr_par' dir='ltr' id='par_1_100' title="bbox 2087 3751 3678 3842">
     <span class='ocr_line' id='line_1_100' title="bbox 2087 3751 3678 3842; baseline 0.016 -40"><span class='ocrx_word' id='word_1_723' title='bbox 2087 3758 2194 3819; x_wconf 89' lang='lat' dir='ltr'><strong>tam</strong></span> <span class='ocrx_word' id='word_1_724' title='bbox 2228 3751 2526 3823; x_wconf 84' lang='lat' dir='ltr'><strong>latisatqne</strong></span> <span class='ocrx_word' id='word_1_725' title='bbox 2555 3757 2832 3813; x_wconf 89' lang='lat' dir='ltr'><strong>immensis</strong></span> <span class='ocrx_word' id='word_1_726' title='bbox 2866 3768 3128 3817; x_wconf 86' lang='lat' dir='ltr'><strong>terrarum</strong></span> <span class='ocrx_word' id='word_1_727' title='bbox 3160 3767 3424 3833; x_wconf 89' lang='lat' dir='ltr'><strong>partibus,</strong></span> <span class='ocrx_word' id='word_1_728' title='bbox 3465 3770 3516 3823; x_wconf 92' lang='lat' dir='ltr'><strong>in</strong></span> <span class='ocrx_word' id='word_1_729' title='bbox 3545 3787 3678 3842; x_wconf 86' lang='lat' dir='ltr'><strong>quas</strong></span> 
     </span>
    </p>
   </div>
   <div class='ocr_carea' id='block_1_101' title="bbox 2087 3839 3676 3930">
    <p class='ocr_par' dir='ltr' id='par_1_101' title="bbox 2087 3839 3676 3930">
     <span class='ocr_line' id='line_1_101' title="bbox 2087 3839 3676 3930; baseline 0.018 -39"><span class='ocrx_word' id='word_1_730' title='bbox 2087 3853 2152 3892; x_wconf 84' lang='lat' dir='ltr'><strong>ex</strong></span> <span class='ocrx_word' id='word_1_731' title='bbox 2177 3839 2258 3893; x_wconf 91' lang='lat' dir='ltr'><strong>his</strong></span> <span class='ocrx_word' id='word_1_732' title='bbox 2282 3843 2590 3909; x_wconf 88' lang='lat' dir='ltr'><strong>apostolicis</strong></span> <span class='ocrx_word' id='word_1_733' title='bbox 2619 3845 2886 3902; x_wconf 81' lang='lat' dir='ltr'><strong>laboribus</strong></span> <span class='ocrx_word' id='word_1_734' title='bbox 2911 3861 2962 3904; x_wconf 90' lang='lat' dir='ltr'><strong>et</strong></span> <span class='ocrx_word' id='word_1_735' title='bbox 2990 3852 3406 3921; x_wconf 89' lang='lat' dir='ltr'><strong>plantationibus</strong></span> <span class='ocrx_word' id='word_1_736' title='bbox 3429 3839 3676 3930; x_wconf 79' lang='lat' dir='ltr'><strong>porrecta</strong></span> 
     </span>
    </p>
   </div>
   <div class='ocr_carea' id='block_1_102' title="bbox 2087 3929 3678 4022">
    <p class='ocr_par' dir='ltr' id='par_1_102' title="bbox 2087 3929 3678 4022">
     <span class='ocr_line' id='line_1_102' title="bbox 2087 3929 3678 4022; baseline 0.019 -43"><span class='ocrx_word' id='word_1_737' title='bbox 2087 3929 2253 3982; x_wconf 92' lang='lat' dir='ltr'><strong>crevit</strong></span> <span class='ocrx_word' id='word_1_738' title='bbox 2279 3939 2332 3982; x_wconf 90' lang='lat' dir='ltr'><strong>et</strong></span> <span class='ocrx_word' id='word_1_739' title='bbox 2360 3932 2554 3986; x_wconf 88' lang='lat' dir='ltr'><strong>crescit</strong></span> <span class='ocrx_word' id='word_1_740' title='bbox 2586 3933 2850 3990; x_wconf 82' lang='lat' dir='ltr'><strong>Ecclesia.</strong></span> <span class='ocrx_word' id='word_1_741' title='bbox 2888 3938 3020 3995; x_wconf 91' lang='lat' dir='ltr'><strong>Istas</strong></span> <span class='ocrx_word' id='word_1_742' title='bbox 3057 3953 3202 3998; x_wconf 88' lang='lat' dir='ltr'><strong>certe</strong></span> <span class='ocrx_word' id='word_1_743' title='bbox 3233 3929 3517 4017; x_wconf 84' lang='lat' dir='ltr'><strong>Ecclesias,</strong></span> <span class='ocrx_word' id='word_1_744' title='bbox 3545 3969 3678 4022; x_wconf 79' lang='lat' dir='ltr'><strong>quas</strong></span> 
     </span>
    </p>
   </div>
   <div class='ocr_carea' id='block_1_103' title="bbox 2088 4019 3675 4110">
    <p class='ocr_par' dir='ltr' id='par_1_103' title="bbox 2088 4019 3675 4110">
     <span class='ocr_line' id='line_1_103' title="bbox 2088 4019 3675 4110; baseline 0.018 -38"><span class='ocrx_word' id='word_1_745' title='bbox 2088 4035 2152 4072; x_wconf 83' lang='lat' dir='ltr'><strong>ex</strong></span> <span class='ocrx_word' id='word_1_746' title='bbox 2203 4019 2419 4076; x_wconf 87' lang='lat' dir='ltr'><strong>Litteris</strong></span> <span class='ocrx_word' id='word_1_747' title='bbox 2461 4023 2657 4080; x_wconf 89' lang='lat' dir='ltr'><strong>divinis</strong></span> <span class='ocrx_word' id='word_1_748' title='bbox 2706 4035 2866 4098; x_wconf 87' lang='lat' dir='ltr'><strong>atque</strong></span> <span class='ocrx_word' id='word_1_749' title='bbox 2912 4032 3184 4110; x_wconf 85' lang='lat' dir='ltr'><strong>canonicis</strong></span> <span class='ocrx_word' id='word_1_750' title='bbox 3216 4038 3522 4110; x_wconf 76' lang='lat' dir='ltr'><strong>nominavi,</strong></span> <span class='ocrx_word' id='word_1_751' title='bbox 3564 4019 3675 4100; x_wconf 80' lang='lat' dir='ltr'><strong>tam</strong></span> 
     </span>
    </p>
   </div>
   <div class='ocr_carea' id='block_1_104' title="bbox 2088 4108 3676 4198">
    <p class='ocr_par' dir='ltr' id='par_1_104' title="bbox 2088 4108 3676 4198">
     <span class='ocr_line' id='line_1_104' title="bbox 2088 4108 3676 4198; baseline 0.018 -36"><span class='ocrx_word' id='word_1_752' title='bbox 2088 4108 2245 4180; x_wconf 80' lang='lat' dir='ltr'><strong>longe</strong></span> <span class='ocrx_word' id='word_1_753' title='bbox 2281 4111 2348 4165; x_wconf 89' lang='lat' dir='ltr'><strong>ab</strong></span> <span class='ocrx_word' id='word_1_754' title='bbox 2391 4113 2568 4168; x_wconf 86' lang='lat' dir='ltr'><strong>Africa</strong></span> <span class='ocrx_word' id='word_1_755' title='bbox 2613 4118 2962 4188; x_wconf 88' lang='lat' dir='ltr'><strong>constitutas,</strong></span> <span class='ocrx_word' id='word_1_756' title='bbox 3009 4108 3564 4198; x_wconf 13' lang='lat' dir='ltr'><strong>tanquam-(perierint</strong></span> <span class='ocrx_word' id='word_1_757' title='bbox 3608 4151 3676 4191; x_wconf 83' lang='lat' dir='ltr'><strong>ex</strong></span> 
     </span>
    </p>
   </div>
   <div class='ocr_carea' id='block_1_105' title="bbox 2087 4201 3674 4294">
    <p class='ocr_par' dir='ltr' id='par_1_105' title="bbox 2087 4201 3674 4294">
     <span class='ocr_line' id='line_1_105' title="bbox 2087 4201 3674 4294; baseline 0.018 -42"><span class='ocrx_word' id='word_1_758' title='bbox 2087 4201 2318 4272; x_wconf 86' lang='lat' dir='ltr'><strong>peccatis</strong></span> <span class='ocrx_word' id='word_1_759' title='bbox 2347 4203 2596 4282; x_wconf 81' lang='lat' dir='ltr'><strong>Afrorum</strong></span> <span class='ocrx_word' id='word_1_760' title='bbox 2637 4221 2892 4289; x_wconf 79' lang='lat' dir='ltr'><strong>accusare</strong></span> <span class='ocrx_word' id='word_1_761' title='bbox 2920 4205 3200 4284; x_wconf 77' lang='lat' dir='ltr'><strong>cogimini,</strong></span> <span class='ocrx_word' id='word_1_762' title='bbox 3247 4205 3316 4272; x_wconf 85' lang='lat' dir='ltr'><strong>ne</strong></span> <span class='ocrx_word' id='word_1_763' title='bbox 3356 4222 3633 4294; x_wconf 81' lang='lat' dir='ltr'><strong>corrigatis</strong></span> <span class='ocrx_word' id='word_1_764' title='bbox 3655 4229 3674 4259; x_wconf 84' lang='lat'>&#39;</span> 
     </span>
    </p>
   </div>
   <div class='ocr_carea' id='block_1_106' title="bbox 2069 4289 3676 4384">
    <p class='ocr_par' dir='ltr' id='par_1_106' title="bbox 2069 4289 3676 4384">
     <span class='ocr_line' id='line_1_106' title="bbox 2069 4289 3676 4384; baseline 0.019 -41"><span class='ocrx_word' id='word_1_765' title='bbox 2069 4289 2324 4347; x_wconf 82' lang='lat' dir='ltr'><strong>errorem</strong></span> <span class='ocrx_word' id='word_1_766' title='bbox 2351 4295 2440 4365; x_wconf 93' lang='lat' dir='ltr'><strong>qui</strong></span> <span class='ocrx_word' id='word_1_767' title='bbox 2468 4312 2565 4352; x_wconf 89' lang='lat' dir='ltr'><strong>vos</strong></span> <span class='ocrx_word' id='word_1_768' title='bbox 2592 4298 2658 4366; x_wconf 83' lang='lat' dir='ltr'><strong>ad</strong></span> <span class='ocrx_word' id='word_1_769' title='bbox 2690 4311 2890 4356; x_wconf 90' lang='lat' dir='ltr'><strong>tantum</strong></span> <span class='ocrx_word' id='word_1_770' title='bbox 2916 4305 3094 4384; x_wconf 83' lang='lat' dir='ltr'><strong>scelus</strong></span> <span class='ocrx_word' id='word_1_771' title='bbox 3112 4305 3316 4365; x_wconf 87' lang='lat' dir='ltr'><strong>nefaria</strong></span> <span class='ocrx_word' id='word_1_772' title='bbox 3341 4289 3676 4373; x_wconf 70' lang='lat' dir='ltr'><strong>diSsCrisione</strong></span> 
     </span>
    </p>
   </div>
   <div class='ocr_carea' id='block_1_107' title="bbox 2157 4473 3675 4560">
    <p class='ocr_par' dir='ltr' id='par_1_107' title="bbox 2157 4473 3675 4560">
     <span class='ocr_line' id='line_1_107' title="bbox 2157 4473 3675 4560; baseline 0.017 -32"><span class='ocrx_word' id='word_1_773' title='bbox 2157 4473 2246 4528; x_wconf 72' lang='grc'><strong>47.</strong></span> <span class='ocrx_word' id='word_1_774' title='bbox 2289 4473 2394 4530; x_wconf 85' lang='lat' dir='ltr'><strong>Nos</strong></span> <span class='ocrx_word' id='word_1_775' title='bbox 2424 4485 2602 4533; x_wconf 89' lang='lat' dir='ltr'><strong>autem</strong></span> <span class='ocrx_word' id='word_1_776' title='bbox 2635 4489 2692 4535; x_wconf 89' lang='lat' dir='ltr'><strong>ut</strong></span> <span class='ocrx_word' id='word_1_777' title='bbox 2724 4480 2880 4538; x_wconf 85' lang='lat' dir='ltr'><strong>istum</strong></span> <span class='ocrx_word' id='word_1_778' title='bbox 2909 4499 3151 4544; x_wconf 88' lang='lat' dir='ltr'><strong>errorem</strong></span> <span class='ocrx_word' id='word_1_779' title='bbox 3193 4499 3431 4560; x_wconf 79' lang='lat' dir='ltr'><strong>vestrum</strong></span> <span class='ocrx_word' id='word_1_780' title='bbox 3468 4492 3675 4554; x_wconf 88' lang='lat' dir='ltr'><strong>facilius</strong></span> 
     </span>
    </p>
   </div>
   <div class='ocr_carea' id='block_1_108' title="bbox 2086 4565 3670 4648">
    <p class='ocr_par' dir='ltr' id='par_1_108' title="bbox 2086 4565 3670 4648">
     <span class='ocr_line' id='line_1_108' title="bbox 2086 4565 3670 4648; baseline 0.019 -32"><span class='ocrx_word' id='word_1_781' title='bbox 2086 4565 2484 4634; x_wconf 87' lang='lat' dir='ltr'><strong>convincamus,</strong></span> <span class='ocrx_word' id='word_1_782' title='bbox 2520 4585 2618 4626; x_wconf 92' lang='lat' dir='ltr'><strong>nec</strong></span> <span class='ocrx_word' id='word_1_783' title='bbox 2645 4572 2789 4642; x_wconf 91' lang='lat' dir='ltr'><strong>ipsos</strong></span> <span class='ocrx_word' id='word_1_784' title='bbox 2818 4574 3000 4643; x_wconf 83' lang='lat' dir='ltr'><strong>Afros,</strong></span> <span class='ocrx_word' id='word_1_785' title='bbox 3043 4595 3269 4648; x_wconf 91' lang='lat' dir='ltr'><strong>quorum</strong></span> <span class='ocrx_word' id='word_1_786' title='bbox 3303 4582 3435 4640; x_wconf 86' lang='lat' dir='ltr'><strong>falso</strong></span> <span class='ocrx_word' id='word_1_787' title='bbox 3463 4589 3670 4646; x_wconf 88' lang='lat' dir='ltr'><strong>crimen</strong></span> 
     </span>
    </p>
   </div>
   <div class='ocr_carea' id='block_1_109' title="bbox 2060 4652 3674 4744">
    <p class='ocr_par' dir='ltr' id='par_1_109' title="bbox 2060 4652 3674 4744">
     <span class='ocr_line' id='line_1_109' title="bbox 2060 4652 3674 4744; baseline 0.02 -39"><span class='ocrx_word' id='word_1_788' title='bbox 2060 4652 2139 4732; x_wconf 14' lang='lat' dir='ltr'><strong>hin</strong></span> <span class='ocrx_word' id='word_1_789' title='bbox 2190 4663 2414 4710; x_wconf 59' lang='lat' dir='ltr'><strong>caiteras</strong></span> <span class='ocrx_word' id='word_1_790' title='bbox 2467 4660 2626 4714; x_wconf 91' lang='lat' dir='ltr'><strong>etiam</strong></span> <span class='ocrx_word' id='word_1_791' title='bbox 2675 4672 2862 4732; x_wconf 83' lang='lat' dir='ltr'><strong>gentes</strong></span> <span class='ocrx_word' id='word_1_792' title='bbox 2905 4668 3226 4736; x_wconf 87' lang='lat' dir='ltr'><strong>perfundere</strong></span> <span class='ocrx_word' id='word_1_793' title='bbox 3281 4673 3520 4744; x_wconf 88' lang='lat' dir='ltr'><strong>audetis;</strong></span> <span class='ocrx_word' id='word_1_794' title='bbox 3573 4695 3674 4736; x_wconf 85' lang='lat' dir='ltr'><strong>nec</strong></span> 
     </span>
    </p>
   </div>
   <div class='ocr_carea' id='block_1_110' title="bbox 2088 4744 3671 4830">
    <p class='ocr_par' dir='ltr' id='par_1_110' title="bbox 2088 4744 3671 4830">
     <span class='ocr_line' id='line_1_110' title="bbox 2088 4744 3671 4830; baseline 0.02 -33"><span class='ocrx_word' id='word_1_795' title='bbox 2088 4744 2251 4814; x_wconf 88' lang='lat' dir='ltr'><strong>ipsos,</strong></span> <span class='ocrx_word' id='word_1_796' title='bbox 2278 4746 2511 4816; x_wconf 85' lang='lat' dir='ltr'><strong>inquam,</strong></span> <span class='ocrx_word' id='word_1_797' title='bbox 2540 4749 2826 4808; x_wconf 84' lang='lat' dir='ltr'><strong>defendere</strong></span> <span class='ocrx_word' id='word_1_798' title='bbox 2857 4759 3118 4830; x_wconf 72' lang='lat' dir='ltr'><strong>cogimur.</strong></span> <span class='ocrx_word' id='word_1_799' title='bbox 3149 4761 3356 4820; x_wconf 88' lang='lat' dir='ltr'><strong>Ilabent</strong></span> <span class='ocrx_word' id='word_1_800' title='bbox 3381 4767 3523 4823; x_wconf 89' lang='lat' dir='ltr'><strong>enim</strong></span> <span class='ocrx_word' id='word_1_801' title='bbox 3549 4785 3671 4826; x_wconf 89' lang='lat' dir='ltr'><strong>cum</strong></span> 
     </span>
    </p>
   </div>
   <div class='ocr_carea' id='block_1_111' title="bbox 2087 4831 3673 4925">
    <p class='ocr_par' dir='ltr' id='par_1_111' title="bbox 2087 4831 3673 4925">
     <span class='ocr_line' id='line_1_111' title="bbox 2087 4831 3673 4925; baseline 0.02 -38"><span class='ocrx_word' id='word_1_802' title='bbox 2087 4831 2194 4888; x_wconf 91' lang='lat' dir='ltr'><strong>illis</strong></span> <span class='ocrx_word' id='word_1_803' title='bbox 2220 4839 2586 4894; x_wconf 90' lang='lat' dir='ltr'><strong>transmarinis</strong></span> <span class='ocrx_word' id='word_1_804' title='bbox 2618 4839 2869 4898; x_wconf 78' lang='lat' dir='ltr'><strong>Ecclesiis</strong></span> <span class='ocrx_word' id='word_1_805' title='bbox 2893 4848 3200 4906; x_wconf 89' lang='lat' dir='ltr'><strong>societatem</strong></span> <span class='ocrx_word' id='word_1_806' title='bbox 3241 4857 3410 4925; x_wconf 81' lang='lat' dir='ltr'><strong>regni,</strong></span> <span class='ocrx_word' id='word_1_807' title='bbox 3441 4857 3486 4914; x_wconf 90' lang='lat' dir='ltr'><strong>si</strong></span> <span class='ocrx_word' id='word_1_808' title='bbox 3517 4861 3673 4917; x_wconf 81' lang='lat' dir='ltr'><strong>inno-</strong></span> 
     </span>
    </p>
   </div>
   <div class='ocr_carea' id='block_1_112' title="bbox 2086 4923 3671 5014">
    <p class='ocr_par' dir='ltr' id='par_1_112' title="bbox 2086 4923 3671 5014">
     <span class='ocr_line' id='line_1_112' title="bbox 2086 4923 3671 5014; baseline 0.02 -39"><span class='ocrx_word' id='word_1_809' title='bbox 2086 4931 2268 4977; x_wconf 85' lang='lat' dir='ltr'><strong>centes</strong></span> <span class='ocrx_word' id='word_1_810' title='bbox 2295 4923 2507 4981; x_wconf 86' lang='lat' dir='ltr'><strong>fuerunt</strong></span> <span class='ocrx_word' id='word_1_811' title='bbox 2536 4945 2552 4982; x_wconf 89' lang='lat'><strong>:</strong></span> <span class='ocrx_word' id='word_1_812' title='bbox 2579 4929 2621 4982; x_wconf 84' lang='lat' dir='ltr'><strong>si</strong></span> <span class='ocrx_word' id='word_1_813' title='bbox 2651 4942 2826 4987; x_wconf 88' lang='lat' dir='ltr'><strong>autem</strong></span> <span class='ocrx_word' id='word_1_814' title='bbox 2869 4925 3142 5004; x_wconf 79' lang='lat' dir='ltr'><strong>neceutes,</strong></span> <span class='ocrx_word' id='word_1_815' title='bbox 3185 4923 3432 5014; x_wconf 76' lang='lat' dir='ltr'><strong>tanquam</strong></span> <span class='ocrx_word' id='word_1_816' title='bbox 3470 4947 3671 5006; x_wconf 82' lang='lat' dir='ltr'><strong>zizania</strong></span> 
     </span>
    </p>
   </div>
   <div class='ocr_carea' id='block_1_113' title="bbox 2063 5012 3672 5108">
    <p class='ocr_par' dir='ltr' id='par_1_113' title="bbox 2063 5012 3672 5108">
     <span class='ocr_line' id='line_1_113' title="bbox 2063 5012 3672 5108; baseline 0.017 -40"><span class='ocrx_word' id='word_1_817' title='bbox 2063 5012 2382 5082; x_wconf 79' lang='lat' dir='ltr'><strong>frumentis,</strong></span> <span class='ocrx_word' id='word_1_818' title='bbox 2426 5034 2525 5073; x_wconf 88' lang='lat' dir='ltr'><strong>nec</strong></span> <span class='ocrx_word' id='word_1_819' title='bbox 2554 5019 2605 5073; x_wconf 91' lang='lat' dir='ltr'><strong>in</strong></span> <span class='ocrx_word' id='word_1_820' title='bbox 2640 5022 2814 5078; x_wconf 84' lang='lat' dir='ltr'><strong>Africa</strong></span> <span class='ocrx_word' id='word_1_821' title='bbox 2850 5026 3043 5084; x_wconf 89' lang='lat' dir='ltr'><strong>obesse</strong></span> <span class='ocrx_word' id='word_1_822' title='bbox 3072 5012 3355 5099; x_wconf 79' lang='lat' dir='ltr'><strong>potuerunt</strong></span> <span class='ocrx_word' id='word_1_823' title='bbox 3377 5038 3475 5100; x_wconf 91' lang='lat' dir='ltr'><strong>eis,</strong></span> <span class='ocrx_word' id='word_1_824' title='bbox 3498 5041 3586 5108; x_wconf 87' lang='lat' dir='ltr'><strong>qui</strong></span> <span class='ocrx_word' id='word_1_825' title='bbox 3613 5057 3672 5096; x_wconf 90' lang='lat' dir='ltr'><strong>se</strong></span> 
     </span>
    </p>
   </div>
   <div class='ocr_carea' id='block_1_114' title="bbox 2087 5107 3669 5185">
    <p class='ocr_par' dir='ltr' id='par_1_114' title="bbox 2087 5107 3669 5185">
     <span class='ocr_line' id='line_1_114' title="bbox 2087 5107 3669 5185; baseline 0.018 -28"><span class='ocrx_word' id='word_1_826' title='bbox 2087 5116 2304 5178; x_wconf 84' lang='lat' dir='ltr'><strong>propter</strong></span> <span class='ocrx_word' id='word_1_827' title='bbox 2329 5107 2445 5162; x_wconf 87' lang='lat' dir='ltr'><strong>illos</strong></span> <span class='ocrx_word' id='word_1_828' title='bbox 2471 5113 2629 5164; x_wconf 84' lang='lat' dir='ltr'><strong>etiam</strong></span> <span class='ocrx_word' id='word_1_829' title='bbox 2658 5115 2900 5184; x_wconf 81' lang='lat' dir='ltr'><strong>cognitos</strong></span> <span class='ocrx_word' id='word_1_830' title='bbox 2936 5117 3004 5173; x_wconf 88' lang='lat' dir='ltr'><strong>ab</strong></span> <span class='ocrx_word' id='word_1_831' title='bbox 3043 5121 3242 5179; x_wconf 88' lang='lat' dir='ltr'><strong>unitate</strong></span> <span class='ocrx_word' id='word_1_832' title='bbox 3289 5107 3540 5183; x_wconf 66' lang='lat' dir='ltr'><strong>Ecclesia:</strong></span> <span class='ocrx_word' id='word_1_833' title='bbox 3578 5144 3669 5185; x_wconf 89' lang='lat' dir='ltr'><strong>se-</strong></span> 
     </span>
    </p>
   </div>
   <div class='ocr_carea' id='block_1_115' title="bbox 2088 5200 3671 5286">
    <p class='ocr_par' dir='ltr' id='par_1_115' title="bbox 2088 5200 3671 5286">
     <span class='ocr_line' id='line_1_115' title="bbox 2088 5200 3671 5286; baseline 0.021 -41"><span class='ocrx_word' id='word_1_834' title='bbox 2088 5211 2273 5272; x_wconf 83' lang='lat' dir='ltr'><strong>parare</strong></span> <span class='ocrx_word' id='word_1_835' title='bbox 2303 5200 2605 5256; x_wconf 89' lang='lat' dir='ltr'><strong>noluerunt.</strong></span> <span class='ocrx_word' id='word_1_836' title='bbox 2641 5202 2708 5259; x_wconf 90' lang='lat' dir='ltr'><strong>Ut</strong></span> <span class='ocrx_word' id='word_1_837' title='bbox 2749 5206 2890 5261; x_wconf 90' lang='lat' dir='ltr'><strong>enim</strong></span> <span class='ocrx_word' id='word_1_838' title='bbox 2917 5211 3154 5267; x_wconf 88' lang='lat' dir='ltr'><strong>omittam</strong></span> <span class='ocrx_word' id='word_1_839' title='bbox 3185 5230 3340 5286; x_wconf 85' lang='lat' dir='ltr'><strong>quam</strong></span> <span class='ocrx_word' id='word_1_840' title='bbox 3381 5219 3530 5275; x_wconf 89' lang='lat' dir='ltr'><strong>multi</strong></span> <span class='ocrx_word' id='word_1_841' title='bbox 3575 5238 3671 5278; x_wconf 71' lang='lat' dir='ltr'><strong>eos</strong></span> 
     </span>
    </p>
   </div>
   <div class='ocr_carea' id='block_1_116' title="bbox 2084 5288 3666 5378">
    <p class='ocr_par' dir='ltr' id='par_1_116' title="bbox 2084 5288 3666 5378">
     <span class='ocr_line' id='line_1_116' title="bbox 2084 5288 3666 5378; baseline 0.016 -34"><span class='ocrx_word' id='word_1_842' title='bbox 2084 5288 2408 5360; x_wconf 72' lang='lat' dir='ltr'><strong>Crediderint</strong></span> <span class='ocrx_word' id='word_1_843' title='bbox 2454 5293 2765 5362; x_wconf 83' lang='lat' dir='ltr'><strong>innocentes</strong></span> <span class='ocrx_word' id='word_1_844' title='bbox 2785 5339 2800 5363; x_wconf 89' lang='lat'><strong>,</strong></span> <span class='ocrx_word' id='word_1_845' title='bbox 2840 5300 3032 5370; x_wconf 90' lang='lat' dir='ltr'><strong>quibus</strong></span> <span class='ocrx_word' id='word_1_846' title='bbox 3062 5303 3476 5378; x_wconf 81' lang='lat' dir='ltr'><strong>facinuscorum</strong></span> <span class='ocrx_word' id='word_1_847' title='bbox 3506 5299 3666 5369; x_wconf 86' lang='lat' dir='ltr'><strong>etiam</strong></span> 
     </span>
    </p>
   </div>
   <div class='ocr_carea' id='block_1_117' title="bbox 2085 5379 3670 5467">
    <p class='ocr_par' dir='ltr' id='par_1_117' title="bbox 2085 5379 3670 5467">
     <span class='ocr_line' id='line_1_117' title="bbox 2085 5379 3670 5467; baseline 0.02 -37"><span class='ocrx_word' id='word_1_848' title='bbox 2085 5379 2364 5456; x_wconf 87' lang='lat' dir='ltr'><strong>sialiquod</strong></span> <span class='ocrx_word' id='word_1_849' title='bbox 2397 5383 2512 5454; x_wconf 84' lang='lat' dir='ltr'><strong>fuit,</strong></span> <span class='ocrx_word' id='word_1_850' title='bbox 2542 5393 2717 5440; x_wconf 87' lang='lat' dir='ltr'><strong>tamen</strong></span> <span class='ocrx_word' id='word_1_851' title='bbox 2739 5386 3092 5448; x_wconf 82' lang='lat' dir='ltr'><strong>demonstrari</strong></span> <span class='ocrx_word' id='word_1_852' title='bbox 3123 5381 3224 5450; x_wconf 85' lang='lat' dir='ltr'><strong>non</strong></span> <span class='ocrx_word' id='word_1_853' title='bbox 3257 5401 3458 5467; x_wconf 89' lang='lat' dir='ltr'><strong>potuit;</strong></span> <span class='ocrx_word' id='word_1_854' title='bbox 3486 5412 3541 5458; x_wconf 87' lang='lat' dir='ltr'><strong>et</strong></span> <span class='ocrx_word' id='word_1_855' title='bbox 3567 5405 3670 5463; x_wconf 83' lang='lat' dir='ltr'><strong>uti-</strong></span> 
     </span>
    </p>
   </div>
   <div class='ocr_carea' id='block_1_118' title="bbox 2083 5472 3668 5558">
    <p class='ocr_par' dir='ltr' id='par_1_118' title="bbox 2083 5472 3668 5558">
     <span class='ocr_line' id='line_1_118' title="bbox 2083 5472 3668 5558; baseline 0.018 -35"><span class='ocrx_word' id='word_1_856' title='bbox 2083 5487 2186 5541; x_wconf 90' lang='lat' dir='ltr'><strong>que</strong></span> <span class='ocrx_word' id='word_1_857' title='bbox 2221 5472 2354 5528; x_wconf 88' lang='lat' dir='ltr'><strong>istos</strong></span> <span class='ocrx_word' id='word_1_858' title='bbox 2379 5490 2477 5530; x_wconf 91' lang='lat' dir='ltr'><strong>nec</strong></span> <span class='ocrx_word' id='word_1_859' title='bbox 2503 5491 2596 5532; x_wconf 89' lang='lat' dir='ltr'><strong>vos</strong></span> <span class='ocrx_word' id='word_1_860' title='bbox 2628 5480 2850 5549; x_wconf 89' lang='lat' dir='ltr'><strong>potestis</strong></span> <span class='ocrx_word' id='word_1_861' title='bbox 2892 5481 3073 5541; x_wconf 81' lang='lat' dir='ltr'><strong>dicere</strong></span> <span class='ocrx_word' id='word_1_862' title='bbox 3102 5489 3334 5558; x_wconf 88' lang='lat' dir='ltr'><strong>peccatis</strong></span> <span class='ocrx_word' id='word_1_863' title='bbox 3355 5483 3557 5553; x_wconf 29' lang='lat' dir='ltr'><strong>alienis.</strong></span> <span class='ocrx_word' id='word_1_864' title='bbox 3579 5497 3668 5553; x_wconf 87' lang='lat' dir='ltr'><strong>iu-</strong></span> 
     </span>
    </p>
   </div>
   <div class='ocr_carea' id='block_1_119' title="bbox 2081 5601 3665 5717">
    <p class='ocr_par' dir='ltr' id='par_1_119' title="bbox 2081 5601 3665 5715">
     <span class='ocr_line' id='line_1_119' title="bbox 2081 5601 3665 5715; baseline 0.02 -63"><span class='ocrx_word' id='word_1_865' title='bbox 2081 5603 2414 5715; x_wconf 51' lang='grc' dir='ltr'><strong>1κέζιὲιοοιοοο</strong></span> <span class='ocrx_word' id='word_1_866' title='bbox 2444 5608 2710 5662; x_wconf 81' lang='lat' dir='ltr'><strong>inexcusis</strong></span> <span class='ocrx_word' id='word_1_867' title='bbox 2739 5623 2974 5668; x_wconf 85' lang='lat' dir='ltr'><strong>mutatum</strong></span> <span class='ocrx_word' id='word_1_868' title='bbox 3013 5629 3291 5688; x_wconf 54' lang='lat' dir='ltr'><strong>mum,</strong></span> <span class='ocrx_word' id='word_1_869' title='bbox 3327 5626 3412 5691; x_wconf 87' lang='lat' dir='ltr'><strong>in,</strong></span> <span class='ocrx_word' id='word_1_870' title='bbox 3449 5601 3665 5698; x_wconf 64' lang='lat' dir='ltr'><strong>unum</strong></span> 
     </span>
    </p>
   </div>
   <div class='ocr_carea' id='block_1_120' title="bbox 2147 5727 3315 5810">
    <p class='ocr_par' dir='ltr' id='par_1_120' title="bbox 2147 5727 3315 5810">
     <span class='ocr_line' id='line_1_120' title="bbox 2147 5727 3315 5810; baseline 0.021 -34"><span class='ocrx_word' id='word_1_871' title='bbox 2147 5729 2165 5760; x_wconf 74' lang='grc'>¹</span> <span class='ocrx_word' id='word_1_872' title='bbox 2187 5727 2323 5791; x_wconf 73' lang='lat' dir='ltr'><strong>mle,</strong></span> <span class='ocrx_word' id='word_1_873' title='bbox 2347 5742 2434 5781; x_wconf 79' lang='lat' dir='ltr'><strong>nec</strong></span> <span class='ocrx_word' id='word_1_874' title='bbox 2453 5731 2709 5797; x_wconf 75' lang='lat' dir='ltr'><strong>corriguis.</strong></span> <span class='ocrx_word' id='word_1_875' title='bbox 2737 5744 2791 5788; x_wconf 72' lang='lat' dir='ltr'><strong>At</strong></span> <span class='ocrx_word' id='word_1_876' title='bbox 2813 5743 2901 5790; x_wconf 72' lang='lat' dir='ltr'><strong>uss</strong></span> <span class='ocrx_word' id='word_1_877' title='bbox 2928 5774 2943 5803; x_wconf 87' lang='lat'><strong>,</strong></span> <span class='ocrx_word' id='word_1_878' title='bbox 2964 5754 3025 5793; x_wconf 71' lang='lat' dir='ltr'><strong>ne</strong></span> <span class='ocrx_word' id='word_1_879' title='bbox 3045 5742 3315 5810; x_wconf 66' lang='lat' dir='ltr'><strong>cor-rigatis.</strong></span> 
     </span>
    </p>
   </div>
  </div>
