4024 6194
1124 318 1393 375 CONTRA
1432 312 1805 369 CRESCOMU
1818 312 1857 365 .‘J
1903 311 2003 365 ι)οῙ

2111 307 2356 371 ΛΒΤΛΜ,
2389 310 2444 361 5.
2488 299 2854 358 AUCUSTINI
3568 292 3668 345 4’36

2080 423 2149 474 tia
2179 420 2400 490 deposcit
2430 424 2713 479 assumunt,
2761 414 2823 465 de
2854 410 3078 465 Ecclesia
3112 415 3355 477 pereunt;
3384 414 3430 458 et
3461 406 3581 457 dum
3615 423 3665 459 se

2079 515 2352 568 insolenter
2390 509 2655 572 extollunt,
2703 507 2815 575 ipso
2854 520 2944 558 suo
2990 512 3183 555 tumore
3211 498 3407 564 ca'cati,
3450 499 3669 551 veritatis

2081 607 2252 661 lumen
2293 603 2547 655 amittunt.
2584 599 2675 652 llis
2705 596 2953 667 Cypriani
2994 592 3171 647 verbis
3216 592 3384 645 Deum
3430 590 3675 643 timentes

384 338 488 394 £95

388 449 613 518 cognitis
637 444 867 516 potuisse
891 434 1140 491 maculari
1170 451 1181 485 :
1213 431 1307 485 sed
1328 439 1384 483 ut
1408 429 1523 494 hos,
1554 429 1790 497 inquam,
1811 425 1971 478 omit-

388 556 518 608 tam,
549 542 645 609 ipsi
674 536 761 606 qui
791 548 883 587 eos
910 536 1163 584 nocentes
1191 526 1275 579 vel
1303 532 1560 580 noverant
1586 521 1665 575 vel
1690 519 1969 588 putabant,

394 630 636 702 quamvis
664 628 716 680 in
745 623 1007 678 Africanis
1047 617 1304 673 Ecclesiis
1341 614 1633 677 constituti,
1666 627 1785 665 cum
1827 609 1974 663 vide-

393 734 514 778 rent
546 737 637 776 eos
666 715 805 788 apud
852 712 1119 769 Ecclesias
1162 708 1541 765 transmarinas
1586 720 1689 760 non
1737 703 1974 772 potuisse

392 812 656 874 convinci,
688 822 789 861 nec
826 804 1048 859 crimina
1085 815 1270 855 eorum
1316 800 1472 867 longe
1518 796 1729 863 lateque
1772 790 1976 845 diffusis

386 902 653 958 ‘lliCllIlil'iS
681 897 930 954 Ecclesia:
959 891 1337 956 demonstrari,
1366 891 1412 942 si
1444 904 1501 942 se
1542 886 1737 939 vellent
1763 890 1978 952 propter

397 1000 517 1052 illos
535 1009 667 1064 quos
684 993 850 1045 malos
872 993 1147 1052 noverant,
1172 1000 1200 1038 a
1226 980 1601 1039 communione
1623 985 1699 1033 tot
1720 977 1976 1046 gentium,

399 1088 590 1159 quibus
615 1100 710 1139 eos
743 1079 1028 1136 ostendere
1072 1092 1178 1131 non
1222 1073 1489 1137 valebant,
1531 1070 1677 1125 velut
1718 1065 1983 1138 pestiferae

400 1178 731 1250 contagionis
757 1177 944 1231 timore
957 1184 1205 1241 separare
1222 1185 1236 1233 ;
1259 1174 1463 1221 teneret
1479 1179 1593 1230 eos,
1616 1178 1718 1216 non
1736 1176 1854 1231 ego,
1878 1175 1985 1212 non

406 1286 482 1339 tu,
504 1289 609 1328 non
633 1272 884 1333 Donatus,
901 1281 1004 1321 non
1026 1262 1360 1325 Caecilianus,
1383 1257 1476 1313 sed
1506 1258 1619 1326 ipse
1641 1269 1797 1324 quem
1815 1250 1989 1306 nomi-

408 1382 535 1421 nare
578 1378 736 1418 ausus
777 1376 836 1415 es
877 1357 1205 1429 Cyprianus;
1251 1359 1304 1407 et
1330 1352 1534 1407 diceret
1572 1364 1634 1403 ea
1673 1346 1832 1401 verba
1870 1359 1988 1414 quae

409 1456 619 1523 scripsit
650 1452 714 1505 ad
742 1450 1049 1504 Maximum.

478 1543 702 1602 CAPUT
735 1538 1022 1596 XXXVI”.
1056 1566 1127 1577 -—
1147 1535 1236 1590 48.
1278 1533 1344 1586 Et
1364 1533 1407 1586 si
1434 1531 1681 1601 videntur,
1720 1526 1910 1595 inquit,
1940 1526 1991 1577 in

410 1638 639 1694 Ecclesia
664 1651 769 1689 esse
786 1631 1002 1693 zizania,
1038 1645 1137 1682 non
1175 1636 1338 1681 tamen
1376 1622 1614 1693 impediri
1643 1620 1781 1673 debet
1811 1628 1897 1670 aut
1931 1617 1994 1684 fi—

409 1733 497 1784 des
523 1737 614 1782 aut
638 1726 857 1779 Charitas
882 1730 1071 1785 nostra,
1103 1729 1154 1772 ut
1178 1718 1414 1787 quoniam
1449 1714 1644 1767 zizania
1674 1727 1779 1764 esse
1810 1711 1861 1762 in
1892 1706 1993 1761 Ec-

411 1820 562 1874 clesia
586 1816 853 1877 cernimus,
888 1812 987 1881 ipsi
1014 1809 1075 1862 de
1104 1807 1328 1860 Ecclesia
1352 1805 1661 1858 recedamus.
1693 1799 1855 1853 Nobis
1883 1807 1995 1851 lan-

414 1904 671 1960 tummodo
698 1900 1029 1956 laborandum
1056 1907 1147 1963 est,
1172 1906 1225 1948 ut
1256 1898 1563 1965 frumentum
1589 1906 1694 1943 esse
1716 1888 1996 1958 possimus;

413 2010 468 2052 ut
512 2013 626 2052 cum
667 1993 868 2063 cmperit
918 1993 1223 2062 frumentum
1270 1983 1535 2039 dominicis
1586 1981 1777 2034 horreis
1824 1979 1994 2041 condi,

419 2094 637 2159 fructum
660 2101 750 2155 pro
777 2098 924 2153 apere
948 2088 1117 2134 nostro
1146 2086 1191 2131 et
1223 2077 1393 2131 labore
1415 2075 1693 2144 capiamus.
1730 2070 1999 2139 Apostolus

417 2184 468 2234 in
496 2178 726 2250 Epistula
751 2192 843 2230 sua
870 2174 994 2227 dicit
1024 2190 1043 2226 :
1078 2191 1096 2224 ι
1125 2170 1191 2224 In
1216 2169 1365 2223 domo
1392 2177 1558 2221 autem
1584 2181 1768 2235 magna
1795 2180 1894 2217 non
1918 2180 2001 2217 so-

420 2276 525 2323 lum
550 2284 670 2322 vasa
688 2275 802 2320 sunt
822 2280 977 2317 aurea
998 2272 1044 2316 et
1072 2269 1328 2332 argentea,
1358 2259 1446 2312 sed
1470 2266 1515 2311 et
1545 2258 1708 2327 lignea
1734 2264 1779 2308 et
1803 2255 2002 2324 ﬁctilia,-

420 2371 465 2414 et
506 2358 739 2430 quietiam
775 2355 975 2425 quidem
1009 2354 1275 2417 honorata,
1309 2348 1537 2421 quwdam
1563 2348 1864 2402 inhonorata
1894 2365 1911 2397 ι
1938 2346 2002 2417 (ΙΙ

420 2453 555 2508 'I'im.
583 2467 638 2514 tt,
673 2450 788 2519 ‘20).
828 2447 941 2501 Nos
994 2461 1201 2515 cperam
1246 2443 1419 2496 demus
1438 2484 1453 2508 ,
1483 2454 1527 2495 et
1555 2450 1799 2509 quantum
1823 2455 2003 2510 possu-

420 2561 530 2597 mus
556 2541 857 2603 laboremus,
889 2548 942 2591 ut
968 2552 1053 2590 vos
1074 2552 1280 2589 aureum
1299 2544 1347 2587 et
1373 2542 1661 2603 argenteum
1692 2533 1866 2585 simus.
1895 2530 2005 2585 Ca:—

424 2647 584 2690 ternm
614 2633 789 2704 fictilia
828 2646 949 2684 vasa
987 2628 1304 2701 confringere
1336 2626 1553 2679 Domino
1589 2624 1684 2678 soli
1717 2639 2007 2676 concessum

421 2738 526 2790 rst,
574 2726 655 2780 cui
701 2724 840 2794 uirga
884 2726 1047 2793 ferrea
1089 2720 1208 2772 data
1253 2728 1325 2772 est
1368 2716 1538 2787 (Psul.
1572 2715 1730 2785 11,9).
1756 2715 1878 2769 Esse
1907 2732 2006 2769 non

421 2829 579 2889 potest
608 2818 770 2888 major
811 2815 1014 2868 domino
1052 2828 1144 2866 suo
1178 2826 1348 2865 servus
1380 2810 1557 2880 (Joan.
1595 2824 1712 2873 xm,
1749 2808 1872 2879 16);
1917 2825 2007 2861 nec

420 2906 829 2980 quisqumn_sibi,
860 2904 994 2975 quod
1020 2901 1116 2957 soli
1150 2901 1284 2956 Filio
1308 2900 1466 2954 Pater
1490 2901 1683 2965 tribuit,
1712 2901 1970 2953 vindicare
1988 2916 2008 2952 :

421 3012 475 3054 ut
504 3018 555 3053 se
579 3008 713 3069 putet
738 3007 825 3050 aut
863 2996 930 3048 ad
962 3010 1132 3047 aream
1171 2992 1523 3046 ventilandam
1568 3000 1613 3044 et
1665 2990 2003 3060 purgandum,

424 3088 594 3158 palam
621 3092 753 3158 ferre
770 3086 882 3153 jam
908 3099 1069 3153 posse,
1103 3090 1188 3135 aut
1217 3098 1248 3133 a
1269 3082 1521 3148 frumento
1543 3081 1774 3133 universa
1811 3080 2008 3133 zizauia

427 3186 656 3234 humano
684 3175 880 3246 judicio
915 3189 1169 3239 separare.
1205 3170 1434 3242 Superba
1480 3182 1552 3225 est
1589 3171 1685 3224 ista
1719 3171 2005 3236 obstinatio,

420 3286 468 3327 et
498 3271 741 3339 sacrilega
776 3266 1121 3340 prazsumptio,
1153 3281 1305 3336 quam
1332 3264 1427 3318 sibi
1457 3267 1606 3334 furor
1640 3279 1821 3334 pravus
1866 3279 2010 3317 ossu-

424 3363 514 3417 ntit
546 3376 563 3415 :
589 3372 636 3414 et
665 3361 787 3413 dum
810 3358 904 3413 sibi
933 3372 1127 3429 semper
1149 3355 1356 3427 quidam
1384 3356 1497 3425 plus
1529 3367 1682 3424 quant
1710 3353 2010 3424 mitisjusti-

1862 3462 1867 3473 ς

2084 696 2138 750 in
2178 693 2416 749 Ecclesia
2464 699 2792 753 tenerentur,
2842 687 2929 756 qui
2976 684 3173 739 vellent
3222 682 3291 735 ab
3332 696 3394 735 ea
3441 681 3674 749 separari

2088 794 2303 854 propter
2331 782 2575 852 cognitos
2622 779 2820 843 malos;
2866 777 3058 847 quibus
3099 773 3278 827 verbis
3318 786 3413 825 vos
3458 771 3677 824 damna-

2086 878 2237 943 mini,
2263 877 2354 946 qui
2380 873 2610 945 separati
2640 870 2902 926 accusatis
2928 878 2981 923 et
3011 868 3203 922 bonos.
3252 865 3346 918 llis
3375 863 3552 918 verbis
3579 862 3680 932 Cy-

2089 971 2307 1040 prianus
2336 976 2391 1023 et
2423 981 2520 1020 nos
2547 973 2692 1019 tenet
2714 963 2766 1015 in
2790 961 2949 1015 domo
2983 958 3096 1024 Dei,
3138 956 3290 1025 cujus
3316 955 3565 1009 decorem
3600 954 3680 1007 di-

2090 1062 2244 1126 lexit;
2271 1058 2502 1116 etiamsi.
2535 1054 2677 1126 quod
2710 1066 2981 1122 nunquam
3011 1050 3183 1104 facere
3213 1046 3479 1117 potuistis,
3526 1062 3557 1098 a
3583 1062 3677 1100 vo-

2090 1153 2174 1207 bis
2194 1159 2472 1206 accusatos
2494 1155 2547 1203 et
2575 1146 2971 1201 demonstratos
2992 1141 3297 1204 traditores,
3328 1148 3385 1193 et
3412 1139 3676 1207 quoslibet

2093 1247 2227 1300 alios
2252 1245 2420 1299 malos
2449 1257 2607 1297 nosse
2636 1253 2948 1311 possemus;
2997 1252 3065 1292 ne
3110 1237 3255 1291 illam
3306 1243 3526 1304 propter
3557 1246 3677 1287 vasa

2096 1336 2230 1391 facta
2256 1335 2309 1389 in
2338 1334 2712 1389 contumeliam
2733 1330 3063 1384 deseramus.
3096 1327 3188 1380 llis
3211 1326 3387 1380 verbis
3406 1324 3566 1378 etiam
3589 1337 3680 1375 vos

2099 1429 2149 1481 in
2174 1425 2491 1482 catholicam
2533 1437 2719 1493 pacem
2754 1428 3023 1474 correctos
3063 1416 3315 1487 pacificus
3354 1412 3677 1474 introducas,

2100 1534 2167 1572 ne
2191 1516 2517 1587 quibuslibet
2544 1511 2778 1582 peccatis
2800 1511 2993 1563 alienis
3018 1523 3110 1563 seu
3143 1506 3282 1561 veris
3303 1520 3397 1559 seu
3431 1504 3573 1557 falsis
3603 1503 3678 1554 ol-

2099 1608 2255 1673 fensi,
2285 1615 2470 1662 contra
2512 1603 2807 1659 Eeclesiam
2836 1600 3034 1654 Christi
3069 1599 3119 1652 in
3166 1606 3277 1651 toto
3307 1596 3504 1650 mundo
3543 1594 3679 1649 Scri-

2101 1701 2270 1770 pturis
2309 1698 2711 1754 fructificantem
2750 1703 2909 1764 atque
2955 1700 3306 1754 crescentem,
3350 1689 3487 1743 mala
3545 1695 3680 1740 tanta

2098 1791 2330 1860 jactetis,
2378 1804 2444 1843 ne
2484 1795 2698 1856 propter
2738 1785 2937 1838 zizania
2983 1783 3217 1837 triticum
3274 1778 3573 1841 accusetis,
3623 1793 3684 1829 ne

2104 1891 2321 1952 propter
2350 1881 2556 1949 paleam
2586 1878 2849 1932 frumenta
2878 1874 3160 1939 deseratis,
3204 1888 3271 1927 ne
3316 1881 3531 1941 propter
3566 1886 3684 1922 vasa

2105 1973 2421 2026 inhonorata
2447 1981 2595 2026 extra
2619 1970 2835 2023 domum
2861 1982 3104 2036 magnam
3135 1964 3474 2019 remanentis.

2175 2072 2263 2127 49.
2307 2072 2443 2125 Ecce
2471 2080 2725 2140 quantum
2758 2085 2856 2123 nos
2879 2069 2975 2122 abs
3001 2076 3052 2121 te
3080 2072 3531 2119 commemoratus
3559 2063 3681 2117 bea-

2109 2173 2191 2218 tus
2231 2162 2527 2235 Cyprianus
2566 2162 2787 2230 adjuvit,
2836 2161 2941 2222 cui,
2980 2158 3048 2212 de
3093 2157 3362 2225 Baptismo
3404 2155 3690 2223 repetendo

2108 2256 2151 2307 si
2178 2254 2304 2324 quid
2327 2254 2478 2307 aliter
2500 2254 2692 2320 sapuit,
2724 2265 2819 2320 pro
2852 2251 3014 2302 tantis
3040 2247 3241 2301 meritis
3269 2245 3691 2314 flagrantissime

2108 2346 2386 2400 charitatis
2415 2344 2790 2414 corrigendum
2823 2341 3004 2411 procul
3033 2339 3196 2394 dubio
3236 2338 3495 2392 Dominus
3540 2351 3691 2390 reve-

2111 2441 2239 2495 lavit
2270 2458 2283 2493 :
2315 2440 2438 2509 quia
2466 2439 2517 2492 in
2546 2454 2606 2491 ea
2638 2437 2744 2490 vite
2773 2432 3065 2505 permansit
3094 2441 3341 2500 tanquam
3373 2438 3695 2483 sarmentum

2114 2538 2260 2587 tanto
2290 2532 2459 2586 fructu
2487 2531 2631 2600 pacis
2658 2536 2711 2583 et
2738 2526 3042 2581 dilectionis
3083 2524 3415 2593 opulentum,
3448 2529 3506 2574 ut
3540 2520 3695 2574 etiam

2113 2625 2156 2679 si
2178 2622 2303 2693 quid
2336 2622 2387 2675 in
2414 2636 2480 2675 eo
2510 2618 2841 2689 purgandum
2880 2614 3223 2685 reperiretur,
3248 2612 3293 2664 si
3320 2611 3466 2665 nulla
3494 2625 3549 2664 re
3576 2611 3696 2669 alia,

2113 2722 2259 2768 certe
2284 2712 2415 2765 falce
2445 2709 2685 2780 martyrii
2718 2715 3052 2777 purgaretur.
3082 2708 3395 2772 Quanquam
3426 2702 3605 2769 itaque
3635 2701 3698 2752 ad

2115 2817 2351 2857 errorem
2383 2810 2615 2855 vestrum
2641 2796 3086 2861 convincendum,
3119 2803 3174 2848 et
3208 2795 3251 2847 si
3283 2792 3553 2847 volueritis
3580 2806 3702 2845 cor-

2115 2893 2412 2963 rigendum,
2442 2892 2571 2945 satis
2602 2904 2867 2959 superque
2896 2887 3165 2958 potuerint
3192 2887 3289 2939 ista
3309 2885 3548 2939 sufficere
3575 2902 3589 2937 :
3617 2894 3700 2935 ta-

2116 3001 2238 3040 men
2284 3000 2348 3039 ne
2388 2986 2663 3054 quisquam
2710 2983 2995 3036 arbitretur
3041 2980 3238 3049 aliquid
3278 2989 3326 3033 te
3376 2979 3429 3031 in
3476 2976 3704 3047 epistola

2118 3076 2379 3145 posuisse,
2411 3076 2551 3144 quod
2592 3073 2837 3127 refellere
2878 3086 2982 3125 neu
3010 3072 3264 3129 valerem,
3302 3078 3394 3121 aut
3430 3068 3482 3121 in
3521 3082 3628 3137 quo
3657 3076 3705 3120 te

2119 3171 2312 3223 nostris
2342 3178 2529 3223 centra
2561 3167 2874 3220 Petilianum
2919 3164 3110 3217 litteris
3150 3161 3280 3215 nihil
3322 3160 3570 3213 idoneum
3618 3172 3704 3210 re-

2116 3261 2417 3331 spondisse,
2447 3260 2816 3314 demonstrare
2847 3272 2953 3311 non
2992 3268 3225 3325 possem,
3269 3250 3511 3321 sequenti
3553 3249 3702 3303 volu—

2114 3353 2262 3408 mine
2284 3361 2476 3407 caatera
2503 3350 2797 3405 videamus.

430 3475 3707 3508 ______________________________________________.____________

1443 3577 1926 3684 LIBER
2011 3573 2319 3681 TER
2336 3572 2499 3677 T1
2524 3572 2727 3679 US.

942 3763 1188 3827 Reliquam
1214 3771 1403 3823 partem
1428 3760 1651 3825 Epistolas
1672 3760 1933 3821 Cresconii,
1958 3756 2151 3823 singula
2172 3759 2390 3809 breviter
2416 3771 2477 3807 ex
2502 3757 2672 3808 ordine
2694 3754 2948 3817 refellens,
2978 3756 3231 3818 percurrit.

1822 3893 2292 3948 οθκισβιθθ

499 4019 723 4078 CAPUT
752 4015 1039 4075 PRIMUM.
1070 4044 1140 4056 ——
1182 4016 1231 4068 1.
1262 4012 1314 4068 Si
1350 4011 1623 4066 tardorum
1651 4011 1781 4064 mihi
1812 4009 2023 4081 ingenia

426 4112 658 4169 curanda
684 4127 791 4167 non
832 4116 1052 4173 essent,
1096 4107 1186 4177 qui
1236 4104 1532 4174 intelligere
1577 4111 1877 4172 nequeunt,
1929 4118 2016 4157 me

427 4207 634 4261 duobus
655 4202 1021 4257 voluminibus
1058 4196 1421 4267 superioribus
1460 4194 1524 4248 ad
1566 4209 1779 4248 causam
1826 4202 2015 4259 totam,

428 4313 547 4365 qua:
576 4305 659 4348 tua
682 4334 699 4360 ,
729 4291 892 4346 frater
915 4288 1189 4354 Cresconi,
1222 4288 1444 4356 epistola
1466 4286 1800 4351 continetur,
1834 4286 2014 4339 multis

432 4384 607 4439 modis
642 4384 711 4436 ita
742 4379 1082 4450 reSpondisse
1104 4418 1121 4443 ,
1154 4387 1211 4431 ut
1242 4378 1400 4431 etiam
1433 4377 1516 4430 illa
1548 4393 1664 4445 qua:
1694 4377 1761 4430 ibi
1793 4384 2014 4439 restant,

428 4478 534 4546 jam
557 4475 727 4529 soluta
753 4479 911 4541 atque
931 4468 1181 4524 frustrata
1208 4468 1342 4532 sint,
1369 4468 1477 4536 jam
1511 4467 1690 4521 debuit
1716 4483 1743 4520 a
1772 4482 1857 4521 me
1889 4465 2011 4520 huic

434 4565 582 4638 operi
612 4564 730 4618 finis
758 4561 978 4631 imponi.
1027 4558 1133 4615 Sed
1172 4558 1293 4628 quia
1334 4558 1483 4611 multi
1515 4565 1658 4623 sunt,
1693 4558 1879 4626 quibus
1906 4572 2019 4611 ser-

434 4661 547 4712 vit‘e
587 4670 684 4710 nos
711 4653 998 4719 convenit,
1041 4651 1129 4721 qui
1162 4649 1340 4704 omnia
1371 4647 1590 4719 depulsa
1632 4662 1754 4701 esse
1789 4661 1893 4700 non
1922 4663 2020 4716 pu-

434 4758 591 4811 tant,
643 4746 743 4800 nisi
792 4745 923 4799 locis
974 4743 1085 4797 suis
1133 4741 1293 4796 etiam
1347 4739 1555 4809 singula
1608 4746 2020 4808 pertractentur,

433 4841 643 4897 residua
688 4838 950 4895 sermonis
994 4836 1069 4891 tui
1115 4834 1349 4889 breviter
1390 4848 1454 4886 ex
1506 4830 1692 4885 ordine
1737 4828 2021 4884 refellenda

437 4950 763 5008 i‘ercxtrram.

505 5028 561 5083 2.
599 5022 863 5094 Quidquid
894 5021 960 5075 de
985 5017 1233 5091 Cypriani
1282 5014 1607 5069 venerabilis
1637 5021 1886 5081 martyris
1906 5052 1922 5078 ,
1968 5021 2024 5067 et

436 5121 505 5175 de
547 5115 897 5190 quorumdam
923 5108 1271 5168 Orientalium
1321 5105 1512 5161 litteris
1552 5106 1893 5159 inserendum
1921 5117 2021 5172 pu-

437 5211 555 5266 tasti
576 5250 590 5277 ,
619 5208 760 5278 quod
788 5207 866 5261 eis
908 5201 1165 5275 placuerit
1193 5198 1332 5269 apud
1375 5196 1656 5252 haereticos
1682 5204 1736 5249 et
1758 5194 2021 5249 schisma-

437 5308 570 5357 ticos
617 5300 799 5356 datum
847 5294 1149 5367 improbare
1190 5290 1444 5360 Baptismt
1490 5301 1877 5343 sacramentum
1912 5285 2019 5356 (a);

406 5387 566 5448 'nibil
597 5389 818 5461 impedit
844 5399 1060 5441 causam
1089 5390 1321 5437 nostram
1345 5421 1359 5446 ,
1391 5380 1435 5433 si
1466 5394 1583 5432 eam
1614 5377 1904 5432 Ecclesium
1932 5391 2020 5429 re-

499 5526 662 5598 (αιρε
684 5522 863 5598 ruens
1919 5508 2023 5598 επιξ-

435 5569 808 5651 ξοδξιῖὁῇῌίειὶιβ
824 5569 1089 5651 inscriptis,
1115 5569 1659 5651 et|intercypriapiana§
1676 5569 1904 5651 vulgatis,
1919 5570 2022 5631 qui-

436 5634 810 5697 iutsv'lco'niensis
827 5634 1015 5694 concilii
1052 5634 1146 5702 pro
1169 5634 1468 5702 baptizandis
1493 5634 1735 5681 btereticis
1770 5639 1871 5679 acta
1911 5644 2020 5702 tia-r-

439 5691 874 5759 'r'iith'riiiiiiiedi
892 5705 956 5753 de
979 5691 1318 5759 hereticorum
1343 5697 1581 5757 Baptismo
1601 5702 1893 5759 sententiam
1912 5691 2021 5759 tulit

436 5754 743 5833 tyxiiiadense
761 5754 1012 5817 concilium
1029 5764 1199 5816 eodem
1218 5758 1324 5811 fere
1346 5754 1567 5823 tempore
1589 5754 1905 5805 celebratum.
1928 5754 2018 5802 Sed

2134 4012 2395 4076 tinemns,
2438 4024 2595 4080 quam
2623 4024 2727 4063 non
2755 4008 2991 4063 deseruit
3030 4007 3360 4078 Cyprianus,
3404 4007 3561 4060 etiam
3588 4020 3704 4059 cum

2130 4102 2280 4155 multi
2309 4101 2422 4170 ejus
2450 4100 2668 4169 collega:
2698 4100 2747 4152 in
2776 4099 2912 4152 hanc
2940 4097 3255 4153 sententiam
3278 4098 3581 4152 consentire
3609 4113 3704 4151 no-

2131 4190 2371 4245 luissent.
2402 4190 2534 4244 Nam
2567 4199 2621 4243 et
2647 4191 2696 4242 in
2728 4191 2842 4259 ipso
2869 4188 3093 4243 concilio
3120 4188 3251 4241 dixit
3283 4206 3295 4241 :
3333 4186 3600 4241 Neminem
3620 4189 3705 4257 ju-

2129 4284 2351 4336 dicantcs
2376 4324 2390 4350 ,
2423 4299 2512 4336 nec
2531 4300 2562 4335 a
2579 4285 2699 4353 jure
2726 4282 3096 4335 communionis
3122 4282 3361 4350 aliquem,
3395 4282 3438 4335 si
3460 4282 3703 4334 diversum

2128 4374 2365 4439 senserit,
2394 4383 2696 4426 amoventex.
2735 4372 2803 4426 Et
2831 4371 3071 4428 eamdem
3098 4372 3372 4442 epistolam
3404 4371 3471 4426 ad
3499 4372 3707 4427 Jubaia-

2128 4482 2254 4519 num
2288 4466 2356 4519 ita
2379 4465 2637 4519 conclusit
2668 4482 2681 4517 :

2200 4557 2427 4613 CAPUT
2456 4557 2518 4611 ll.
2550 4588 2622 4599 --
2652 4556 2777 4611 [hec
2804 4557 2911 4623 tibi,
2946 4556 3255 4621 charissime,
3288 4573 3378 4626 pro
3405 4566 3576 4609 nostra
3606 4571 3707 4607 me-

2132 4651 2396 4703 diocritate
2432 4650 2781 4717 respondimus
2801 4690 2814 4715 ,
2848 4648 3035 4701 nemini
3068 4646 3443 4718 praseribenles
3472 4656 3560 4699 aut
3586 4660 3709 4717 pra:-

2122 4742 2448 4813 judicantcs,
2500 4742 2764 4810 quominus
2814 4739 3153 4807 unusquisque
3196 4738 3545 4807 episcoporum
3582 4734 3711 4802 quod

2132 4842 2274 4901 putat
2301 4833 2476 4902 faciat,
2502 4831 2687 4884 habens
2709 4830 2905 4883 arbitrii
2935 4830 3013 4881 sui
3036 4829 3242 4881 liberant
3266 4836 3579 4897 potestatem,
3610 4836 3707 4877 etc.

2130 4925 2185 4979 In
2219 4926 2301 4979 his
2331 4941 2461 4996 ergo
2502 4940 2599 4978 nos
2648 4923 2863 4977 interim
2907 4921 3098 4992 depula
3125 4962 3139 4986 ,
3195 4918 3384 4989 quibus
3436 4916 3564 4970 illud
3611 4932 3712 4968 non

2129 5019 2301 5086 potuit
2328 5015 2651 5087 persuadere
2691 5012 3024 5085 Cyprianus,
3070 5026 3099 5065 a
3131 5011 3321 5079 quibus
3353 5018 3530 5063 tatnen
3557 5008 3711 5061 etiam

2130 5112 2182 5165 in
2212 5112 2309 5165 hac
2337 5127 2394 5163 re
2420 5110 2627 5162 diversa
2668 5105 3020 5160 sentientibus
3040 5146 3054 5170 ,
3098 5102 3525 5155 communionem
3567 5112 3710 5151 suam

2131 5201 2349 5254 minime
2371 5199 2654 5267 separavit.
2703 5196 2928 5265 Majores
2956 5206 3131 5248 autem
3162 5192 3356 5254 vestri,
3399 5190 3589 5261 quibus
3614 5189 3714 5241 tale

2133 5292 2489 5347 testimOnium
2518 5287 2854 5359 perbibuisti,
2878 5287 3014 5356 quod
3036 5286 3098 5339 ab
3126 5284 3459 5338 Orientalium
3486 5290 3711 5351 prepter-

2130 5405 2188 5441 ea
2240 5386 2592 5440 connnuni‘oue
2620 5383 2819 5435 discreti
2847 5388 2994 5444 sunt,
3041 5379 3160 5449 quia
3191 5377 3268 5431 illi
3294 5392 3439 5429 suum
3466 5375 3713 5445 judicium

2129 5479 2456 5541 resciderunt,
2480 5490 2576 5544 quo
2604 5474 2674 5526 eis
2696 5471 2954 5543 placuerat
2975 5470 3037 5523 de
3062 5470 3160 5522 ista
3181 5466 3433 5537 Buptismi
3449 5464 3717 5534 quaestione

2127 5642 2267 5676 suum
2311 5625 2434 5675 istud
2465 5624 2694 5686 judicium
2728 5619 3002 5686 Orientales
3034 5618 3339 5686 postmodum
3375 5619 3714 5686 correxerunt.

2126 5694 2193 5739 uti
2221 5692 2294 5737 hic
2319 5676 2496 5749 legitur
2522 5690 2658 5734 inira.
2688 5685 2803 5749 Vide
2819 5676 3100 5749 fmsebiuiu,
3129 5682 3209 5730 lib.
3245 5683 3290 5741 '7,
3315 5693 3452 5743 capp.
3482 5678 3574 5727 Set
3598 5676 3643 5735 4,
3668 5682 3711 5723 et

2126 5743 2395 5813 Mccfltor;
2417 5749 2499 5797 lib.
2523 5750 2568 5808 6,
2588 5761 2722 5809 capp.
2749 5747 2797 5807 7,
2815 5743 2846 5793 8
2863 5752 2911 5793 et.
2930 5744 2977 5793 9.
