4066 6200
472 400 583 455 ωτ
1844 412 2042 468 LIBER
2086 414 2217 471 TER
2235 417 2395 479 “US.

473 512 726 581 Cypriane
749 523 893 585 utque
923 515 998 570 illi
1019 518 1259 586 Africano
1283 522 1493 575 concilio
1515 524 1786 579 conscutiri
1803 536 2049 589 oportere,

469 615 655 657 emura
704 604 1027 674 Cyprianum
1083 607 1342 665 fecerunt.
1392 612 1697 669 Debuerant
1742 618 1903 671 eniur
1932 634 2051 672 cum

471 696 688 765 collegis
714 697 825 751 suis
853 698 1011 753 etiam
1042 699 1095 754 in
1126 699 1223 755 hac
1246 706 1550 772 quaestione
1578 706 1786 763 diversa
1815 710 2050 764 sentien~

472 789 609 841 tibus
654 800 837 844 tenere
876 794 1269 848 communimtis
1311 796 1563 865 unitatem
1596 840 1610 863 ,
1658 800 1797 869 quod
1843 802 1895 855 in
1940 805 2051 857 suis

471 880 874 936 literisd‘ecisse
906 883 1129 952 legimus
1150 886 1488 957 Cyprianum.
1534 888 1870 959 iteSpondent
1890 931 1906 958 ,
1938 894 2049 948 ideo

467 988 576 1023 rum
615 973 687 1025 sic
729 972 864 1042 loqui
908 975 1123 1029 coluisse
1144 1018 1159 1043 ,
1192 994 1255 1030 ne
1286 980 1499 1048 fortasse
1522 984 2049 1039 ea'commuuieatiouis

3639 451 3745 507 498
3796 453 3832 517 1

2165 524 2311 587 Nihil
2353 537 2480 592 inter
2519 526 2717 608 ﬁdelem
2764 550 3114 620 per/illumque
3156 555 3451 623 discemus;
3493 563 3625 617 idtm
3661 568 3749 620 tibi

2159 623 2273 690 pius
2311 639 2459 698 atque
2499 632 2685 690 intnius
2714 637 2945 695 rideatur
2970 658 2989 697 :
3018 645 3171 714 quod»
3190 664 3288 716 ego
3315 665 3419 705 non
3448 653 3582 707 disi.
3630 657 3735 713 Sed

2159 717 2314 784 plane
2352 720 2478 775 illud
2506 724 2655 791 dixi,
2686 730 2825 785 unde
2870 743 2923 787 tu
2951 738 3099 805 quasi
3144 739 3246 795 itoc
3288 741 3522 800 dicerem
3568 751 3745 803 excla-

2156 823 2304 866 ma’re
2332 815 2563 884 voluisti,
2584 829 2641 874 ct
2660 821 2840 879 dicere
2857 828 2998 895 quod
3026 846 3129 886 non
3157 833 3264 889 dixi
3291 853 3304 888 :
3331 836 3469 906 Sive,
3496 839 3734 911 inquam,

2152 918 2183 952 α
2213 902 2370 969 ﬁdeli,
2400 906 2502 960 sive
2529 926 2561 962 a
2587 914 2781 981 perﬁdo
2807 918 3152 988 dispensatore
3180 925 3568 985 Sucrmuentum
3597 937 3710 1003 quis

2150 1008 2246 1055 que
2283 997 2525 1067 percipiat
2560 1000 2695 1071 (Lib.
2729 1007 2750 1059 i
2785 1020 2957 1063 contra
2991 1012 3203 1071 Litteras
3230 1016 3496 1087 l’etiliuui,
3520 997 3637 1095 cup.
3668 1034 3731 1094 ti,

467 1063 642 1115 timore
678 1063 906 1118 deterriti
927 1106 942 1132 ,
983 1084 1082 1121 not:
1122 1068 1363 1122 autlerent
1403 1071 1555 1126 libere
1582 1073 1748 1128 dicere
1773 1077 1909 1145 quod
1926 1094 2045 1131 sen-

465 1156 627 1217 tirent,
649 1159 889 1227 nonquia
909 1175 1023 1212 cum
1044 1160 1116 1215 eis
1128 1165 1313 1218 essetin
1341 1167 1689 1220 communione
1708 1185 1979 1223 ntmtsurus
2001 1172 2045 1225 si

461 1250 655 1301 diversa
692 1252 961 1305 sensissent
990 1269 1008 1306 :
1036 1254 1122 1306 ubi
1157 1243 1343 1323 ape-rte
1369 1255 1551 1310 dicunt
1579 1257 2043 1328 Cypriannmessc

460 1341 758 1394 tnentitnm.
786 1340 840 1396 Si
867 1344 1008 1397 enim
1033 1343 1243 1400 dicebat
1260 1387 1274 1409 ,
1306 1345 1572 1402 Neminem
1592 1348 1881 1417 judicuutes
1904 1359 1926 1416 ,'
1953 1367 2042 1405 nec

457 1445 487 1480 (ι
515 1429 636 1497 jure
662 1432 1031 1487 eouummiouis
1047 1434 1266 1504 aliquem
1292 1477 1306 1500 ,
1334 1437 1379 1490 si
1408 1436 1605 1492 diversa
1626 1441 1872 1505 senserit,
1900 1458 2041 1495 utno-

456 1530 623 1573 rentes
644 1562 658 1584 ,
707 1522 859 1591 quod-
892 1536 1014 1585 eum
1059 1524 1260 1581 dixisse
1285 1528 1583 1598 conscripta
1624 1529 1857 1585 iudicant
1889 1541 2037 1602 gesta

452 1610 660 1665 concilii
695 1610 808 1683 (o);
839 1621 895 1667 et
918 1624 1095 1670 tamen
1124 1615 1168 1671 si
1194 1617 1476 1688 quisquam
1506 1634 1727 1687 eorum,
1756 1622 1948 1691 quibus
1972 1638 2034 1678 ea

452 1699 659 1754 dicebat
683 1740 700 1767 ,
749 1701 1018 1758 diversum
1050 1707 1249 1762 sentire
1274 1722 1335 1763 se
1369 1709 1709 1776 ostenderet,
1763 1726 1868 1766 non
1912 1728 2035 1770 cum

452 1807 516 1844 eo
544 1789 711 1845 fuerat
739 1793 1082 1850 Sacramenta
1111 1797 1306 1853 Christi
1345 1802 1835 1858 communicaturus
1863 1822 1877 1859 :
1909 1820 2034 1874 pro-

450 1882 535 1936 cul
560 1882 721 1938 dubio
743 1886 1113 1951 mentiebatur,
1143 1889 1232 1959 qui
1261 1890 1383 1944 talia
1408 1891 1615 1957 dolose,
1645 1908 1751 1948 non
1772 1895 2033 1950 veraciter

400 2001 409 2009 -
452 1975 928 2043 promittebat;-et
961 1980 1100 2049 quod
1129 1989 1213 2035 est
1250 1981 1301 2050 i_n
1345 1997 1413 2038 eo
1452 1983 1730 2038 mendacio
1774 1984 2028 2050 deterius,
2088 2004 2092 2009 ‘

450 2067 841 2135 sitnplieitatem
864 2048 1082 2126 fratrum
1103 2048 1296 2143 dupﬁci
1321 2075 1483 2132 corde
1508 2075 1739 2142 fallebat,
1757 2093 1880 2133 cum
1898 2048 2032 2149 pra};

451 2158 633 2213 sertim
659 2169 711 2214 et
737 2163 1096 2219 scriberentur
1117 2181 1235 2236 qua:
1263 2167 1597 2224 dicebantur.
1630 2171 1760 2226 Nam
1790 2173 2039 2243 quicum-t

447 2265 550 2317 que
596 2252 665 2305 ab
710 2253 801 2307 illo
846 2257 1073 2310 concilio
1114 2258 1383 2315 diversum
1426 2262 1717 2331 sensisset,
1760 2267 2031 2334 quomodo

449 2353 624 2410 posset
646 2344 848 2414 abejus
873 2364 965 2402 ore
991 2348 1233 2405 damnari
1265 2353 1378 2407 |vel
1409 2356 1878 2424 exconnnuuieari,
1906 2373 2026 2413 cum

447 2433 680 2501 ejusdem
712 2438 919 2491 concilii
961 2454 1058 2509 pro
1097 2457 1157 2496 se
1203 2444 1516 2513 principium
1567 2447 1852 2503 recitaret?
1897 2448 2026 2518 Quis

441 2537 569 2594 ergo
596 2526 664 2582 de
690 2526 954 2598 Cypriane
981 2532 1308 2589 tolerabilius
1334 2537 1531 2601 sentit,
1562 2546 1737 2593 utrunt
1780 2555 1876 2595 nos
1895 2584 1907 2603 .
1936 2543 2025 2612 qui

444 2630 560 2669 eum
591 2618 816 2672 dicimus
844 2621 894 2674 in
936 2621 1161 2678 obscura
1194 2625 1263 2680 de
1303 2627 1572 2695 liuptismo
1610 2633 1904 2701 qumstione
1933 2636 2027 2690 lto-

446 2709 641 2762 tniuem
667 2709 777 2764 l‘alli
807 2714 1074 2781 ponus-se;
1104 2732 1170 2769 an
1204 2731 1317 2784 vos,
1347 2720 1434 2788 qui
1465 2735 1586 2774 eum
1619 2722 1792 2778 dicitis
1821 2724 1870 2776 iu
1898 2739 2023 2793 pro.

444 2802 692 2857 mittenda
740 2804 1027 2861 christiana
1076 2812 1451 2867 communione
1497 2815 1804 2885 episcottum
1839 2816 2023 2874 fallere

444 2894 694 2961 voluisse,
729 2914 831 2950 non
870 2915 1030 2954 unum
1062 2901 1293 2970 aliquem
1320 2903 1563 2971 fratrum,
1594 2906 1688 2959 sed
1721 2907 2018 2963 universam
2076 2935 2081 2943 τ

440 2984 792 3055 episcopalem
822 2990 1131 3045 societatem
1152 2992 1175 3043 ‘t
1200 2993 1339 3062 quod
1365 2993 1409 3049 si
1441 3004 1493 3049 et
1522 2995 1670 3050 vobis
1695 2997 1761 3052 de
1788 2998 1879 3052 illo
1904 3015 2021 3055 erc-

436 3072 567 3127 dere
590 3075 737 3129 nclas
762 3087 842 3132 est
866 3094 882 3142 ;
917 3082 1077 3134 vestri
1101 3084 1327 3151 majores
1348 3093 1531 3139 contra
1558 3086 1674 3157 ejus
1698 3089 2015 3144 sententiam

439 3161 674 3221 fecerunt
695 3210 707 3231 ,
754 3170 845 3238 qui
884 3186 942 3224 se
971 3172 1037 3224 ab
1066 3172 1414 3230 Orientalium
1442 3180 1848 3247 communione,
1874 3184 2014 3253 quod

430 3255 496 3310 tle
525 3255 620 3311 hac
644 3275 700 3311 re
728 3260 936 3314 diversa
964 3265 1251 3324 senserint.
1284 3267 1596 3326 diviserunt.

499 3348 582 3399 Ca
596 3348 728 3403 PUT
761 3348 845 3402 Ill.
873 3379 943 3389 -—
968 3352 1021 3406 5.
1054 3352 1389 3422 Proinde,‘si
1418 3361 1635 3414 omnino
1660 3361 1768 3430 jam
1793 3364 2015 3420 creden-

423 3436 552 3488 tium
585 3436 687 3500 sit,
719 3438 1401 3515 tptinquaginla'cpismpis
1440 3448 1784 3507 Orientalium
1813 3454 1863 3509 id
1894 3471 2019 3513 esse

423 3528 599 3579 \isttm
628 3570 642 3591 ,
694 3530 834 3598 quod
877 3536 1206 3603 septuaginta
1240 3539 1381 3594 Al'ris
1427 3541 1505 3595 vel
1547 3544 1815 3614 aliquanto
1849 3550 2008 3605 etiam
2064 3562 2070 3567 ‘

425 3618 663 3684 pluribus
688 3660 701 3683 ,
747 3631 929 3676 contra
969 3633 1043 3678 tot
1072 3627 1231 3680 mil-lia
1261 3630 1632 3702 episcoporum
1655 3677 1670 3700 ,
1701 3638 1894 3707 quibus
1924 3641 2010 3697 bie

424 3725 574 3761 error
619 3711 668 3763 iu
721 3722 839 3765 toto
861 3715 988 3769 urbe
1029 3717 1331 3787 displicuit;
1382 3738 1477 3777 cur
1513 3741 1615 3779 non
1650 3729 1822 3796 potius
1848 3732 2006 3785 etiam

427 3800 568 3867 ipsos
616 3819 813 3871 paucos
862 3807 1163 3864 Orientales
1212 3828 1362 3866 suum
1411 3813 1669 3884 judicium
1708 3822 2009 3878 correxisse
2064 3854 2069 3859 ~

422 3891 690 3958 dicamus,
725 3912 853 3964 non,
885 3909 938 3952 ut
972 3910 1024 3953 tu
1055 3902 1304 3969 loqueris,
1335 3906 1655 3963 rescidisse?
1682 3909 1829 3965 Sicut
1858 3914 2001 3967 enim

423 3983 683 4040 laudabile
716 3999 795 4041 cst
827 4002 855 4041 a
890 4005 1012 4044 vera
1054 3996 1315 4047 sententia
1347 4013 1449 4048 non
1491 4000 1731 4064 moveri,
1784 4002 1853 4056 ita
1892 4005 2006 4057 cul-

422 4076 594 4141 pabile
646 4081 935 4147 persistere
988 4084 1210 4138 iu'l'alsa
1246 4103 1257 4138 :
1291 4102 1453 4156 quam
1504 4105 1769 4162 mmquam
1821 4104 2003 4152 tenere

366 4186 375 4191 ν
420 4168 581 4236 prima
614 4170 725 4223 laus
747 4181 849 4236 est,
883 4174 1113 4227 secunda
1143 4187 1381 4241 uiolare;
1416 4189 1578 4235 utaut
1607 4199 1667 4236 ex
1700 4184 1850 4239 initio
1875 4201 1998 4240 vera
2058 4214 2065 4219 υ

421 4272 763 4326 permaneat,
807 4274 897 4319 aut
945 4277 1140 4322 mutata
1186 4268 1312 4323 falsa
1346 4288 1465 4326 vera
1493 4275 1765 4349 succedat.
1816 4278 1998 4349 Neque

418 4368 553 4407 nime
575 4354 638 4406 ad
667 4366 898 4411 nostram
932 4362 1158 4428 pertinet
1184 4365 1555 4432 qumstionem,
1585 4370 1737 4437 quale
1762 4373 1831 4426 sit
1853 4376 1994 4443 quod

418 4443 841 4507 rars‘ebristiani
873 4450 1017 4504 orbis
1047 4453 1275 4508 maxime
1306 4456 1325 4485 ²
1347 4471 1467 4510 cum
1498 4459 1854 4517 Orientalibus
1872 4479 1996 4520 sen-

415 4533 502 4585 sit.
542 4534 595 4590 Si
625 4537 765 4591 enim
797 4539 895 4601 boc
925 4556 1143 4600 verum.
1177 4545 1219 4597 si
1251 4546 1349 4599 boc
1378 4549 1666 4606 tenendum
1696 4564 1855 4623 atque
1881 4572 1993 4613 scr-

413 4625 641 4679 vandunt
686 4638 765 4682 est
792 4670 806 4694 ,
855 4631 1007 4699 quod
1025 4632 1088 4686 tle
1114 4634 1382 4703 iiaptismo
1422 4648 1664 4696 tenemus
1692 4654 1849 4719 atque
1875 4662 1993 4703 ser-

411 4726 628 4777 vamus;
681 4717 789 4771 duo
833 4722 967 4774 mala
1016 4735 1189 4778 vestra
1237 4727 1385 4781 vobis
1426 4729 1752 4800 «.bjiciums:
1794 4717 1987 4806 mium,

412 4804 550 4869 quod
581 4810 772 4861 erratis
802 4810 854 4862 iu
886 4809 1136 4880 liaptismi
1165 4818 1495 4884 qmestioue;
1540 4823 1800 4891 alterum,
1849 4804 1990 4899 quod

408 4907 502 4946 vos
528 4896 595 4948 ab
632 4898 709 4951 eis
754 4900 952 4969 quide
986 4901 1082 4957 bac
1114 4923 1169 4960 re
1199 4920 1381 4963 verum
1427 4912 1665 4968 sentiunt
1706 4921 1987 4986 separatis.

407 4983 463 5037 Si
488 4997 685 5051 autem,
712 4999 770 5042 ut
794 4992 1085 5048 secundum
1114 5011 1206 5051 vos
1236 4999 1442 5069 loquar,
1463 5001 1564 5057 boe
1585 5008 1740 5061 estin
1764 5024 1986 5081 caqme-
2057 5034 2062 5039 “

406 5078 579 5134 stione
611 5097 793 5137 verum
816 5126 831 5151 ,
874 5087 1014 5155 quod
1046 5088 1145 5159 ipsi
1178 5092 1416 5159 sentitis;
1469 5094 1558 5148 illo
1586 5108 1730 5154 certe
1765 5102 1988 5161 crimine

402 5173 776 5241 inaculamini,
828 5179 966 5248 quod
1011 5181 1078 5235 ab
1109 5182 1342 5239 Ecclesia
1389 5190 1725 5258 recessistis,
1770 5205 1988 5267 propter
2046 5212 2051 5217 ‘

399 5259 550 5327 cujus
578 5279 759 5332 pacem
781 5267 919 5323 sicut
946 5270 1237 5342 Cyprianus
1264 5288 1316 5330 et
1344 5275 1468 5333 fecit
1495 5290 1548 5335 et
1572 5287 1796 5352 monuit,
1826 5289 1984 5345 etiam

399 5352 607 5408 diversa
629 5358 923 5416 sentientes
953 5362 1092 5419 ferre
1120 5366 1396 5424 debuistis.

468 5444 692 5502 CAPUT
719 5449 806 5504 iV.
836 5480 908 5493 -—
933 5454 986 5508 4.
1010 5454 1160 5512 Nune
1187 5460 1590 5535 exclamaquod
1610 5484 1710 5539 ego
1733 5470 1980 5542 dixerim,

461 5578 478 5651 ξ
503 5586 680 5651 ontues
696 5589 824 5641 διεδ..
844 5598 940 5651 quo
955 5597 1113 5648 posset
1129 5590 1189 5639 ob
1203 5590 1273 5645 eis
1293 5605 1378 5645 ore
1400 5594 1641 5651 dmnnuri.

457 5641 478 5721 ξ
509 5641 881 5721 (ἒμῇιηιηιυιιδιὲ
917 5641 1693 5714 Ms,nuiximd:sediion'recte
1714 5665 1894 5718 dictqu
1918 5672 1983 5721 de
2040 5668 2045 5676 ’

392 5699 493 5749 sola
522 5699 687 5752 A'l'l‘it'a.

384 5762 772 5886 ab(tifj’vniuoi-olib.
798 5769 830 5819 5
845 5769 907 5822 de
931 5776 1163 5836 Baptistae
1182 5788 1345 5833 contra
1371 5784 1653 5848 Donatistas,
1679 5801 1757 5839 nn.
1797 5792 1832 5852 l,
1859 5795 1904 5854 Si,
1933 5806 1982 5847 et

2151 1100 2203 1136 ιι.
2232 1086 2311 1155 7).
2363 1088 2418 1143 In
2450 1106 2551 1160 qua
2577 1098 2839 1152 sententia
2867 1116 2972 1156 non
3004 1104 3132 1160 nihil
3162 1108 3302 1164 inter
3327 1086 3535 1170 lideletn
3565 1086 3720 1185 perii:

2147 1175 2379 1249 dumque
2402 1182 2651 1253 discrevi,
2683 1204 2781 1245 nec
2796 1191 2931 1261 jussi
2960 1204 3016 1249 ut
3043 1195 3183 1253 idem
3209 1202 3404 1272 cuique
3432 1205 3549 1274 pius
3574 1219 3732 1277 atque

2148 1267 2341 1338 impius
2389 1274 2676 1334 videatur:
2717 1282 2811 1338 sed
2863 1285 3001 1342 idem
3042 1287 3446 1350 Sacramentum
3497 1298 3637 1366 pium
3680 1312 3734 1354 et

2147 1357 2366 1430 impium
2400 1380 2557 1434 posse
2579 1369 2803 1438 habere;
2835 1376 2975 1446 quod
3009 1396 3107 1436 nec
3135 1390 3189 1437 tu
3212 1399 3392 1453 negas,
3424 1389 3512 1458 qui
3535 1390 3727 1446 saltem

2144 1464 2264 1523 post
2292 1457 2483 1529 impios
2511 1467 2751 1524 occultos
2778 1469 3149 1542 baptizandum
3178 1495 3280 1535 non
3309 1499 3426 1538 csse
3451 1488 3730 1542 concedis.

2143 1545 2374 1606 Proinde
2398 1553 2516 1610 siue
2542 1571 2701 1614 causa
2732 1564 3010 1636 eoi-jungis
3037 1578 3090 1624 et
3118 1570 3282 1638 dicis,
3337 1573 3486 1631 Nihil
3522 1580 3727 1649 prodest

2142 1638 2284 1693 bouis
2314 1645 2535 1701 moribus
2562 1651 2747 1714 eicere,
2787 1657 2907 1725 quia
2934 1660 3182 1731 quidquid
3207 1665 3350 1728 justo
3383 1669 3501 1723 licet
3521 1712 3536 1734 ,
3565 1682 3727 1740 potest

2138 1738 2185 1781 et
2212 1731 2431 1801 injustas
2459 1737 2669 1806 implere
2696 1760 2716 1797 :
2744 1748 2866 1815 quia
2885 1760 2937 1803 et
2961 1751 3146 1808 falsum
3165 1767 3265 1817 est.
3289 1770 3384 1814 eta
3414 1776 3497 1815 me
3518 1763 3720 1820 dictum

2139 1836 2245 1876 non
2274 1834 2375 1880 est.
2430 1827 2559 1885 Boni
2596 1833 2793 1905 quippe
2831 1855 3010 1895 mores
3040 1844 3201 1901 vitam
3247 1849 3504 1904 bonorum
3553 1858 3722 1909 malo-

2140 1925 2364 1981 rumque
2403 1918 2750 1989 discernunt,
2800 1937 2854 1981 et
2882 1930 2955 1982 ad
2994 1932 3211 1988 diversa
3248 1938 3564 2004 pet‘tlttt‘ttttl.
3612 1944 3720 1999 Nec

2139 2004 2393 2074 quidquid
2416 2009 2705 2078 justo-iieet
2728 2058 2741 2081 ,
2772 2028 2944 2086 potest
2972 2031 3034 2076 et
3054 2024 3281 2101 injustas
3306 2027 3530 2099 implere
3554 2051 3567 2096 ;
3596 2040 3719 2106 quia

2131 2094 2307 2164 justus
2337 2100 2519 2171 implet
2571 2106 2740 2179 legem
2773 2111 2974 2168 Christi
3019 2131 3119 2185 per
3150 2120 3529 2192 dilectionem,
3579 2133 3720 2184 mule

2136 2187 2364 2255 injustas
2405 2193 2610 2252 alienus
2656 2210 2773 2266 est;
2827 2213 2999 2272 potest
3037 2217 3212 2265 tamen
3251 2214 3446 2284 aliquid
3493 2220 3631 2286 quod
3661 2234 3718 2276 et
3800 2248 3809 2263 κ

2128 2277 2307 2347 justus
2352 2283 2598 2354 implere,
2655 2301 2788 2348 utet
2827 2296 2939 2365 ipse
2978 2299 3241 2369 baptizet,
3292 2277 3353 2358 si.
3380 2277 3523 2362 nilnil
3551 2311 3716 2378 aliud,

2134 2384 2284 2429 Certe
2312 2380 2605 2436 cum-latet
2641 2401 2655 2436 :
2689 2385 3021 2445 sicut'etiam
3068 2393 3142 2447 illi
3190 2409 3409 2463 possunt
3443 2401 3530 2455 Dei
3563 2419 3717 2471 man:

2131 2464 2251 2520 data
2303 2471 2595 2539 pra'dlcare
2638 2478 2775 2532 sicut
2816 2480 2986 2549 justi,
3037 2485 3135 2540 sed
3179 2504 3283 2543 non
3323 2492 3612 2548 secundum
3651 2513 3715 2552 ea

2133 2558 2309 2616 vivere
2335 2563 2471 2619 sicut
2507 2565 2670 2636 justi,
2719 2571 2784 2626 de
2813 2575 3060 2645 qualibus
3085 2580 3283 2636 dictum
3312 2595 3390 2638 est
3416 2569 3445 2649 ,'
3480 2589 3606 2654 (iure
3631 2591 3717 2643 di—

2129 2663 2268 2714 cunt,
2299 2658 2491 2723 facile;
2526 2678 2639 2732 quo:
2667 2676 2832 2720 mitem
2853 2668 3079 2739 faciunt,
3110 2677 3275 2745 facere
3304 2680 3456 2732 nolite
3489 2680 3703 2748 (.lluttlt.

2129 2758 2286 2813 um,
2314 2748 2401 2817 3).Γ

2198 2840 2424 2896 CAPUT
2458 2842 2520 2899 ν.
2549 2877 2622 2889 ——
2661 2849 2713 2904 5.
2742 2849 2848 2907 Sed
2892 2853 2973 2910 i'ac
3022 2854 3271 2926 injustam
3310 2876 3414 2917 non
3459 2863 3710 2924 latentem

2126 2938 2181 2984 et
2222 2934 2487 2991 nonnullis
2515 2941 2782 3010 cognitum
2813 2942 2964 3000 bonis
3001 2961 3094 3016 per
3130 2949 3359 3021 aliquam
3397 2948 3708 3013 seditiosam

2126 3020 2409 3079 factionem
2457 3028 2470 3058 '
2511 3028 2579 3084 de
2628 3030 2864 3088 Ecclesia
2910 3051 3014 3090 non
3057 3054 3215 3108 posse
3262 3046 3519 3112 separari.
3571 3048 3707 3104 Audi

2122 3111 2480 3184 Cyprianum,
2526 3119 2691 3175 tolera
2720 3121 2921 3179 zizania
2947 3168 2961 3192 ,
3004 3140 3122 3183 esto
3165 3131 3508 3191 frumentum.
3536 3132 3708 3207 Quaiu

2122 3201 2216 3256 tibi
2248 3204 2384 3260 bene
2409 3222 2602 3265 sonare
2629 3210 2736 3266 visa
2766 3225 2890 3269 sunt
2909 3257 2925 3279 ,
2971 3232 3090 3286 qua:
3134 3220 3185 3275 in
3227 3238 3329 3277 una
3366 3239 3422 3279 re
3449 3222 3591 3281 varie
3620 3245 3706 3284 re-

2123 3293 2317 3359 petisti.
2348 3296 2486 3360 Quid
2504 3298 2599 3354 hoc
2624 3316 2894 3376 prteccpto,
2917 3307 3112 3378 inquis,
3141 3312 3239 3366 dici
3266 3315 3484 3383 iniquius
3506 3312 3664 3388 potest
3685 3338 3705 3374 .-

2124 3384 2367 3456 l’uri/ieet
2399 3391 2555 3446 alium
2586 3397 2903 3461 maculosus,
2949 3398 3122 3457 abluat
3155 3406 3391 3469 sordidus
3410 3451 3424 3474 ,
3469 3414 3703 3466 emundet

2117 3477 2405 3533 iuonuudus
2423 3524 2437 3544 ,
2485 3482 2566 3537 det
2586 3486 2805 3554 iu/i'delis
2831 3491 2980 3559 [idem
2998 3536 3012 3555 ,
3049 3495 3345 3553 criminosus
3374 3502 3527 3568 furiat
3555 3504 3700 3558 inno-

2116 3571 2348 3625 centem?
2392 3572 2629 3631 Breviter
2672 3581 3015 3650 respondeo:
3055 3585 3163 3641 Nec
3211 3590 3548 3654 maculosus,
3603 3613 3699 3651 nec

2112 3662 2380 3729 sordidus,
2417 3682 2513 3722 nec
2541 3670 2878 3737 immundus,
2910 3691 3007 3731 nec
3038 3678 3284 3750 infidelis,
3315 3698 3414 3739 nec
3441 3686 3696 3741 eritniuo-

2115 3766 2207 3803 sus
2239 3762 2319 3805 est
2344 3755 2587 3811 Christus
2608 3800 2621 3821 ,
2659 3762 2746 3829 qui
2788 3763 2969 3819 dilexit
3000 3767 3291 3825 Ecclesium
3318 3815 3332 3838 ,
3362 3782 3417 3827 et
3445 3793 3500 3827 se
3525 3777 3697 3847 ipsum

2116 3843 2328 3897 tradidit
2359 3862 2453 3914 pro
2479 3863 2562 3914 ea,
2587 3852 2849 3907 mmulans
2877 3871 2993 3908 eam
3024 3856 3236 3915 lavacro
3264 3877 3416 3932 atpue
3447 3856 3501 3916 in
3532 3868 3694 3921 vetbo

2111 3935 2324 4005 (Ep/tes.
2358 3954 2410 4005 v,
2441 3939 2532 4012 25)
2557 3985 2571 4006 ,
2603 3942 2799 3999 faciens
2829 3961 2924 4001 nos
2951 3957 3130 4004 certos
3161 3951 3229 4007 de
3264 3952 3418 4008 bonis
3442 3956 3552 4010 suis
3575 4000 3590 4022 ,
3627 3977 3694 4015 ue

2111 4028 2263 4083 malis
2293 4030 2603 4087 vitiaremur
2631 4035 2838 4090 alienis.
2871 4037 3001 4093 Nam
3025 4056 3151 4097 erce
3176 4058 3295 4098 cum
3326 4045 3566 4102 minister
3594 4051 3693 4103 ini-

2107 4137 2242 4189 quus
2291 4125 2535 4180 occultus
2580 4119 2696 4192 est,
2735 4143 2897 4201 aquo
2941 4140 3116 4187 tamen
3156 4134 3335 4189 datum
3366 4135 3688 4207 Bttplistttttnt

2107 4230 2210 4265 non
2261 4215 2554 4281 rescimlis;
2610 4220 2786 4275 nonne
2830 4223 3004 4277 omnia
3035 4224 3125 4279 tibi
3158 4226 3315 4282 verba
3358 4237 3443 4282 tua
3474 4230 3571 4283 ista
3601 4248 3687 4284 re.

2106 4306 2284 4372 plicari
2335 4320 2552 4377 possunt
2572 4351 2587 4373 ,
2634 4313 2755 4382 quia
2785 4323 2837 4367 ct
2870 4299 3108 4384 purilicat
3139 4318 3441 4374 maculosus
3461 4363 3475 4386 ,
3505 4331 3557 4376 et
3585 4321 3683 4374 ab~

2104 4394 2197 4448 luit
2230 4398 2475 4455 sordidus
2495 4443 2508 4465 ,
2536 4409 2590 4455 et
2613 4404 2864 4458 cmundat
2891 4406 3196 4461 immnmins
3221 4451 3235 4473 ,
3266 4418 3319 4463 et
3340 4408 3426 4464 dat
3458 4411 3685 4467 inﬁdelis

2094 4487 2280 4555 iidem,
2307 4499 2357 4544 et
2388 4492 2706 4567 criminosus
2726 4496 2888 4552 efﬁcit
2909 4498 3285 4555 innocentem?
3314 4500 3453 4568 Non,
3486 4504 3682 4573 inquis,

2100 4580 2244 4646 ipse,
2291 4581 2380 4635 sed
2426 4587 2565 4653 fama
2594 4587 2703 4657 ejus
2749 4587 2880 4643 bona
2905 4630 2920 4655 ,
2967 4587 3192 4660 qtmntt'is
3234 4594 3400 4649 innuis
3437 4608 3481 4650 et
3525 4600 3678 4667 rit/Ml.

2100 4668 2231 4741 iliuc
2259 4687 2362 4725 non
2382 4674 2459 4727 vis
2485 4685 2539 4729 ttt
2562 4692 2663 4747 ego
2681 4679 2992 4745 exclamem,
3018 4684 3061 4737 O
3083 4686 3275 4748 scelus,
3293 4702 3326 4738 o
3355 4700 3675 4756 portentum,

2100 4776 2230 4824 non,
2261 4762 2395 4818 sicut
2422 4765 2495 4820 ait
2524 4768 2755 4836 quidam,
2787 4770 2836 4824 in
2867 4773 3074 4827 ultimas
3109 4782 3676 4847 terrasexportantium

2097 4851 2311 4923 (ilicet-0,
2341 4869 2440 4910 uel.
2470 4860 2489 4912 i
2524 4860 2575 4913 in
2616 4859 2859 4931 Verrem),
2888 4863 2980 4917 sed
3004 4868 3177 4936 potius
3202 4880 3348 4922 extra
3379 4888 3535 4923 tttllltt‘.
3565 4890 3677 4928 ete-

2097 4946 2201 4999 lum
2231 4956 2283 5001 et
2304 4964 2492 5004 onmes
2522 4961 2709 5016 terras,
2742 4955 2786 5007 si
2816 4955 2924 5008 fieri
2957 4957 3140 5024 possit,
3170 4960 3486 5029 abigentiqu
3518 4964 3531 5016 Σ
3558 4963 3671 5018 Non

2096 5046 2147 5090 te
2188 5037 2359 5106 ipsum
2387 5039 2540 5108 dico,
2573 5056 2729 5112 quem
2761 5032 3058 5103 correctum
3094 5050 3250 5112 volo;
3301 5053 3393 5106 sed
3428 5056 3564 5109 lutne
3589 5072 3675 5109 er-

2092 5122 2291 5197 rorem,
2321 5145 2348 5182 a
2380 5146 2485 5200 quo
2517 5135 2788 5207 tercorrigi
2817 5138 2992 5206 cupio.
3052 5138 3194 5194 Itane
3216 5141 3279 5199 ad
3310 5144 3671 5200 inundantium

2094 5218 2362 5276 hominem
2389 5220 2419 5290 ξ
2453 5225 2665 5293 quaudo
2707 5227 2826 5281 boni
2872 5232 3096 5286 ministri
3137 5234 3357 5288 defuerit
3392 5236 3665 5304 veras-ita,

2093 5323 2215 5366 tunc
2247 5314 2366 5367 mali
2399 5317 2625 5372 ministri
2651 5319 2671 5351 ‘
2706 5319 2832 5375 falsa
2860 5322 3048 5377 snl'lieil
3077 5324 3209 5378 Ιῖιιιιτι
3232 5370 3245 5387 ,
3275 5346 3392 5396 qum
3423 5328 3521 5381 hoc
3552 5331 3659 5383 elli-

2043 5462 2047 5467 θ
2089 5403 2214 5468 rint,
2242 5405 2381 5473 quod
2414 5407 2651 5464 el'lit'eret
2680 5411 2813 5464 bona
2841 5413 2940 5466 vita
2961 5456 2976 5476 ,
3006 5427 3055 5468 ιιι
3082 5418 3144 5469 ad
3179 5417 3213 5480 Ιι
3236 5421 3444 5471 νιιιὶιιυιιι
3477 5438 3585 5474 sam
3609 5433 3642 5474 ll

2092 5495 2353 5549 iit-mulum
2393 5500 2603 5568 quando
2648 5503 2873 5575 ministri
2921 5507 3039 5560 latet
3087 5508 3372 5576 iniquitas,
3427 5514 3664 5568 ministra

2093 5578 2144 5638 li
2167 5602 2203 5639 0
2231 5588 2417 5642 militet
2446 5591 2689 5645 liti-qius?
2720 5594 2829 5650 Hoc
2858 5609 3024 5651 totum
3055 5600 3190 5661 ideo,
3225 5618 3289 5654 tu:
3313 5602 3498 5658 dirutis
3526 5608 3665 5675 quod

2152 5740 2170 5813 ξ
2198 5739 2377 5813 aliquot
2404 5750 2525 5795 Mss"
2550 5746 2828 5799 seditionem
2850 5751 3174 5811 [iu‘tioneture.
3407 5764 3412 5769 '
3500 5783 3508 5813 τ

2287 5810 2417 5881 Jtts’s.
2446 5814 2712 5881 (‘i‘t'Oi'glall’O
2750 5821 2795 5860 et
2836 5802 3176 5881 tivgiranueusi
3227 5810 3523 5876 restituiznus
3566 5830 3671 5881 bac

2094 5864 2260 5923 πνίκῆ
2281 5859 2486 5928 άεὨιτνιι
2507 5859 2615 5920 t'ei‘tt
2641 5871 2751 5930 ritu.
2774 5859 3265 5937 tunclin-tilintinistt
3285 5859 3523 5876 “mnum.
3566 5859 3624 5906 mi
