4066 6200
460 504 562 559 499

456 616 700 679 dicnnus,
724 615 836 668 sive
857 632 884 666 ει
905 613 1044 668 ﬁdeli
1063 613 1174 666 sive
1191 629 1218 665 ιι
1245 610 1444 680 perﬁdo
1466 610 1832 677 distiensatore
1849 607 2036 660 Sacra-

458 716 694 758 mentum
726 704 948 773 quisque
979 702 1253 772 percipiat,
1284 715 1389 754 non
1420 701 1711 754 sanctiﬁcat
1739 697 1838 751 nisi
1878 697 2033 749 Deus.

528 800 580 850 6.
617 796 817 850 Deinde
839 808 1231 850 commemoras
1261 793 1419 848 verba
1446 807 1584 854 mea,
1615 789 1755 860 quod
1787 788 2032 852 dixerint,

455 889 668 954 Semper
687 887 912 941 Christus
935 887 1017 939 det
1043 887 1214 954 ﬁdem,
1239 883 1467 940 Christus
1495 883 1567 937 sit
1578 882 1720 952 origo
1737 879 2035 942 christiani;

451 981 502 1033 in
535 981 731 1034 (.‘hristo
769 981 990 1033 radicem
1024 979 1326 1033 christianus
1361 977 1540 1046 inﬁgat
1563 1019 1577 1039 ,
1629 974 1857 1029 Christus
1895 972 2033 1025 chri-

451 1075 602 1126 stiani
626 1075 689 1127 sit
711 1083 859 1144 caput
883 1071 1020 1144 (Lib.
1048 1071 1084 1125 9.
1103 1081 1276 1125 contra
1300 1070 1519 1123 Litteras
1551 1067 1807 1132 Petiliani,
1836 1082 1887 1119 η.
1923 1063 2030 1134 Η).

456 1165 569 1218 Dixi
601 1165 783 1233 plane,
811 1175 864 1218 et
895 1163 1015 1218 dico
1046 1181 1060 1216 :
1095 1178 1192 1218 nec
1225 1172 1279 1216 ιιι
1317 1161 1538 1216 omnino
1577 1157 1903 1228 respondere
1932 1171 2029 1224 po-

454 1256 616 1310 tuisti.
654 1254 860 1309 Videris
889 1255 1031 1309 enim
1060 1254 1210 1324 quasi
1246 1253 1588 1308 succubuisse
1619 1258 1764 1304 tanto
1813 1247 2032 1318 ponderi

454 1347 689 1404 veritatis
717 1389 730 1412 ,
759 1362 879 1401 cum
907 1347 1178 1416 subjecisti
1199 1388 1214 1412 ,
1264 1344 1376 1399 Hoc
1412 1354 1457 1398 et
1481 1359 1571 1397 nos
1598 1344 1866 1397 suademus
1885 1381 1901 1406 ,
1939 1340 2032 1392 hoc

451 1438 695 1491 volumus.

520 1527 743 1584 CAPUT
788 1528 870 1582 Vl.
896 1559 965 1568 ——
989 1528 1187 1582 Deinde
1235 1541 1420 1582 rursus
1457 1525 1714 1594 supponis
1756 1523 2027 1576 hominem

449 1619 503 1672 lu
531 1634 638 1689 quo
679 1635 826 1687 spem
874 1620 1162 1673 constituat
1198 1627 1552 1687 accepturus:
1579 1615 1684 1669 Sed
1726 1613 2030 1683 qna’rimus.

447 1710 643 1779 inquis,
671 1726 760 1779 per
778 1726 923 1778 quem
945 1709 1039 1762 hoc
1064 1710 1240 1763 melius
1263 1708 1388 1777 ﬁat?
1414 1707 1480 1760 Et
1505 1706 1627 1775 quia
1654 1703 1769 1758 sine
1792 1702 2033 1756 ministro

450 1815 548 1854 nec
579 1815 675 1854 nos
704 1801 930 1854 dicimus
960 1814 1118 1868 posse
1147 1799 1414 1854 hominem
1448 1794 1700 1867 baptizari
1725 1837 1738 1860 ,
1780 1791 1974 1862 qum-,5
2001 1805 2031 1843 a

450 1907 557 1956 me,
591 1901 836 1944 ntrunme
861 1891 1052 1945 melius
1081 1889 1308 1959 injustas
1335 1889 1401 1942 sit
1427 1887 1691 1955 minister,
1722 1899 1791 1937 an
1818 1880 2033 1952 justus?

450 1981 548 2036 Ubi
580 1981 898 2050 respondeo,
922 1982 988 2034 ad
1014 1979 1115 2034 hoc
1134 1994 1253 2034 esse
1278 1979 1486 2044 melius,
1517 1988 1568 2031 ιιι
1593 1977 1770 2046 justus
1793 1973 2032 2027 minister

448 2074 517 2124 sit
537 2112 551 2136 ,
585 2071 724 2140 quod
756 2070 1035 2125 inﬁrmitas
1065 2069 1328 2133 hominis,
1361 2068 1446 2122 cui
1475 2067 1590 2121 sine
1614 2063 1857 2133 exemplo
1883 2061 2032 2115 labo-

447 2162 644 2215 riosum
673 2171 756 2216 est
791 2171 845 2216 et
885 2161 1099 2216 dil’ﬁcile
1126 2160 1269 2230 quod
1296 2161 1522 2229 irruperat
1549 2157 1708 2224 Deus,
1739 2153 2040 2208 imitatione-

448 2252 570 2305 boni
596 2252 819 2308 ministri
848 2251 916 2306 ad
946 2253 1108 2306 vitam
1137 2252 1328 2305 bonam
1361 2249 1566 2304 [acilius
1591 2249 1842 2317 erigatur.
1877 2241 2031 2299 Unde

447 2343 573 2396 dicit
599 2344 873 2411 apestol-us
900 2342 1115 2409 Paulus,
1157 2342 1448 2395 lmitatores
1485 2341 1582 2394 mei
1611 2346 1796 2402 estote,
1832 2337 1958 2390 sicut
1983 2343 2029 2386 et

447 2448 537 2499 ego
557 2431 744 2486 Christi
766 2431 806 2504 (1
833 2431 951 2486 Cor.
976 2447 1048 2498 tv,
1076 2432 1186 2502 l6).
1216 2431 1290 2486 Ad
1319 2429 1589 2484 hominem
1615 2443 1740 2482 vero
1760 2425 2030 2495 baptizan-

448 2524 574 2577 dum
617 2532 670 2577 et
716 2523 1153 2582 sanctiﬁcandum
1181 2566 1194 2586 ,
1249 2525 1293 2576 si
1339 2529 1485 2575 tanto
1525 2529 1608 2576 est
1655 2517 1846 2573 melius
1888 2515 2032 2586 quod

447 2617 718 2685 arripitur.
744 2625 942 2687 (planta
970 2625 1051 2670 est
1079 2617 1268 2671 melior
1291 2631 1385 2684 per
1411 2629 1571 2684 quem
1597 2612 1852 2673 traditur;
1885 2618 2028 2662 tanta

447 2717 525 2760 esl
557 2707 608 2761 in
634 2706 1013 2776 accipientibus
1043 2706 1432 2776 Baptismorum
1465 2704 1711 2768 varietas,
1741 2708 1938 2770 quanta
1969 2698 2026 2752 in

447 2799 703 2854 ministris
747 2799 1028 2854 diversitas
1063 2801 1394 2854 meritorum.
1430 2797 1487 2854 Si
1518 2797 1658 2850 enim
1681 2837 1696 2857 ,
1744 2793 1883 2864 quod
1914 2793 2031 2847 sine

447 2889 810 2945 controversia
876 2887 1152 2958 creditur,
1204 2888 1394 2962 melior
1444 2896 1560 2954 erat
1612 2886 1804 2939 Paulus
1872 2898 2030 2952 quam

447 2980 670 3050 Apollo,
703 2980 976 3034 meliorem
1001 2981 1325 3049 Baptismum
1350 2963 1490 3032 dedit
1511 3021 1532 3042 ,_
1558 2969 1848 3058 secundum]
1876 2975 2028 3027 istam

456 3078 684 3123 vestram
715 3084 902 3122 vanam
936 3083 1344 3138 perversamquc
1374 3069 1690 3123 sententiam
1717 3083 1730 3117 :
1756 3074 1811 3120 et
1840 3065 1883 3119 si
1916 3080 2028 3118 me-

449 3161 636 3214 liorem
664 3158 991 3227 Baptismum
1028 3149 1170 3212 dedit
1195 3199 1208 3222 ,
1254 3159 1489 3236 proiecto
1519 3157 1595 3211 eis
1624 3171 1758 3226 quos
1787 3170 1815 3208 a
1841 3170 1900 3209 se
1925 3169 2028 3207 non

453 3250 746 3319 buptlzatos
774 3248 1066 3319 gratulatur
1104 3247 1211 3322 (Id.
1258 3265 1296 3314 ι,
1349 3249 1456 3317 li),
1499 3246 1704 3300 invidit.
1751 3246 1936 3309 Porro,
1985 3245 2030 3296 si

453 3350 590 3396 mter
612 3329 782 3394 bonos
812 3339 1086 3410 ministros
1111 3331 1230 3396 cum
1263 3339 1331 3394 sit
1359 3339 1492 3393 alius
1519 3339 1625 3392 alio
1655 3339 1842 3392 melior
1865 3379 1880 3401 ,
1923 3351 2028 3389 non

449 3442 530 3484 est
555 3427 744 3486 melior
772 3431 1074 3501 Baptismus
1102 3433 1190 3500 qui
1220 3447 1311 3500 per
1338 3432 1610 3484 inclioxem
1646 3430 1832 3495 datur,
1882 3428 2031 3482 nullo

449 3527 609 3576 modo
636 3530 719 3576 est
744 3522 935 3588 malus,
963 3522 1050 3592 qui
1080 3523 1237 3576 etiam
1271 3537 1362 3588 per
1392 3522 1584 3574 malum
1616 3522 1789 3586 datur,
1819 3519 2029 3588 quando

451 3603 589 3668 idem
621 3613 920 3684 Baptismus
947 3599 1122 3668 datur.
1156 3613 1217 3668 Et
1245 3613 1361 3667 ideo
1387 3629 1478 3682 per
1494 3613 1765 3666 ministros
1790 3613 2031 3682 dispares

451 3704 540 3759 Dei
573 3720 764 3758 mimus
785 3695 1111 3778 :equaleiest,
1143 3707 1262 3775 quia
1283 3720 1387 3759 non
1412 3705 1643 3769 illorum,
1674 3697 1766 3758 sed
1790 3705 1904 3774 ejus
1926 3714 2026 3758 est.

518 3795 742 3852 CAPUT
775 3795 878 3850 \‘ll.
903 3787 1102 3851 —-Non
1132 3812 1278 3867 ergo,
1302 3797 1437 3851 sicut
1469 3797 1648 3850 inanitt
1668 3813 1694 3849 r
1723 3796 1990 3851 imeheris
2010 3839 2025 3864 ,

448 3887 581 3942 nihil
633 3887 771 3941 inter
816 3885 1026 3941 fidelem
1085 3886 1452 3957 perlidumque
1503 3879 1853 3942 discernimus
1886 3905 1899 3940 :
1931 3887 2032 3942 sed

446 3965 798 4034 discernimus
827 3978 1057 4032 humana
1080 3969 1286 4044 merita,
1313 3996 1415 4032 non
1442 3973 1785 4033 Sacramenta
1813 3975 1988 4032 divina
2011 3994 2025 4043 ;

445 4083 563 4136 qum
594 4080 646 4122 ιιι
676 4084 888 4138 quoque
914 4069 964 4122 vi
995 4067 1231 4123 veritatis
1271 4059 1529 4124 adductus
1570 4077 1624 4122 et
1655 4069 1918 4123 bmreticae
1945 4068 2026 4122 in-

447 4163 700 4217 tentionis
741 4164 933 4218 oblitus
959 4205 972 4224 .
1021 4163 1171 4217 nobis
1201 4172 1251 4218 ct
1285 4161 1434 4216 vobis
1464 4177 1567 4215 non
1608 4161 1740 4228 alia,
1786 4159 1884 4216 sed
1924 4176 2026 4218 una

443 4243 737 4322 eademque
762 4269 879 4309 esse
907 4253 1106 4307 dixisti.
1530 4333 1535 4339 Ι

517 4344 568 4394 7.
597 4337 878 4408 Quomodo
903 4343 1035 4396 dicis
1059 4362 1070 4396 :
1100 4341 1209 4394 Hoc
1234 4354 1278 4396 et
1300 4360 1390 4394 nos
1416 4337 1686 4395 suademus
1706 4351 1752 4395 et
1774 4343 2022 4406 volumus,

445 4447 497 4484 ut
529 4448 724 4502 seraper
753 4431 834 4484 det
873 4417 1098 4485 ChriStus
1128 4431 1309 4500 ﬁdem,
1355 4428 1582 4486 Christus
1629 4433 1691 4486 sit
1723 4434 1865 4503 origo
1892 4433 2023 4486 chri-

442 4521 626 4584 stiani;
654 4522 706 4574 in
737 4519 935 4574 Christo
963 4521 1181 4573 radicem
1210 4511 1515 4574 christianus
1556 4521 1767 4592 inﬁgat,
1792 4521 2024 4576 Christus

443 4611 707 4663 christiani
743 4610 808 4664 sit
855 4621 1005 4680 caput
1029 4627 1044 4664 :
1067 4608 1186 4664 cum
1217 4610 1474 4665 defendas
1515 4612 1717 4665 litteras
1747 4611 2018 4677 l’etiliani,

447 4704 533 4756 ubi
564 4704 901 4772 apertissime
945 4698 1064 4757 cum
1105 4703 1418 4772 baptizantis
1458 4702 1704 4757 meritum
1743 4719 2020 4759 commen-

444 4798 627 4860 daret,
661 4805 1025 4866 quantumque
1063 4796 1128 4849 ad
1173 4795 1402 4849 dandum
1451 4793 1776 4864 Baptismum
1825 4799 2023 4853 valeret

444 4891 672 4940 humana
688 4885 914 4956 justitia,
947 4899 1042 4956 pro
1066 4895 1311 4953 suscepta
1339 4900 1498 4939 causa
1524 4885 1812 4941 conaretur
1837 4898 2019 4943 osten-

441 4980 588 5044 dere,
618 4977 950 5043 Conscientia,
977 4979 1178 5048 inquit,
1209 4972 1379 5032 sancte
1403 4975 1568 5032 dantis
1589 4981 1881 5043 attenditur,
1910 4997 2021 5048 qua:

439 5074 609 5128 abluat
629 5065 939 5144 accipientis.
971 5068 1109 5125 Nam
1135 5072 1219 5141 qui
1245 5063 1390 5132 [idem
1412 5071 1629 5150 sciens’a
1659 5069 1853 5140 perﬁdo
1877 5089 2017 5125 sum-

437 5167 609 5234 pserit,
628 5183 726 5219 non
753 5163 903 5232 [idem
921 5162 1151 5232 percipit,
1170 5155 1258 5215 sed
1277 5155 1466 5214 reatum
1485 5155 1622 5230 (Lib.
1643 5162 1662 5216 ί
1697 5173 1870 5215 contra
1893 5160 2015 5215 Litt.

442 5255 701 5316 i’etiliani,
754 5271 847 5309 nn.
891 5246 947 5317 2,
975 5253 1068 5324 5)?
1118 5253 1182 5306 Et
1205 5263 1451 5322 tanquam
1481 5252 1531 5307 ei
1552 5252 1838 5313 diceretur,
1867 5253 2017 5308 Unde

436 5346 774 5417 ltocprobas?
788 5355 1003 5400 secutus
1023 5336 1282 5414 adiunxit,
1305 5340 1480 5396 Omnis
1499 5343 1628 5397 enim
1657 5359 1732 5395 res
1755 5344 1944 5412 origine
1971 5356 2016 5395 et

449 5441 602 5493 'udice
629 5437 890 5500 consistit;
918 5447 964 5490 et
990 5436 1033 5488 si
1073 5445 1226 5504 caput
1255 5450 1354 5488 non
1398 5431 1577 5486 habeat
1618 5433 1810 5503 aliquid
1835 5475 1848 5496 ,
1887 5431 2016 5488 nihil

435 5542 503 5581 est
541 5529 724 5598 illud,
760 5547 810 5582 rt.
843 5527 917 5599 5).
952 5527 1088 5594 Quid
1111 5571 1124 5591 ,
1153 5527 1398 5591 obsecro,
1419 5522 1538 5596 quia
1569 5525 1800 5579 incidisti
1831 5525 1884 5578 in
1917 5525 2010 5580 de-

437 5622 730 5676 t'eusionem
778 5621 1077 5676 temeraria:
1121 5619 1393 5684 falsitatis,
1443 5618 1665 5673 nebulas
1717 5616 2013 5674 manifestis

439 5708 596 5760 rebus
635 5711 834 5764 moliris
863 5709 1172 5764 oﬂ‘undere?
1203 5709 1401 5778 Aperte
1442 5708 1571 5764 dicit
1613 5709 1807 5777 homo,
1849 5712 2014 5781 origi-

439 5812 582 5859 nem,
633 5797 895 5863 radicem,
945 5812 1208 5869 caputque
1254 5799 1483 5854 hominis
1529 5801 1874 5868 ri-gencrandi
1919 5817 2014 5871 per

440 5883 766 5955 Baptismum
817 5906 919 5943 non
969 5905 1085 5946 esse
1133 5904 1325 5960 pOSsc,
1377 5890 1474 5945 nisi
1515 5891 1662 5960 cujus
1718 5894 2012 5951 ministerio

1208 498 1478 552 CONTRA
1520 491 1950 550 CRESCDNlUM
1990 491 2439 558 DUN.\TlS'I‘.\M,
2483 493 2536 549 S.
2581 477 2946 552 AUCL'STIN!

3618 502 3724 559 500

2147 605 2438 675 baptizatur
2459 625 2472 660 :
2490 619 2542 661 et
2571 619 2623 662 tu
2648 610 2800 676 dicis,
2827 611 2938 666 Hoc
2966 625 3010 666 et
3036 633 3125 668 nos
3143 617 3392 682 nolumus,
3420 627 3472 670 ut
3491 619 3724 674 Christus

2143 696 2208 749 sit
2240 699 2388 767 origo.
2420 710 2466 752 et
2506 701 2655 755 rudia:
2696 716 2944 776 caputque
2989 708 3284 774 christiani;
3319 711 3408 763 sed
3444 714 3717 781 quaerimus

2145 803 2232 855 per
2272 805 2418 857 quem
2447 791 2541 844 hoc
2571 794 2751 848 melius
2787 796 2897 863 ﬁat.
2942 798 3052 852 Iloc
3081 800 3223 854 aliud
3253 811 3331 854 est
3376 803 3516 871 quod
3556 803 3723 871 dicis,

2143 879 2280 932 aliud
2312 881 2451 948 qitod
2481 881 2614 937 dixit
2649 883 2934 942 Petilianus
2966 907 2980 942 :
3013 887 3115 944 hoc
3153 891 3294 959 quod
3333 892 3468 947 dicis
3509 896 3720 950 etiamsi

2143 983 2324 1024 verum
2350 973 2436 1033 sit,
2468 991 2572 1028 non
2597 976 2694 1030 hoc
2721 988 2797 1034 cst
2826 979 2964 1048 quod
2993 982 3082 1036 ille
3109 981 3264 1038 dixit.

2214 1062 2436 1118 CAPUT
2482 1065 2776 1122 \‘lll.—-8.
2809 1069 3041 1126 Proinde
3081 1073 3124 1126 si
3172 1072 3274 1129 huc
3314 1085 3370 1128 et
3413 1084 3465 1129 tu
3514 1076 3613 1140 vis,
3665 1090 3722 1132 ιιι

2143 1148 2385 1206 Christus
2409 1155 2476 1207 sit
2503 1156 2652 1224 origo
2689 1166 2743 1211 et
2779 1159 2928 1213 radix
2962 1171 3016 1214 et
3051 1173 3206 1232 caput
3232 1163 3540 1227 christiani;
3574 1167 3720 1220 Peti-

2143 1241 2282 1296 liano
2313 1245 2538 1312 resiste,
2578 1263 2681 1304 non
2727 1250 2855 1304 mihi
2881 1268 2894 1306 :
2922 1255 3173 1322 quoniam
3210 1272 3368 1322 neque
3409 1257 3496 1327 qui
3517 1260 3722 1327 plantat

2141 1345 2210 1388 est
2245 1336 2460 1408 aliquid,
2494 1357 2650 1408 neque
2677 1344 2764 1412 qui
2793 1344 2959 1414 rigat;
2995 1346 3086 1400 sed
3123 1349 3208 1418 qui
3245 1349 3602 1404 incrementum
3632 1352 3722 1405 dat

2145 1425 2278 1480 Deus
2309 1427 2352 1493 (l
2382 1427 2499 1485 Cor.
2544 1448 2635 1496 ιιι,
2680 1432 2755 1504 7).
2801 1434 2952 1502 Quod
2998 1445 3099 1507 ego
3137 1453 3202 1493 ex
3231 1441 3486 1510 Apostolo
3513 1457 3631 1496 cum
3665 1444 3719 1498 in

2141 1517 2272 1570 meis
2300 1517 2486 1573 litteris
2517 1523 2849 1592 posuissem,
2900 1527 2968 1581 ita
3011 1535 3064 1582 tu
3103 1530 3428 1596 respondere
3457 1533 3712 1598 voluisti,

2142 1615 2192 1659 ut
2223 1608 2430 1664 diceres
2455 1629 2468 1664 :
2496 1611 2589 1667 Dei
2607 1616 2805 1682 quidem
2827 1617 2950 1671 dare
2969 1629 3040 1673 est
3063 1620 3458 1689 incrementum;
3481 1625 3567 1678 sed
3586 1626 3721 1678 sicut-

2136 1698 2222 1766 qui
2249 1699 2444 1766 plantat
2473 1713 2518 1755 et
2546 1704 2710 1773 rigat,
2740 1722 2840 1760 non
2867 1708 2965 1762 nisi
2987 1709 3195 1764 colonus
3233 1712 3398 1779 ﬁdelis
3433 1722 3476 1766 et
3503 1714 3724 1784 diligens

2137 1789 2407 1856 qumritur,
2439 1793 2513 1845 s’c
2539 1794 2688 1847 etiam
2722 1796 2773 1849 in
2802 1807 3113 1852 sacramento
3152 1798 3481 1870 Baptismatis
3519 1807 3720 1858 nonnisi

2137 1877 2302 1944 ﬁdelis
2328 1890 2373 1933 et
2400 1882 2714 1951 justissimus
2749 1889 3010 1957 operarius
3055 1891 3342 1946 adhibetur.
3393 1893 3554 1959 Quasi
3591 1912 3720 1949 vero

2137 1969 2277 2035 quod
2305 1971 2533 2026 inﬁdelis
2555 1975 2776 2030 colonus
2798 1978 3130 2046 plantaverit,
3155 1991 3372 2050 prepter
3391 1983 3505 2052 ejus
3527 1985 3720 2040 inﬁde-

2140 2058 2338 2114 litatem
2367 2079 2472 2116 non
2493 2067 2756 2134 germinet
2783 2069 2860 2122 vis
2885 2069 3127 2136 seminis,
3153 2083 3206 2126 et
3234 2072 3531 2128 fecunditas
3558 2085 3723 2131 terras-

2137 2151 2365 2221 emliquc
2423 2141 2708 2224 temperies
2761 2158 2900 2215 hanc
2955 2161 3248 2218 efﬁcaciam
3304 2163 3556 2219 divinitus
3611 2182 3722 2222 non

2137 2244 2473 2312 acceperint,
2522 2255 2578 2301 ut
2617 2249 2684 2302 ad
2731 2253 3098 2322 propagandos
3123 2252 3327 2310 fructus
3355 2256 3716 2327 plaulatorem

2139 2333 2222 2385 vel
2269 2335 2552 2404 rigatorem
2599 2341 2902 2409 operarium
2955 2345 3325 2400 tantunnnodo
3368 2359 3716 2419 exspectent.

2136 2439 2238 2493 qua
2288 2437 2468 2483 mente
2521 2441 2805 2498 operetur,
2859 2449 2962 2502 qua
3013 2434 3216 2489 laboret
3264 2437 3558 2493 intentione
3612 2456 3719 2494 non

2135 2524 2353 2580 curent,
2389 2527 2563 2572 utrum
2595 2519 2869 2576 dominum
2901 2525 3012 2593 agri
3044 2525 3269 2580 ﬁdeliter
3291 2527 3499 2598 diligat,
3529 2545 3595 2582 an
3621 2547 3716 2586 sua

2138 2622 2242 2659 non
2293 2608 2431 2663 illius
2477 2611 2620 2666 lucra
2660 2616 2957 2684 Conquirat.
2992 2617 3248 2688 Adiungis
3275 2622 3434 2676 etiam
3477 2624 3724 2677 testimoq

2135 2697 2280 2751 nium
2306 2700 2693 2769 propheticum,
2719 2705 2899 2760 dicens
2925 2723 2938 2760 :
2963 2705 3106 2761 Dabo
3128 2709 3262 2763 vobis
3281 2721 3508 2782 pastores
3531 2730 3716 2768 secun-

2135 2791 2256 2843 dum
2281 2808 2370 2846 cor
2392 2810 2577 2858 meum,
2601 2805 2646 2849 et
2667 2807 2869 2866 poscent
2893 2815 2996 2863 vos,
3021 2812 3277 2869 pascentes
3303 2819 3414 2856 cum
3443 2805 3723 2873 disciplina.

2141 2879 2351 2951 (Jerem.
2379 2899 2468 2949 ιιι,
2503 2886 2612 2956 15).
2639 2887 2793 2954 Scio,
2825 2892 3146 2959 completum
3175 2901 3292 2947 est:
3320 2897 3447 2949 tales
3474 2898 3715 2965 Apostoli

2136 2969 2369 3040 fuerunt,
2402 2975 2535 3028 tales
2555 2976 2713 3029 etiam
2738 2994 2897 3042 nunc,
2928 2981 3026 3034 etsi
3053 2996 3146 3049 pro
3170 2982 3417 3038 Ecclesiae
3436 2986 3717 3042 latitudine

2138 3064 2407 3130 perpauci,
2459 3079 2566 3117 non
2613 3075 2785 3123 tamen
2831 3069 3042 3124 desunt.
3090 3071 3194 3126 Sed
3242 3074 3368 3142 quid
3414 3076 3572 3129 ctiam
3621 3093 3717 3146 per

2137 3149 2467 3206 Ezechielem
2529 3158 2840 3225 prOphetam
2897 3159 3104 3215 dicatur
3160 3163 3417 3220 adversus
3473 3179 3721 3236 pastores

2136 3242 2334 3303 malos,
2366 3243 2594 3299 debuisti
2635 3261 2904 3316 qua:rere,
2947 3253 3122 3321 legere
3142 3295 3156 3318 ,
3185 3255 3437 3324 cogitare.
3472 3259 3542 3313 lbi
3570 3261 3716 3315 enim

2135 3332 2282 3396 dicit,
2317 3333 2425 3404 Ego
2455 3352 2680 3405 pascam,
2727 3357 2826 3392 non
2865 3352 3086 3410 pastores
3115 3344 3328 3412 (Ezech.
3376 3363 3564 3413 xxxn',
3608 3352 3714 3419 l5).

2205 3425 2430 3482 CAPUT
2459 3427 2547 3484 IX.
2573 3461 2640 3469 —
2662 3431 2713 3484 9.
2746 3433 2982 3488 Proinde.
3000 3445 3054 3490 et
3081 3453 3172 3505 per
3201 3448 3439 3507 pastores
3471 3442 3636 3497 bonos
3665 3457 3718 3499 rt

2138 3527 2374 3585 pastores
2401 3522 2567 3573 malos
2592 3537 2711 3575 cum
2757 3525 2972 3578 verbum
3016 3541 3168 3581 suum
3208 3530 3718 3604 Sacramentumque

2136 3606 2427 3676 diSpensat,
2456 3612 2569 3680 ipse
2597 3615 2794 3682 pascit;
2823 3617 2943 3683 quia
2973 3617 3039 3671 de
3064 3633 3121 3673 se
3148 3621 3260 3688 ipSo
3281 3621 3372 3685 ait,
3404 3622 3471 3676 Ut
3491 3627 3557 3676 sit
3587 3643 3718 3682 unus

2134 3715 2258 3768 grex
2296 3711 2341 3752 et
2385 3719 2514 3754 unus
2557 3713 2730 3771 pastor
2763 3703 2938 3773 (Joan.
2971 3725 3035 3775 ι,
3085 3710 3188 3780 16).
3235 3709 3430 3766 Bonum
3467 3725 3540 3768 est
3571 3718 3720 3775 enim

2133 3789 2444 3856 con/iderein
2463 3789 2752 3858 Dominum,
2771 3810 2920 3862 quam
2941 3799 3193 3862 conﬁdere
3211 3800 3258 3853 in
3274 3801 3522 3855 hominem
3540 3804 3713 3867 (Psal.

2133 3893 2302 3945 cxvn,
2344 3879 2398 3951 8)
2425 3899 2439 3943 ;
2472 3892 2554 3948 et,
2595 3882 2894 3940 Maledictus
2924 3890 3085 3944 omnis
3113 3892 3198 3961 qui
3235 3909 3370 3962 spem
3401 3912 3545 3949 suam
3575 3903 3718 3968 ponit

2133 3971 2183 4024 in
2214 3972 2416 4027 homine
2443 3971 2654 4044 (Jerem.
2688 3991 2821 4040 xvn,
2851 3979 2930 4049 5).
2959 3979 3110 4047 Quod
3135 3998 3165 4036 a
3194 4000 3280 4038 me
3303 3986 3353 4039 in
3379 3987 3463 4040 illa
3492 3991 3720 4058 cpistola

2132 4073 2636 4130 commemoratum,
2677 4067 2755 4122 sic
2799 4078 2849 4123 te
2890 4070 3186 4141 intelligere
3213 4077 3481 4141 ostendis,
3510 4088 3567 4133 ut
3596 4080 3720 4136 ideo

2135 4153 2302 4222 magis
2335 4162 2384 4207 te
2414 4151 2559 4208 dicas
2585 4155 2809 4225 justum,
2842 4171 2895 4214 et
2923 4160 3154 4226 ﬁdelem,
3186 4180 3279 4233 per
3304 4182 3458 4236 quem
3487 4167 3587 4224 hoc
3613 4169 3718 4226 Sa-

2132 4255 2464 4298 cramentqu
2496 4246 2826 4313 celebretur,
2859 4250 3145 4318 inquirere,
3179 4257 3298 4322 quin
3337 4273 3478 4323 spem
3505 4269 3554 4312 et
3581 4261 3718 4326 [idu-

2131 4337 2261 4387 ciam
2303 4333 2418 4397 Dei,
2461 4351 2562 4389 non
2606 4338 2823 4392 hominis
2865 4340 3052 4407 habes;
3099 4341 3191 4397 Dei
3235 4362 3340 4400 esse
3367 4359 3532 4402 autem
3561 4353 3722 4420 [idem

2130 4437 2278 4506 atque
2291 4425 2541 4494 justitiam
2562 4443 2576 4490 ;
2603 4443 2753 4498 quam
2779 4445 2973 4499 semper
2997 4432 3048 4485 in
3077 4433 3317 4488 ministris
3336 4438 3447 4506 ejus
3472 4443 3714 4498 attendis.

2131 4515 2242 4570 lloc
2268 4531 2448 4568 verum
2477 4515 2608 4570 dicis
2629 4560 2643 4582 ,
2686 4519 2804 4586 quia
2839 4518 3095 4577 bonormn
3125 4526 3361 4580 onmium
3393 4529 3520 4584 nihil
3551 4531 3716 4588 habe—

2131 4620 2248 4657 ritus
2277 4606 2418 4674 quod
2447 4621 2553 4660 non
2583 4609 2872 4677 accipimus
2906 4612 2947 4682 (Ι
2980 4613 3095 4666 Cor.
3125 4631 3197 4680 tv,
3232 4617 3317 4686 7);
3351 4631 3402 4672 et
3432 4620 3553 4674 ideo
3580 4624 3718 4678 ﬁdes

2129 4706 2180 4748 et
2206 4694 2407 4763 justitia
2443 4696 2594 4750 nobis
2619 4712 2649 4750 a
2679 4697 2788 4753 Deo
2826 4709 2929 4756 est.
2959 4701 3062 4756 Sed
3105 4719 3227 4758 cum
3267 4706 3401 4763 dicis
3439 4708 3578 4766 hanc
3618 4713 3714 4768 tibi

2133 4775 2292 4837 licunt
2334 4784 2477 4840 dare.
2505 4801 2608 4840 non
2653 4801 2830 4856 posse,
2881 4790 2981 4844 nisi
3028 4791 3219 4848 habeat
3261 4812 3377 4851 eam
3425 4798 3586 4854 homo
3617 4819 3716 4872 per

2127 4891 2281 4943 quem
2309 4876 2623 4943 baptizaris;
2658 4892 2807 4947 sporn
2834 4881 3070 4948 proiecto
3096 4883 3147 4936 in
3175 4883 3389 4942 homine
3415 4891 3589 4957 ponis,
3617 4895 3715 4968 qui

2128 4978 2302 5018 utrum
2333 4967 2399 5020 sit
2439 4966 2660 5035 justitia:
2705 4971 2985 5040 particeps,
3035 4975 3244 5040 nescis;
3291 4988 3345 5032 et
3388 4979 3432 5033 si
3461 4966 3709 5045 nonest,

2129 5072 2252 5114 tunc
2299 5062 2490 5114 famam
2535 5061 2651 5130 ejus
2685 5065 2948 5131 attendis,
2993 5076 3047 5120 et
3110 5083 3232 5122 cum
3273 5069 3467 5126 fatuam
3512 5072 3714 5133 bonam

2125 5153 2193 5207 de
2225 5152 2365 5206 malo
2396 5154 2595 5208 latente
2641 5155 2939 5226 repereris,
2985 5157 3050 5212 ad
3094 5157 3573 5217 Sanctiﬁcationem
3617 5167 3716 5220 tibi

2125 5243 2372 5297 snlﬁc'ere
2409 5240 2602 5298 credis.
2645 5243 2879 5300 Obsecro
2908 5258 2992 5312 te,
3039 5250 3083 5304 si
3131 5251 3375 5305 ﬁduciam
3439 5253 3568 5316 Dei,
3604 5271 3713 5310 ιιιιιι

2127 5335 2352 5388 hominis
2389 5335 2585 5400 habes,
2637 5345 2690 5389 et
2728 5335 2848 5391 ideo
2875 5339 3039 5409 magis
3068 5352 3122 5394 ut
3158 5341 3332 5410 justus
3359 5353 3412 5396 et
3455 5345 3628 5398 tonus
3661 5359 3716 5406 et

2125 5425 2296 5480 ﬁdelis
2333 5427 2399 5478 sit
2429 5440 2522 5494 per
2547 5442 2702 5494 quem
2736 5426 2835 5481 hoc
2864 5427 3264 5484 Sacramentum
3292 5432 3596 5488 celebratur
3624 5437 3711 5490 in-

2123 5518 2308 5588 quiris,
2333 5519 2454 5586 quia
2489 5518 2578 5571 Dei
2600 5529 2678 5572 est
2711 5519 2840 5574 ﬁdes
2859 5532 3019 5588 atque
3043 5523 3278 5592 iustitia;
3323 5526 3578 5596 numquid
3609 5528 3710 5583 Dei

2122 5621 2204 5664 est
2227 5609 2386 5664 etiam
2416 5609 2612 5670 falsitas
2641 5611 2812 5674 lamas,
2844 5627 3000 5682 quam
3027 5615 3072 5666 si
3103 5613 3293 5670 habeat
3321 5615 3515 5671 bonam
3549 5620 3707 5672 mini-

2122 5709 2232 5754 ster
2259 5699 2447 5764 malus,
2467 5699 2603 5752 hanc
2623 5697 2712 5753 tibi
2745 5700 2878 5756 dicis
2909 5702 2960 5756 in
2995 5713 3080 5756 tua
3111 5707 3531 5762 sanctiﬁcatione
3552 5711 3567 5739 ¹
3599 5711 3710 5763 sut-

2125 5791 2331 5845 ﬁccre?
2371 5791 2486 5844 iam
2557 5791 2769 5846 mallem
2814 5793 2864 5846 in
2907 5793 3173 5851 hominem
3205 5797 3530 5865 conﬁderes,
3570 5802 3722 5856 unde

2190 5905 2205 5934 ⁸
2243 5899 2457 5956 λυιιιιυιιί
2486 5909 2612 5964 uss,
2635 5902 2680 5955 in
2705 5911 2833 5956 tuam
2859 5903 3296 5970 sancti/initianan
