4066 6200
349 366 439 426 6'01

353 493 397 537 to
423 482 886 538 vehementissime
912 480 1278 551 prohibebant,
1311 493 1467 549 quam
1499 477 1549 530 iu
1579 475 1730 529 Fama:
1759 473 1925 542 ipsius

349 577 646 631 falsitatem.
677 573 846 628 llomo
872 574 1012 628 enim
1038 571 1435 641 qualiscumque
1461 568 1546 630 sit,
1581 572 1834 636 quantum
1860 563 1927 616 ad

351 667 396 719 id
443 664 582 734 quod
623 666 780 716 homo
828 672 908 716 est
946 662 1152 722 attinet,
1205 660 1295 714 Dei
1340 667 1586 712 creatura
1627 663 1710 710 est
1740 672 1754 709 :
1785 654 1927 708 nulla

352 774 472 812 vero
500 757 698 810 falsitas
730 756 820 810 Dei
851 765 1091 810 creatura
1117 762 1216 807 est.
1252 753 1436 815 Porro,
1461 751 1504 805 si
1533 747 1826 802 nudcdirtus
1846 753 1930 800 est

297 843 309 872 ‘
346 851 428 918 qui
469 865 608 912 spem
649 864 792 900 suam
833 847 970 914 ponit
1028 847 1078 898 in
1121 844 1340 906 homine,
1381 851 1580 910 quanto
1627 839 1796 908 magis
1838 837 1926 907 qui

352 958 494 1008 spem
543 955 692 993 suam
727 940 873 1006 ponit
917 939 967 992 in
1009 936 1235 992 falsitate
1265 935 1531 1004 opinionis
1556 932 1830 990 humana).
1873 939 1928 984 ιιι

352 1035 398 1085 in
429 1031 553 1086 illud
595 1030 735 1084 aliud
777 1031 970 1084 incidat
999 1028 1135 1098 quod
1163 1029 1416 1097 scriptum
1459 1034 1559 1087 est,
1603 1021 1704 1089 Qui
1737 1023 1848 1090 ﬁdit
1874 1023 1926 1074 in

352 1122 488 1190 [ιιδῑδ
509 1164 522 1179 ,
567 1121 646 1173 hic
677 1121 836 1188 pascit
875 1128 1042 1173 ventos
1073 1116 1256 1188 (Prov.
1297 1132 1325 1170 x
1349 1157 1364 1184 ,
1394 1116 1490 1186 4):
1517 1113 1568 1170 id
1597 1124 1678 1168 est
1709 1111 1766 1167 ﬁt
1804 1126 1928 1166 esca

349 1213 618 1282 Spiritihus'
646 1210 830 1265 malis?

419 1301 644 1356 CAPUT
677 1300 742 1354 Χ.
766 1330 838 1376 -_-
869 1298 947 1354 l0.
979 1299 1038 1354 Si
1068 1298 1274 1364 datum,
1318 1297 1522 1368 inquis,
1553 1313 1584 1348 a
1611 1310 1926 1366 quocumque

350 1406 393 1449 et
425 1394 887 1464 quomodocumque
930 1392 1188 1463 Baptisma
1230 1390 1444 1445 rescindi
1491 1406 1590 1442 non
1633 1388 1804 1452 debet,
1838 1403 1928 1439 cur.

348 1493 457 1554 post
490 1483 745 1538 Joannem
791 1485 1016 1554 Apostoli
1063 1483 1474 1554 baptizaverunt?
1511 1480 1718 1548 Quanto
1761 1477 1923 1532 vehe-

349 1577 577 1630 mentius
618 1577 686 1629 ita
739 1577 1050 1646 proponitur
1083 1594 1095 1628 :
1127 1575 1180 1631 Si
1225 1587 1344 1645 post
1383 1575 1640 1629 Joannem
1686 1571 1925 1641 Apost'oli

348 1669 766 1739 baptizavcrunt,
795 1686 891 1724 cur
912 1686 1014 1724 non
1036 1671 1194 1724 etiam
1220 1676 1337 1738 post
1365 1667 1656 1738 quemlibet
1684 1674 1922 1719 sanctum

349 1761 574 1830 baptizat
601 1761 679 1814 vel
703 1760 890 1815 melior
915 1761 994 1815 vel
1022 1760 1275 1830 aequalis?
1306 1769 1360 1812 ut
1388 1761 1463 1812 vel
1489 1759 1610 1812 hinc
1632 1755 1926 1825 intelligere

346 1853 582 1922 cogaris,
628 1851 696 1905 ad
745 1853 898 1906 istam
931 1852 1275 1921 quaestionem
1318 1866 1420 1905 non
1465 1849 1725 1918 pertinere
1754 1846 1926 1916 bapti-

344 1957 514 1997 smum
544 1942 802 1997 Joannis?
832 1941 896 1996 Et
925 1941 1143 2007 Judwis,
1177 1943 1369 2012 inquis,
1402 1958 1433 1993 (ι
1463 1939 1639 2011 Moyse
1662 1938 1924 2009 baptisatis

349 2033 530 2088 Petrus
573 2034 720 2098 dixit,
773 2053 791 2086 ι
813 2034 1163 2098 Pwnitcmini,
1209 2043 1254 2086 ct
1285 2033 1562 2102 buptizctur
1589 2030 1925 2099 unusquisque

344 2136 556 2178 vestrum
580 2125 632 2178 in
653 2125 854 2178 nomine
887 2123 1010 2179 Iesu
1036 2123 1218 2178 Christi
1245 2143 1264 2174 ι
1298 2122 1430 2194 (Act.
1473 2137 1504 2176 ιι
1528 2163 1540 2181 .
1575 2120 1684 2192 58).
1717 2119 1771 2174 Si
1800 2133 1922 2188 pro-

349 2227 525 2286 pterea
555 2217 662 2284 jam
706 2216 954 2286 baptizati
995 2224 1148 2272 erant
1183 2215 1373 2279 Judaei,
1419 2214 1540 2284 quia
1584 2212 1790 2283 Moyses
1833 2227 1926 2279 per

347 2323 493 2362 mare
545 2308 779 2361 ltubrum
827 2317 951 2362 ante
1003 2317 1107 2362 tam
1158 2307 1368 2378 longum
1424 2315 1629 2374 tempus
1679 2313 1924 2374 parentes

343 2413 525 2450 eorum
559 2397 915 2465 baptizaverat
949 2397 1140 2469 (Exod.
1172 2413 1278 2463 xiv,
1307 2394 1428 2468 22);
1462 2397 1548 2465 qui
1575 2396 1640 2450 de
1666 2394 1924 2449 Christia-

345 2489 426 2542 nis
456 2488 737 2557 baptizatis
768 2500 1078 2556 nascuntur,
1121 2491 1238 2545 sine
1279 2504 1435 2542 causa
1469 2487 1627 2542 hodie
1656 2488 1925 2556 baptizau-

346 2589 546 2636 tur:et
585 2590 758 2635 tamen
804 2581 939 2636 dicis
984 2581 1111 2647 ista,
1157 2591 1209 2634 ct
1253 2580 1440 2634 scribis
1486 2581 1614 2644 ista;
1647 2579 1844 2632 audiris
1871 2588 1924 2632 et

344 2673 536 2741 legeris
558 2715 572 2739 ,
613 2684 666 2727 et
706 2675 905 2743 putaris
938 2673 1261 2742 respondere
1294 2672 1483 2726 litteris
1514 2671 1710 2724 nostris
1733 2687 1746 2721 :
1772 2669 1921 2738 quasi

344 2765 443 2819 hoc
467 2764 537 2818 sit
557 2765 881 2833 respondere
905 2767 1158 2836 potuisse.
1189 2765 1329 2834 quod
1361 2774 1442 2819 est
1465 2773 1639 2818 tacere
1667 2763 1921 2816 noluisse.

408 2854 639 2911 CAPUT
666 2856 756 2910 XI.
778 2886 847 2896 —
866 2858 951 2912 ll.
996 2856 1102 2910 Nec
1132 2855 1256 2909 illud
1282 2898 1296 2920 ,
1327 2855 1465 2925 quod
1500 2854 1922 2924 prtetereundum

341 2949 571 3015 putasti,
597 2948 836 3003 refellisti
871 2949 1130 3018 principio
1170 2947 1326 3018 hujus
1356 2945 1594 3016 epistole
1615 2987 1629 3012 ,
1661 2946 1797 2999 sicut
1830 2944 1920 2998 tibi

339 3038 540 3092 videris
561 3081 574 3105 ,
617 3039 756 3109 quod
787 3057 814 3092 a
848 3057 931 3093 me
972 3040 1168 3095 dictum
1212 3049 1294 3093 est
1327 3056 1340 3091 :
1373 3039 1432 3091 Si
1470 3037 1700 3090 errabant
1729 3037 1805 3089 illi
1839 3035 1924 3106 qui

339 3128 570 3181 volebant
612 3146 716 3182 esse
759 3128 946 3194 Pauli,
977 3146 1090 3198 quia
1117 3133 1318 3182 tandem
1360 3145 1473 3198 spes
1516 3143 1684 3182 eorum
1726 3137 1798 3180 est
1839 3127 1925 3194 qui

336 3219 514 3272 roinnt
541 3235 648 3274 esse
675 3219 861 3272 Donati
893 3219 1028 3289 (Lib.
1061 3221 1085 3272 l
1124 3229 1297 3272 contra
1324 3219 1538 3273 Litteras
1569 3219 1828 3282 Petilioni,
1867 3235 1919 3271 ιι.

334 3308 428 3374 5)?
455 3310 584 3376 Quis
605 3311 746 3363 enim
780 3326 884 3362 non
911 3309 1088 3362 videat
1119 3310 1243 3362 hinc
1272 3325 1390 3362 esse
1427 3311 1579 3362 istam
1611 3309 1922 3362 divisionem

335 3404 534 3456 laetam
557 3444 569 3463 ,
618 3403 741 3456 hinc
779 3402 1043 3472 hodieque
1073 3403 1124 3456 iu
1153 3401 1253 3456 hac
1282 3410 1427 3470 peste
1455 3402 1733 3471 persistere
1753 3443 1766 3464 ,
1798 3401 1921 3456 dum

333 3495 388 3548 in
420 3494 659 3548 hominis
693 3495 896 3562 justitia
928 3509 1052 3562 Spes
1089 3494 1318 3564 ponitur,
1351 3503 1406 3548 ut
1436 3505 1558 3548 tunc
1585 3495 1653 3549 sit
1676 3504 1920 3564 accepta-

334 3587 460 3638 biiis
493 3585 794 3653 Baptismus
819 3585 1014 3640 Christi
1042 3629 1056 3653 ,
1103 3588 1145 3640 si
1185 3587 1253 3640 ah
1283 3587 1499 3642 homine
1524 3587 1669 3657 justo
1699 3589 1922 3658 quisque

336 3677 613 3745 tingatur?
651 3675 846 3732 Contra
894 3695 1050 3747 quem
1090 3694 1358 3742 errorem,
1404 3680 1658 3733 adversus
1696 3694 1790 3732 eos
1831 3679 1919 3748 qui

330 3768 442 3834 jam
463 3769 749 3822 schismata
775 3780 991 3840 propter
1011 3772 1218 3824 diversa
1243 3773 1427 3824 merita
1453 3771 1721 3822 hominum
1748 3769 1921 3822 facere

335 3869 637 3927 cmperant,
669 3861 864 3915 clamat
902 3861 1015 3929 ipse
1052 3861 1268 3925 Paulus,
1296 3859 1498 3914 (iratius
1525 3877 1619 3928 ago
1653 3860 1776 3920 Dco,
1805 3859 1922 3927 quia

336 3952 588 4003 neminem
641 3962 856 4004 vestrum
911 3953 1192 4020 baptizari,
1247 3968 1309 4004 ne
1351 3951 1461 4014 quis
1509 3952 1641 4002 dicat
1690 3949 1822 4020 quod
1871 3950 1920 4002 in

341 4043 546 4094 nomine
595 4057 705 4094 meo
744 4042 991 4110 baptizari
1023 4041 1072 4112 (l
1106 4042 1221 4094 (ἴον.
1253 4057 1298 4103 t.
1335 4043 1399 4095 Η
1421 4082 1435 4106 ,
1479 4042 1564 4110 15)
1591 4059 1601 4092 :
1627 4041 1749 4108 quid
1781 4040 1920 4092 aliud

338 4133 644 4195 insinuans,
678 4135 776 4186 nisi
808 4134 1070 4202 llaptisma
1099 4133 1291 4188 Christi
1322 4148 1426 4186 non
1454 4147 1572 4186 esse
1598 4122 1697 4186 nisi
1723 4131 1837 4200 ejus
1868 4130 1919 4185 in

333 4223 485 4291 cujus
511 4225 726 4277 nomine
750 4225 926 4289 datur,
956 4233 1008 4278 et
1040 4224 1158 4278 ideo
1181 4240 1284 4276 non
1315 4223 1424 4277 ﬁeri
1458 4224 1649 4276 melius
1677 4238 1794 4276 cum
1828 4238 1921 4292 per

333 4315 616 4370 meliorem
645 4315 820 4381 datur,
855 4332 952 4370 nec
978 4316 1213 4370 deterius
1243 4331 1337 4386 per
1363 4314 1721 4369 deteriorem?

405 4408 494 4461 12.
552 4406 767 4461 Frustra
814 4408 991 4476 itaque
1037 4407 1288 4476 deinceps
1337 4406 1604 4472 exsultas,
1655 4414 1708 4460 et
1754 4405 1915 4471 dicis,

334 4496 578 4566 Sequitur
603 4507 654 4550 ut
692 4498 859 4551 omnia
889 4499 976 4550 illa
1015 4514 1128 4569 qua:
1153 4515 1183 4550 a
1209 4507 1380 4551 sancto
1409 4496 1661 4550 Petiliano
1689 4497 1797 4562 (seu
1827 4513 1916 4550 cuo

327 4591 537 4660 juslibct
578 4607 740 4645 sermo
771 4593 865 4661 est)
896 4591 1082 4660 scripta
1117 4600 1253 4652 stmt,
1283 4600 1413 4643 recte
1437 4590 1571 4642 dicta
1598 4589 1914 4642 concludam.

334 4683 448 4753 Ipsa
477 4685 622 4738 enim
652 4685 809 4738 verba
839 4700 956 4754 qua)
988 4685 1129 4737 velut
1158 4692 1301 4738 recte
1331 4683 1467 4736 dicta
1494 4682 1783 4747 concludis,
1813 4697 1915 4736 non

332 4790 386 4826 με·
415 4786 565 4828 recte
596 4773 731 4827 dicta
763 4775 1110 4838 convincunt;
1141 4774 1260 4842 quia
1294 4788 1389 4826 nec.
1416 4773 1719 4827 conscientia
1745 4784 1918 4826 sancte

331 4865 499 4917 dantis
523 4865 821 4924 attenditur.
856 4879 969 4933 qua’
985 4863 1153 4917 abluat
1179 4863 1620 4932 accipientis,cum
1650 4864 1916 4918 maculosa

330 4952 512 5006 dantis
533 4954 738 5007 occulta
765 4965 864 5007 est.
897 4954 968 5007 Ibi
993 4955 1181 5018 victus,
1210 4967 1330 5008 cum
1355 4953 1558 5006 veritati
1581 4955 1918 5021 acquiescere

330 5041 633 5106 debuisses,
663 5043 726 5096 ad
762 5042 946 5097 falsam
980 5043 1094 5112 ejus
1137 5045 1351 5107 famam,
1390 5053 1634 5113 tanquam
1665 5043 1730 5096 ad
1758 5043 1914 5098 dece-

332 5143 479 5201 ptum
531 5134 808 5187 mendacio
857 5135 1114 5188 infelicent
1151 5133 1382 5203 judicem
1437 5133 1915 5203 provocastizquia

329 5238 507 5293 neque
531 5225 822 5278 attenditur
845 5226 1184 5286 conscientia,
1211 5224 1420 5294 quando
1445 5225 1579 5280 fama
1604 5224 1720 5292 ejus
1742 5235 1915 5278 atten-

327 5315 501 5378 ditur,
536 5328 587 5370 et
615 5327 720 5371 tam
752 5334 854 5371 non
886 5328 1062 5389 potest
1091 5317 1216 5371 falsa
1247 5319 1556 5388 cujusquam
1591 5318 1734 5373 fama
1757 5336 1913 5388 quam

330 5423 428 5461 nec
459 5409 600 5462 mala
629 5411 731 5462 vita
765 5411 988 5479 quisque
1019 5409 1291 5475 mundari;
1323 5419 1374 5463 et
1401 5425 1559 5464 nemo
1589 5410 1742 5464 {idem
1775 5412 1916 5464 chri-

330 5498 560 5551 stianam
596 5500 756 5552 sumit
780 5499 848 5552 ab
877 5499 1122 5564 homine,
1154 5516 1250 5554 nec
1280 5499 1480 5570 perfido
1505 5515 1600 5554 nec
1631 5501 1790 5565 ﬁdeli,
1822 5501 1913 5554 Sctl

330 5587 397 5639 ab
441 5588 536 5642 illo
578 5589 646 5644 de
683 5606 788 5659 quo
829 5591 1082 5660 scriptum
1131 5600 1244 5651 cst,
1293 5590 1422 5644 Fide
1468 5594 1716 5645 mandans
1760 5595 1914 5645 corda

328 5694 503 5730 eorum
546 5678 676 5745 (Act.
728 5695 814 5744 xv,
861 5679 938 5747 9).
985 5682 1082 5746 Qui
1128 5680 1172 5734 si
1217 5697 1309 5750 per
1357 5681 1564 5736 fidelem
1604 5683 1747 5735 audit
1788 5681 1912 5752 quid

329 5769 661 5830 credendum
700 5771 788 5839 sit,
820 5786 941 5828 eum
970 5774 1180 5845 quidem
1225 5775 1478 5843 imitatur,
1512 5790 1618 5831 non
1644 5784 1819 5831 tamen
1846 5777 1914 5833 ab

1692 361 1894 418 LIBER
1933 361 2244 418 TERTIUS.

3514 385 3616 442 502

2035 487 2099 526 eo
2139 474 2475 542 jusdl‘lcatur.
2519 478 2659 534 Nam
2692 483 2733 535 si
2781 485 3021 541 minister
3053 487 3301 557 justillcat
3343 493 3561 562 impium
3590 537 3604 559 ,

2033 579 2362 634 consequens
2388 578 2468 623 est
2490 581 2542 623 ut
2564 572 2721 626 etiam
2752 575 2800 626 in
2826 577 3122 632 ministrum
3157 590 3296 636 recte
3323 583 3605 643 credatur:

2032 656 2319 722 apostolica
2349 659 2543 728 quippe
2570 663 2708 716 clara
2735 675 2787 718 ct
2812 679 2958 721 certa
2978 671 3235 724 sententia
3255 683 3351 733 est,
3373 672 3607 728 Crcdcnti

2031 745 2082 798 in
2111 763 2220 799 cum
2255 748 2342 817 qni
2381 751 2631 819 justi/iret
2667 755 2906 824 impium,
2949 759 3218 828 deputatur
3253 763 3374 829 fides
3403 765 3510 835 ejus
3540 769 3607 818 ad

2022 836 2274 902 justitiam
2305 839 2476 908 (Ilom.
2506 857 2578 907 iv,
2607 844 2683 913 5).
2710 845 2955 913 Proinde,
2985 850 3026 902 si
3047 851 3287 905 minister
3313 869 3414 906 non
3447 855 3607 908 audet
3684 878 3690 884 ·

2029 926 2225 995 dicere,
2249 931 2419 986 Credo
2449 932 2500 986 in
2531 949 2643 1002 me;
2677 954 2780 991 non
2812 939 3000 994 audeat
3019 941 3218 1009 dicere,
3237 943 3546 1000 Justiiicaris
3577 962 3604 998 a

2032 1034 2136 1073 me.
3105 1085 3112 1096 ι

2104 1111 2190 1166 l3.
2219 1111 2333 1167 Jam
2365 1130 2490 1169 vero
2508 1118 2657 1186 quod
2689 1123 2929 1189 sequitur
2951 1164 2966 1189 ,
3011 1123 3188 1180 Omnis
3228 1144 3306 1180 res
3346 1129 3536 1200 origine
3559 1141 3605 1184 et

2030 1203 2200 1256 radice
2236 1207 2492 1271 consistit;
2517 1220 2562 1262 et
2592 1211 2634 1263 si
2663 1222 2812 1280 caput
2856 1231 2955 1267 non
3001 1215 3176 1270 habent
3207 1219 3434 1286 aliquid,
3476 1223 3603 1275 nihil

2029 1294 2206 1348 est:si
2249 1297 2398 1366 origo
2437 1310 2492 1354 et
2521 1301 2668 1356 radix
2711 1312 2765 1357 et
2807 1315 2964 1374 caput
3007 1307 3286 1375 baptizati,
3337 1312 3608 1380 baptizans

2029 1385 2273 1442 minister
2308 1400 2390 1442 est
2411 1430 2427 1454 ,
2473 1389 2717 1448 Christus
2747 1412 2849 1448 non
2882 1407 2991 1460 est;
3025 1401 3067 1452 si
3095 1398 3342 1455 Christus
3369 1412 3449 1456 est
3472 1447 3486 1469 ,
3522 1403 3607 1456 illo

2030 1496 2137 1534 non
2167 1491 2266 1536 est.
2314 1483 2550 1554 Denique
2593 1501 2711 1540 cum
2745 1489 2984 1542 minister
3013 1493 3250 1545 occultus
3280 1504 3359 1546 est
3399 1496 3567 1548 malus
3587 1535 3603 1560 ,

2028 1585 2146 1638 qua:
2173 1573 2340 1640 origo,
2381 1589 2498 1644 qum
2527 1575 2696 1640 radix,
2743 1579 2885 1647 quod
2928 1591 3086 1648 caput
3124 1591 3206 1634 est
3233 1581 3515 1651 baptizati?
3538 1599 3627 1640 an,

2031 1658 2160 1713 falsa
2206 1662 2322 1730 ejus
2366 1663 2538 1717 larua?
2577 1665 2687 1720 lloc
2729 1668 2942 1738 quidem
2978 1670 3297 1726 Cresconius
3324 1673 3479 1740 dicit,
3511 1677 3603 1728 sed

2028 1753 2225 1807 veritas
2267 1757 2600 1812 contradicit.
2645 1760 2783 1830 Ergo
2827 1762 2869 1815 si
2917 1771 3040 1818 tunc
3075 1766 3262 1835 origo‘
3294 1775 3348 1821 et
3379 1767 3524 1821 radix
3553 1779 3612 1822 et

2029 1855 2186 1911 caput
2213 1845 2458 1902 Christus
2485 1858 2596 1914 est;
2642 1850 2752 1917 ipse
2790 1860 2871 1905 est
2915 1854 3074 1907 etiam
3119 1855 3330 1922 quando
3369 1856 3610 1909 minister

2030 1943 2111 1987 est
2151 1933 2450 2000 bonus,ne,
2497 1937 2635 2006 quod
2680 1939 3118 1995 absurdissimum
3165 1955 3266 2004 est,
3313 1943 3500 1998 melior
3538 1946 3609 1998 sit

2029 2027 2261 2081 conditio
2318 2029 2564 2097 baptizati
2621 2045 2714 2100 per
2774 2032 3045 2086 occultum
3099 2035 3336 2094 malum.
3393 2035 3607 2102 quando

2027 2115 2271 2171 Christus
2299 2128 2381 2172 est
2423 2128 2613 2188 caput,
2662 2135 2819 2190 quam
2863 2122 3106 2192 baptizati
3151 2139 3243 2192 per
3273 2124 3604 2178 manifestum

2029 2207 2260 2273 bonum,
2307 2208 2351 2262 si
2398 2217 2522 2264 tunc
2563 2211 2803 2265 minister
2831 2221 2913 2266 est
2941 2221 3117 2282 caput.
3148 2212 3260 2268 Hoc
3294 2213 3440 2267 et-de
3467 2213 3620 2267 bono-

2031 2299 2238 2352 semine
2263 2300 2510 2355 dixerim.
2550 2300 2800 2370 Sequitur
2825 2303 2965 2356 enim
2988 2341 3004 2366 ,
3047 2301 3157 2356 Nec
3184 2305 3456 2375 quidquam
3484 2305 3606 2358 bene

2029 2399 2306 2460 regenerat,
2340 2391 2435 2442 nisi
2462 2391 2590 2444 bono
2615 2392 2799 2445 semine
2826 2401 3160 2463 regeneretur.

2101 2483 2186 2538 14.
2227 2484 2355 2553 Quze
2385 2501 2518 2540 vero
2552 2495 2844 2555 sequuntur
2881 2503 2945 2542 ex
2989 2488 3210 2557 epistola
3245 2488 3480 2544 Petiliani
3510 2489 3607 2543 alis

2031 2582 2080 2629 te
2115 2577 2300 2642 posita,
2337 2578 2421 2632 ubi
2453 2581 2527 2632 ait
2557 2579 2689 2646 (Lib.
2722 2580 2743 2634 l
2779 2590 2954 2634 contra
2981 2580 3196 2636 Litteras
3226 2580 3484 2648 Petiliani,
3516 2599 3605 2636 nn.

2029 2663 2092 2727 8,-
2111 2663 2189 2733 9),
2215 2665 2343 2731 Qua:
2365 2684 2476 2720 cum
2491 2668 2561 2721 ita
2587 2669 2707 2730 sint,
2733 2672 2929 2737 fratres,
2957 2686 3068 2738 qtae
3094 2680 3252 2740 potest
3281 2687 3385 2725 esse
3413 2687 3612 2742 perver-

2028 2753 2170 2815 sitas,
2195 2764 2247 2806 ut
2274 2756 2358 2824 qui
2386 2757 2489 2810 suis
2516 2759 2805 2813 criminibus
2835 2777 2948 2813 reus
2971 2769 3062 2826 est,
3094 2761 3250 2814 alium
3277 2763 3434 2831 faciat
3457 2763 3607 2815 iuno.

2027 2852 2247 2909 centeni,
2289 2862 2400 2898 cum
2435 2847 2675 2915 scriptum
2713 2851 2794 2914 sit,
2832 2867 2851 2900 ‹
2887 2849 3047 2904 Arbor
3076 2853 3204 2904 bona
3233 2852 3387 2906 bonos
3413 2857 3624 2922 {ructus

2027 2933 2190 3000 facit;
2214 2943 2258 2988 ct
2286 2937 2434 2990 arbor
2462 2938 2595 2992 maia
2627 2940 2786 2993 malos
2812 2941 3008 3009 {ructus
3037 2943 3198 3014 facit?
3221 2941 3482 3014 Numquid
3503 2945 3610 2998 col-

2030 3024 2190 3096 ligunt
2226 3025 2288 3080 de
2315 3028 2473 3097 spinis
2503 3029 2622 3083 uvas
2657 3049 2673 3080 ι
2711 3031 2922 3103 (.ilatth.
2952 3048 3044 3098 vit,
3068 3034 3155 3097 17,
3183 3033 3303 3105 16)?
3328 3044 3374 3088 et
3403 3035 3605 3098 iterum,

2034 3131 2053 3166 ι
2087 3115 2263 3170 Omnis
2303 3118 2449 3172 homo
2489 3119 2644 3174 bonus
2682 3122 2746 3175 de
2785 3124 3016 3178 thesauro
3050 3125 3218 3180 cordis
3259 3126 3338 3179 sui
3377 3128 3610 3195 producit

2030 3208 2190 3272 bona;
2219 3219 2264 3263 et
2304 3211 2466 3265 malus
2509 3211 2658 3266 homo
2700 3213 2762 3266 de
2806 3215 3039 3270 thesauro
3086 3217 3251 3270 cordis
3294 3218 3372 3270 sui
3414 3220 3608 3288 profert

2029 3303 2165 3354 mata
2199 3321 2218 3354 ι
2255 3301 2363 3374 (Id.
2396 3319 2486 3371 an,
2509 3305 2603 3374 55)
2629 3323 2640 3356 :
2670 3306 2798 3359 satis
2823 3316 3108 3376 aperteque
3137 3308 3472 3371 convincunt,
3504 3310 3604 3362 Pe-

2033 3391 2268 3445 tilianum
2312 3393 2425 3448 luce
2461 3396 2636 3448 omnia
2677 3411 2782 3450 non
2819 3398 3061 3452 retulisse
3091 3398 3190 3452 nisi
3230 3398 3296 3453 ad
3337 3399 3610 3452 hominem

2030 3496 2124 3551 per
2151 3497 2305 3553 quem
2330 3482 2628 3554 Baptismus
2657 3486 3003 3550 ministratur,
3035 3499 3090 3542 ut
3119 3488 3234 3558 ipse
3263 3489 3603 3560 intelligatur,

2026 3574 2072 3628 si
2121 3575 2372 3630 innocens
2419 3586 2520 3644 est,
2562 3576 2735 3632 facere
2781 3578 3115 3634 innocentem
3154 3595 3310 3650 quem
3341 3581 3604 3652 baptizat;

2028 3662 2140 3731 ipse
2169 3664 2236 3716 sit
2264 3664 2397 3718 bona
2427 3665 2606 3731 arbor,
2636 3667 2788 3735 cujus
2817 3667 3018 3724 fructus
3047 3669 3114 3723 sit
3143 3669 3232 3738 qui
3272 3669 3601 3738 baptizatur;

2026 3752 2141 3821 ipse
2187 3753 2357 3806 bonus
2396 3753 2576 3819 homo,
2608 3757 2675 3811 de
2705 3758 2856 3824 cujus
2884 3759 3060 3812 cordis
3089 3758 3336 3813 thesauro
3367 3761 3606 3828 procedit

2026 3842 2371 3896 sanctificatio
2408 3843 2674 3911 baptizati.
2701 3847 2780 3901 Ac
2809 3863 2904 3913 per
2933 3849 3032 3902 hoc
3068 3864 3187 3902 cum
3231 3850 3329 3903 iste
3365 3851 3604 3904 occultus

2026 3941 2108 3986 est
2133 3932 2322 3996 malus,
2347 3933 2430 3987 dic
2453 3934 2602 4001 mihi,
2631 3953 2658 3988 a
2687 3952 2792 4006 quo
2824 3939 2880 3990 tit
2905 3938 2991 3991 ille
3022 3939 3314 3995 innocens?
3339 3939 3424 3994 die
3450 3941 3605 4002 mihi,

2026 4023 2178 4094 cujus
2216 4025 2316 4077 crit
2353 4025 2559 4080 arboris
2599 4027 2839 4081 lructus?
2865 4028 2948 4082 dic
2977 4029 3126 4094 mihi,
3155 4028 3222 4084 de
3249 4029 3401 4099 cojus
3429 4030 3609 4085 cordis

2028 4115 2275 4169 thesauro
2304 4117 2718 4172 sanetilicabitur
2747 4118 3076 4189 bap'izatus?
3105 4121 3207 4174 Aut
3235 4121 3278 4175 si
3318 4132 3440 4175 tunc
3471 4121 3602 4175 elic-

2025 4215 2224 4260 ctorcm
2257 4207 2570 4262 innocentia:
2595 4223 2724 4271 sum,
2753 4219 2875 4265 tunc
2900 4209 3141 4266 arborem
3167 4211 3235 4268 de
3261 4229 3359 4282 qua
3398 4211 3602 4267 fructus

2025 4298 2194 4354 bonus
2237 4310 2502 4366 nascatur,
2553 4316 2655 4354 non
2708 4301 2974 4356 hominem
3021 4303 3318 4358 ministrum
3349 4303 3603 4372 Baptismi

2027 4402 2259 4443 moretur
2285 4389 2500 4452 habere,
2530 4391 2620 4445 sed
2647 4389 2914 4445 Christqu
2941 4409 2955 4457 ;
2987 4391 3190 4449 felicius
3221 4393 3402 4448 incidit
3433 4395 3482 4447 in
3511 4397 3604 4448 mi-

2027 4480 2247 4534 nistrum
2293 4479 2541 4533 latentem
2587 4498 2615 4533 ιι
2639 4481 2812 4546 alum,
2843 4492 2998 4550 quam
3030 4483 3072 4537 si
3106 4483 3376 4540 incidisset
3405 4483 3456 4540 in
3485 4500 3602 4539 ma-

2025 4570 2270 4625 nifestqu
2301 4571 2517 4627 bonum.
2542 4572 2691 4640 Quod
2720 4575 2762 4627 si
2790 4574 3169 4630 ab:urdissitne
3193 4587 3351 4647 atque
3379 4577 3604 4632 insanis-

2024 4663 2158 4716 sime
2200 4661 2413 4726 dicitur,
2455 4663 2647 4717 Christi
2694 4665 2894 4720 fructus
2937 4676 3018 4720 est
3058 4667 3148 4737 qui
3187 4668 3305 4738 ejus
3335 4668 3603 4738 Baptismo

2024 4753 2415 4820 sanctificatur,
2463 4755 2742 4822 eujuslibet
2791 4757 3016 4812 ministri
3073 4774 3234 4828 opere
3286 4759 3600 4830 haptizctur.

2023 4845 2132 4900 Nisi
2166 4847 2299 4899 forte
2328 4845 2393 4898 ad
2421 4847 2695 4900 consilium
2734 4857 2879 4902 tuum
2922 4864 3233 4906 recursurus
3261 4861 3363 4916 est,
3391 4853 3602 4922 quando

2025 4938 2307 4992 incurrerit
2337 4937 2388 4991 in
2418 4939 2644 4992 ministri
2675 4941 3051 4995 conscientiam
3089 4942 3408 4996 maculosum
3434 4952 3485 4996 et
3512 4959 3603 4996 oc.-

2022 5035 2240 5097 cultam,
2267 5041 2322 5084 ut
2347 5033 2394 5086 ci
2422 5031 2487 5085 de
2509 5049 2605 5099 qua
2635 5043 2882 5088 nascatur
2901 5035 3144 5089 arborem
3171 5036 3439 5101 ostendas,
3470 5035 3603 5089 falso

2025 5125 2214 5176 bonam
2240 5123 2358 5176 mali
2385 5124 2615 5178 hominis
2637 5125 2826 5179 famam
2853 5143 2866 5181 :
2891 5126 3044 5196 cujus
3072 5128 3593 5198 radicemsiquarsico

2025 5217 2116 5274 ris,
2151 5214 2388 5268 invenies
2419 5215 2644 5289 fallentis
2665 5231 2694 5269 a
2729 5217 2944 5281 tutiam;
2973 5217 3038 5272 de
3059 5234 3160 5288 qua
3192 5219 3233 5272 si
3265 5228 3432 5286 potest
3457 5222 3598 5271 uase:

2025 5306 2224 5360 fructus
2258 5304 2448 5365 bonus,
2479 5304 2616 5373 quod
2649 5305 2808 5372 absit,
2834 5308 3083 5361 mentitus
3114 5317 3194 5361 est
3220 5308 3480 5370 Christus,
3511 5325 3593 5374 qui

2023 5398 2176 5461 dixit,
2209 5395 2326 5450 Non
2357 5406 2512 5467 potest
2542 5396 2690 5450 arbor
2717 5399 2850 5451 mata
2875 5399 3069 5467 {ructus
3093 5398 3247 5454 bonos
3275 5399 3442 5468 [acere
3469 5402 3485 5470 (
3516 5398 3596 5453 Id.

2085 5601 2101 5632 ι
2127 5602 2255 5644 t.ov.:
2277 5602 2397 5656 Ergo
2432 5599 2477 5643 ct
2499 5598 2610 5643 tunc
2631 5592 2782 5656 origo,
2809 5604 2902 5645 etc.
2931 5603 3096 5646 Postea
3120 5609 3228 5645 cmn
3252 5593 3356 5644 aliis
3381 5595 3602 5646 editioni-

2021 5661 2111 5709 hus
2136 5669 2233 5717 sm.
2259 5663 2308 5704 et
2333 5662 2424 5717 t.r.:
2464 5665 2569 5716 [ρι’
2592 5662 2659 5704 est
2700 5655 2824 5706 cnim
2866 5660 3058 5717 quando
3093 5657 3302 5706 miniter
3331 5667 3398 5707 est
3435 5659 3598 5706 bonus.

2021 5729 2066 5768 ri
2094 5716 2232 5782 paulo
2248 5724 2353 5786 post
2371 5716 2570 5786 habent,
2595 5717 2635 5768 ιι
2650 5717 2760 5771 huic
2783 5716 2996 5770 minister
3021 5726 3088 5771 est
3113 5726 3273 5786 caput.
3299 5723 3613 5784 Camigacuzs-

2023 5799 2094 5835 cs.
2113 5785 2462 5842 tttmtusct‘tglta.
