4066 6200
407 431 510 482 503

408 559 500 599 vn.
537 543 643 612 I8}.
668 541 771 596 Sed
802 558 922 610 qma
953 554 1133 592 verum
1161 536 1294 590 dixit
1321 533 1584 598 Christus,
1620 531 1809 585 habeat
1832 530 1993 584 homo

414 635 584 688 bonus
611 643 859 702 tanquam
889 630 1024 684 bona
1054 628 1213 682 arbor
1236 628 1432 681 bonum
1463 624 1713 684 fructmn.
1743 636 1877 692 Opus
1903 621 1995 676 bo-

413 741 574 788 num;
601 726 735 778 sicut
764 724 923 777 homo
954 722 1124 777 malus
1159 729 1410 788 tanquam
1441 717 1576 770 mala
1605 715 1764 769 arbor
1799 715 1994 768 malum

413 817 661 878 fructum,
690 831 822 886 opus
853 816 1046 869 malum
1075 813 1198 882 :qui
1229 820 1405 866 autem
1445 809 1760 878 baptizatur,
1793 821 1896 862 non
1929 807 1996 860 de

413 906 725 975 cujusquam
768 906 996 975 hominis
1017 947 1032 971 ,
1061 903 1154 960 sed
1182 902 1250 959 de
1280 901 1465 970 spiritu
1500 898 1694 955 Christi
1725 907 1992 962 nascatur,

411 999 456 1051 si
496 999 605 1050 vult
649 1013 766 1051 esse
813 998 1010 1052 fructus
1053 996 1140 1065 qui
1174 1004 1330 1049 vento
1375 1008 1480 1047 non
1520 1000 1912 1060 corrumpatur,
1944 1001 1998 1045 et

413 1092 573 1144 arbor
597 1107 715 1160 qua:
748 1107 851 1145 non
884 1089 1202 1146 eradicetur.
1227 1088 1356 1155 Qua:
1385 1102 1505 1142 cum
1536 1087 1607 1140 ita
1635 1085 1759 1147 sint,
1788 1099 1908 1139 cum
1943 1093 1996 1138 tu

412 1179 632 1241 dixeris,
659 1179 795 1250 Ergo
826 1181 1044 1250 sequitur
1076 1189 1125 1231 ut
1154 1179 1321 1232 omnia
1348 1192 1461 1246 qua:
1488 1193 1518 1228 α
1543 1186 1715 1229 sancto
1745 1174 1997 1229 Petiliano

414 1276 432 1340 (
457 1289 544 1325 seu
571 1274 836 1343 cujuslibet
861 1289 1026 1327 sermo
1047 1281 1116 1326 est
1139 1273 1158 1343 )
1189 1273 1378 1340 scripta
1404 1281 1539 1335 sunt,
1567 1279 1695 1323 recte
1721 1270 1852 1322 dicta
1880 1285 1998 1322 con-

415 1363 618 1414 cludam
653 1378 670 1414 :
704 1372 827 1432 puto
857 1364 979 1430 quia
1009 1376 1108 1433 ego
1147 1363 1322 1430 potius
1365 1361 1448 1414 illa
1494 1360 1667 1416 omnia
1709 1376 1814 1412 non
1855 1368 2000 1416 recte

415 1453 552 1508 dicta
584 1454 860 1508 concludo.

488 1544 714 1601 CAPUT
771 1545 884 1599 XII.
928 1546 1122 1601 -15.
1164 1545 1279 1600 Jam
1337 1561 1475 1600 nunc
1531 1545 1804 1598 videamus
1859 1543 1997 1612 quod

418 1636 612 1692 deinde
643 1639 693 1690 in
727 1637 952 1705 epistola
981 1649 1065 1690 tua
1094 1637 1430 1702 contexuisti,
1456 1635 1725 1705 quomodo
1753 1646 1802 1689 te
1824 1634 1998 1703 Optati

419 1745 631 1783 causam
675 1741 727 1784 et
773 1715 1300 1807 illaximianistarmn,
1330 1729 1587 1798 quinimo,
1612 1739 1671 1784 ut
1701 1729 1796 1785 abs
1824 1738 1873 1782 te
1903 1727 2000 1782 do-

420 1822 555 1875 ctior
583 1821 725 1884 liam.
759 1822 1246 1877 lilaxitnianezzsium
1272 1863 1286 1886 ,
1321 1822 1480 1876 vestri
1508 1821 1820 1875 docuerunt.
1848 1821 1909 1874 Et
1937 1821 2002 1874 de

420 1916 611 1983 Optato
642 1914 876 1984 quidem,
910 1914 976 1970 de
1003 1931 1108 1984 quo
1141 1915 1271 1968 nihil
1299 1914 1658 1982 conscriptum
1685 1914 1836 1967 valeo
1865 1913 1999 1966 reci-

423 2019 556 2069 tare,
587 2006 860 2076 quodlibet
889 2008 1106 2071 sentias,
1141 2004 1292 2058 facile
1317 2005 1468 2059 cedo.
1499 2003 1670 2060 Unum
1701 2003 1828 2058 illud
1859 2005 2000 2058 scio:

425 2099 467 2148 si
498 2112 616 2150 vera
645 2107 762 2152 sunt
789 2113 907 2166 qttte
933 2098 998 2151 de
1030 2097 1140 2158 illo,
1161 2105 1216 2150 ut
1244 2111 1347 2149 non
1379 2095 2000 2155 dieamostcndebantnr,

407 2199 568 2241 certe
597 2196 771 2242 tamen
803 2187 1130 2249 dicebantur,
1167 2201 1265 2240 nec
1295 2187 1409 2255 ipse
1437 2195 1554 2240 erat
1577 2187 1769 2252 bonus,
1797 2201 1894 2239 nec
1925 2184 2005 2238 fa-

425 2295 563 2331 mam
607 2277 831 2332 habebat
876 2279 1103 2341 lienam;
1135 2277 1271 2332 unde
1297 2279 1616 2347 quicumque
1641 2292 1735 2344 per
1763 2291 1881 2330 cum
1911 2276 2008 2330 lia-

427 2371 604 2440 ptizati
653 2381 795 2435 sunt,
841 2386 939 2426 nec
978 2371 1300 2426 COItst'iCttlitt
1332 2373 1448 2440 ejus
1477 2371 1766 2424 secundum
1799 2370 2007 2424 Petilia-

426 2479 572 2526 num,
598 2478 694 2516 nec
716 2461 851 2515 fama
879 2462 992 2529 ejus
1013 2461 1302 2515 Secundum
1336 2471 1406 2524 te,
1437 2460 1576 2514 ablui
1605 2469 1887 2530 potuerunt
1917 2479 1930 2514 :
1964 2463 2006 2514 si

423 2562 601 2608 autem
655 2551 780 2606 falsa
833 2552 967 2606 mala
1015 2551 1148 2623 ejus,
1198 2553 1333 2608 sient
1381 2568 1525 2621 smpe
1569 2552 1787 2618 assolet,
1832 2552 2007 2607 invida

427 2646 568 2698 tanta.
587 2642 844 2712 jactavit;
881 2641 1001 2697 vide
1030 2657 1186 2712 quam
1219 2653 1364 2697 recte
1393 2658 1497 2696 non
1531 2641 1682 2698 facile
1707 2643 2007 2710 credamus,

426 2734 567 2802 quod
609 2749 876 2802 nunquam
914 2732 1068 2788 nobis
1107 2733 1174 2788 de
1219 2732 1559 2787 traditoribus
1588 2747 1722 2802 quos
1748 2735 2011 2789 accusatis

430 2824 653 2892 probare
697 2824 943 2894 potuistis
979 2841 992 2877 :
1032 2824 1152 2893 quia
1196 2824 1332 2877 solet
1377 2823 1536 2877 etiam
1579 2822 1647 2877 de
1685 2823 1838 2878 bonis
1872 2824 2010 2877 mala

428 2918 565 2972 fama
609 2915 839 2972 mentiri.
871 2915 926 2969 Si
971 2929 1099 2984 ergo
1145 2932 1247 2968 non
1294 2914 1500 2968 illorum
1552 2915 1872 2978 innocentia,
1904 2933 2008 2968 non

426 3008 678 3076 denique,
698 3005 836 3078 quod
869 3022 1049 3061 verum
1085 3018 1244 3075 atque
1273 3005 1480 3059 firmum
1517 3014 1618 3069 est,
1649 3006 1739 3058 Dei
1769 3007 1934 3073 gratia
1959 3015 2014 3059 et

432 3116 535 3151 non
568 3108 746 3151 noslra
778 3097 1100 3154 conscientia
1135 3099 1148 3126 ¹
1179 3105 1350 3148 ratum
1385 3095 1536 3150 nobis
1569 3094 1892 3170 Baptismum
1932 3094 2011 3149 fa—

427 3192 523 3253 cit,
554 3188 708 3242 faciat
732 3188 917 3242 saltem
946 3187 1207 3242 sententia
1241 3193 1348 3239 tua.

499 3277 723 3334 CAPUT
764 3277 897 3332 XIII.
938 3307 1010 3316 -
1053 3276 1135 3334 16.
1177 3276 1255 3330 Tu
1287 3277 1426 3330 enim
1457 3292 1576 3330 cum
1612 3276 1678 3331 de
1711 3275 1902 3346 Optato
1930 3276 2013 3329 l-o-

428 3370 669 3441 quereris
696 3369 896 3435 dixisti,
929 3368 1037 3438 ligo
1067 3369 1266 3438 quidem
1295 3365 1539 3437 Optatum
1565 3384 1652 3420 nec
1675 3367 1899 3434 absolvo,
1925 3385 2014 3420 nec

428 3463 630 3516 damno.
663 3459 718 3514 Si
761 3461 860 3513 hoc
887 3474 1007 3528 ego,
1039 3460 1142 3511 imo
1172 3474 1276 3511 non
1308 3467 1510 3512 tantum
1541 3473 1666 3527 ego,
1703 3457 1796 3511 sed
1840 3458 2015 3512 omnis

433 3552 677 3604 Africana
734 3550 993 3603 catholica
1051 3549 1332 3613 Ecclesia;
1380 3559 1578 3616 quanto
1633 3549 1798 3616 magis
1853 3549 2014 3603 etiam

431 3642 785 3696 transmarina
827 3650 930 3696 tam
976 3641 1128 3710 longe
1171 3642 1381 3710 lateque
1410 3641 2016 3704 tlill'usa,de(1:eciliano

430 3744 482 3786 t-t
510 3733 626 3801 ejus
647 3733 1038 3786 ordinatoribus
1059 3732 1218 3794 dicat,
1245 3731 1354 3802 Ego
1387 3731 1504 3785 illos
1532 3747 1629 3786 nec
1655 3732 1893 3798 absolvo,
1919 3747 2017 3787 nec

430 3829 628 3881 damno
644 3828 666 3878 ’ἰ
696 3827 956 3880 Parumne
988 3835 1138 3893 putas
1184 3841 1303 3880 esse
1349 3825 1452 3879 illis
1472 3839 1605 3894 quos
1637 3824 1669 3878 ii
1711 3825 2012 3894 baptizave-

432 3928 572 3982 runt,
608 3935 828 3987 quorum
870 3933 1026 3972 nemo
1063 3933 1290 3986 unquam
1321 3917 1659 3970 Cincilianum
1691 3917 1840 3983 vidit,
1873 3919 2010 3987 quod

430 4015 495 4063 de
523 4011 582 4080 Οι
607 4021 715 4066 tatn
743 4011 990 4066 sufliccre
1016 4010 1191 4064 credis
1219 4010 1296 4063 cis
1321 4025 1454 4076 quos
1480 4009 1566 4062 ille
1589 4010 1747 4063 etiam
1775 4010 1885 4063 suis
1907 4025 2015 4062 ma-

433 4105 588 4156 nilius
615 4103 888 4168 lia;.tizavit
913 4101 935 4153 ‘?
959 4101 1040 4155 An
1069 4100 1187 4169 quia
1216 4100 1282 4154 de
1305 4099 1591 4152 (latciliz.no
1619 4110 1891 4166 parentum
1922 4115 2014 4152 ve-

432 4207 660 4248 strorum
690 4195 972 4248 concilium
1009 4193 1260 4253 recitatis,
1291 4191 1357 4244 de
1383 4191 1574 4258 Optato
1610 4199 1784 4243 autem
1815 4191 2014 4244 nullum

435 4287 686 4339 recitatur
712 4301 742 4339 a
775 4285 962 4347 nobis;
993 4283 1110 4337 ideo
1136 4292 1287 4351 putas
1320 4281 1446 4334 nulli
1481 4292 1717 4334 nostrum
1749 4281 1908 4336 licere
1938 4283 2016 4335 di-

433 4393 577 4440 cere,
607 4376 717 4444 Ego
742 4377 1082 4429 (Ia-cilianum
1115 4388 1212 4426 nec
1234 4374 1469 4435 absolvo,
1498 4388 1596 4426 nec
1616 4373 1809 4425 damno
1836 4391 1848 4426 :
1875 4373 2017 4441 quod

435 4470 525 4522 tibi
577 4468 718 4521 licuit
758 4467 823 4520 de
861 4465 1095 4534 Optato?
1125 4464 1228 4520 Sed
1274 4463 1467 4517 factum
1496 4473 1577 4518 est
1615 4479 1709 4532 pro
1735 4465 2019 4518 Careiliano

435 4559 696 4626 posterius
734 4557 986 4626 judicium
1031 4555 1444 4610 transmarinum
1471 4558 1491 4586 ¹
1520 4554 1618 4624 (tt),
1653 4554 1843 4607 vestris
1878 4554 2016 4622 apud

433 4653 837 4706 Constantinum
871 4652 1244 4719 imperatorem
1278 4659 1328 4700 Ill
1365 4648 1512 4700 lierct
1543 4645 1882 4703 instantibus.
1914 4647 2019 4698 Aut

434 4746 474 4796 μί
518 4743 874 4797 ecclesiastica
915 4741 1134 4811 judicia,
1168 4756 1284 4809 qute
1315 4739 1464 4808 pritts
1497 4736 1630 4791 facta
1671 4735 1886 4803 fuerint,
1909 4735 2017 4804 jam

435 4837 658 4890 convelli
691 4852 795 4888 non
826 4845 1078 4905 possunt;
1108 4831 1234 4903 quid
1261 4831 1328 4886 de
1357 4831 1622 4886 Pritniano
1653 4831 1838 4884 facturi
1868 4832 2016 4892 estis,

437 4938 614 4981 te-tm
658 4928 907 4994 episcopo
948 4924 1373 4992 Carthaginensi,
1419 4932 1604 4977 contra
1646 4936 1802 4989 quem
1851 4921 2020 4988 primo

436 5031 668 5084 ct-ntmn,
702 5017 876 5086 plures
908 5017 1086 5085 utique
1126 5031 1282 5084 quam
1325 5015 1390 5066 de
1431 5013 1712 5067 (Iateiliano
1752 5011 2023 5079 jttdicave-

440 5123 559 5165 Iunt
591 5112 690 5179 (ὑ),
717 5111 874 5178 eique
905 5111 1160 5176 abrogato
1187 5107 1492 5173 episcopatu
1526 5103 1894 5160 Maximiannm
1928 5119 2022 5170 pro

438 5207 524 5256 illo
555 5202 974 5257 constituerunt?
1003 5199 1188 5256 Nonne
1220 5197 1517 5250 l’ritnianus
1549 5195 1842 5263 posteriore
1877 5194 2020 5262 judi-

435 5299 519 5348 εἰ)
568 5297 770 5356 nititttr,
815 5293 953 5360 quod
1003 5308 1096 5359 pro
1138 5290 1226 5350 illo
1265 5288 1460 5342 factum
1501 5297 1581 5339 est
1621 5287 1669 5338 in
1706 5285 1900 5354 oppido
1929 5286 2022 5337 lla-

504 5482 520 5512 ‘
547 5486 596 5527 tn
623 5486 762 5537 3155.,
808 5482 853 5526 et
893 5482 1057 5525 austra
1081 5468 1398 5528 COIbt’itﬂlitt,‘
1441 5468 1614 5522 ottiissa
1658 5474 1869 5527 negante
1915 5478 2024 5526 par-

479 5541 600 5588 tu‘a.

525 5550 567 5576 .,.

441 5550 536 5632 vi:
676 5608 750 5650 Fr.
774 5609 823 5652 et
847 5597 1014 5662 plures
1055 5603 1182 5654 Mss,
1202 5591 1434 5658 posterius
1449 5589 1710 5653 judicium,
1740 5596 1965 5638 trtatsnan
1985 5588 2016 5636 i-

442 5676 514 5712 ms
540 5673 718 5711 ιίέιιίδ.

506 5745 576 5798 (ἐξ)
606 5752 859 5792 ιέίιιιιςιιιιιιω
885 5741 1111 5792 \‘i-zIeIi-‘t‘t
1131 5746 1182 5788 et
1209 5736 1509 5785 Arelatense.

507 5795 577 5858 th,-
606 5811 650 5846 ιιι
675 5805 842 5847 ἱῖιῖιιιΐδ
867 5806 1056 5850 »ιιξιιιυ
1095 5799 1312 5850 concilio.
1357 5798 1470 5845 \itle
1511 5804 1666 5842 t-Tnat‘r.
1704 5798 1750 5844 in
1791 5795 1908 5844 l‘sal.
1950 5795 2028 5850 32,

445 5877 514 5922 at.
532 5880 591 5918 iii.
619 5861 666 5921 Ξῖ,
696 5876 743 5912 tt.
770 5865 842 5922 ζει.

1135 421 1403 474 CONTRA
1443 413 1878 474 CRESCONIUM
1921 413 2379 482 DONATIS'YAM,
2434 418 2489 469 S.
2549 417 2908 472 AUGUSTIX‘I

3584 420 3694 474 5οι

2104 532 2303 599 gaiensi
2327 550 2341 598 ;
2369 535 2661 589 secundum
2694 538 2832 605 quod
2858 537 3114 604 judicium
3139 557 3242 592 non
3271 540 3378 594 vult
3405 539 3474 596 de
3503 557 3562 597 se
3591 543 3690 598 duo

2105 623 2279 690 bitari,
2311 626 2403 678 sed
2439 628 2506 680 ab
2549 628 2795 681 omnibus
2826 629 2974 682 vobis
3019 646 3076 684 se
3120 641 3400 701 extorquet
3445 633 3692 688 absolvi?

2106 714 2253 770 Unde
2283 726 2337 770 ct
2362 733 2459 772 nos
2490 720 2780 772 secundum
2823 723 3084 789 p0sterius
3122 723 3188 775 tle
3223 723 3509 779 Ca‘CiIinttO
3547 727 3692 796 judi—

2102 808 2241 860 cium
2285 823 2501 876 prorsus
2541 826 2661 864 cum
2710 811 3076 866 incunctanter
3114 813 3454 870 absolvimus.
3483 816 3692 872 Sufﬁcit
3737 839 3774 890 rs

2106 908 2281 953 tamen
2309 899 2374 954 ad
2403 916 2638 966 causam,
2672 902 2713 956 si
2745 902 2845 956 hoc
2871 903 2938 957 de
2966 904 3055 957 illo
3083 905 3336 968 dicamus,
3368 907 3506 976 quod
3540 919 3593 962 tu
3623 909 3691 962 de
3729 887 3755 928 λέ

2103 987 2294 1058 Optato
2324 991 2500 1045 dixisti
2532 1010 2544 1045 :
2574 991 2680 1048 Nos
2707 994 3044 1048 Cacilianum
3087 1011 3183 1050 nec
3211 997 3558 1064 absolvimus,
3593 1017 3691 1056 ιιι-ρ

2103 1081 2438 1137 damnamus.
2460 1083 2700 1138 Viderint
2728 1085 2824 1149 illi,
2847 1099 2940 1139 seu
2971 1087 3150 1152 vestri,
3174 1102 3270 1141 seu
3294 1090 3482 1153 nostri,
3503 1107 3692 1159 quem-

2104 1173 2390 1228 admodum
2411 1173 2477 1228 dc
2501 1174 2589 1229 illo
2609 1174 2997 1243 judicaverint;
3030 1175 3126 1245 ipsi
3155 1194 3370 1233 suarum
3402 1185 3689 1241 sententia-

2105 1279 2222 1320 rum
2249 1265 2507 1320 rationem
2538 1266 2782 1334 reddant,
2809 1265 2905 1335 ipsi
2932 1276 3145 1337 portent
3169 1283 3262 1322 seu
3291 1270 3413 1326 mali
3440 1286 3532 1326 seu
3565 1272 3693 1327 boni

2105 1356 2184 1409 sui
2205 1357 2383 1426 operis
2407 1357 2699 1410 sarcinam:
2726 1358 2879 1412 nobis
2905 1357 2970 1412 de
2999 1358 3186 1413 alienis
3218 1357 3370 1414 factis
3392 1361 3575 1416 saltem
3599 1363 3690 1429 «ιιι.

2106 1449 2275 1504 bitare
2304 1449 2613 1518 permittite,
2643 1465 2711 1505 ne
2731 1465 2983 1520 cogamur
3011 1450 3060 1504 in
3086 1451 3239 1505 nobis
3265 1468 3324 1505 ea
3347 1451 3688 1507 Sacramenta

2105 1529 2473 1606 damnare,de
2499 1541 2691 1610 quibus
2724 1557 2827 1595 non
2861 1543 2979 1596 licet
3007 1541 3270 1598 dubitare.
3293 1542 3396 1598 Sed
3421 1545 3527 1613 jam
3557 1546 3700 1608 disi.

2106 1633 2244 1687 senti
2281 1633 2349 1688 de
2384 1634 2576 1702 Optato
2605 1634 2747 1704 quod
2783 1636 2862 1690 vis
2886 1652 2898 1686 :
2924 1651 3096 1704 neque
3120 1637 3261 1692 enim
3292 1647 3373 1690 est
3401 1638 3538 1691 unde
3565 1653 3690 1693 con-

2109 1724 2381 1779 vincamus
2408 1739 2551 1790 eum,
2582 1725 2669 1792 qui
2700 1739 2804 1778 non
2833 1725 2969 1794 apud
2997 1736 3110 1779 acta
3139 1728 3436 1790 Commisit;
3467 1745 3582 1798 qua:
3613 1739 3693 1782 ta-

2110 1832 2232 1871 men
2266 1818 2337 1871 ita
2366 1819 2656 1884 commisit,
2686 1828 2742 1871 ut
2770 1819 2908 1872 inter
2933 1818 3172 1872 Gildonis
3212 1819 3468 1874 satellites
3505 1823 3694 1890 pratei-

2110 1925 2244 1978 puus
2268 1909 2571 1972 haberetur,
2598 1919 2885 1973 teneretur,
2912 1921 3227 1965 moreretur.
3250 1911 3516 1981 Numquid
3534 1915 3696 1970 etiam

2109 2001 2177 2054 de
2221 1999 2489 2054 Feliciano
2532 2009 2585 2054 et
2626 2000 2945 2056 Prartextato
2991 2003 3150 2056 sociis
3191 2002 3529 2071 Maximiani,
3562 2020 3698 2073 quos

2113 2093 2336 2148 trecenti
2365 2102 2419 2147 et
2447 2094 2632 2148 decem
2664 2094 2900 2164 episcopi
2932 2095 3092 2149 vestri
3123 2110 3244 2150 cum
3273 2097 3482 2150 ceteris
3511 2098 3696 2153 simili-

2115 2197 2194 2243 ter
2222 2190 2534 2242 nominatim
2563 2191 2851 2259 eXpressis,
2876 2206 2975 2244 una
3004 2190 3298 2261 eademque
3323 2193 3582 2245 sententia
3610 2193 3698 2246 Ba-

2113 2280 2308 2347 gaitani
2357 2281 2564 2334 concilii
2610 2279 3015 2347 damnaverunt,
3062 2282 3392 2353 eosdemque
3431 2300 3536 2336 non
3583 2296 3699 2354 post

2115 2386 2334 2441 parvum
2368 2379 2575 2440 tempus
2597 2371 2672 2442 (ιι)
2697 2388 2816 2426 cum
2845 2373 3092 2426 onmibus
3114 2388 3247 2443 quos
3273 2374 3506 2427 damnati
3533 2375 3697 2444 ι›;ιι›ιιο

2115 2471 2386 2526 zaverunt,
2411 2462 2547 2517 sicut
2575 2463 2808 2528 fuerunt,
2832 2464 3110 2534 episcopos
3137 2475 3505 2535 susceperunt,
3533 2467 3699 2536 quod-

2117 2553 2246 2606 libet
2272 2557 2421 2607 vobis
2449 2555 2648 2622 garrire
2679 2555 3038 2624 permittitur?

2187 2645 2412 2700 CAPUT
2455 2645 2591 2700 XIV.
2632 2678 2700 2686 —
2742 2648 2828 2701 17.
2870 2647 3128 2715 Quocirca
3155 2663 3505 2718 qurecumque
3530 2649 3581 2703 in
3606 2664 3704 2704 nos

2116 2737 2230 2790 sive
2263 2736 2314 2789 in
2356 2747 2571 2792 nostros
2603 2737 2753 2806 quasi
2786 2737 3049 2807 parcendo
3082 2749 3134 2793 et
3165 2740 3528 2808 przeterenudo
3560 2740 3701 2796 dixi-

2117 2827 2185 2881 sti
2215 2829 2250 2892 ι,
2281 2827 2398 2884 sine
2427 2830 2752 2893 nominibus,
2781 2831 2895 2884 sine
2925 2831 3166 2896 testibus,
3190 2833 3306 2886 sine
3337 2833 3455 2886 ullis
3482 2833 3708 2887 omnino

2117 2919 2474 2984 documentis,
2500 2921 2688 2990 partim
2711 2921 2978 2991 culpaudo
2999 2938 3118 2991 qua:
3143 2923 3398 2995 culpanda
3423 2938 3525 2977 non
3552 2933 3701 2990 sunt,

2119 3013 2308 3083 partim
2339 3028 2456 3082 qua:
2482 3012 2742 3082 culpanda
2771 3023 2914 3080 sunt,
2939 3029 3042 3070 non
3073 3015 3365 3084 probando,
3390 3031 3698 3084 supervaca-

2122 3122 2278 3159 ncutn
2305 3115 2387 3160 est
2414 3106 2552 3160 velle
2583 3122 2825 3177 purgare.
2852 3107 3004 3172 Istos,
3044 3107 3174 3161 istos
3199 3109 3387 3162 iterum
3420 3111 3632 3164 attende
3659 3111 3701 3175 ’,

2122 3197 2444 3255 Felicianum
2473 3199 2815 3254 Mustitanum
2847 3209 2900 3254 et
2925 3199 3302 3254 Pt-zetextatum
3331 3203 3707 3255 Assuritantun

2121 3291 2394 3360 aliquanto
2422 3291 2726 3360 diligentius
2763 3294 2989 3358 intuere,
3023 3307 3248 3362 quorum
3291 3303 3451 3347 totam
3489 3308 3705 3348 causam

2122 3398 2220 3436 suo
2246 3384 2365 3438 loco
2397 3388 2489 3444 ita.
2513 3386 2554 3440 si
2582 3385 2838 3440 Dominus
2863 3387 3178 3452 permiserit,
3211 3387 3486 3457 explicabo
3513 3387 3703 3458 (Infra,

2123 3483 2224 3526 toto
2254 3475 2339 3527 lib.
2373 3475 2450 3544 4),
2483 3484 2541 3529 ut
2583 3479 2741 3529 etiam
2781 3477 2824 3530 si
2865 3476 3060 3531 nimius
3102 3476 3271 3531 hostis
3310 3479 3549 3533 veritatis
3586 3495 3714 3535 esse

2122 3549 2370 3625 volueris.
2401 3574 2694 3620 vestrorum
2727 3566 3060 3620 mendacium
3091 3566 3376 3622 defendere
3402 3569 3483 3622 vel
3513 3585 3708 3638 negare

2125 3669 2228 3707 non
2274 3656 2445 3724 possis
2485 3673 2498 3710 :
2535 3657 2628 3711 sed
2669 3673 2808 3712 nunc
2851 3659 3057 3712 interim
3103 3658 3392 3713 secundum
3436 3660 3537 3715 hoc
3576 3661 3716 3716 mihi

2123 3749 2295 3816 p'acct
2347 3761 2504 3816 agerc
2547 3749 2688 3816 quod
2740 3747 2829 3802 tibi
2876 3749 3158 3815 dixerunt;
3202 3749 3434 3804 nondum
3477 3750 3711 3806 discutio

2123 3854 2280 3904 quam
2322 3854 2503 3891 verum
2544 3838 2795 3902 dixerint,
2840 3838 3072 3893 ntmdum
3116 3840 3337 3894 ostendo
3377 3857 3534 3910 quam
3577 3842 3710 3895 mira

2125 3929 2464 3996 impudentiae
2508 3929 2742 3984 excitate
2790 3931 2991 3984 mentiti
3041 3932 3167 3986 sint.
3203 3932 3360 3987 Certe
3393 3948 3507 3985 cum
3546 3933 3608 3987 de
3649 3935 3710 3985 iis

2122 4039 2245 4092 quos
2279 4018 2686 4075 Maximianistas
2728 4023 3006 4092 appellavi,
3046 4033 3095 4078 et
3138 4023 3392 4078 damnatis
3435 4034 3713 4078 uestrorum

2121 4115 2334 4166 cunei/io
2381 4125 2423 4167 et
2473 4115 2701 4185 rect-ptis,
2734 4116 2784 4169 in
2824 4116 3040 4185 epistola
3084 4132 3192 4169 mea
3235 4117 3532 4188 pet-legeres,
3571 4117 3711 4170 sicut

2125 4207 2333 4266 scribis.
2367 4208 2510 4261 cattle
2541 4217 2793 4276 permotus
2819 4224 2870 4262 es
2893 4225 2913 4262 :
2939 4209 3125 4278 quippe
3163 4225 3276 4262 cum
3307 4208 3473 4260 adhuc
3512 4207 3714 4277 (verbis

2125 4297 2265 4352 enim
2291 4300 2391 4353 tuis
2423 4300 2562 4371 utar)
2586 4299 2720 4369 quod
2748 4298 2946 4352 haberet
2970 4298 3148 4352 veritas
3169 4299 3446 4368 ignorares.
3471 4297 3714 4366 Denique

2125 4398 2312 4453 statim,
2345 4393 2479 4445 sicut
2506 4405 2710 4448 narras.
2739 4406 2803 4442 ex
2829 4388 3001 4443 vestris
3035 4388 3282 4458 episcopis
3313 4387 3604 4458 diligentius
3633 4387 3712 4440 in-

2124 4483 2357 4550 quisisti;
2383 4491 2530 4550 atque
2560 4481 2681 4549 ipsis
2711 4479 3030 4542 docentibus,
3059 4488 3102 4532 et
3132 4477 3384 4533 decretum
3410 4476 3633 4541 concilii,
3667 4486 3712 4529 et

2126 4573 2419 4624 sententiam
2451 4573 2500 4623 in
2528 4587 2611 4624 eos
2641 4571 2725 4639 qui
2753 4570 2979 4622 damnati
3004 4579 3120 4622 sunt
3149 4570 3356 4633 dictant,
3386 4578 3431 4624 et
3457 4568 3531 4622 rei
3560 4570 3712 4622 totius

2127 4663 2355 4716 ordinem
2395 4662 2686 4730 cognovisti.
2736 4660 2802 4714 Et
2849 4659 2970 4729 quia
3011 4669 3067 4714 et
3105 4675 3189 4714 me
3227 4658 3352 4728 quid
3392 4670 3600 4728 gestum
3646 4660 3715 4711 sit

2128 4757 2374 4820 ignorare
2415 4752 2690 4815 credebas,
2722 4750 2849 4822 quid
2881 4751 3077 4805 veritas
3119 4749 3337 4804 haberet
3379 4750 3620 4803 hortatus
3658 4759 3717 4802 ut

2127 4848 2420 4908 discerem,
2458 4845 2526 4896 ita
2559 4843 2809 4912 deinceps
2845 4851 3033 4896 cuneta
3075 4841 3320 4894 narrasti.
3356 4839 3483 4894 Vide
3513 4841 3634 4908 quia
3666 4842 3716 4893 in

2130 4937 2227 4991 bac
2259 4951 2414 4989 eausa
2447 4936 2606 4987 verba
2647 4934 2757 5001 ipsa
2797 4943 2880 4985 tua
2921 4946 3060 5000 pono
3088 4946 3150 4984 ex
3190 4929 3412 4998 epistola
3441 4941 3566 4995 tua;
3596 4941 3722 4986 sunt

2129 5031 2270 5084 enim
2297 5028 2424 5081 mihi
2453 5027 2865 5095 pernecessaria.

2201 5116 2426 5173 CAPUT
2467 5115 2580 5170 XV.
2612 5145 2682 5155 ~—
2712 5115 2796 5168 18.
2831 5115 2956 5168 Cum
3007 5132 3156 5184 quant
3212 5115 3485 5183 plurimos,
3520 5113 3716 5180 inquis,

2131 5211 2391 5281 episcopos
2439 5225 2578 5263 error.
2630 5207 2722 5260 sibi
2775 5207 3078 5260 Maximiani
3132 5208 3325 5260 sociare
3373 5207 3716 5267 contenderet,

2131 5314 2388 5356 etnitracto
2416 5320 2444 5354 α
2473 5303 2653 5356 nostris
2700 5300 2932 5363 concilio,
2964 5301 3016 5354 in
3054 5318 3142 5353 eos
3182 5317 3353 5352 omnes
3391 5300 3476 5367 qtti
3518 5300 3569 5350 in
3615 5300 3720 5366 esz

2134 5395 2399 5446 schismate
2431 5393 2777 5460 perstitissent,
2811 5392 3006 5460 prolata
3050 5392 3294 5443 sententia
3337 5399 3408 5441 est
3432 5404 3448 5440 :
3474 5404 3625 5450 quam
3671 5399 3718 5436 tu

2203 5543 2360 5590 'I-‘diti
2385 5580 2396 5600 ,
2440 5539 2650 5589 tlia'istis.
2697 5547 2795 5587 Duo
2831 5548 2965 5600 Elissa,
3016 5537 3183 5589 dixisti
3214 5551 3228 5586 .·
3253 5537 3466 5585 refertur
3511 5535 3568 5582 ad
3615 5544 3719 5581 tri»

2136 5607 2370 5654 Si‘ttliilllll.
3668 5658 3669 5661 η

2203 5671 2218 5696 ²
2250 5668 2376 5728 Apud
2403 5672 2473 5712 t-‘.r.
2510 5664 2654 5723 Lugd.
2693 5673 2842 5728 r\'en.,
2870 5674 3078 5728 parqzn'e
3119 5663 3245 5709 istos.
3295 5668 3470 5709 Iterum
3513 5665 3715 5713 attende.

2139 5737 2266 5782 lov.,
2285 5725 2518 5788 parqare.
2548 5733 2658 5773 [διας
2685 5727 2854 5773 iterant
2879 5732 2955 5772 all:
2974 5725 3084 5770 mle.
3157 5731 3206 5768 λι.

2203 5793 2272 5836 ’.τι
2293 5785 2346 5835 Ἰιι
2373 5789 2493 5834 libro
2516 5789 2579 5834 dt-
2602 5789 2753 5836 ιὲιιδιὶυ
2773 5800 2882 5836 cum
2906 5788 3110 5834 titncrito
3134 5794 3164 5818 ἰ
3197 5785 3392 5833 ennium
3415 5793 3540 5844 pene
3571 5787 3732 5830 totum.

2145 5854 2477 5901 illi'.‘tt:t‘:$ia>;'
2501 5851 2629 5898 tIii‘tl.
3431 5850 3434 5854 ’
