4066 6200
309 374 414 434 505

308 500 504 557 quoque
537 493 583 538 te
622 483 801 555 legisse
841 484 1057 538 testaris.
1089 483 1216 551 Qua:
1243 500 1355 538 cum
1383 486 1624 538 sententia
1652 503 1893 542 consensu

316 576 536 631 euntium
561 576 870 644 ﬁrmaretur,
894 576 1082 646 placuit
1110 587 1295 646 tamen,
1321 576 1512 647 inquis,
1544 578 1739 632 decreto
1768 596 1893 634 con-

310 668 412 719 cilii
441 667 735 720 dilationem
761 667 1000 735 temporis
1027 668 1158 730 dari,
1186 668 1321 721 intra
1344 670 1479 739 quod
1507 669 1550 722 si
1574 671 1685 737 quis
1709 670 1894 741 corrigi

311 759 566 823 roluisset,
607 759 844 812 innocens
883 758 1162 813 haberetur.
1198 760 1288 814 Sic
1330 760 1518 830 factum
1555 772 1656 827 est,
1696 762 1889 830 inquis,

309 860 363 902 ut
390 866 487 902 non
516 849 682 902 solum
705 841 806 902 duo
828 850 904 903 illi
929 867 1053 917 quos
1076 868 1324 904 memoras
1345 850 1442 923 (a),
1466 852 1553 904 sed
1578 853 1725 904 etiam
1748 852 1892 904 multi

309 942 396 994 alii
444 940 650 1011 purgati
689 949 837 1010 atque
875 941 1159 1010 innocentes
1188 959 1241 995 se
1268 941 1507 995 Ecclesiae
1534 942 1888 996 reddidissent.

315 1032 537 1099 Quorum
580 1033 695 1086 ideo
714 1030 976 1103 Baptisma
1005 1034 1221 1087 rescindi
1249 1050 1347 1086 non
1382 1033 1577 1098 debuit,
1605 1034 1723 1102 quia
1756 1034 1891 1086 intra

313 1122 439 1176 .‘liem
472 1125 806 1191 pra'stitutum
843 1124 1088 1187 restituti,
1132 1124 1464 1195 peremptoria
1504 1124 1748 1176 sententia
1788 1139 1890 1176 non

308 1225 625 1281 tenerentur;
655 1234 774 1282 nec,
815 1234 929 1270 cum
967 1216 1298 1288 baptizarent,
1339 1219 1542 1288 fuerunt
1569 1216 1630 1269 ab
1660 1214 1890 1269 Ecclesia

308 1312 552 1381 separati,
594 1312 784 1381 quippe
828 1310 1039 1363 necdum
1096 1310 1337 1363 transacti
1385 1310 1627 1379 temporis
1672 1308 1890 1376 deﬁnita

307 1413 434 1457 meta
462 1404 725 1473 disjuncti.
766 1402 835 1456 lli
877 1414 1045 1456 autem
1105 1402 1193 1473 qui
1241 1403 1389 1455 etiam
1432 1412 1544 1472 post
1592 1402 1888 1473 prtedictum

309 1495 435 1550 diem
462 1512 574 1548 cum
599 1494 914 1548 Maximiano
937 1495 1256 1564 pertinaciter
1284 1494 1620 1563 perstiterunt,
1646 1491 1889 1546 sententia

310 1587 645 1642 damnationis
689 1587 885 1649 retenti,
929 1586 1081 1639 simul
1123 1596 1169 1638 et
1207 1584 1468 1655 Baptisma
1515 1593 1561 1638 et
1606 1582 1887 1637 Ecclesiam

304 1678 628 1742 perdiderunt
673 1676 765 1747 (ὁ).
812 1676 935 1730 Ιιςίξο
975 1678 1137 1730 verba
1179 1685 1264 1730 tua
1303 1686 1469 1740 certe,
1510 1675 1581 1728 mi
1606 1673 1885 1739 Cresconi,

303 1768 581 1835 cognoscis
610 1784 672 1821 ex
706 1767 942 1836 epistola:
971 1775 1075 1821 tua:
1101 1767 1439 1829 contextione
1469 1780 1741 1835 expressa.

367 1858 595 1913 CAPUT
638 1858 863 1913 XVI.—
882 1859 967 1912 19.
993 1857 1222 1913 Proinde
1242 1874 1423 1927 quan-0
1447 1858 1543 1911 abs
1575 1867 1646 1922 te,
1673 1857 1729 1911 Si
1752 1871 1889 1911 non-

301 1950 421 2006 dim
470 1950 679 2003 fuerant
716 1951 782 2003 ah
818 1949 1057 2005 Eetrlcsia
1101 1949 1360 2018 separati,
1399 1947 1666 2019 quomodo
1705 1948 1759 2001 iu
1799 1964 1884 2002 eos

300 2056 466 2093 omnes
493 2042 578 2111 qui
608 2043 657 2093 in
683 2040 987 2095 Maximiani
1011 2042 1279 2094 schismate
1303 2041 1651 2110 perstitissent,
1682 2041 1883 2109 prolata

298 2136 539 2186 sententia
580 2144 682 2198 cst,
722 2150 835 2201 qua:
875 2150 987 2186 cum
1024 2150 1266 2188 consensu
1307 2136 1530 2187 omnium
1567 2135 1877 2202 ﬁrmaretur,

295 2228 486 2294 placuit
517 2236 679 2280 tamen
708 2227 905 2280 decreto
935 2227 1134 2280 concilii
1164 2227 1455 2280 dilationem
1481 2227 1718 2296 temporis
1740 2227 1872 2295 dari,

297 2318 424 2369 intra
455 2318 592 2387 quod
620 2317 664 2370 si
689 2318 799 2383 quis
825 2318 1009 2389 corrigi
1038 2318 1294 2381 voluisset,
1319 2318 1554 2372 innocens
1581 2318 1881 2371 haberetur?

295 2407 497 2472 Quibus
526 2410 703 2463 verbis
732 2409 987 2475 ostendis,
1015 2425 1199 2464 eorum
1224 2410 1311 2478 qui
1343 2410 1394 2463 in
1423 2409 1719 2463 Maximiani
1746 2410 1881 2463 schi-

292 2512 464 2556 smate
495 2503 868 2570 perstitissent,
897 2502 940 2555 si
969 2504 1087 2571 quis
1118 2502 1252 2555 intra
1284 2502 1589 2556 dilationem
1623 2501 1878 2570 temporis

297 2594 490 2663 corrigi
536 2593 808 2659 voluisset,
860 2595 1115 2647 innocens
1167 2592 1469 2647 haberetur.
1506 2593 1878 2663 Corrigcrctnr

296 2698 443 2753 ergo,
476 2683 519 2736 si
562 2684 680 2750 quis
717 2682 909 2754 corrigi
948 2684 1222 2751 voluisset,
1252 2684 1319 2737 ab
1364 2684 1453 2737 illo
1492 2684 1780 2738 schismate
1821 2684 1874 2738 in

293 2790 395 2841 quo
439 2789 558 2828 cum
598 2775 915 2829 Maximiano
953 2777 1295 2844 perstiterat:
1331 2775 1550 2844 proinde
1590 2784 1875 2844 antequam

291 2867 669 2934 corrigcrctnr,
708 2867 760 2920 in
805 2866 1090 2921 schismate
1135 2876 1278 2932 erat,
1314 2866 1365 2921 in
1396 2882 1501 2937 quo
1531 2869 1870 2936 perstiterat;

290 2958 533 3025 quamvis
565 2959 616 3012 in
644 2973 728 3023 co,
761 2959 880 3028 quia
918 2960 1050 3013 intra
1082 2960 1333 3028 placitum
1367 2967 1575 3028 tempus
1602 2969 1873 3014 correctus

288 3056 386 3111 est,
427 3064 533 3101 non
566 3050 910 3117 pertinaciter
949 3050 1285 3119 perstitisset.
1312 3050 1444 3104 Nam
1473 3059 1528 3105 et
1554 3051 1872 3120 posteriori-

286 3138 379 3193 bus
420 3140 600 3196 verbis
641 3141 798 3209 paulo
832 3149 951 3209 post
997 3141 1067 3194 ita
1108 3142 1432 3212 distinguis:
1467 3142 1539 3196 lli
1578 3152 1745 3198 autem
1785 3145 1872 3214 qui

280 3229 432 3282 etiam
466 3240 576 3297 post
605 3231 906 3299 prtedit'tum
929 3231 1062 3283 diem
1087 3248 1198 3284 cum
1219 3232 1531 3286 Maximiano
1552 3236 1874 3303 pertinaciter

282 3321 630 3384 perstiterunt,
659 3319 907 3372 sententia
936 3320 1276 3373 damnationis
1300 3323 1494 3389 retenti,
1523 3323 1675 3377 simul
1703 3335 1748 3376 et
1767 3323 1875 3377 Ba-

278 3410 471 3476 ptisma
497 3419 543 3461 et
572 3407 853 3461 Ecclesiam
891 3409 1214 3477 perdiderunt
1241 3424 1259 3463 :
1291 3411 1476 3465 dicens
1507 3414 1687 3482 utique
1706 3455 1720 3478 ,
1756 3431 1875 3484 per-

277 3500 517 3553 tinaciter
542 3498 887 3568 perstiterunt,
917 3500 1154 3554 ostendis
1180 3501 1339 3554 etiam
1384 3501 1502 3556 illos
1527 3504 1616 3572 qui
1643 3506 1868 3559 correcti

276 3600 397 3644 sunt
430 3590 764 3659 perstitisse,
806 3591 897 3644 sed
931 3607 1035 3645 non
1076 3592 1435 3661 pertinaciter.
1468 3594 1521 3648 lu
1552 3611 1686 3666 quos
1712 3597 1870 3652 simul

276 3696 469 3736 omnes
499 3681 703 3750 prolata
729 3690 813 3736 est
846 3681 931 3735 illa
967 3684 1228 3737 sententia
1261 3685 1301 3749 ³,
1331 3677 1439 3754 qua
1459 3700 1722 3741 consensu
1748 3702 1869 3741 om-

278 3774 427 3826 nium
459 3770 795 3838 cmulirmata,
834 3773 1097 3843 placuisse
1126 3784 1300 3826 tamen
1331 3773 1466 3828 dicis
1492 3775 1707 3829 decreto
1736 3791 1869 3830 con-

278 3867 380 3920 cilii
414 3865 725 3920 dilationem
763 3865 904 3920 illam
944 3866 1195 3934 temporis
1221 3865 1357 3919 dari.
1383 3866 1669 3933 Quomodo
1708 3868 1870 3937 igitur

279 3960 327 4011 ia
371 3958 614 4012 Ecclesia
660 3966 829 4020 erant,
878 3959 966 4027 qui
1020 3968 1302 4027 antequam
1354 3960 1766 4028 corrigerentur,
1812 3960 1867 4014 in

278 4050 568 4102 schismate
619 4064 740 4102 cum
786 4048 1103 4101 Maximiano
1154 4048 1497 4117 perstabant?
1526 4049 1677 4116 Quod
1725 4051 1768 4104 si
1814 4050 1865 4105 in

282 4140 525 4194 Ecclesia
550 4154 652 4193 non
678 4151 847 4198 erant,
871 4139 989 4209 quia
1019 4140 1068 4193 in
1091 4140 1378 4193 schismate
1402 4149 1574 4205 erant,
1598 4142 1867 4212 quomodo

283 4229 619 4298 baptizabant
639 4230 663 4281 ‘l
687 4229 910 4293 Deinde,
942 4229 1210 4297 quomodo
1253 4230 1443 4284 factum
1484 4240 1585 4296 est,
1617 4233 1754 4287 sicut
1786 4233 1867 4287 di-

281 4321 376 4381 cis,
402 4330 460 4375 ut
482 4337 586 4376 non
608 4321 780 4376 solum
812 4322 884 4375 illi
907 4337 1042 4390 quos
1073 4324 1384 4390 memoravi,
1411 4324 1503 4379 sed
1532 4328 1690 4381 etiam
1716 4327 1866 4382 multi

281 4411 366 4465 alii
414 4412 621 4481 purgati
670 4422 828 4482 atque
876 4412 1185 4467 innocentes
1226 4428 1285 4469 se
1314 4415 1566 4470 Ecclesia:
1602 4416 1865 4472 reddidis-

280 4512 414 4565 sent,
447 4505 492 4557 si
523 4505 590 4557 ab
614 4503 848 4558 Ecclesia
882 4521 985 4558 non
1011 4514 1163 4559 erant
1191 4508 1459 4576 separati?
1478 4507 1573 4564 Cui
1602 4524 1661 4564 se
1683 4511 1863 4564 reddi-

280 4593 489 4659 derunt,
531 4594 671 4649 unde
700 4611 804 4649 nim
850 4597 1231 4650 recesserunt?
1259 4599 1366 4652 Aut
1411 4600 1454 4651 si
1503 4610 1857 4665 recesserunt,

279 4684 382 4751 dic,
418 4688 623 4755 quieso,
659 4695 940 4756 antequam
970 4701 1028 4741 se
1056 4687 1309 4742 Ecclesia:
1346 4689 1726 4756 reddidissent,
1757 4707 1863 4762 quo

274 4777 390 4848 jure
438 4780 872 4848 baptizavcruut?
917 4779 1142 4844 Quorum
1183 4782 1317 4846 ideo,
1366 4783 1561 4853 inquis,
1600 4784 1864 4856 Baptisma

280 4873 491 4925 rescindi
517 4889 617 4925 non
643 4872 831 4937 debuit,
863 4874 980 4942 quia
1019 4874 1154 4927 intra
1187 4875 1319 4928 diem
1348 4879 1681 4945 praestitutum
1720 4880 1863 4933 resti-

280 4966 387 5030 tuti,
432 4966 771 5037 peremptoria
818 4968 1063 5020 sententia
1108 4983 1208 5021 non
1253 4976 1557 5023 tenerentur.
1600 4971 1858 5038 Restituti,

291 5054 411 5122 pro?
440 5055 665 5125 Evigilo,
695 5056 935 5118 obsecro,
964 5055 1051 5110 dic
1089 5057 1263 5124 nobis,
1292 5074 1397 5128 quo
1428 5061 1696 5115 restituti?
1730 5062 1862 5115 Pro-

281 5141 411 5197 iecto
433 5146 673 5200 dicturus
699 5162 778 5213 es,
806 5146 861 5199 In
887 5147 1205 5213 Ecclesium,
1228 5149 1312 5202 cui
1343 5163 1401 5204 se
1427 5149 1545 5204 illos
1566 5151 1863 5208 reddidisse

284 5235 474 5290 ilixisti.
500 5237 861 5308 Quisquamne
887 5238 1185 5293 restituitur
1214 5239 1264 5292 in
1295 5239 1611 5308 Ecclesium,
1636 5243 1724 5312 qui
1756 5240 1859 5297 non

283 5328 430 5383 liuet-it
482 5331 549 5385 ah
602 5330 836 5384 Ecclesia
892 5332 1204 5399 separatus?
1241 5331 1602 5401 Quisquamne
1648 5334 1715 5387 ab
1760 5335 1862 5389 Ec-

281 5420 434 5473 :lesia
476 5437 580 5475 non
620 5431 895 5491 separatus
930 5421 1218 5491 quamlibet
1256 5437 1453 5490 paucos
1480 5423 1594 5478 dies
1627 5425 1863 5494 persistit

278 5512 705 5574 .n,scbismate?
743 5512 1103 5582 Quisiluamne
1150 5513 1217 5569 ab
1263 5513 1501 5569 Ecclesia
1549 5531 1654 5571 non
1703 5532 1862 5587 sepa-

337 5625 350 5653 ¹
380 5626 449 5673 sic
473 5634 579 5675 uss.
606 5627 720 5674 utili
736 5635 923 5683 autem,
947 5626 995 5674 in
1037 5639 1152 5688 quos
1177 5625 1321 5678 simul
1341 5626 1400 5678 ab
1416 5627 1632 5681 onun'bus
1655 5630 1861 5695 prolata,

277 5694 405 5803 "fni
431 5758 747 5801 t’ra‘tevtalns
766 5758 813 5799 ct
838 5749 1115 5799 Fcliciams.

338 5812 402 5872 (lt)
428 5823 439 5844 ‘
462 5815 538 5875 ile
564 5818 679 5861 una
706 5815 786 5862 lil‘.
822 5814 923 5877 ιλιι.
950 5812 1025 5869 55,

1661 371 1862 428 LIBER
1900 373 2209 434 TERTlUS.

3487 394 3595 451 506

2006 502 2150 546 ratus
2190 507 2248 547 se
2296 504 2412 563 post
2459 504 2665 569 tempus
2695 502 2986 572 quamlibet
3017 519 3233 575 parvum
3274 508 3445 566 reddit
3481 512 3587 569 Ec-

2001 582 2178 637 clesia:
2198 588 2222 636 ‘t

2071 675 2295 733 CAPUT
2325 678 2484 735 XVII.
2515 711 2587 722 ——
2610 684 2699 739 20.
2730 685 2972 743 Arbitror
3003 698 3080 757 te,
3108 691 3449 763 charissime,
3475 712 3587 753 non

1999 768 2169 824 solum
2205 771 2362 827 verba
2403 781 2485 827 tua
2518 790 2620 830 non
2649 778 3015 839 considerasse
3041 787 3421 843 eonscribenda
3440 831 3457 856 ,
3488 792 3583 845 sed

1999 874 2097 913 nec
2126 861 2317 931 legisse
2345 868 2663 937 conscripta.
2689 869 3065 928 Verumtamen
3093 871 3216 945 quid
3247 878 3468 946 laceres,
3498 884 3582 936 cui

1998 954 2288 1007 necessitas
2335 956 2384 1008 in
2430 956 2531 1012 hoc
2572 974 2732 1028 opere
2768 963 3102 1033 ingerebatur
3128 969 3178 1022 in
3210 970 3581 1028 Maximianum

1997 1056 2059 1095 ac
2090 1044 2263 1098 socios
2289 1046 2403 1115 ejus
2427 1088 2443 1112 ,
2472 1062 2576 1102 non
2606 1054 2871 1120 propriam
2902 1055 3112 1124 dicere,
3146 1060 3238 1115 sed
3268 1062 3334 1116 ab
3360 1064 3476 1117 aliis
3504 1066 3585 1119 di-

1995 1141 2134 1187 ctam
2162 1176 2176 1200 ,
2234 1138 2502 1205 quomodo
2548 1140 2564 1170 ¹
2626 1156 2842 1209 posses,
2901 1145 3178 1202 defensare
3218 1155 3532 1209 sententiam
3560 1159 3585 1210 ἲ

1994 1222 2124 1277 Nam
2155 1235 2208 1280 et
2235 1227 2278 1280 si
2307 1236 2360 1281 tu
2389 1245 2492 1282 non
2529 1233 2755 1287 utereris
2782 1234 2862 1287 his
2893 1237 3099 1304 verbis,
3130 1239 3268 1294 idem
3292 1242 3461 1310 ipsum
3484 1245 3582 1300 de-

1993 1327 2197 1370 cretum
2241 1320 2447 1373 concilii
2497 1320 2800 1391 Bagaicnsis
2843 1329 3156 1392 recitarem,
3209 1330 3295 1384 ubi
3326 1335 3580 1403 scriptum

1993 1418 2074 1462 est
2126 1426 2138 1461 :
2184 1408 2290 1463 Eos
2335 1421 2500 1465 autem
2545 1430 2669 1482 quos
2714 1416 2946 1487 sacrilegi
2982 1420 3173 1472 surculi
3212 1437 3312 1475 non
3358 1425 3585 1493 polluere

1993 1501 2282 1570 plantaria,
2324 1504 2418 1557 hoc
2458 1514 2562 1568 est,
2605 1506 2692 1577 qui
2733 1523 2764 1559 a
2808 1506 3114 1563 Maximiani
3149 1514 3313 1583 capite
3350 1518 3582 1585 praprias

1993 1609 2172 1647 manus
2211 1597 2487 1650 uerecundo
2529 1598 2649 1666 ﬁdei
2683 1599 2876 1666 pudore
2899 1609 3250 1670 retraxerunt,
3279 1605 3348 1658 ad
3373 1618 3582 1662 matrem

1991 1684 2271 1741 Ecclesiam
2298 1689 2461 1742 redire
2489 1692 2824 1760 permisimus.

2061 1777 2287 1835 CAPUT
2319 1780 2496 1835 XVIII.
2520 1813 2590 1822 —
2617 1782 2707 1837 2|.
2733 1784 2982 1851 Proinde,
3009 1793 3062 1840 et
3086 1787 3127 1840 Si
3153 1788 3274 1841 talia
3305 1799 3390 1844 tua
3416 1791 3576 1846 verba

1990 1886 2095 1925 non
2138 1874 2426 1941 reperirem
2449 1916 2462 1937 ,
2510 1873 2597 1928 hic
2637 1885 2784 1929 certe
2821 1876 3083 1942 dicerem,
3119 1877 3205 1931 hic
3235 1895 3328 1947 pro
3359 1882 3579 1937 veritate

1988 1964 2272 2018 clamarem
2299 2006 2313 2030 ,
2364 1965 2643 2032 Quomodo
2686 1966 2750 2019 ad
2796 1978 3019 2027 matrem
3068 1969 3355 2023 Ecclesium
3405 1974 3577 2028 redire

1988 2055 2363 2124 permittuntur
2385 2098 2400 2120 ,
2433 2057 2518 2126 qui
2550 2058 2615 2111 ab
2636 2057 2871 2113 Ecclesia
2894 2068 3061 2114 matre
3084 2075 3185 2114 nou
3210 2065 3576 2119 recesserunt?

1985 2146 2091 2200 Ant
2141 2147 2183 2200 si
2234 2158 2601 2216 recesserunt,
2645 2166 2749 2220 quo
2785 2151 2945 2220 jure,
2988 2161 3267 2223 antequam
3303 2156 3572 2224 redirent,

1986 2236 2253 2305 baptizare
2300 2249 2625 2306 potuerunt;
2672 2242 2770 2295 nisi
2816 2244 2935 2311 quia
2980 2245 3029 2297 in
3068 2259 3222 2298 causa
3250 2247 3573 2301 resarciendi

1986 2329 2145 2399 hujus
2186 2331 2486 2385 scliismatis
2528 2333 2674 2387 obliti
2716 2334 2844 2387 estis
2883 2336 3110 2403 propria:
3151 2337 3426 2403 vanitatis,
3469 2354 3571 2408 q-ta

1982 2432 2103 2491 post
2144 2426 2422 2491 cpisctapos
2463 2424 2528 2477 ab
2576 2424 2702 2493 ipsis
2744 2426 3115 2494 Apostolorum
3147 2428 3360 2481 sedibus
3393 2429 3571 2483 incoa-

1982 2528 2190 2567 cnssam
2236 2516 2427 2568 seriem
2471 2532 2640 2585 usque
2686 2515 2735 2569 in
2777 2518 2891 2571 hcce
2917 2528 3153 2586 tempora
3182 2520 3568 2588 perducentcs,

1982 2622 2086 2660 non
2129 2623 2290 2661 ultum
2336 2608 2602 2663 hominem
2627 2651 2640 2673 ,
2671 2626 2774 2664 non
2807 2628 2961 2665 unam
2992 2611 3209 2666 domum
3231 2655 3245 2676 ,
3278 2628 3380 2666 non
3413 2630 3569 2667 unam

1981 2699 2284 2761 civitatem,
2329 2715 2434 2754 non
2485 2718 2638 2755 unam
2682 2714 2926 2772 gentem.
2971 2705 3063 2758 sed
3092 2707 3275 2759 orbem
3308 2718 3568 2762 terrarum

1980 2790 2349 2860 Lapiizandum
2380 2808 2499 2847 esse
2527 2795 2794 2848 censetis?
2823 2805 2912 2848 aut
2939 2806 3084 2850 certe
3111 2798 3231 2865 quia
3262 2797 3416 2868 hujus
3448 2799 3569 2853 facti

1980 2880 2174 2936 horror
2215 2898 2427 2954 Semper
2464 2887 2621 2939 etiam
2654 2886 2951 2941 facientium
2982 2888 3143 2942 corda
3168 2892 3468 2955 Concussit,
3495 2900 3571 2946 tot

1980 2976 2190 3046 populis
2217 2976 2283 3031 ad
2311 2989 2537 3032 vestram
2568 2977 2996 3035 communionem
3024 2997 3052 3034 a
3084 2981 3387 3037 Maximiani
3418 2999 3568 3040 eom-

1980 3066 2233 3121 munione
2280 3068 2624 3124 redeuntibus
2644 3111 2657 3133 ,
2702 3079 2805 3123 tam
2839 3072 3036 3126 multos
3062 3073 3273 3141 quidem
3303 3073 3452 3128 libuit
3481 3091 3568 3129 re-

1979 3164 2168 3225 parare
2188 3199 2202 3220 ,
2231 3157 2322 3212 sed
2357 3159 2539 3227 puduit
2562 3170 2668 3213 tam
2701 3161 2893 3215 multos
2921 3162 3246 3231 rcbaptizare
3277 3180 3290 3216 :
3321 3164 3457 3233 quod
3487 3173 3564 3219 ta-

1977 3263 2096 3301 men
2114 3290 2128 3314 ,
2153 3248 2475 3317 quibuslibet
2498 3250 2880 3306 detestantibus
2905 3261 2959 3307 et
2982 3253 3388 3308 exhorrcnlihns
3407 3297 3423 3324 ,
3450 3272 3570 3325 pro-

1975 3347 2096 3408 pter
2141 3340 2362 3394 salutem
2418 3340 2688 3395 hominum
2731 3342 3008 3409 faceretis,
3056 3359 3173 3414 qua:
3214 3357 3411 3414 quanto
3455 3347 3569 3417 plu-

1976 3431 2113 3487 rium
2154 3431 2322 3486 fucrat
2344 3474 2357 3497 ,
2406 3441 2554 3487 tanto
2593 3434 2767 3488 minus
2793 3435 2969 3504 utique
2994 3419 3381 3490 contemnenda
3411 3445 3526 3491 erat
3548 3480 3564 3503 ,

1977 3524 2019 3577 si
2062 3524 2165 3582 hoc
2202 3542 2434 3596 unquam
2466 3527 2704 3581 contuitu
2734 3529 2969 3583 veritatis
2993 3571 3008 3597 ,
3041 3538 3096 3583 ct
3126 3547 3228 3584 non
3263 3531 3567 3601 prmjudicio

1976 3614 2221 3671 faceretis
2251 3617 2471 3671 erroris.
2507 3618 2667 3683 Vides
2692 3630 2835 3674 certe
2868 3619 2919 3673 in
2948 3618 3051 3675 hoc
3071 3620 3565 3677 Maximiancnsinm

1973 3707 2038 3760 ad
2083 3717 2312 3761 vestram
2354 3712 2783 3764 communionem
2830 3712 2999 3765 reditu
3046 3712 3401 3781 patefactum,
3440 3729 3564 3767 vera

1973 3813 2094 3852 esse
2140 3814 2258 3867 quae
2293 3798 2360 3853 de
2386 3798 2655 3867 Baptismo
2679 3800 2925 3855 dicuntur
2953 3817 2982 3855 a
3011 3803 3181 3855 nobis.
3206 3803 3334 3855 Nam
3358 3804 3401 3856 si
3430 3804 3565 3858 ullus

1973 3896 2056 3941 est
2098 3888 2149 3940 in
2188 3887 2493 3943 hominibus
2540 3889 2858 3956 intellectus,
2902 3892 2983 3945 vel
3020 3891 3227 3946 dicendi
3256 3892 3452 3962 aliquid
3483 3895 3564 3949 vel

1973 3968 2260 4042 audiendi,
2305 3980 2394 4049 qui
2436 3989 2718 4051 antequam
2760 3981 2944 4036 redeat
2971 3981 3036 4035 ad
3070 3982 3361 4036 Ecclesiam
3388 3983 3561 4052 bapti-

1971 4079 2057 4129 zat
2080 4112 2094 4138 ,
2125 4072 2362 4142 profecto
2388 4083 2536 4127 extra
2567 4073 2860 4129 Ecclesium
2886 4073 3115 4143 baptizat
3144 4092 3157 4128 :
3189 4084 3240 4127 et
3269 4086 3441 4129 tamen
3472 4091 3560 4130 rc-

1971 4163 2294 4220 scindcndus
2315 4166 2615 4235 Baptismus
2639 4182 2744 4220 non
2766 4176 2865 4232 est,
2890 4165 3028 4220 sicut
3052 4182 3149 4220 nec
3171 4168 3220 4220 in
3247 4167 3348 4221 illis
3364 4168 3560 4221 rescis-

1970 4270 2063 4311 sus
2094 4270 2124 4310 a
2150 4256 2299 4311 vobis
2324 4267 2422 4311 est.
2456 4257 2570 4325 Quo
2603 4274 2705 4311 non
2739 4268 2938 4311 mutato
2964 4300 2978 4324 ,
3011 4273 3108 4311 nec
3137 4258 3185 4310 in
3214 4273 3310 4311 suo
3334 4299 3349 4324 ,
3385 4275 3481 4312 nec
3508 4261 3558 4316 in

1970 4349 2278 4420 cujusquam
2317 4350 2565 4414 alterius,
2609 4351 2702 4406 scd
2750 4351 2799 4405 in
2839 4352 3008 4405 Patris
3033 4359 3086 4404 et
3113 4351 3226 4405 Filii
3252 4362 3304 4406 et
3332 4351 3559 4422 Spiritus

1968 4443 2136 4497 sancti
2179 4443 2392 4497 nomine
2429 4444 2651 4513 quisque
2689 4443 2936 4512 baptizat.
2966 4443 3202 4508 Deinde,
3239 4455 3432 4512 pra-ter
3463 4446 3561 4500 Ba-

1968 4535 2146 4605 ptismi
2192 4545 2579 4589 sacramentum
2606 4577 2621 4600 ,
2667 4534 2806 4605 quod
2839 4535 2918 4587 vel
2945 4534 3010 4587 ad
3045 4550 3254 4604 passiam
3285 4537 3517 4604 perversi
3540 4579 3555 4600 ,

1969 4628 2053 4682 vel
2094 4627 2158 4680 ad
2200 4628 2422 4680 salutem
2468 4628 2595 4682 recti
2631 4628 2744 4679 sive.
2771 4628 2993 4681 eorrccti
3024 4627 3281 4696 integrum
3310 4643 3554 4695 perseve-

1968 4728 2045 4772 rat
2073 4760 2087 4784 ,
2130 4718 2195 4772 de
2238 4718 2350 4788 ipsa
2386 4728 2744 4772 eorrectorum
2773 4717 3069 4787 exiiiatione
3099 4717 3182 4771 vel
3214 4718 3557 4772 nntndatione

1966 4811 2090 4864 volo
2119 4811 2314 4880 aliquid
2342 4811 2540 4865 dicere.
2575 4811 2851 4864 Meministi
2875 4811 3015 4864 enim
3041 4825 3156 4880 qua:
3182 4810 3434 4863 adversus
3459 4826 3557 4864 nos

1967 4902 2165 4957 dixeris
2186 4944 2198 4966 ,
2245 4903 2382 4971 quod
2412 4904 2686 4958 venientes
2716 4902 2780 4955 ad
2815 4919 2910 4955 nos
2942 4918 2967 4954 a
3001 4902 3150 4955 vobis
3178 4917 3238 4955 ex
3272 4900 3555 4956 haeretico-

1967 5010 2086 5049 rum
2130 4994 2389 5062 sacrilego
2433 5010 2644 5059 errore,
2673 4993 2787 5046 sine
2818 4993 2920 5046 ulla
2952 4993 3252 5060 eripiatione
3279 5002 3555 5059 susceptos

1967 5086 2278 5148 habeamus.
2329 5087 2408 5141 Tu
2450 5086 2601 5141 nobis
2626 5086 2712 5141 dic
2743 5084 2901 5138 modo
2927 5128 2941 5151 ,
2974 5085 3040 5138 de
3067 5085 3350 5138 schismate
3380 5081 3553 5136 Maxi-

1967 5178 2129 5231 miani
2171 5177 2455 5233 redeuntes
2493 5177 2557 5232 ad
2599 5194 2725 5243 vos,
2757 5192 2876 5231 cum
2907 5176 2956 5230 in
2984 5177 3094 5229 suis
3124 5175 3282 5230 etiam
3315 5174 3553 5242 suscipe-

1966 5277 2152 5323 rentur
2192 5269 2523 5335 honoribus;
2562 5283 2667 5337 qua
2706 5269 2917 5323 tandem
2943 5310 2958 5329 ,
3001 5283 3182 5338 qnazso
3206 5308 3220 5332 ,
3252 5267 3555 5334 expiatione

1968 5362 2204 5415 mundati
2250 5362 2410 5416 sont?
2455 5362 2509 5415 ln
2548 5362 2635 5414 illo
2665 5371 2808 5414 tanto
2836 5361 3039 5415 scelere
3072 5359 3416 5428 participato,
3447 5373 3553 5411 non

1967 5462 2120 5508 erant
2150 5462 2252 5506 tam
2283 5453 2480 5507 ltrl'al'ia
2510 5453 2760 5505 societate
2793 5450 3081 5505 tuacnlali?

2038 5545 2262 5601 CAPUT
2308 5545 2445 5599 XIX.
2485 5575 2554 5583 —
2595 5544 2682 5596 2‘2.
2729 5545 2952 5598 Attende
2998 5526 3120 5613 quid
3154 5542 3398 5606 insonet,
3430 5541 3553 5610 quid

1970 5639 2242 5707 increpet,
2272 5640 2392 5707 (μαι
2425 5640 2472 5691 in
2505 5640 2590 5691 illo
2622 5640 2875 5706 praurlaro
2903 5636 3125 5691 concilio
3159 5634 3382 5688 fateatur
3411 5636 3555 5692 veri-

2037 5816 2057 5857 ².
2080 5814 2197 5873 Editi
2223 5854 2233 5873 ,
2263 5826 2448 5877 quoquo
2470 5816 2624 5865 modo.
2660 5814 2954 5876 ttanuscrijti
2983 5825 3098 5865 vero
3152 5815 3400 5877 quomodo.
