4066 6200
425 389 530 445 507

423 502 602 556 dicam
643 513 704 553 os
747 494 875 550 illud
909 493 1283 562 episcoporum
1331 501 1557 544 tuorum.
1601 488 2006 551 Maximianum,

422 591 628 660 inquit,
681 587 800 652 ﬁdei
845 584 1117 646 a'mulum,
1163 582 1380 635 veritatis
1410 581 1729 645 adulterum,
1777 579 2016 632 Ecclesiae

426 680 598 734 matris
623 677 909 736 inimicum,
940 672 1156 736 Dat/ue,
1188 671 1352 726 Cltore
1371 714 1384 734 ,
1417 681 1463 725 et
1493 670 1676 723 Abiron
1708 669 2011 731 ministrum,

427 772 491 825 de
535 769 672 839 pacis
719 768 907 838 gremio
949 766 1204 819 sententia:
1250 765 1439 834 fulmen
1481 763 1694 816 excussit
1742 777 1760 816 :
1800 770 1845 815 et
1881 760 2014 830 quod

429 862 594 914 adhuc
635 876 745 913 eum
788 857 1044 910 dehiscens
1069 865 1202 908 terra
1227 872 1324 906 non
1356 854 1543 906 sorbuit
1572 852 1757 921 (Num.
1790 858 1927 916 XVI),
1947 849 2014 903 ad

428 953 595 1020 majus
637 949 937 1020 supplicium
978 947 1170 1015 superis
1209 945 1491 997 reservavit.
1529 944 1725 1013 Raptus
1753 942 1884 994 enim
1912 956 2015 1008 pce-

424 1060 543 1097 nam
587 1058 727 1094 suam
773 1039 1066 1108 compendio
1106 1036 1381 1090 lucraverat
1416 1034 1604 1103 [niteris
1632 1049 1650 1088 :
1680 1049 1858 1086 usuras
1883 1046 2017 1084 nunc

423 1135 679 1204 graviores
722 1132 911 1201 colligit
957 1129 1175 1199 fenoris,
1219 1144 1332 1181 cunt
1375 1137 1600 1178 mortuus
1638 1125 1836 1177 interest
1872 1125 2015 1176 vivis.

427 1226 574 1278 Itane
620 1223 830 1276 tandem
878 1223 926 1272 in
973 1220 1124 1287 hujus
1150 1219 1465 1279 sebiSmatc,
1498 1215 1633 1268 sicut
1662 1221 1773 1281 ipse
1797 1213 1971 1266 dixisti
1996 1255 2011 1277 ,

429 1316 808 1384 persistentes,
840 1321 1122 1378 antequam
1151 1309 1283 1362 intra
1314 1317 1518 1374 tempus
1549 1305 1849 1364 dilationis,
1879 1305 2016 1357 sicut

432 1419 486 1460 tu
521 1409 642 1459 item
675 1404 883 1463 dixisti,
917 1418 974 1454 se.
1006 1411 1195 1452 vesti-a2
1227 1399 1474 1452 I‘ICt'lesia‘
1500 1396 1874 1458 reddidissent,
1901 1394 2015 1446 nul-

429 1498 533 1549 lam
585 1495 663 1546 vel
708 1510 918 1560 parvam
965 1492 1028 1544 de
1069 1490 1222 1556 hujus
1261 1490 1512 1540 sorietate
1542 1494 2015 1540 traxerantmacu-

429 1587 572 1641 lam?
599 1586 700 1640 Sed
746 1585 864 1636 audi
895 1582 1084 1634 deinde
1111 1580 1233 1649 quid
1264 1589 1552 1649 Sequatur;
1583 1579 1702 1632 andi
1729 1620 1742 1640 ,
1772 1577 2014 1645 inquam,

427 1680 656 1732 dictator
703 1677 780 1726 vel
826 1675 1000 1726 dit-tor
1044 1673 1180 1726 illius
1229 1670 1505 1723 sententie
1549 1667 1672 1738 quid
1717 1676 2017 1722 connectat.

434 1769 547 1824 Nec
576 1770 706 1820 [tunc
741 1768 924 1822 solum.
953 1766 1150 1830 inquit,
1179 1761 1376 1816 sceleris
1403 1762 1483 1812 sui
1509 1777 1640 1812 mors
1661 1761 1802 1826 justo
1831 1758 2017 1810 conde-

428 1869 568 1913 mnat
614 1876 631 1914 :
677 1858 829 1910 traltit
874 1856 1020 1906 etiam
1061 1855 1127 1907 ad
1171 1853 1473 1906 consortium
1517 1851 1735 1902 criminis
1776 1848 2020 1915 plurimos

428 1960 603 2004 catena
629 1947 895 2016 sacrilegii,
917 1945 977 1998 de
1005 1946 1181 2015 quibus
1197 1945 1435 2012 scriptum
1464 1950 1586 2004 est,t
1611 1941 1860 1992 Venenum
1882 1940 2021 2006 aspi-

370 2103 374 2105 ἓ
433 2043 551 2093 dum
586 2040 676 2092 sub
707 2040 850 2090 labiis
877 2054 1044 2090 eorum
1068 2052 1085 2098 ;
1114 2052 1325 2104 quarunt
1351 2052 1405 2087 os
1432 2034 1778 2085 maledictioue
1803 2042 1846 2084 et
1876 2049 2017 2084 ama-

431 2137 650 2188 ritudine
697 2135 898 2204 plenum
943 2142 1012 2184 est
1037 2174 1049 2190 .
1082 2132 1267 2183 reloces
1296 2131 1441 2198 pedes
1470 2145 1637 2180 eorum
1666 2127 1733 2178 ad
1761 2125 2021 2191 e/Tundett-

432 2225 552 2277 dum
578 2226 870 2293 sanguinem
900 2238 919 2274 :
941 2222 1170 2274 contritio
1196 2232 1238 2271 et
1270 2219 1542 2288 infelicitas
1572 2218 1621 2269 in
1650 2218 1737 2268 riis
1758 2231 1945 2276 eorum,
1975 2223 2021 2266 cl

433 2316 562 2368 viam
591 2314 727 2382 pacis
749 2329 846 2364 non
880 2321 1215 2380 cognoverunt
1244 2328 1261 2359 ι
1295 2308 1462 2377 (Ρεαί.
1497 2323 1586 2361 xm
1609 2349 1620 2367 .
1642 2307 1707 2370 5,
1738 2307 1812 2373 4).
1845 2304 2016 2356 Nolle-

433 2421 544 2456 mus
581 2403 778 2467 quidem
824 2394 1060 2470 tanquam
1100 2416 1126 2452 e
1161 2399 1352 2468 proprii
1380 2397 1604 2464 corporis
1630 2399 1864 2462 iunctura
1891 2409 2020 2464 prat-

435 2499 536 2550 cidi
560 2538 574 2558 ,
603 2497 689 2550 sed
724 2496 959 2561 quaniam
991 2494 1280 2546 tabescentis
1311 2492 1525 2544 vulneris
1551 2489 1761 2557 putredo
1789 2487 2024 2555 pestifera

437 2587 551 2658 plus
582 2587 724 2639 liabet
751 2587 801 2637 in
831 2585 1130 2637 abscissione
1154 2583 1412 2635 salaminis
1435 2624 1446 2641 .
1483 2598 1630 2648 quam
1662 2580 1711 2632 in
1738 2579 2027 2632 remissione

437 2677 784 2730 medimminis
806 2716 820 2739 ,
863 2677 1058 2726 inventa
1088 2682 1156 2725 est
1191 2689 1342 2724 causa
1369 2671 1620 2724 salubrior
1647 2685 1709 2722 ne
1738 2684 1823 2733 per
1847 2674 2027 2720 cuncta

438 2767 657 2819 membra
696 2766 931 2836 pestilens
969 2766 1155 2831 irrepat
1196 2764 1330 2816 virus
1376 2772 1426 2812 ut
1466 2760 1815 2827 compendiosa
1854 2758 2028 2810 dolore

442 2868 613 2911 uatum
637 2857 832 2909 decidat
859 2857 1060 2908 vulnus.
1098 2854 1301 2907 Famosi
1325 2871 1440 2922 ergo
1467 2853 1689 2905 criminis
1717 2869 1824 2904 reos
1865 2849 2030 2907 Victo.

437 2952 637 3003 rinnum
661 2948 1161 3010 Care/mbianeusem,
1175 2946 1480 2999 Μιινιὶιιιιιιιιι
1500 2944 1854 3005 Sullectinum,
1877 2941 2028 2994 Beia-

439 3061 559 3096 num
604 3041 934 3093 Baiancnscm
962 3081 973 3098 .
1026 3039 1255 3092 Salvium
1299 3038 1660 3104 Ausafensem,
1710 3032 2030 3086 Theodorum

445 3133 756 3194 Usnlensem,
779 3130 1030 3181 Dotmtttm
1054 3128 1426 3189 Sabratensem,
1458 3125 1739 3193 Miggenem
1771 3123 2032 3194 Elefanta-

440 3225 651 3276 rienscm
670 3263 684 3284 ,
714 3219 1074 3273 Prtetextntum
1101 3219 1453 3270 Assuritamnn
1473 3259 1487 3279 ,
1523 3217 1750 3270 Salvium
1778 3213 2030 3268 Membro-

441 3315 660 3370 sitanum
685 3355 700 3378 ,
758 3312 1008 3364 Valerium
1050 3310 1374 3364 Melz-itamnn
1401 3351 1416 3373 ,
1443 3309 1756 3362 Felicianum
1799 3308 1849 3361 Μ
1857 3307 2032 3360 ustita-

442 3425 564 3460 nmn
587 3448 602 3470 ,
632 3417 676 3458 et
709 3405 992 3458 Martialem
1027 3403 1371 3456 Pertusensem
1395 3445 1406 3466 ,
1432 3403 1515 3471 qui
1540 3407 1736 3472 funesto
1757 3417 1905 3471 opere
1927 3417 2034 3468 per-

444 3499 647 3550 ditionis
696 3511 781 3547 vas
824 3495 1083 3547 sordidum
1124 3493 1330 3546 collecta
1367 3493 1649 3561 [tendentia
1679 3491 2032 3560 glutinarunt;

447 3588 534 3638 sed
562 3596 605 3637 et
635 3585 839 3636 clericos
870 3584 1142 3647 aliquando
1173 3582 1411 3635 Ecclesiw
1439 3582 1778 3649 Carthaginis,
1806 3581 1889 3650 qui
1914 3580 2034 3632 dum

445 3676 661 3750 facinori
700 3677 979 3737 intersunt,
1020 3673 1196 3726 illirito
1239 3673 1446 3725 inccstni
1477 3673 1772 3725 lenocinium
1804 3673 2034 3740 praebue-

447 3777 602 3830 runt,
648 3765 739 3818 Dei
786 3765 1095 3835 prtesidentis
1135 3763 1339 3815 arbitrio
1380 3763 1672 3815 universalis
1724 3763 1923 3816 concilii
1949 3777 2034 3815 ore

444 3859 659 3920 veridico
704 3858 966 3909 damnatos
1003 3872 1106 3908 esse
1144 3855 1424 3925 cognoscite
1465 3855 1562 3925 (a).
1605 3855 1733 3921 Qua:
1787 3855 2028 3924 graviora

449 3949 500 4003 in
567 3950 682 4004 illos
743 3948 921 4000 dicere
987 3945 1272 4014 potuistis?
1337 3946 1466 4012 Qua:
1524 3948 1765 4014 gravium
1834 3945 1885 3999 in
1941 3960 2039 3999 nos

446 4041 590 4110 ipSos
649 4039 824 4092 dicere
887 4036 1111 4090 soletis?
1172 4036 1276 4090 Sed
1334 4037 1396 4088 ab
1463 4037 1592 4102 ltOC,
1657 4037 1869 4105 inquis,
1934 4046 2036 4088 tam

448 4146 632 4200 magno
672 4129 804 4180 malo
845 4130 976 4180 intra
1017 4128 1272 4180 dilationis
1310 4137 1502 4197 tempus
1538 4129 1745 4179 eoi-recti
1775 4137 1908 4182 sunt.
1945 4128 2036 4182 Vi-

449 4222 578 4274 dero
609 4232 782 4273 utrum
812 4218 1035 4272 CHI‘I't'CIl
1064 4218 1168 4271 sint
1195 4234 1207 4269 :
1238 4218 1354 4282 quia
1382 4232 1561 4270 revera
1587 4218 1808 4269 correcti
1835 4224 2035 4282 essent,

450 4313 492 4363 si
523 4311 585 4363 ad
614 4325 793 4363 veram
823 4308 1113 4363 Ecclesium
1144 4299 1491 4362 remeassem.
1517 4307 1620 4362 Sed
1648 4323 1690 4362 St
1721 4319 1892 4363 vestra
1917 4325 2037 4363 vera

449 4411 570 4465 cst,
612 4400 880 4468 quomodo
909 4401 1107 4468 expiati
1131 4400 1237 4453 sint
1265 4417 1291 4450 ιι
1319 4410 1422 4452 tam
1453 4400 1668 4454 immani
1699 4401 1931 4466 scelere,
1963 4400 2042 4454 di-

451 4495 575 4547 cite.
622 4492 675 4546 Si
717 4495 858 4545 enim
899 4506 1001 4543 non
1041 4500 1163 4544 sunt
1198 4491 1427 4560 expiati,
1461 4506 1651 4544 omnes
1677 4506 1772 4546 vos
1799 4493 1924 4544 estis
1951 4506 2039 4545 se-

457 4584 685 4637 cundum
711 4592 939 4636 vestram
969 4582 1284 4637 sententiam
1311 4599 1495 4636 corum
1523 4583 1723 4636 scelere
1749 4582 1993 4635 maculati
2023 4599 2035 4637 :

455 4675 500 4728 si
535 4684 711 4726 autem
741 4674 932 4741 expiati
962 4683 1084 4728 sunt
1104 4716 1116 4733 .
1147 4674 1260 4728 Solo
1291 4674 1404 4743 ipso
1430 4673 1600 4727 reditu
1626 4715 1640 4739 ,
1673 4684 1887 4742 propter
1913 4675 2042 4728 eba-

455 4768 666 4820 ritatcm
699 4780 813 4832 qua:
841 4768 1078 4833 coeperit
1107 4763 1494 4816 multitudinem
1529 4773 1864 4832 peccatorum
1895 4803 1909 4827 ,
1939 4777 2042 4816 ex-

457 4858 587 4927 piari
636 4856 866 4925 potuisse
899 4855 1223 4918 conceditis;
1257 4865 1307 4909 ct
1335 4870 1431 4908 nos
1460 4855 1527 4909 de
1557 4855 1747 4909 vestris
1775 4870 1892 4908 cum
1924 4869 2043 4908 cor-

456 4948 584 5004 recti
629 4948 692 5002 ad
738 4965 833 5000 nos
872 4949 1126 5011 veniunt,
1169 4947 1411 5000 inanibus
1437 4946 1713 5000 calumniis
1737 4946 1996 4999 accusatis
2028 4980 2043 5017 ε

457 5041 559 5098 nisi
585 5040 737 5103 forte,
761 5039 867 5106 jam
895 5039 1103 5106 quidem
1132 5039 1183 5102 ¹,
1211 5039 1339 5091 sicut
1365 5039 1571 5093 Concilii
1597 5038 1751 5092 verba
1781 5036 2044 5103 indicant,

456 5142 509 5188 ct
553 5131 854 5188 scltismatis
899 5131 1230 5199 sacrilegium
1277 5139 1748 5199 perpetrm-erant,
1796 5129 1887 5184 sed
1925 5140 2047 5185 ante

460 5224 598 5275 diem
646 5236 914 5276 conccssm
957 5220 1223 5274 dilationis
1262 5220 1447 5274 etulem
1497 5220 1776 5289 sacrilegio
1815 5218 2048 5272 nondum

464 5314 675 5369 fuerant
718 5313 1010 5381 inquinati,
1058 5321 1110 5366 et
1154 5313 1271 5365 ideo
1300 5328 1402 5366 non
1437 5313 1598 5380 putati
1627 5321 1751 5364 sunt
1780 5311 2046 5379 expiandi.

537 5402 760 5459 CAPUT
806 5401 924 5457 XX.
972 5432 1046 5442 ——
1085 5402 1173 5457 25.
1220 5401 1330 5456 lloc
1373 5403 1415 5456 si
1446 5403 1514 5454 ita
1542 5412 1654 5465 cst,
1682 5403 1800 5470 quis
1826 5417 1921 5454 vos
1947 5418 2051 5455 non

468 5495 681 5559 audiat,
705 5493 791 5561 qui
825 5503 927 5546 tam
952 5493 1246 5546 mirabilem
1278 5502 1587 5561 potestatem
1616 5494 1664 5546 in
1695 5493 1933 5546 homines
1962 5507 2054 5545 ac-

468 5583 734 5650 cepistis?
789 5583 1014 5637 Peccant
1065 5583 1275 5651 quatulo
1330 5584 1510 5637 volunt
1541 5625 1556 5651 ,
1616 5593 1668 5639 ct
1718 5585 2057 5652 inquinamur

533 5674 548 5736 ξ
576 5674 650 5719 sic
672 5681 775 5736 vss.
805 5674 938 5729 Editi,
967 5672 1180 5736 quidam.

478 5731 751 5839 ωηιῖιιιιιυ
777 5737 912 5796 intra,
942 5731 1022 5783 lii».
1049 5735 1113 5784 de
1137 5736 1295 5786 Gestis
1318 5749 1426 5786 cum
1457 5736 1660 5786 chrito
1693 5738 1949 5796 Donatista,
1977 5751 2055 5784 nn.

539 5826 551 5849 ,
589 5826 657 5838 ...

1167 379 1438 436 CONTRA
1476 376 1904 433 CRESCONIUM
1947 375 2396 443 DONATISTAM,
2437 376 2495 431 S.
2536 376 2902 432 AUGUSTINI

3590 394 3698 449 508

2120 489 2330 558 quando
2363 489 2538 542 vultis.
2568 489 2680 542 Non
2711 491 2992 544 obscurum
3017 490 3217 560 aliquid
3247 492 3564 560 rccitamus,
3594 495 3709 550 ηιιο

2122 595 2288 634 nusve
2315 589 2493 633 notum
2523 590 2680 650 atque
2705 581 2991 650 vulgatum.
3030 581 3120 635 llla
3151 585 3410 639 sententia
3440 595 3556 650 est,
3588 602 3711 656 quae

2123 679 2280 723 tanta:
2301 669 2559 725 facundia:
2581 671 2771 726 merito
2792 672 2840 724 in
2866 673 3110 729 manibus
3123 676 3379 738 ominum.
3401 677 3451 730 in
3473 679 3714 732 onmium

2122 775 2216 816 ore
2255 772 2530 829 versatur,
2576 762 2662 831 qui
2709 763 3050 831 legendorum
3084 767 3261 820 talium
3289 768 3510 823 studiosi
3539 782 3664 824 sum
3697 789 3713 823 :

2122 851 2188 904 de
2214 867 2315 921 qua
2346 868 2487 906 nunc
2513 854 2700 907 saltem
2732 856 2905 910 cernis
2934 873 3090 924 quam
3127 872 3251 911 vere
3279 858 3499 913 dixerim
3524 903 3538 924 ,
3570 863 3717 930 quod

2122 963 2222 999 non
2263 963 2372 1000 eam
2407 946 2638 1000 deberent
2680 948 2843 1018 primo
2885 949 3106 1018 gaudere
3144 951 3413 1015 disertam,
3455 969 3516 1006 ne
3541 964 3718 1024 postea

2123 1039 2413 1107 plaugerent
2434 1037 2750 1103 diffamatum
2782 1039 2916 1108 (Lib.
2950 1041 2973 1094 I
3008 1051 3182 1093 contra
3211 1039 3426 1095 Litteras
3453 1041 3710 1105 Petiliani,

2122 1144 2176 1180 η.
2204 1129 2313 1196 Il).
2345 1129 2571 1183 Attende
2598 1130 2720 1200 quid
2754 1131 2944 1185 habeat
2966 1173 2980 1197 ,
3015 1133 3134 1185 andi
3165 1135 3289 1202 quid
3313 1145 3631 1204 perstrepat.

2192 1219 2418 1274 CAPUT
2470 1220 2608 1274 XXI.
2652 1251 2726 1262 -—-
2769 1220 2858 1276 24.
2907 1220 3314 1289 Maximianum,
3354 1224 3561 1292 inquit,
3591 1226 3716 1292 ﬁdei
3795 1232 3803 1237 ’

2121 1312 2394 1375 ωιιιιιιιιιιι,
2441 1315 2662 1366 veritatis
2703 1315 3019 1379 adulterum,
3067 1314 3309 1370 Ecclesia:
3334 1318 3508 1369 matris
3538 1319 3716 1370 inimi-

2121 1421 2269 1469 cum,
2322 1405 2533 1467 Dat/iw,
2583 1405 2746 1459 Cltore
2797 1416 2843 1459 et
2891 1407 3076 1459 Abiron
3117 1407 3432 1472 ministrum,
3473 1408 3536 1462 de
3572 1411 3717 1477 pacis

2121 1497 2309 1566 gremio
2360 1498 2620 1551 sententia!
2653 1497 2842 1566 fulmen
2878 1499 3112 1552 excussit.
3155 1498 3287 1552 Cum
3331 1497 3428 1551 hoc
3471 1499 3628 1568 igitur
3666 1503 3714 1556 si

2124 1591 2242 1657 quis
2279 1587 2680 1643 Sac-ramentum
2722 1589 2903 1642 altaris
2947 1605 3054 1642 uno
3095 1589 3179 1642 die
3209 1589 3384 1643 sciens
3411 1592 3714 1645 communi-

2122 1688 2330 1741 casset,
2371 1679 2659 1733 secundum
2698 1679 3134 1747 jactantissimam
3184 1681 3324 1734 illam
3367 1681 3707 1736 severitatem

2123 1781 2384 1833 vestram,
2436 1785 2538 1822 non
2586 1770 2654 1824 de
2694 1779 2838 1823 tanto
2869 1771 3006 1822 malo
3041 1771 3117 1826 sic
3147 1771 3471 1839 pollueretur
3493 1813 3507 1834 ,
3537 1782 3592 1825 ut
3619 1790 3716 1840 par

2124 1861 2238 1928 ejus
2284 1860 2476 1915 fieret?
2521 1861 2654 1930 Quid
2695 1877 2822 1925 ergo
2852 1863 3092 1926 fuerunt,
3123 1865 3203 1919 vel
3230 1865 3352 1934 quid
3383 1881 3446 1918 ex
3477 1868 3565 1918 illo
3591 1867 3712 1920 facti

2125 1962 2247 2006 sunt
2267 1994 2282 2015 ,
2325 1954 2410 2021 qui
2455 1970 2558 2007 non
2589 1954 2760 2008 Solum
2792 1955 2855 2008 ad
2888 1955 3070 2006 altaria
3099 1970 3218 2007 cum
3246 1971 3310 2008 eo
3336 1967 3712 2023 accesserunt,

2126 2058 2307 2096 verum
2350 2043 2506 2097 etiam
2556 2045 2652 2113 ipsi
2695 2061 2814 2098 etim
2857 2045 3154 2098 ordinatum
3191 2047 3499 2115 episcopum
3529 2057 3713 2102 contra

2127 2135 2450 2190 l‘rimianum
2497 2146 2730 2191 vestrum
2777 2138 2970 2190 erectis
3017 2137 3274 2191 altaribus
3322 2138 3716 2193 iulium-erunt?

2127 2226 2228 2281 Sed
2268 2226 2390 2296 quid
2429 2243 2526 2296 ego
2572 2238 2621 2282 te
2659 2228 2724 2281 de
2765 2228 2877 2281 istis
2911 2229 3276 2296 interrogent?
3308 2228 3420 2292 Ipsa
3451 2229 3713 2283 sententia

2128 2317 2372 2385 loquatur
2391 2359 2406 2380 ,
2436 2319 2584 2386 cujus
2613 2319 2771 2371 verba
2796 2319 2872 2371 sic
2895 2318 3111 2388 fulgent,
3140 2328 3197 2372 ιιι
3226 2321 3271 2372 si
3303 2335 3418 2373 eam
3443 2320 3728 2373 Volueritis

2127 2407 2453 2462 abscondere
2483 2450 2498 2473 ,
2551 2409 2902 2476 quarumlibet
2952 2409 3270 2462 latebrarum
3322 2409 3565 2462 tenebras
3616 2423 3718 2462 suo

2129 2498 2296 2552 nimio
2331 2499 2612 2569 splendore
2650 2511 2972 2570 perrumpat.
3011 2501 3293 2555 Videamus
3323 2502 3373 2554 in
3405 2503 3578 2555 socios
3603 2502 3716 2558 Ma-

2131 2589 2348 2643 uie-iani
2371 2633 2386 2654 ,
2417 2600 2612 2657 quanto
2638 2592 2812 2645 sonitu
2840 2592 3197 2646 damnationis
3225 2594 3478 2661 insurgat.

2200 2680 2426 2736 CAPUT
2456 2681 2619 2736 ΧΧΗ.
2647 2713 2716 2721 -
2745 2682 2835 2736 ‘25.
2868 2682 2976 2736 Nec
3001 2685 3162 2738 solum
3189 2684 3352 2745 Itunc.
3381 2685 3547 2754 inquit
3568 2727 3581 2748 ,
3608 2701 3716 2739 sce-

2131 2767 2194 2828 tu
2207 2771 2248 2825 is
2272 2773 2349 2824 sui
2377 2790 2510 2826 mors
2528 2775 2671 2843 justo
2698 2775 2996 2827 condemnat
3027 2793 3040 2826 :
3070 2776 3222 2828 traltit
3249 2777 3397 2829 etiam
3420 2776 3488 2828 ad
3510 2793 3720 2830 consor-

2135 2866 2256 2916 tium
2283 2865 2509 2917 criminis
2535 2867 2779 2933 plurimos
2807 2877 2982 2919 catena
3009 2869 3276 2937 sacrilegii,
3301 2868 3360 2919 de
3387 2868 3562 2934 quibus
3590 2871 3721 2921 serio

2135 2965 2271 3024 ptum
2298 2965 2386 3018 est,
2415 2974 2433 3006 ι
2457 2954 2710 3010 Venenum
2735 2957 2970 3024 aspidem
2991 2958 3080 3010 sub
3107 2958 3250 3010 labiis
3271 2972 3474 3016 eorum;
3501 2974 3720 3022 quorum

2135 3062 2191 3100 os
2211 3046 2558 3099 maledictionc
2580 3058 2626 3098 et
2648 3048 2990 3100 amaritudine
3011 3048 3213 3116 plenmn
3241 3058 3331 3107 est.
3357 3049 3542 3102 veloces
3568 3051 3720 3119 pedes

2135 3153 2307 3190 eorum
2345 3138 2412 3188 ad
2438 3136 2797 3202 eﬂ‘undendum
2828 3140 3122 3209 sanguinem
3155 3155 3170 3192 :
3201 3139 3431 3192 coutritio
3470 3150 3512 3192 ct
3545 3141 3718 3203 infeli-

2137 3229 2260 3281 citas
2288 3229 2339 3279 in
2366 3229 2454 3279 viis
2483 3245 2687 3293 eorum,
2730 3238 2776 3281 et
2807 3229 2936 3282 riam
2979 3230 3116 3297 paris
3158 3246 3255 3282 non
3294 3239 3649 3299 cognoverunt.
3691 3250 3712 3281 ι

2142 3317 2341 3370 Deinde
2371 3318 2528 3385 paulo
2551 3328 2687 3385 ptist,
2708 3335 2828 3372 cum
2855 3334 3041 3373 otnnes
3064 3320 3324 3372 ordinatm
3340 3335 3397 3374 es
3417 3319 3720 3373 Maximiani

2139 3408 2449 3460 nominatim
2496 3419 2901 3472 enumerasset,
2954 3410 3090 3463 inter
3137 3425 3268 3477 quos
3313 3413 3468 3462 etiam
3520 3412 3601 3463 isti
3651 3410 3722 3464 do

2141 3500 2332 3567 quibus
2362 3516 2481 3567 ago,
2515 3499 2816 3553 Fclicianus
2841 3510 2893 3553 et
2921 3501 3268 3554 Praetextatus
3301 3501 3567 3568 leguntur,
3593 3502 3720 3570 quid

2139 3589 2361 3644 fecerint
2385 3632 2400 3654 ,
2445 3599 2503 3644 ut
2547 3600 2688 3642 tanta
2738 3591 2788 3643 in
2821 3607 2913 3646 eos
2958 3593 3115 3660 digne
3143 3591 3361 3645 dicenda
3394 3603 3574 3646 essent
3598 3633 3613 3657 ,
3648 3594 3720 3646 ita

2139 3680 2444 3750 subjnngit:
2478 3680 2576 3746 Qui
2617 3685 2848 3751 funesto,
2881 3682 3078 3751 inquit,
3111 3698 3254 3750 opere
3295 3682 3591 3750 perditionis
3634 3699 3744 3737 cas.

2139 3775 2399 3828 sordidum
2440 3773 2648 3827 collecta
2689 3775 2974 3840 {wculentia
3007 3775 3360 3845 glutinarunt:
3387 3776 3463 3828 sic
3492 3775 3719 3844 intelligi

2140 3869 2345 3932 Valens,
2378 3866 2518 3936 quod
2555 3867 2650 3936 ipsi
2679 3866 2978 3932 adfuerint,
3009 3867 3103 3933 ipsi
3136 3867 3504 3920 lllaximiauum
3546 3867 3721 3934 impo-

2143 3961 2260 4015 sitis
2291 3959 2534 4013 manibns
2565 3958 2942 4011 ordinaverint.
2977 3956 3192 4012 Addens
3217 3960 3374 4013 etiam
3404 3957 3472 4013 de
3499 3958 3725 4012 Cartha-

2142 4050 2280 4118 ginis
2326 4049 2533 4104 clericis
2579 4067 2593 4103 :
2637 4047 2744 4102 Sed
2787 4057 2834 4100 et
2879 4049 3122 4111 clericos,
3162 4049 3362 4118 inquit,
3403 4048 3722 4118 Carthaginis

2145 4139 2416 4199 Ecclesiae,
2459 4139 2546 4207 qui
2576 4138 2693 4190 dum
2725 4139 2938 4209 facinori
2984 4139 3262 4206 intersunt,
3298 4139 3471 4192 illicito
3514 4139 3724 4192 incestui

2144 4230 2445 4284 lenocinium
2477 4231 2813 4297 praebuerunt.

2215 4322 2439 4377 CAPUT
2467 4321 2656 4376 XXIII.
2678 4321 2854 4375 —9.6.
2885 4321 3034 4390 Rogo
3062 4329 3135 4387 te,
3167 4319 3438 4383 Crescmii,
3469 4319 3728 4390 numquid

2145 4412 2266 4466 ullis
2305 4413 2438 4465 meis
2466 4411 2642 4466 verbis
2671 4409 2769 4463 hoc
2799 4411 3000 4464 crimen
3028 4412 3333 4480 exaggera?
3361 4411 3509 4479 Quod
3553 4411 3595 4464 si
3626 4426 3728 4464 vo-

2146 4503 2387 4567 luissem,
2413 4503 2636 4556 fortasse
2667 4501 2817 4566 mibi,
2840 4503 2938 4556 etsi
2971 4516 3073 4556 non
3106 4503 3248 4566 talia,
3276 4512 3448 4555 tamen
3477 4501 3731 4570 qualiter-

2146 4610 2376 4664 cumque
2405 4593 2722 4648 sul‘licientia
2756 4610 2860 4646 non
2889 4593 3203 4647 defuissent.
3232 4593 3424 4662 Quer
3451 4593 3606 4662 igitur
3631 4593 3734 4649 abs

2149 4695 2236 4753 te,
2270 4698 2550 4756 antequam
2583 4687 2668 4740 ἱειί
2709 4685 2851 4751 duo,
2895 4687 2960 4740 de
3000 4686 3191 4755 quibus
3233 4687 3442 4739 interim
3483 4700 3615 4754 ago,
3661 4685 3735 4739 ad

2149 4790 2339 4834 vestrze
2365 4779 2756 4834 communionis
2784 4777 3121 4833 concordiam
3152 4786 3512 4840 remeassem,
3557 4777 3606 4829 in
3641 4775 3733 4830 illa

2149 4883 2334 4928 catena
2382 4870 2644 4937 sacrilegii
2688 4869 2993 4932 constituti,
3036 4867 3134 4920 sub
3164 4883 3388 4937 quorum
3436 4865 3586 4920 labiis
3617 4875 3740 4919 erat.

2151 4980 2411 5020 venenum
2460 4962 2736 5032 aspidem,
2781 4974 2899 5012 eum
2943 4973 3035 5012 ore
3076 4959 3231 5026 pleno
3274 4956 3646 5012 maledictinne
3678 4961 3741 5008 ct

2152 5057 2532 5119 amaritudine,
2564 5070 2682 5107 cum
2715 5053 2937 5122 pedibus
2965 5051 3235 5106 velocibus
3264 5052 3328 5104 ad
3357 5049 3740 5104 effundendum

2154 5147 2500 5216 sanguinem,
2529 5143 2798 5215 quomodo
2826 5143 3198 5210 baptizarunt?
3247 5140 3512 5210 Numquid
3554 5139 3606 5193 in
3654 5138 3745 5194 bis

2155 5246 2268 5291 erat
2299 5234 2622 5289 conscientia
2663 5242 2843 5286 sancte
2873 5232 3145 5292 dantium,
3174 5246 3294 5300 qua:
3326 5230 3566 5283 ablueret
3593 5227 3744 5280 acci-

2158 5328 2457 5400 pientium?
2503 5324 2766 5393 Numquid
2809 5339 2902 5378 eos
2946 5324 3130 5376 saltem
3177 5324 3310 5375 fama
3347 5323 3480 5375 bona
3523 5321 3605 5375 vel
3639 5319 3748 5374 fal-

2159 5421 2366 5475 sissima
2397 5415 2824 5478 commcmlabat,
2856 5430 2974 5483 qtae
3007 5413 3100 5466 tibi
3130 5418 3180 5465 in
3211 5413 3314 5466 illis
3342 5412 3600 5481 angustiis
3634 5425 3744 5464 non

2159 5529 2259 5583 qua
2290 5510 2575 5571 evaderes,
2604 5509 2695 5561 sed
2725 5523 2825 5576 qua
2857 5515 2908 5560 te
2951 5505 3336 5574 praccipitires,
3370 5504 3568 5558 exitum
3598 5519 3739 5572 pr;e~

2164 5605 2275 5660 buit
2298 5644 2310 5663 ,
2340 5618 2459 5654 eum
2502 5616 2596 5654 eos
2630 5608 2732 5651 tam
2767 5599 2970 5665 insigne
3000 5597 3283 5650 concilium
3323 5596 3516 5649 clamet
3560 5595 3764 5664 {uinosi

2165 5694 2387 5746 criminis
2420 5691 2576 5745 reos?
2622 5689 2920 5743 Itedcmdes
2950 5686 3164 5752 deinde,
3192 5687 3328 5741 sicut
3360 5684 3486 5739 falsa
3519 5701 3750 5738 narran-

2171 5789 2306 5842 tibus
2331 5785 2516 5839 vestris
2542 5781 2808 5853 episcopis
2831 5778 3122 5847 credidisti,
3145 5788 3265 5833 ante.
3288 5777 3553 5832 (ιὶιειιίοιιίς
3579 5773 3764 5842 diem,
