4066 6200
288 440 386 501 509

282 552 541 626 quomodo
583 551 939 621 suscipiuntur
983 549 1034 606 in
1086 549 1374 607 honoribus
1416 548 1560 613 suis,
1608 563 1729 603 cum
1774 549 1853 604 eis

281 660 410 717 quos
433 655 581 700 extra
622 644 912 699 Ecclesium
952 658 1074 699 eum
1104 642 1455 707 Maximiano,
1484 642 1756 697 constituti
1798 641 1850 695 in

279 746 459 791 catena
506 735 746 806 sacrilegi
777 734 1078 789 schismatis
1119 733 1598 804 haptizaveraut‘?
1639 730 1791 788 Unde
1820 746 1852 786 a

284 827 553 897 sacrilegio
596 836 740 880 tanto
778 825 1101 895 expiantur?
1142 827 1187 880 A
1215 834 1398 880 catena
1441 826 1526 879 illa
1571 824 1712 879 unde
1740 824 1856 879 sol-

285 918 514 973 runtur?
540 916 700 972 Labia
730 931 937 982 eorum,
966 932 1027 969 os
1052 931 1237 971 eorum
1264 930 1293 968 a
1317 930 1521 969 veneno
1550 914 1791 982 aspidum
1810 916 1855 980 ⁸,

284 1023 309 1062 a
342 1008 712 1061 maledictioue
739 1016 793 1061 et
817 1006 1167 1059 amaritudine
1193 1004 1333 1059 unde
1359 1004 1681 1058 mandatur?
1706 1003 1859 1059 Unde

284 1098 443 1169 pedes
484 1098 553 1153 ab
598 1098 857 1153 effusione
895 1097 1184 1168 spiritualis
1233 1096 1506 1166 sanguinis
1550 1096 1854 1159 abluuntur,

284 1206 384 1259 quo
413 1184 667 1244 velociter
708 1188 1098 1243 cucurrerunt?
1144 1186 1297 1243 Unde
1343 1201 1530 1240 manus
1575 1202 1603 1239 a
1649 1185 1859 1239 funesto

284 1297 440 1350 opere
458 1280 789 1350 «perditionis
819 1278 1227 1335 emaculantur?
1272 1277 1429 1333 Unde
1456 1276 1524 1331 ab
1561 1276 1744 1330 illicito
1773 1276 1857 1329 ino

283 1383 461 1426 cestu.
494 1387 600 1425 non
645 1370 881 1426 membra
911 1370 1184 1440 corporis,
1217 1368 1312 1424 sed
1341 1369 1533 1422 animm
1565 1365 1858 1439 purgatur'

283 1462 540 1517 allectus?

349 1552 576 1608 curer
602 1551 793 1607 χχιιι.
818 1582 886 1593 -
908 1532 997 1606 2‘7.
1026 1550 1231 1620 Nempe
1256 1551 1411 1603 istam
1439 1564 1655 1607 causam
1684 1557 1739 1602 ut
1766 1547 1860 1603 de-

285 1642 540 1706 fendatis,
575 1642 751 1695 vt-litis
806 1642 1003 1704 nolitis,
1036 1641 1101 1695 ad
1134 1639 1479 1708 patrocinium
1506 1641 1743 1694 veritatis
1770 1654 1861 1694 γοα

283 1733 395 1788 nire
437 1733 735 1823 cogemini,
785 1749 905 1803 qua:
946 1732 1072 1787 dicit
1113 1732 1443 1802 Baptismum
1474 1731 1707 1795 Christi,
1753 1745 1858 1784 non

284 1825 449 1879 solum
481 1840 575 1893 per
599 1821 858 1888 occultos,
889 1824 982 1877 sed
1010 1824 1169 1877 etiam
1198 1837 1294 1892 per
1318 1822 1627 1876 manifestos
1653 1821 1857 1885 malos;

284 1930 378 1968 nec
404 1917 580 1967 solum
612 1931 638 1964 a
670 1914 979 1977 conversis,
1012 1929 1195 1966 verum
1227 1913 1386 1965 etiam
1414 1927 1443 1965 a
1478 1912 1741 1981 perversis
1768 1911 1863 1964 da-

284 2013 413 2071 tum,
465 2004 663 2060 habere
709 2006 1075 2059 inconcussam
1124 2004 1208 2058 sui
1253 2004 1460 2058 roboris
1509 2003 1859 2069 firmitatem;
1908 2012 1915 2021 ‘

284 2104 335 2149 ct
373 2096 454 2149 eis
500 2110 656 2166 posse
701 2094 914 2164 quidem
966 2095 1173 2160 inesse,
1211 2094 1306 2149 sed
1337 2094 1437 2148 nisi
1468 2094 1724 2148 correctis
1757 2110 1859 2147 non

284 2198 438 2253 pisse
493 2186 783 2255 prodesse;
837 2195 1111 2241 correctos
1163 2198 1339 2240 antem
1400 2186 1559 2241 etiam
1614 2185 1862 2240 fmteruis

285 2276 610 2330 orationibus
662 2277 903 2345 exitiari,
954 2291 1049 2346 per
1100 2276 1410 2331 charitatem
1465 2277 1861 2343 cooperientem

284 2356 670 2421 multitudinem
705 2378 1064 2432 peccatorum.
1110 2369 1243 2422 Ecce
1272 2377 1553 2435 antequam
1583 2366 1861 2421 ostendam

284 2474 438 2526 quam
486 2458 824 2528 impmlenter
870 2459 961 2513 tibi
993 2459 1153 2513 vestri
1201 2459 1435 2527 episcopi
1480 2458 1549 2511 de
1588 2457 1863 2510 Maximino

286 2551 527 2607 nensimn
559 2553 896 2619 susceptione
941 2551 1143 2604 mentiti
1172 2558 1327 2614 sunt,
1361 2550 1652 2604 secundum
1692 2551 1864 2617 ipsum

287 2643 619 2696 mendacium
650 2658 832 2698 eorum
859 2652 913 2696 et
944 2642 1299 2695 narrationem
1344 2650 1486 2695 tuam
1511 2683 1525 2705 ,
1554 2629 1715 2710 quam
1756 2648 1864 2693 tota

286 2748 443 2788 causa
475 2742 648 2788 vestra
680 2733 937 2788 subversa
980 2734 1049 2787 sit
1092 2742 1219 2802 puto
1260 2732 1400 2802 quod
1433 2747 1535 2785 non
1574 2732 1682 2801 jam
1715 2746 1866 2800 qua:-

285 2839 397 2877 rere
426 2824 642 2883 debeas.
677 2822 771 2877 sed
802 2838 1114 2893 agnoscere,
1148 2837 1245 2876 nec
1277 2838 1463 2890 parare
1491 2821 1869 2877 contradictio-

284 2930 402 2971 nem
426 2955 442 2981 ,
473 2914 566 2969 sed
596 2914 981 2969 correctionem
1025 2915 1200 2984 patius
1229 2915 1491 2984 cogitare.
1528 2913 1682 2968 Vides
1721 2912 1865 2967 enim

288 3022 425 3061 nunc
466 3007 675 3073 saltem,
721 3023 876 3077 quam
915 3009 1175 3062 veraciter
1214 3022 1246 3062 a
1290 3023 1376 3062 me
1419 3006 1509 3061 illa
1552 3006 1691 3060 dicta
1734 3005 1863 3073 sint,

283 3100 477 3169 quibus
515 3098 707 3154 frustra
755 3100 1082 3155 mendaciter
1125 3100 1451 3169 respondere
1496 3109 1718 3153 conatus
1760 3112 1822 3153 es
1852 3112 1866 3121 ‘

283 3204 443 3258 quam
491 3200 634 3244 recte
677 3189 900 3244 dixvrim
922 3231 936 3254 ,
979 3191 1040 3243 Si
1069 3207 1161 3257 pro
1190 3191 1381 3242 unitate
1408 3192 1565 3256 partis
1593 3188 1785 3244 Donati
1811 3189 1866 3243 in

283 3281 480 3353 nefario
508 3282 778 3337 schismate
808 3281 1084 3349 baptizatos
1122 3296 1268 3335 nemo
1310 3280 1586 3350 rebaptisat
1604 3320 1621 3347 ,
1648 3296 1740 3334 cur
1766 3295 1869 3334 non

280 3391 371 3442 pro
417 3374 613 3427 unitate
643 3372 829 3425 Christi
873 3386 990 3425 vera
1036 3381 1082 3423 et
1124 3372 1351 3439 plenaria
1395 3372 1478 3424 lex
1519 3371 1657 3424 illius
1702 3371 1866 3424 luere-

280 3465 460 3518 ditatis
505 3462 794 3532 agnoscitur
841 3460 993 3530 (Lib.
1049 3462 1072 3514 Ι
1123 3472 1298 3514 contra
1342 3459 1559 3514 Litteras
1606 3459 1861 3525 Petiliani,

280 3570 329 3606 ιι.
375 3551 677 3621 “)Hlum
730 3551 843 3620 ipse
894 3551 1128 3616 fatearis,
1178 3565 1271 3605 eos
1319 3551 1405 3620 qui
1462 3551 1513 3604 in
1558 3549 1867 3604 Maximiani

283 3647 576 3701 schismate
630 3643 979 3712 perstitissent
1040 3642 1298 3696 meruisse
1356 3643 1713 3706 sententiam,
1762 3656 1868 3711 qna

285 3752 386 3792 non
438 3743 746 3788 tenerentur
783 3735 825 3788 si
870 3733 1006 3787 intra
1048 3733 1188 3787 diem
1218 3732 1487 3787 dilationis
1513 3747 1571 3785 se
1612 3732 1867 3787 Ecclesia

286 3827 664 3881 reddidissent.
731 3825 878 3880 Unde
935 3835 1177 3887 ennsmt,
1230 3832 1515 3891 antequam
1568 3836 1627 3876 se
1688 3821 1868 3875 reddi-

285 3917 490 3971 dissent
511 3958 538 3980 ,.
558 3931 651 3970 eos
682 3915 733 3968 in
764 3915 1052 3969 schismate
1098 3915 1149 3969 in
1189 3929 1294 3981 quo
1327 3913 1666 3981 perstiterant
1694 3911 1868 3979 bapti-

286 4024 461 4074 sasse,
492 4023 613 4063 cum
642 4008 833 4078 quibus
862 4007 914 4061 in
948 4017 1174 4061 vestram
1206 4006 1636 4060 communionem
1669 4004 1868 4074 recepti

287 4110 431 4154 sont.
486 4100 642 4153 Vides
691 4098 1135 4168 quemadmodum
1192 4096 1388 4150 mortui
1436 4097 1865 4167 baptizaveriut:

285 4194 406 4261 quia
437 4192 503 4246 de
526 4191 631 4246 illis
655 4192 744 4261 qui
772 4191 822 4245 in
850 4190 1150 4245 Maximiani
1173 4189 1461 4244 schismate
1489 4189 1868 4259 perstitissent,

289 4296 574 4354 antequam
600 4284 664 4338 ad
694 4299 788 4337 vos
812 4285 1067 4342 redirent.
1091 4283 1288 4338 dictum
1315 4276 1432 4337 erat
1461 4284 1723 4338 sententia
1743 4299 1871 4338 con-

287 4376 389 4428 cilii
428 4374 732 4443 Bagaiensis
751 4415 765 4434 ,
792 4372 1158 4444 Egyptiorum
1198 4372 1471 4426 admodum
1499 4372 1728 4444 mntplo
1757 4389 1873 4444 pcr-

289 4468 512 4521 runtinm
544 4463 799 4533 funeribus
830 4465 978 4537 plena
1004 4472 1120 4519 sunt
1148 4464 1342 4517 littora.

356 4557 583 4614 CAPUT
618 4555 783 4611 XXV.
810 4585 880 4596 ——
920 4554 1011 4610 28.
1068 4553 1221 4621 Quod
1260 4568 1389 4608 vero
1425 4553 1541 4609 dixi
1587 4571 1602 4608 :
1654 4553 1871 4622 Quando

291 4650 433 4719 apud
458 4666 543 4703 eos
581 4647 892 4703 decernenda
942 4648 1150 4702 recitata
1180 4656 1281 4710 est,
1312 4662 1397 4700 ore
1432 4646 1677 4701 latissimo
1703 4648 1876 4702 accla-

294 4751 593 4804 nmuernnt;
639 4758 771 4794 nunc
813 4750 981 4794 autem
1024 4756 1136 4793 cum
1179 4755 1211 4791 a
1257 4738 1398 4792 nobis
1443 4741 1652 4793 recitata
1694 4740 1867 4809 luerit,

290 4834 631 4890 obmutescunt
664 4832 847 4901 (Ibid,
876 4849 927 4885 η.
966 4833 1051 4902 ll)
1079 4851 1092 4886 :
1124 4831 1315 4902 quibus
1344 4832 1516 4901 pinnis
1541 4830 1563 4863 ⁸
1597 4848 1721 4888 ecce
1760 4832 1870 4903 jam

295 4925 456 4978 multo
484 4924 676 4978 lllt'lIlIS
699 4924 1147 4988 obmutescerent,
1170 4937 1325 4991 quant
1348 4938 1467 4976 cum
1497 4922 1617 4977 talia
1647 4923 1872 4994 loquun-

293 5021 408 5079 tur,
454 5015 875 5082 inipltcarcntur.
916 5010 1087 5076 Vides
1133 5027 1290 5081 quam
1321 5027 1502 5066 verum
1542 5013 1611 5066 sit
1656 5012 1795 5082 quod
1838 5028 1869 5068 a

293 5118 374 5157 me
400 5105 599 5157 dictum
635 5113 748 5168 est,
788 5102 909 5155 Jam
941 5101 1141 5155 tandem
1167 5101 1350 5154 sentire
1376 5100 1640 5165 deberent,
1680 5116 1868 5169 quanta

290 5196 387 5247 sint
425 5212 517 5266 pro
556 5212 681 5265 pace
709 5194 971 5247 toleranda
990 5233 1005 5257 ,
1036 5202 1084 5246 et
1129 5208 1220 5260 pro
1257 5208 1378 5260 pace
1402 5189 1587 5246 Christi
1614 5192 1775 5245 redire
1801 5195 1869 5244 ad

292 5280 602 5350 Ecclesium,
630 5300 744 5353 qua:
781 5299 879 5337 non
926 5282 1180 5335 damnavit
1216 5282 1507 5351 incognita,
1539 5296 1582 5333 st
1618 5297 1712 5352 pro
1748 5297 1870 5351 pace

351 5442 367 5471 ⁸
394 5443 560 5493 Plures
582 5448 711 5503 Mss,
748 5443 802 5494 in
834 5446 1002 5491 catena
1038 5436 1283 5501 sacrilegii
1323 5434 1619 5488 schismatici
1654 5436 1866 5501 baptiza-

288 5512 446 5553 νεηηιι
453 5539 463 5551 .

349 5565 371 5594 ²
396 5566 531 5623 Edili,
556 5577 607 5614 os
628 5576 795 5614 eorum
812 5574 1038 5614 venenum
1065 5557 1309 5624 aspidem.
1335 5566 1391 5609 Αι
1412 5566 1540 5621 Mss,
1562 5570 1615 5610 os
1636 5572 1804 5610 eorum
1835 5573 1867 5610 a

287 5636 460 5675 mauro
477 5625 719 5688 aspiciam.

392 5689 461 5755 sic
476 5695 598 5755 _.\tss_._
618 5687 733 5735 Fditi
756 5698 888 5755 vero,
909 5688 1190 5755 pingantur.

369 5748 697 5813 ‘ltichauliuus
718 5741 919 5813 cuius,
940 5741 1054 5808 quid
1078 5741 1275 5813 pejus?
1305 5744 1473 5813 mereri
1516 5749 1648 5800 Mss,
1684 5743 1864 5813 gnibus

288 5807 421 5871 pejus
441 5822 529 5871 :ac
552 5808 694 5869 iaiilo
718 5817 819 5869 rost
839 5805 986 5871 iidem
997 5805 1311 5871 codicescum
1331 5807 1547 5871 editione
1564 5814 1662 5853 Am.
1682 5805 1861 5866 ferunt,

292 5867 394 5927 hiut
415 5870 531 5929 talia
554 5867 856 5933 torpet-catur
874 5867 1267 5932 implicaretunr;
1288 5868 1484 5928 omisso,
1510 5878 1673 5928 quam.

1614 435 1815 492 LIBER
1854 431 2167 492 TERTIUS.

3444 439 3549 496 5l0

1966 546 2156 600 Donati
2230 548 2418 616 placuit
2490 564 2719 603 revocare
2778 549 3020 604 damnata
3069 548 3089 619 (
3128 548 3239 603 Lib.
3294 552 3314 605 l
3363 562 3543 604 contra

1964 637 2181 692 Litteras
2228 636 2511 707 Petiliaui,
2543 658 2594 693 η.
2645 641 2770 709 14).
2820 640 2983 695 Multo
3024 641 3191 711 magis
3243 641 3383 695 ettim
3438 642 3544 696 hoc
3621 656 3629 664 '

1965 731 2254 787 secnndum
2311 742 2452 787 tuam
2505 735 2861 789 narrationem
2917 749 3101 788 verum
3152 742 3255 797 est,
3287 734 3374 803 qui
3403 733 3542 787 dixi-

1965 824 2031 878 sti
2077 824 2235 878 etiam
2288 824 2407 878 illos
2462 824 2713 880 dilatione
2781 840 3035 880 concessa
3109 835 3423 888 revocatos,
3478 824 3546 878 de

1964 917 2154 985 quibus
2181 916 2491 970 nominatim
2520 917 2788 985 expressis
2818 915 2927 985 jztm
2984 915 3181 969 dictum
3214 915 3402 976 fuerat,
3454 913 3549 967 Dei

1965 1006 2281 1076 prasidentis
2329 1007 2536 1060 arbitrio
2583 1008 2879 1061 universalis
2933 1008 3133 1060 concilii
3197 1023 3283 1060 ore
3328 1007 3546 1060 veridico

1965 1098 2230 1150 damnatas
2258 1114 2362 1151 esse
2388 1098 2689 1168 cognoscite.
2721 1098 2850 1152 Cum
2892 1098 3031 1151 enim
3087 1106 3203 1165 post
3230 1096 3343 1151 haec
3388 1096 3548 1150 verba

1967 1186 2053 1239 illa
2103 1195 2185 1240 est
2251 1186 2439 1241 dilatio
2492 1189 2775 1241 Cottstitttta
2810 1228 2825 1249 ,
2880 1186 3148 1256 quomodo
3200 1203 3303 1240 non
3356 1188 3550 1255 placuit

1967 1294 2220 1334 revocare
2263 1279 2555 1334 damnata?
2603 1291 2694 1333 aut
2738 1280 3005 1349 quomodo
3051 1280 3203 1331 nobis
3246 1289 3392 1331 tanto
3435 1288 3554 1347 post

1967 1369 2137 1434 uatis,
2167 1369 2252 1423 vel
2285 1371 2381 1439 ipsi
2420 1371 2579 1424 etiam
2610 1370 2901 1424 christiano
2941 1371 3055 1423 orbi
3100 1380 3357 1423 terrarum
3404 1370 3553 1423 inco-

1965 1460 2109 1528 gnita
2143 1476 2261 1514 esse
2292 1477 2397 1514 non
2443 1462 2679 1529 possint,
2710 1477 2828 1531 qua:
2868 1461 3078 1530 probari
3127 1474 3229 1512 non
3272 1469 3557 1528 potuerunt

1967 1553 2034 1606 de
2062 1553 2351 1608 Caeciliano
2371 1596 2384 1616 ,
2416 1554 2467 1607 in
2497 1569 2563 1607 en
2603 1554 2743 1622 quod
2788 1562 2968 1622 postea
3022 1552 3211 1626 factum
3242 1561 3321 1605 est
3354 1551 3555 1619 judicio

1968 1645 2369 1708 transmarino;
2413 1644 2641 1717 quando
2675 1659 2736 1697 ea
2787 1659 2903 1710 qua:
2951 1642 3017 1695 de
3056 1641 3556 1695 Maximiatnnsibns

1965 1744 2114 1804 gesta
2143 1743 2302 1799 sunt,
2334 1742 2388 1788 et
2433 1734 2483 1788 in
2522 1734 2732 1799 Africa,
2772 1742 2827 1787 et
2874 1733 3200 1802 temporibus
3240 1732 3433 1784 nostris
3456 1772 3470 1794 ,
3501 1741 3554 1786 tu

1968 1842 2088 1878 cum
2117 1827 2191 1880 sis
2214 1825 2360 1888 Afer,
2389 1826 2528 1880 sicut
2557 1826 2711 1888 dicis,
2742 1834 2861 1894 post
2888 1836 2964 1879 tot
2997 1840 3166 1877 annos
3189 1825 3362 1878 adhuc
3386 1839 3555 1893 usque

1969 1931 2073 1970 non
2123 1918 2398 1971 noveras?
2444 1918 2581 1971 sicut
2621 1925 2799 1971 autem
2847 1932 2944 1971 nos
2997 1916 3193 1970 docere
3238 1916 3552 1982 poterimus,

1968 2004 2142 2059 adhuc
2173 2021 2341 2074 usque
2371 2022 2480 2059 non
2511 2006 2683 2071 nosti,
2725 2006 2852 2077 quia
2886 2005 3151 2074 episcopis
3177 2004 3373 2058 vestris
3400 2018 3554 2058 nien-

1971 2097 2223 2150 tientibus
2252 2097 2545 2152 credidisti.

2040 2186 2266 2243 CAPUT
2294 2187 2481 2241 XXVI.
2501 2187 2679 2242 —29.
2712 2186 2862 2254 Quod
2892 2195 3069 2241 autem
3098 2203 3176 2239 me
3198 2186 3262 2240 de
3284 2186 3557 2241 traditione

1969 2278 2022 2332 in
2065 2289 2252 2332 vestros
2294 2279 2542 2348 majores,
2588 2278 2755 2339 dicis,
2802 2278 2945 2348 quasi
2990 2294 3079 2346 per
3122 2278 3552 2345 anticatcgoriam,

1969 2369 2106 2441 quod
2125 2387 2156 2421 α
2176 2371 2358 2423 nostris
2380 2371 2656 2441 majoribus
2679 2373 2869 2440 factum
2889 2378 2986 2434 est,
3012 2379 3297 2428 retorquere
3322 2368 3555 2435 voluisse,

1971 2460 2195 2529 culpans
2231 2451 2373 2529 quod
2406 2461 2506 2513 hoc
2547 2459 2763 2514 fecurim
2784 2501 2799 2522 ,
2827 2461 2971 2530 quasi
3017 2460 3068 2512 in
3107 2460 3280 2512 schola
3306 2460 3369 2511 de
3392 2474 3557 2513 causa

1971 2550 2235 2621 generibus
2270 2551 2348 2606 vel
2389 2552 2746 2621 qtttestionibns
2786 2559 3046 2621 ageretur,
3091 2567 3192 2603 non
3232 2550 3283 2602 in
3332 2548 3559 2602 Ecclesia

1973 2643 2154 2696 veritas
2181 2653 2525 2713 qumreretur:
2561 2643 2813 2713 mnnqnid
2860 2643 2960 2695 hoc
3002 2643 3130 2696 Elia:
3172 2642 3440 2710 ltrtlpllt'll.’
3470 2641 3554 2695 di-

1974 2746 2145 2794 ceres,
2190 2732 2283 2800 qui
2328 2748 2447 2786 cum
2494 2733 2593 2786 sibi
2635 2748 2665 2786 a
2708 2749 2830 2802 regis
2875 2732 3207 2800 iniquissimo
3236 2740 3377 2785 esset
3407 2732 3558 2799 obje-

1974 2833 2153 2885 ctum,
2196 2823 2334 2892 quod
2380 2824 2494 2891 ipse
2537 2833 2798 2876 everteret
2846 2823 3045 2884 Israel;
3094 2821 3400 2887 respondit,
3451 2820 3558 2890 ["90

1975 2931 2076 2968 non
2103 2924 2295 2977 werlo,
2323 2915 2411 2968 sed
2440 2916 2614 2969 evertis
2640 2923 2691 2967 tu
2728 2924 2774 2966 et
2803 2914 2982 2966 domus
3011 2913 3170 2983 patris
3198 2912 3271 2965 tui
3297 2915 3312 2976 (
3338 2911 3398 2963 Ill
3432 2910 3557 2981 Reg.

1974 3020 2123 3068 svnt,
2159 3004 2288 3072 l8)?
2325 3004 2460 3070 Quid
2501 3004 2642 3058 enim
2675 3003 2741 3058 ad
2789 3018 2887 3058 nos
2934 3005 3163 3072 pertinet
3206 3002 3307 3056 huc
3344 3011 3558 3055 retorta}

1975 3096 2291 3165 objectiouis
2332 3112 2531 3165 genus,
2582 3112 2689 3164 quo
2721 3097 2934 3149 nomine
2963 3110 2990 3147 a
3022 3093 3223 3148 Graecis
3262 3093 3561 3161 appellatur

1975 3187 2169 3241 in'arte
2199 3186 2498 3251 rhetorica,
2527 3200 2646 3239 cum
2677 3185 2777 3239 hoc
2806 3185 3138 3252 inveniamus
3167 3185 3216 3237 in
3246 3184 3560 3237 auctoritate

1976 3275 2326 3345 prophetica?
2356 3273 2486 3331 Cum
2526 3290 2655 3345 ergo
2684 3277 2908 3344 quisque
2952 3276 3106 3335 dicit.
3140 3274 3254 3328 Non
3296 3289 3395 3343 ego
3436 3272 3558 3337 feci,

1976 3364 2069 3420 sed
2112 3374 2164 3419 tu
2206 3364 2374 3419 fecisti
2407 3384 2421 3420 :
2452 3382 2632 3419 verum
2680 3367 2856 3421 dicere
2886 3382 3016 3435 opus
3063 3376 3178 3429 est,
3228 3382 3331 3418 non
3376 3364 3555 3418 dicere

1977 3457 2318 3511 metuendum
2344 3466 2446 3513 est.
2480 3459 2541 3512 Et
2572 3466 2624 3512 lu
2654 3458 2921 3528 quomodo
2951 3458 3203 3512 ostendas
3233 3472 3336 3510 non
3366 3456 3559 3511 fet-isse

1976 3550 2208 3619 majores
2261 3561 2504 3613 vestros,
2562 3553 2701 3622 quod
2758 3553 2870 3607 suis
2933 3552 3359 3609 cllllft'SSittllilNlS
3410 3551 3561 3606 lectis

1976 3639 2168 3697 fecisse
2213 3651 2609 3707 monstrantur,
2652 3644 2817 3718 debes
2850 3644 2893 3696 si
2925 3644 3050 3713 quid
3080 3643 3223 3697 Vales
3263 3643 3560 3712 vigilantis-

1976 3731 2112 3785 simo
2155 3733 2389 3799 cogitare
2414 3771 2429 3794 .
2462 3748 2567 3785 non
2610 3733 2772 3785 verbo
2815 3747 2988 3800 grzlrco
3036 3732 3308 3799 imperitos
3353 3746 3418 3786 ne
3465 3743 3564 3784 nos

1976 3818 2194 3871 audiant
2221 3819 2511 3871 deterrere.
2561 3820 2626 3871 Et
2654 3820 2884 3885 majores
2921 3819 3132 3887 quidem
3161 3830 3371 3872 nostros
3399 3818 3561 3874 fuisse

1978 3908 2264 3963 traditores
2289 3922 2392 3962 non
2421 3908 2648 3963 docuisti
2676 3927 2689 3962 :
2716 3924 2889 3977 neque
2916 3911 3056 3962 enim
3084 3910 3203 3976 quia
3232 3909 3408 3962 dixisti
3439 3924 3563 3965 esse

1977 3999 2173 4053 nmltas
2217 3999 2419 4053 litteras
2447 3999 2640 4069 quibus
2681 3998 2784 4053 hoc
2829 3999 2993 4068 possit
3022 3998 3264 4066 ostendi,
3303 3999 3422 4054 ideo
3446 4000 3558 4069 jam

1975 4090 2278 4147 Ostendissc
2307 4092 2567 4159 putandus
2596 4108 2677 4147 es.
2726 4093 2801 4146 De
2833 4095 3020 4146 vestris
3059 4101 3236 4146 autem
3269 4094 3564 4160 majoribus

1974 4192 2149 4239 exstat
2177 4183 2407 4239 Secundi
2433 4184 2711 4251 Tigisitaui
2740 4185 3044 4251 concilimn,
3073 4201 3193 4238 cmn
3226 4187 3558 4256 paueiSsimis

1976 4276 2188 4346 quidem
2220 4279 2411 4331 factum
2452 4277 2590 4347 apud
2622 4278 2817 4334 Cirtam
2857 4286 2974 4345 post
3017 4280 3439 4348 perseeutionem
3466 4294 3562 4334 co-

1976 4367 2151 4422 dicum
2184 4368 2559 4424 tradendorum
2580 4410 2595 4436 ,
2640 4377 2699 4423 ut
2727 4369 2834 4425 illic
2863 4369 2915 4424 in
2946 4370 3119 4424 locum
3148 4367 3381 4425 defuncti
3412 4368 3561 4425 ordi-

1977 4470 2197 4515 naretur
2221 4461 2523 4530 episcopus.

2048 4548 2275 4605 CAPUT
2300 4549 2514 4605 XXVII.
2541 4580 2613 4590 —
2637 4549 2726 4605 30.
2755 4551 2829 4606 lbi
2860 4567 2977 4621 qua:
3007 4560 3151 4619 uesta
3191 4553 3299 4608 sint
3336 4553 3517 4622 accipe
3544 4571 3557 4608 :

1978 4656 2100 4694 nam
2131 4657 2249 4710 qua:
2280 4642 2580 4696 necessaria
2615 4642 2862 4709 fuerunt,
2906 4644 3038 4697 infra
3083 4645 3317 4698 scribere
3359 4646 3562 4703 curavi,

1982 4731 2295 4787 Diocletiano
2339 4738 2526 4797 octies,
2574 4745 2620 4787 et
2668 4733 2982 4789 Maximiano
3027 4738 3207 4805 septies
3253 4737 3558 4803 consulibus,

1977 4836 2157 4896 quarto
2187 4841 2345 4879 nonas
2373 4827 2540 4879 martii
2559 4868 2572 4889 ,
2602 4824 2755 4881 Cirta:
2785 4827 2858 4897 (η)
2884 4867 2897 4886 ,
2926 4843 3036 4879 cum
3066 4827 3329 4882 Srcundns
3367 4830 3561 4899 cpisco-

1980 4933 2072 4986 pus
2099 4915 2411 4985 Tigisitanns
2459 4919 2636 4985 prima:
2683 4918 2935 4971 cathedra:
2978 4918 3280 4971 consedisset
3322 4919 3373 4972 in
3413 4922 3561 4973 donto

1983 5007 2176 5063 Urbani
2216 5007 2403 5061 Donati
2433 5007 2524 5078 (b),
2566 5006 2696 5061 idem
2728 5009 2853 5062 dixit
2884 5024 2901 5063 :
2928 5007 3206 5061 Probentus
3245 5026 3335 5064 nos
3374 5012 3558 5079 primo,

2040 5133 2111 5193 (η)
2135 5132 2410 5196 Gesta__haec
2424 5134 2652 5182 Cirtensis
2668 5132 2850 5183 concilii
2877 5134 2923 5182 in
2944 5146 3105 5195 exemi
3126 5132 3210 5182 lari
3227 5135 3354 5196 quod
3372 5136 3563 5185 Partha-

1976 5192 2194 5255 ginensis
2213 5192 2484 5243 (:ollutionis
2496 5201 2613 5255 tem;
2630 5208 2717 5244 ore
2736 5196 3017 5253 diligentius
3039 5192 3125 5256 ius;
3147 5192 3307 5245 ectum
3328 5195 3433 5251 fuit,
3454 5211 3562 5245 con-

1975 5263 2161 5312 signata
2188 5262 2343 5312 erant,
2362 5268 2487 5303 anno
2510 5274 2531 5300 ι
2554 5264 2660 5316 ιοδι
2684 5257 2980 5305 consulatum
3014 5257 3290 5305 Diocletiani
3315 5260 3482 5306 novies
3512 5277 3521 5303 ι
3543 5267 3560 5309 ι

1983 5334 2004 5359 4
2030 5317 2291 5364 ιΐιικίιιιὶτιιιί
2332 5325 2500 5373 octies,
2545 5319 2691 5366 tertio
2726 5331 2875 5365 nonas
2918 5320 3175 5376 martiasp
3208 5318 3252 5365 id
3296 5329 3401 5376 est.
3435 5332 3562 5370 auito

1973 5377 2141 5441 Clit'isti
2159 5378 2285 5441 507$L
2294 5386 2346 5426 ut
2369 5384 2573 5441 testatur
2598 5380 2886 5441 Augustinus
2903 5380 3042 5441 intra.
3065 5381 3112 5428 in
3138 5379 3385 5429 Bt‘evicttlo
3408 5381 3558 5429 (“ullae

1976 5439 2136 5501 tionis,
2159 5438 2302 5501 dies,
2324 5451 2452 5501 num.
2480 5438 2557 5486 3:2.
2586 5438 2713 5501 Apud
2736 5447 2785 5500 Oi
2806 5447 2970 5499 latum,
3009 5439 3090 5488 lib.
3118 5441 3140 5488 l
3167 5448 3331 5489 cutura
3368 5449 3559 5491 Panno-

1975 5500 2168 5547 uianutn
2208 5500 2335 5564 idem
2373 5500 2603 5564 Cirtensis
2622 5500 2897 5564 consessus
2933 5509 3124 5550 notatur
3157 5502 3351 5564 habitus
3393 5520 3414 5548 ι
3452 5512 3558 5564 ποθι

1982 5578 2003 5604 ιι
2029 5560 2532 5635 νει-δοσιιιξριιρηιτρἰ
2555 5577 2602 5635 ιιι
2626 5561 2805 5635 ἱιξιιιιιιι⁸
2824 5564 3117 5635 ηιθίειτιιιιι.)
3142 5563 3226 5611 [τιή
3258 5559 3561 5635 persecutia;

1979 5635 2105 5678 nem,
2134 5634 2224 5668 non
2249 5626 2497 5679 Maxentii,
2529 5626 2599 5672 uti
2628 5626 2946 5684 Albaspinzeus
2968 5626 3147 5678 voluit,
3183 5626 3270 5672 sed
3301 5643 3323 5669 ι
3344 5626 3559 5675 codicum

1979 5702 2000 5747 ιι
2027 5683 2380 5747 trademlorum,
2398 5701 2419 5726 ιι
2447 5697 2508 5731 ex
2526 5685 2765 5747 Augustini
2782 5684 2886 5747 loco
2898 5686 3044 5734 citato
3061 5684 3321 5747 intelliges.
3348 5688 3557 5738 Cessavit

1972 5743 2075 5791 haec
2100 5746 2373 5805 persecutio
2408 5743 2658 5794 consulatu
2691 5745 2971 5795 Diocletiani
2994 5759 3041 5794 ix
3060 5781 3075 5805 ,
3100 5754 3153 5795 et
3176 5743 3440 5797 Maximiani
3460 5763 3557 5802 vni.

2035 5805 2106 5864 (h)
2129 5813 2342 5866 aptatus,
2365 5804 2446 5854 lib.
2474 5807 2495 5854 l
2528 5819 2539 5854 :
2570 5809 2720 5863 thlia
2745 5806 2984 5865 basilicae,
3008 5823 3030 5850 ι
3059 5804 3144 5865 ait,
3177 5826 3198 5851 ι
3223 5807 3425 5856 necdum
3452 5810 3556 5858 tito-

1970 5874 2081 5922 runt
2102 5867 2355 5930 restituite,
2381 5868 2428 5915 in
2450 5866 2641 5918 domum
2666 5867 2835 5918 t‘t'bani
2855 5868 2999 5920 Carisi
3015 5868 3356 5922 consederunt.
3375 5886 3398 5915 ιι

1974 5634 2105 5678 nem,
2134 5634 2224 5684 non
2249 5622 2497 5679 Maxentii,
2529 5624 2599 5672 uti
2628 5622 2946 5684 Albuspinzeus
2968 5623 3147 5678 voluit,
3183 5636 3235 5672 ευ
