4066 6200
234 292 333 356 513

233 407 557 466 Constantino
578 406 784 478 juniore
808 403 1115 460 nobilissimo
1136 400 1335 459 Cwsare
1358 404 1644 459 consulibus
1665 447 1679 472 ,
1710 405 1812 458 idi-

234 503 319 558 bus
344 500 616 555 decembris
656 514 719 553 ex
742 507 844 552 tota
869 496 1194 551 Mociaciensi
1217 498 1457 549 mducto'
1492 507 1538 551 et
1575 497 1816 565 applicito

243 594 436 647 Victore
455 590 807 662 grammatico,
837 598 1032 643 astante
1055 589 1207 643 etiam”
1229 586 1554 641 Nundinario
1577 587 1811 655 diacono,

233 685 539 757 ZenOphilus
563 682 844 736 consularis
869 682 998 735 dixit
1029 698 1047 736 :
1079 681 1204 747 Quis
1237 680 1471 735 vocaris?
1496 678 1812 750 Respondit:

245 779 428 833 Victor.
460 778 523 831 lit
562 775 721 846 paulo
752 784 871 844 post
892 775 996 829 alio
1023 774 1143 829 loco
1175 791 1188 827 :
1223 771 1581 827 Nundinarius
1606 787 1815 842 respon-

234 873 301 924 dit
334 886 350 923 :
381 867 639 937 Legantur
675 876 807 919 acta.
850 864 1159 935 ZenOpIiilus
1186 864 1467 918 consularis
1508 863 1637 916 dixit
1666 878 1685 915 :
1715 861 1815 915 Le-

235 972 429 1032 gantur.
455 958 522 1013 Et
550 960 667 1030 legit
690 956 987 1012 Nundinius
1013 969 1247 1027 exceptor
1278 973 1296 1011 :
1327 956 1644 1010 Diocletiano
1665 955 1817 1009 octies

234 1066 277 1106 et
304 1051 616 1105 Maximiano
660 1050 837 1120 septies
863 1049 1150 1103 consulibus
1169 1091 1183 1113 ,
1218 1059 1397 1119 quarto
1425 1049 1615 1101 decimo
1641 1048 1812 1101 calen-

234 1134 320 1196 das
331 1142 470 1212 junii
490 1183 504 1206 ,
547 1157 609 1195 ex
628 1141 753 1193 actis
784 1138 1002 1192 Munatii
1029 1138 1211 1193 Felicis
1231 1134 1452 1208 ﬂaminis
1473 1138 1697 1208 perpetui
1722 1153 1815 1190 cu-

234 1233 408 1288 ratoris
433 1231 655 1285 Colonia:
680 1228 919 1285 Cirtensis
951 1245 969 1283 :
999 1227 1123 1283 Cum
1149 1241 1344 1282 rentum
1375 1238 1497 1282 esset
1523 1228 1593 1281 ad
1611 1227 1815 1281 domum

235 1330 399 1394 inqua
420 1321 696 1377 Christiani
733 1320 1085 1374 conveniebant
1105 1362 1120 1386 ,
1158 1318 1304 1373 Felix
1335 1321 1519 1387 ﬂamen
1549 1328 1816 1389 perpetuus

236 1425 430 1467 curator
454 1412 620 1465 Paulo
643 1413 877 1482 episcopo
900 1413 1049 1473 dixit,
1085 1410 1313 1480 Proferte
1335 1411 1631 1479 Scripturas
1670 1409 1812 1479 legis,

235 1507 337 1559 etsi
362 1504 483 1575 quid
503 1505 644 1558 aliut!
669 1505 748 1556 hic
774 1504 986 1569 habetis,
1007 1513 1058 1556 ut
1085 1514 1130 1556 et
1153 1513 1401 1573 pra‘cepto
1421 1513 1468 1555 et
1481 1502 1705 1573 jussioni
1727 1518 1818 1569 pa-

237 1612 340 1649 rere
364 1594 583 1664 possitis.
618 1592 813 1646 Paulus
842 1582 1109 1661 episcopus
1132 1594 1257 1647 dixit
1288 1608 1308 1646 :
1339 1592 1631 1661 Scripturas
1661 1591 1816 1646 lecto-

236 1703 310 1740 res
352 1686 534 1739 habent
553 1726 568 1750 ,
599 1682 688 1738 sed
729 1701 819 1736 nos
848 1685 981 1753 quod
1009 1684 1090 1736 hic
1134 1684 1372 1736 habemus
1395 1723 1407 1746 ,
1438 1683 1637 1735 damus.
1673 1681 1818 1735 Felix

236 1780 414 1847 ﬂamen
434 1785 925 1847 pcrpetuuscurator
945 1775 1072 1828 dixit
1098 1773 1264 1827 Paulo
1289 1790 1308 1827 :
1344 1773 1562 1827 Ostende
1586 1775 1813 1840 lectores,

236 1879 318 1923 aut
356 1869 497 1921 mitte
517 1868 586 1920 ad
609 1866 744 1920 illos.
789 1865 979 1919 Paulus
1003 1867 1268 1938 episcopus
1306 1865 1433 1919 dixit
1468 1880 1487 1918 :
1518 1864 1704 1918 Omnes
1729 1881 1816 1917 co-

237 1963 484 2032 gnoscitis.
515 1958 663 2014 Felix
689 1959 873 2028 ﬂamen
897 1970 1163 2028 perpetuus
1184 1970 1386 2012 curator
1406 1957 1531 2011 dixit
1556 1974 1573 2011 :
1598 1956 1714 2010 Non
1737 1974 1819 2010 eos

238 2053 477 2105 novimus.
510 2049 705 2103 Paulus
726 2050 987 2119 episcopus
1011 2050 1136 2103 dixit
1172 2064 1190 2103 :
1222 2048 1375 2102 Novit
1400 2049 1612 2118 o/ﬂcium
1652 2049 1818 2118 publi-

237 2158 343 2195 cum
362 2183 375 2206 ,
410 2141 465 2195 id
489 2151 560 2195 est
589 2139 800 2193 lfdcsius
835 2151 878 2193 et
905 2138 1091 2192 Junius
1115 2150 1420 2208 exceptores.
1455 2138 1601 2192 Felix
1633 2140 1817 2207 ﬂamen

240 2244 502 2303 perpetuus
530 2243 733 2286 curator
758 2231 886 2284 dixit
919 2246 936 2285 :
971 2230 1209 2285 Manente
1246 2231 1440 2284 ratione
1464 2230 1526 2284 de
1553 2230 1821 2284 lectoribus

238 2343 355 2395 quos
390 2323 688 2378 monstrabit
715 2322 944 2392 Uﬂicium
965 2364 979 2386 ,
1013 2333 1056 2375 et
1091 2338 1174 2376 vos
1200 2323 1335 2391 quod
1355 2321 1433 2374 hic
1456 2321 1643 2374 habetis
1683 2321 1817 2373 date.

242 2417 457 2472 Sedente
480 2415 642 2469 Paulo
669 2414 902 2484 episcopo
923 2456 937 2479 ,
969 2426 1014 2468 et
1038 2414 1283 2467 Montano
1309 2423 1355 2466 ct
1389 2412 1586 2465 Victore
1634 2412 1696 2464 de
1724 2411 1823 2465 Ca-

240 2508 378 2561 stello
405 2517 454 2560 et
470 2506 714 2559 Memorio
728 2505 1025 2577 presbyteris
1047 2506 1092 2569 ',
1114 2514 1310 2557 astante
1332 2503 1497 2556 Marte
1519 2519 1632 2555 cum
1656 2500 1820 2568 Xlz'lio,

240 2611 282 2653 et
324 2600 495 2655 Marte
530 2600 777 2665 diacono,
811 2598 1094 2667 proferente
1132 2595 1414 2650 Marcuclio
1436 2638 1448 2658 ,
1476 2592 1711 2650 Catulino
1732 2636 1745 2658 ,
1778 2604 1823 2648 et

244 2693 454 2747 Silvano
481 2701 525 2744 et
570 2689 759 2745 Caroso
783 2689 802 2720 ³
831 2688 1153 2741 subdiaconis
1173 2728 1187 2752 ,
1218 2697 1263 2739 et
1299 2684 1585 2750 Januario,
1620 2683 1827 2737 Marcu-

243 2785 307 2838 βο
325 2826 340 2848 ,
370 2783 656 2836 Fructuoso
677 2824 693 2848 ,
727 2780 780 2835 Μ
788 2783 962 2851 iggene
980 2821 994 2843 ,
1043 2778 1323 2834 Saturnino
1340 2819 1356 2843 ,
1394 2776 1590 2831 Victore
1614 2777 1828 2830 Samsu-

245 2868 341 2928 i‘ico
361 2873 403 2935 ⁵,
430 2884 476 2927 et
505 2873 694 2927 ca'trris
717 2872 1010 2944 fossoribus,
1033 2881 1205 2923 contra
1227 2870 1471 2923 scribente
1501 2868 1697 2922 Victore
1722 2869 1827 2920 Au—

245 2964 349 3030 ﬁdii
377 2964 430 3017 in
460 2966 600 3017 breve
618 2963 691 3016 sic
719 2978 737 3015 :
767 2961 961 3017 Calices
987 2964 1088 3014 duo
1110 2961 1283 3023 aurei;
1300 2960 1415 3013 item
1436 2959 1616 3012 culices
1636 2975 1725 3012 sex
1743 2976 1828 3011 ar-

244 3056 403 3126 gentei
423 3096 438 3117 ,
470 3068 563 3107 etc.
592 3053 655 3107 lit
693 3054 797 3107 alio
826 3053 941 3107 loco
974 3068 988 3105 :
1027 3052 1361 3120 Posteaquam
1386 3059 1674 3118 perventum
1715 3059 1785 3102 est
1806 3054 1828 3085 ⁸

244 3144 291 3198 in
314 3145 687 3206 bibliothecam,
716 3144 913 3196 inventa
937 3154 1051 3195 sunt
1074 3143 1139 3195 ibi
1161 3141 1381 3195 armaria
1404 3141 1596 3205 inania,
1620 3140 1687 3193 ibi
1712 3156 1830 3208 pro-

245 3235 351 3289 tulit
374 3235 621 3291 Silvanus
641 3234 971 3303 capitulatam
996 3242 1281 3301 argenteam
1303 3242 1347 3283 et
1370 3232 1625 3284 lucernam
1647 3248 1830 3298 argen-

156 3354 165 3366 ο
244 3337 389 3391 team,
422 3326 563 3396 quod
590 3326 773 3376 diceret
797 3339 849 3375 se
873 3332 983 3390 past
1010 3337 1179 3372 aream
1201 3321 1222 3349 ⁶
1253 3320 1498 3372 invenisse
1519 3336 1623 3371 eas.
1665 3318 1832 3371 Victor

247 3419 440 3486 Auﬁdii
481 3417 695 3471 Silvano
718 3413 878 3474 dixit,
909 3411 1142 3464 Mortuus
1182 3415 1354 3480 [ueras
1372 3452 1388 3475 ,
1415 3412 1460 3463 si
1486 3427 1584 3464 non
1606 3410 1720 3463 illas
1754 3410 1832 3463 in-

245 3511 480 3562 renisses.
510 3504 657 3559 Felix
689 3505 873 3574 ﬂamen
900 3515 1165 3572 perpetuus
1188 3513 1395 3555 curator
1416 3502 1626 3557 Silvano
1659 3502 1788 3554 dixit
1811 3515 1832 3556 .'

246 3597 457 3668 Inquiro
477 3596 784 3666 diligentius,
815 3610 877 3646 ne
896 3594 1018 3662 quid
1039 3594 1120 3646 hic
1140 3593 1452 3647 remanserit.
1486 3593 1727 3648 Silvanus
1748 3593 1830 3646 αἱς

245 3690 309 3741 :rit
341 3704 359 3742 :
396 3686 551 3740 Nihil
576 3687 658 3739 hic
696 3685 967 3747 remansit,
1012 3695 1167 3737 totum
1207 3685 1302 3737 hoc
1339 3686 1609 3754 ejcciinus,
1639 3696 1733 3738 etc.
1766 3685 1833 3739 Ει,

248 3782 346 3834 aho
388 3781 532 3835 loco.
570 3776 847 3847 Exemplar
885 3778 1040 3832 libelli
1080 3779 1255 3830 traditi
1280 3779 1529 3847 epismpis
1558 3795 1589 3830 a
1624 3777 1830 3830 Nundi-

248 3874 387 3925 nario
406 3871 643 3924 diacono.
665 3868 826 3922 Testis
846 3878 917 3922 cst
933 3868 1160 3923 Christus
1182 3878 1226 3920 et
1241 3868 1418 3937 Angeli
1446 3868 1579 3937 ejus,
1595 3868 1833 3936 quoniam

249 3964 579 4017 traditoribus
599 3960 1002 4016 communicastis
1019 3960 1037 3989 ⁷
1059 3976 1079 4014 :
1102 3959 1154 4012 id
1174 3971 1243 4013 est
1268 3960 1509 4014 Silvanus
1528 3977 1559 4011 a
1580 3960 1717 4014 Cirta
1738 3969 1835 4012 tra-

251 4057 380 4110 ditor
400 4066 475 4109 est
497 4096 510 4120 ,
538 4065 584 4108 et
609 4059 694 4125 fur
718 4069 884 4107 rerum
907 4067 1186 4123 pauperum
1209 4091 1223 4115 ,
1251 4053 1383 4120 quod
1406 4067 1576 4105 omnes
1615 4067 1697 4106 vos
1722 4052 1834 4121 epi-

253 4255 359 4304 liata
384 4253 569 4303 ihidem
597 4251 793 4313 legitur,
817 4260 914 4300 t‘ur
935 4260 1052 4309 erqo
1070 4248 1340 4313 intermisso
1361 4260 1416 4298 eo
1439 4248 1577 4310 cujus
1609 4247 1837 4297 innocen-

257 4315 321 4366 i'iu
346 4316 552 4378 probata
574 4312 664 4371 est.
688 4314 875 4364 silrauo
897 4314 1216 4378 ctnnmunicus
1237 4314 1260 4360 ξ’
1279 4312 1446 4359 (Lit-rivi
1467 4320 1613 4378 etiam
1635 4323 1663 4357 a
1687 4317 1836 4359 Zeno-

256 4374 380 4440 philo
398 4379 704 4440 interrogati,
728 4389 836 4424 cum
854 4374 1149 4440 respondent
1172 4386 1227 4422 se
1248 4386 1278 4421 a
1302 4377 1559 4440 majoribus
1582 4384 1680 4421 suis
1702 4384 1837 4421 acce-

257 4435 382 4500 pisse
407 4440 537 4501 quod
558 4439 775 4501 >Il\':l:tti$
799 4445 931 4501 esset
956 4437 1171 4490 traditur,
1192 4447 1307 4501 quia
1330 4435 1511 4501 seducet
1538 4447 1583 4481 ιιι
1602 4446 1837 4501 perseeu-

257 4496 384 4551 iioue
402 4496 625 4549 codicum
649 4499 988 4547 trademlm'uui
1009 4510 1121 4558 quze
1143 4498 1201 4543 ad
1221 4510 1399 4558 animm
1415 4497 1583 4545 ι;Ιιι·ιδιι
1602 4496 1699 4558 ωδ
1720 4508 1833 4555 per-

258 4562 397 4621 tinet,
424 4575 507 4611 res
543 4573 704 4610 sacras
728 4556 1321 4609 tradidisset{traditionis
1343 4557 1456 4606 illud
1482 4562 1664 4621 crnnen
1691 4556 1836 4616 longe

257 4631 365 4671 ante
384 4618 433 4671 id
459 4635 694 4683 temporis
724 4635 750 4669 a
774 4620 961 4669 Silvano
980 4622 1239 4668 admissum
1263 4620 1547 4680 signiﬁcant.
1575 4618 1700 4683 addc
1719 4627 1837 4666 (ῖιιιι-

256 4685 415 4735 stautii
446 4683 603 4732 tzhlori
635 4691 858 4742 tenuiore
897 4695 991 4731 non
1032 4691 1246 4742 potuisse
1280 4682 1518 4728 Silvanum
1558 4682 1835 4742 episcoluan

258 4749 317 4792 oh
336 4745 604 4795 traditionis
625 4758 807 4793 crimen
831 4755 857 4791 a
884 4744 1168 4790 Sundmarto
1188 4745 1388 4790 diacono
1411 4757 1455 4789 ιιι
1480 4743 1707 4802 judicium
1748 4755 1835 4802 pu-

261 4804 434 4855 blicum
452 4805 694 4867 Zenophili
715 4809 800 4855 νιιί
825 4806 1087 4853 consularis
1111 4805 1229 4852 trahi
1254 4817 1267 4857 :
1295 4817 1458 4867 neque
1481 4804 1677 4851 domum
1703 4810 1838 4867 [rga-

257 4869 332 4917 cio
351 4877 403 4919 et
430 4865 690 4930 Zenopliilo
715 4867 1124 4930 perseqtu-ntilats
1159 4868 1321 4927 (quod
1351 4866 1425 4913 hic
1465 4874 1656 4926 postea,
1689 4877 1734 4911 ιι.
1756 4865 1835 4924 5i,

257 4933 541 4980 Cresconius
561 4928 792 4991 olijt-etat)
819 4932 865 4976 in
892 4928 1114 4991 exsilium
1140 4930 1265 4988 ejtei.

321 4993 336 5023 ι
363 5000 506 5041 Gesta
537 4987 782 5053 judie‘taha
800 4999 963 5038 contra
982 4987 1224 5053 silianum
1271 5002 1315 5036 ιιι
1343 4987 1485 5053 hujus
1508 4988 1620 5053 tom‘.
1649 4998 1836 5048 Appen-

413 5050 593 5113 feruiit,
614 5052 776 5104 idibus
807 5051 1155 5110 decembrtbus,
1179 5059 1320 5099 sexto
1352 5050 1742 5110 tlmmuqatttenst
1766 5062 1840 5098 tn-

297 5128 351 5162 ac
372 5128 417 5162 ο.

297 5122 417 5164 acto.

319 5178 346 5245 ξ
364 5177 536 5226 iisdem
556 5183 695 5226 Gesta
714 5208 732 5235 ,
769 5173 954 5224 t'ictore
1000 5171 1265 5225 Densatclio
1302 5178 1347 5223 et
1375 5170 1600 5221 Jtemorio
1638 5171 1836 5235 presby-

257 5242 389 5288 teris.

317 5299 338 5330 ³
357 5299 493 5352 t-‘tliti.
508 5296 717 5349 carioso.
747 5306 795 5348 Al
818 5310 990 5347 omnes
1012 5302 1137 5351 Mss.
1161 5303 1353 5345 raroso.

318 5360 341 5391 ⁸
366 5362 662 5420 Lugendum,
692 5359 877 5411 t'ictore
915 5369 1193 5414 Samsuru't,
1220 5369 1265 5405 ut
1291 5365 1421 5419 patet
1446 5369 1505 5405 ex
1535 5356 1735 5406 laudans
1756 5365 1841 5405 Gc-

260 5422 349 5470 stis
385 5423 692 5483 judicialihus
722 5430 888 5471 contra
926 5420 1194 5480 Silvanum,
1234 5422 1315 5467 ulu
1354 5433 1533 5480 sapius
1570 5427 1720 5469 \‘ictor
1756 5420 1839 5469 ille

259 5485 507 5532 Samsurici
532 5492 819 5532 nonunatur.

317 5545 340 5577 ⁵
365 5546 478 5595 illiti
499 5580 514 5600 ,
554 5552 774 5608 apertum
809 5552 895 5594 est.
923 5543 1240 5608 Eineotlantur
1265 5554 1325 5591 ex
1351 5542 1687 5608 sutisetpioutu
1715 5542 1839 5592 libro

260 5613 447 5666 Quarto,
472 5620 519 5655 ιι.
542 5603 622 5665 66,
648 5620 698 5655 et
722 5620 784 5654 ex
809 5606 963 5655 Custis
979 5604 1284 5665 judicialihns
1305 5613 1471 5652 conixa
1488 5603 1742 5653 silxanum.

321 5665 341 5696 ⁸
363 5665 501 5716 GeSta
522 5677 689 5718 contra
712 5668 951 5719 Silvanum
974 5674 1246 5716 constanter
1277 5666 1476 5721 habent,
1500 5678 1681 5713 orcnm.

318 5729 338 5760 ’
360 5727 535 5779 Eatem
553 5738 708 5789 Gesta,
737 5729 1040 5781 tradiderunt
1062 5728 1231 5791 quibus
1255 5725 1650 5778 communicastis.

1583 288 1779 345 [ABER
1818 286 2128 345 TERTIUS.

3406 305 3506 358 5H

1924 405 2065 475 scopi
2083 447 2095 468 ,
2126 414 2169 458 et
2199 404 2470 475 presbyteri
2495 447 2509 470 ,
2541 416 2587 460 et
2626 407 2863 479 diaconos
2883 450 2896 473 ,
2927 418 2973 464 et
3010 411 3227 467 seniores
3260 412 3437 476 scitis;
3462 424 3511 468 et

1922 499 1985 551 de
2007 496 2385 567 quadringentis
2406 497 2613 566 follibus
2635 498 2712 571 (α)
2734 499 2949 554 Lucilltv
2968 502 3264 558 clarissima:
3285 509 3508 575 femina,

1923 605 2014 657 pro
2035 604 2132 656 quo
2157 586 2291 640 vobis
2316 589 2640 657 conjuiastis,
2667 600 2718 643 ut
2751 591 2888 650 fieret
2916 590 3203 660 Majorinus
3224 596 3511 663 episcopus,

1922 689 1968 733 et
2007 678 2124 732 inde
2146 678 2339 747 factum
2364 681 2698 733 cstschisma.
2744 680 2882 734 Nam
2905 692 2951 734 et
3002 681 3171 737 Victor
3194 683 3323 753 fullo
3363 685 3513 739 vestri

1922 771 2189 841 prementia
2231 782 2275 823 et
2316 773 2492 840 populi
2515 772 2652 825 dedit
2691 773 2840 844 folles
2867 775 3044 844 viginti
3061 816 3075 839 ,
3105 785 3158 828 ut
3183 777 3350 843 factus
3387 785 3513 831 esset

1922 861 2178 930 presbyter
2199 901 2213 926 ,
2247 860 2383 929 quod
2432 862 2522 913 scit
2551 861 2781 916 Christus
2811 872 2855 915 ct
2897 866 3076 933 Angeli
3116 866 3258 935 ejus,
3290 876 3393 919 etc.
3447 866 3515 921 Et.

1922 951 2027 1006 alio
2050 953 2165 1006 loco
2193 971 2205 1005 :
2236 952 2435 1019 Quibus
2455 954 2593 1006 lectis
2618 953 2930 1023 Zenophilus
2955 957 3235 1009 consularis
3255 959 3381 1011 dixit
3404 973 3423 1011 :
3445 958 3513 1011 Et

1921 1043 2047 1096 actis
2067 1051 2112 1096 et
2132 1042 2310 1095 litteris
2331 1058 2445 1112 qua!
2464 1045 2685 1097 recitata:
2712 1056 2848 1109 sunt,
2875 1046 3165 1098 traditorem
3194 1058 3387 1100 constat
3410 1063 3518 1100 esse

1923 1133 2210 1186 Silvanum.
2242 1133 2370 1188 Item
2401 1135 2506 1187 alio
2528 1134 2645 1188 loco
2671 1152 2681 1186 :
2707 1133 3018 1205 Zenophilus
3040 1137 3318 1189 consularis
3344 1138 3514 1193 dixit:

1925 1226 2060 1291 Quid
2076 1226 2460 1279 administrabat
2477 1234 2593 1279 tunc
2612 1226 2849 1281 Silvanus
2865 1229 2915 1280 in
2933 1229 3103 1281 clero?
3130 1227 3299 1281 Victor
3314 1246 3517 1298 respon-

1923 1318 1995 1369 dit
2014 1318 2027 1348 ¹
2056 1335 2068 1369 :
2097 1317 2203 1371 Sub
2229 1316 2394 1372 Paulo
2416 1319 2650 1389 episcopo
2672 1328 2780 1371 orta
2801 1321 3077 1389 persecutio
3099 1330 3187 1387 est,
3208 1330 3251 1373 et
3274 1320 3515 1375 Silvanus

1921 1406 2262 1460 subdiaconus
2293 1408 2411 1478 fuit.

1995 1499 2219 1553 CAPUT
2251 1498 2421 1554 XXX.
2453 1530 2522 1539 —
2552 1500 2639 1555 54.
2675 1500 2944 1567 Habesne,
2965 1501 3126 1556 frater
3153 1502 3427 1569 Cresconi,
3447 1504 3511 1558 ad

1924 1591 2020 1644 ista
2044 1591 2183 1660 quod
2209 1592 2542 1645 dieas?Puto
2573 1608 2677 1645 non
2711 1608 2878 1660 usque
2908 1593 3043 1647 adeo
3072 1594 3297 1649 frontem
3328 1595 3516 1664 periis-

1923 1697 1981 1736 se
2015 1682 2082 1734 de
2121 1683 2277 1737 rebus
2306 1684 2550 1735 humanis
2571 1724 2585 1749 ,
2619 1692 2675 1736 ut
2701 1683 2766 1736 ad
2797 1684 3160 1760 purgationem
3189 1686 3388 1739 Silvani
3415 1685 3515 1738 ad-

1928 1775 2030 1829 lme
2062 1785 2216 1844 putes
2245 1776 2564 1829 Sententiam
2603 1776 2927 1829 recitandam
2958 1792 3115 1845 quam
3147 1776 3279 1830 dixit
3313 1778 3365 1830 in
3395 1777 3513 1830 Ca:-

1924 1866 2175 1918 cilianum
2219 1875 2273 1918 et
2310 1866 2544 1933 collegas
2573 1866 2689 1933 ejus
2714 1867 2862 1934 quasi
2908 1868 3223 1930 traditores;
3258 1883 3322 1920 ne
3351 1869 3516 1936 magis

1927 1971 2020 2007 nos
2057 1954 2350 2009 admoneas
2372 1956 2551 2009 dicere
2580 1970 2644 2008 ex
2673 1954 2909 2023 Epistola
2945 1957 3184 2024 Apostoli
3221 1958 3393 2010 simile
3414 1958 3517 2010 a|i~

1924 2046 2067 2116 quid.
2099 2056 2155 2100 ut
2182 2047 2338 2115 paulo
2369 2056 2491 2101 ante
2520 2047 2957 2111 commemoravi,
2985 2048 3084 2113 Qui
3118 2048 3374 2116 pranlicas
3410 2067 3513 2104 non

1928 2139 2263 2205 tradendum,
2299 2140 2497 2205 tradis;
2529 2148 2582 2193 et
2602 2181 2616 2202 ,
2653 2158 2672 2191 ι
2700 2139 2726 2191 l
2735 2157 2765 2192 ιι
2787 2156 2884 2208 quo
2908 2141 3063 2193 aliam
3076 2141 3283 2210 judicas
3302 2182 3316 2204 ,
3346 2152 3519 2194 temet-

1925 2232 2087 2303 ipsum
2110 2231 2635 2298 condemnas;eadem
2655 2232 2787 2285 enim
2822 2232 2930 2301 agis
2961 2248 3073 2300 qua:
3096 2233 3323 2302 judicas.
3355 2247 3378 2284 ι
3412 2232 3518 2287 Sed

1927 2333 2119 2392 postea,
2138 2323 2330 2392 inquis,
2351 2322 2562 2377 Ursacio
2577 2324 2597 2353 ²
2616 2332 2659 2376 et
2687 2322 2967 2392 Zenophilo
2986 2327 3390 2393 persequentibus
3403 2340 3516 2376 cum

1926 2413 2299 2465 communicare
2335 2411 2574 2466 noluisset
2599 2455 2611 2475 ,
2644 2422 2783 2466 actus
2811 2422 2882 2465 est
2912 2415 2963 2466 in
2994 2414 3246 2467 exsilium.
3294 2413 3403 2467 lmo
3427 2415 3517 2484 qui

1922 2505 2030 2575 jam
2062 2505 2286 2560 traditur
2317 2506 2409 2558 fuit
2430 2548 2444 2572 ,
2475 2521 2789 2574 permanere
2817 2506 2975 2560 etiam
3002 2508 3284 2562 haereticus
3309 2494 3516 2577 voluit,

1930 2606 1982 2650 ut
2014 2598 2203 2653 falsum
2233 2599 2488 2652 honorem
2522 2600 2572 2653 in
2607 2600 2714 2668 ipsa
2746 2608 2894 2668 parte
2919 2601 3101 2652 Donati
3137 2599 3391 2666 haberet,
3421 2600 3511 2670 qui

1932 2686 2126 2742 habere
2154 2688 2204 2741 in
2227 2688 2499 2742 Catholica
2530 2690 2729 2742 nttllum
2751 2698 2949 2756 posset,
2971 2699 3073 2741 tam
3097 2692 3392 2744 manifest's
3416 2701 3519 2743 tra—

1929 2777 2145 2832 ditionis
2174 2794 2284 2833 suae
2318 2780 2484 2848 gestis
2515 2779 2728 2848 publico
2765 2778 2966 2847 judicio
3005 2780 3275 2834 reseratis.
3313 2780 3433 2834 [hoc
3457 2784 3516 2828 H

1932 2871 2167 2937 profecto
2195 2868 2321 2923 falsa
2350 2885 2468 2923 esse
2493 2869 2734 2922 dicturus
2753 2884 2811 2921 es
2829 2910 2843 2932 ,
2878 2879 2931 2923 et
2960 2884 3056 2937 pro
3082 2871 3273 2921 vestris
3301 2866 3523 2938 majori-

1932 2959 2030 3013 bus
2050 3001 2063 3022 ,
2094 2968 2151 3013 ut
2176 2960 2460 3028 plurimum
2495 2959 2666 3028 possis
2688 3000 2701 3023 ,
2734 2970 2917 3011 crtntra
2948 2967 3161 3012 nostros
3201 2960 3303 3011 alia
3343 2959 3521 3026 prola-

1935 3059 2103 3103 turus.
2136 3050 2284 3117 Quod
2327 3051 2538 3119 quith-m
2581 3051 2802 3102 forsitan
2839 3066 2943 3102 non
2970 3049 3205 3114 vah-his,
3238 3067 3341 3103 non
3372 3051 3521 3105 inve-

1936 3141 2131 3196 niendo
2161 3141 2282 3210 quid
2317 3142 2573 3211 proferas.
2610 3141 2715 3195 Sed
2758 3142 2838 3195 fac
2866 3150 2917 3194 te
2957 3143 3256 3205 invenisse,
3290 3142 3370 3197 fac
3397 3158 3521 3211 pro-

1935 3234 2117 3287 tulisse
2150 3243 2409 3287 :-tautane
2439 3232 2565 3286 furis
2607 3232 2930 3302 impudentia
2952 3275 2965 3297 ,
2999 3244 3055 3286 ut
3084 3233 3179 3287 abs
3207 3242 3258 3287 te
3298 3234 3519 3302 prolatis

1936 3327 2103 3393 magis
2131 3326 2419 3379 contendas
2448 3324 2593 3378 credi
2625 3335 2904 3393 oportere,
2940 3341 3097 3394 quam
3127 3326 3205 3380 eis
3234 3342 3352 3395 qua:
3391 3340 3519 3395 pro-

1937 3413 2178 3469 feruntur
2206 3431 2233 3467 a
2267 3415 2455 3469 nobis?
2476 3415 2579 3468 Aut
2602 3415 2741 3468 enim
2770 3424 2823 3469 ct
2851 3414 2936 3469 hic
2963 3423 3016 3468 et
3037 3416 3143 3469 illic
3174 3416 3385 3471 fuerunt
3415 3427 3525 3469 tra-

1935 3504 2168 3570 dituros,
2202 3505 2244 3559 si
2275 3515 2327 3560 et
2357 3515 2409 3559 tu
2440 3505 2615 3574 aliqua
2646 3506 2839 3559 recitas
2858 3505 2925 3560 de
2954 3506 3292 3561 confessione
3314 3514 3524 3560 nostro-

1936 3612 2053 3652 rum
2077 3615 2089 3650 :
2109 3606 2197 3649 aut
2225 3597 2269 3651 si
2292 3597 2489 3666 aliquid
2518 3605 2668 3665 putas
2698 3607 2882 3650 contra
2912 3607 3165 3652 vestrosa
3187 3599 3384 3651 nostris
3402 3612 3523 3652 esse

1935 3689 2254 3752 confictam,
2296 3672 2392 3741 cur
2431 3704 2535 3741 non
2578 3698 2629 3741 et
2659 3704 2687 3741 a
2720 3689 2912 3742 vestris
2954 3698 3139 3743 contra
3180 3700 3393 3743 nostros
3424 3688 3525 3742 hoc

1937 3780 2076 3833 idem
2107 3778 2259 3832 nobis
2289 3789 2483 3844 putare
2512 3777 2842 3830 conceditis?
2874 3778 3013 3846 Ergo
3041 3794 3136 3845 pro
3166 3778 3412 3830 luunauis
3444 3777 3524 3830 fa-

1937 3869 2034 3923 ctis
2055 3911 2071 3933 ,
2101 3876 2190 3920 aut
2212 3876 2265 3920 et
2290 3867 2412 3920 hinc
2443 3875 2493 3919 et
2526 3864 2648 3917 inde
2679 3863 3032 3919 manifestans
3053 3908 3067 3929 ,
3098 3875 3190 3918 aut
3211 3881 3274 3919 ex
3300 3874 3525 3934 utroque

1939 3958 2105 4012 latere
2131 3956 2381 4021 incertis,
2413 3970 2480 4010 ne
2509 3955 2595 4024 qui
2630 3954 2680 4008 in
2713 3970 2874 4007 unum
2918 3955 3082 4009 Deum
3122 3955 3392 4009 credimus
3418 3957 3525 4011 liti-

1938 4063 2122 4119 gcmus
2143 4090 2158 4114 ,
2187 4046 2325 4115 quod
2352 4059 2554 4101 certum
2582 4053 2637 4101 et
2664 4044 2900 4099 divinum
2925 4058 3118 4098 munus
3143 4054 3225 4100 est
3244 4087 3257 4108 ,
3290 4045 3342 4099 in
3367 4045 3524 4100 Chri-

1938 4139 2004 4195 sti
2032 4140 2198 4211 gratia
2215 4137 2619 4194 concordcmns.
2647 4137 2779 4191 Cum
2809 4136 2949 4190 enim
2968 4146 3115 4206 gesta
3145 4139 3405 4206 majorum
3429 4152 3527 4190 no-

1939 4243 2171 4289 strorum
2215 4243 2373 4303 atque
2411 4240 2708 4285 vestrorum
2742 4230 2867 4284 hinc
2895 4239 3053 4300 atque
3092 4230 3215 4285 inde
3258 4232 3526 4286 contraria

1940 4325 2231 4381 recitantur
2274 4324 2427 4377 nobis
2455 4331 2601 4377 tanto
2632 4332 2749 4391 post
2779 4322 2917 4375 natis
2940 4362 2955 4387 ,
2987 4321 3030 4375 si
3063 4337 3160 4377 nec
3190 4321 3379 4376 saltem
3424 4322 3526 4377 du—

1942 4417 2109 4473 bitare
2157 4417 2523 4489 permittitur,
2580 4415 2704 4486 quid
2757 4414 3033 4486 iniquius?
3084 4415 3127 4470 si
3174 4426 3351 4471 autem
3403 4431 3528 4485 per-

1941 4509 2204 4572 mittitur,
2250 4506 2374 4578 quid
2418 4505 2810 4562 sufficientius?
2856 4506 3039 4577 Neque
3081 4508 3222 4562 enim
3265 4507 3401 4562 sicut
3444 4509 3527 4562 in-

1941 4614 2143 4657 certum
2174 4610 2256 4656 est
2283 4616 2312 4653 a
2341 4598 2533 4670 quibus
2559 4598 2827 4653 exstiterit
2856 4598 3154 4653 traditionis
3184 4600 3382 4654 malum
3405 4640 3418 4661 ,
3453 4599 3530 4652 sic

1944 4696 2202 4750 incertum
2247 4703 2328 4748 est
2356 4708 2384 4746 a
2416 4708 2521 4761 quo
2561 4691 2814 4761 jubeatur
2859 4689 3010 4745 reddi
3062 4691 3285 4745 turbata:
3314 4692 3336 4722 ³
3386 4693 3531 4759 pacis

1945 4788 2161 4841 bonum.

2013 4878 2240 4935 CAPUT
2274 4877 2467 4933 XXXI.
2498 4907 2568 4918 —
2597 4877 2686 4932 55.
2721 4878 2797 4931 Ac
2828 4890 2921 4944 per
2951 4873 3051 4929 hoc
3081 4874 3170 4943 qui
3206 4889 3302 4943 pro
3330 4874 3533 4928 incerto

1943 4970 2114 5025 alieno
2146 4968 2285 5023 malo
2323 4983 2505 5037 pacem
2534 4966 2735 5021 Christi
2765 4966 3005 5035 respuit,
3036 4965 3335 5019 certissime
3362 4963 3530 5018 malus

1943 5070 2023 5117 est
2056 5078 2069 5115 :
2102 5057 2531 5130 quandoquidem
2558 5055 2854 5128 Cyprianus
2886 5069 2985 5110 nec
3006 5069 3105 5125 pro
3130 5069 3273 5110 certa
3305 5053 3535 5123 permix-

2009 5219 2024 5243 ι
2052 5210 2166 5260 mliti
2212 5217 2286 5260 Fx.
2326 5217 2379 5259 et
2420 5216 2530 5258 Lov.
2550 5222 2564 5257 :
2588 5206 2700 5267 (niis
2747 5204 3160 5257 administrabat?
3210 5214 3335 5255 Tunc
3380 5203 3535 5267 silva;-

1946 5286 2033 5321 nus
2057 5271 2104 5322 in
2129 5272 2356 5321 clericatu
2382 5263 2643 5331 respondit.
2685 5271 2987 5329 castigantur
3020 5268 3299 5330 juvantihus
3319 5263 3532 5313 nonnihil

1948 5335 2090 5394 huius
2130 5333 2236 5382 lihri
2263 5328 2621 5394 manuscrtptis,
2662 5333 2749 5380 sed
2776 5328 2986 5380 maxime
3016 5328 3335 5380 succum-cute
3360 5341 3534 5375 exeni-
3585 5328 3589 5333 “

1946 5393 2063 5459 plan
2087 5404 2335 5459 Gestorum
2360 5393 2524 5444 contra
2548 5393 2806 5447 Silvanum.

2010 5462 2029 5489 ²
2056 5457 2170 5506 mliti
2202 5470 2213 5504 :
2240 5458 2331 5507 Sed
2368 5462 2672 5516 posteaqumn
2701 5453 2914 5505 Iirsacio.
2969 5452 3137 5502 Melius
3160 5449 3373 5501 nonnulli
3401 5457 3535 5496 \tss.:

1945 5520 2037 5570 Sed
2061 5526 2236 5580 postea,
2260 5517 2433 5580 inquis,
2462 5525 2557 5566 etc.
2588 5517 2633 5565 Id
2659 5517 2787 5564 eitim
2813 5518 2918 5576 ipse
2951 5517 3214 5577 exprobrat
3229 5521 3532 5561 Cresconius.

2009 5584 2030 5613 ³
2058 5578 2103 5629 tu
2131 5589 2233 5627 uss.
2263 5578 2511 5641 plerisque
2529 5580 2690 5635 deest,
2717 5582 2920 5627 turbata:

2011 5664 2082 5722 (ιτ)
2103 5661 2241 5710 Pollis;
2270 5661 2446 5708 nummi
2484 5670 2643 5720 genus
2666 5661 2883 5722 tton’er.
2922 5657 3002 5706 lih.
3029 5656 3092 5705 2'2
3125 5654 3186 5704 dc
3208 5654 3409 5702 Civitati.-
3431 5652 3528 5711 Dei,

2080 5726 2125 5784 8,
2155 5740 2199 5771 ιι.
2227 5726 2275 5784 ll,
2297 5732 2344 5773 et
2364 5734 2642 5773 sermonem
2662 5720 2772 5771 580.
