4066 6200
480 289 583 345 διε

483 412 655 456 torum
682 397 881 453 malitia
921 386 1238 449 zizaniorum
1270 404 1453 459 pacem
1483 384 1720 441 deseruit
1761 382 2057 435 frumento-

484 508 599 547 rum
620 532 635 550 .
665 490 756 558 qui
797 487 1033 542 scribens
1058 484 1121 536 ad
1158 482 1440 535 Maximum
1468 477 1630 539 dixit,
1664 472 1726 526 Et
1764 472 1806 525 si
1836 471 2063 523 videntur

482 585 534 637 in
566 582 788 637 Ecclesia
814 594 918 632 esse
945 576 1162 640 zizania,
1193 590 1290 626 non
1320 582 1482 623 tamen
1512 564 1743 636 impediri
1770 563 1909 615 debet
1939 559 2063 627 ﬁdes

483 682 569 727 aut
590 672 809 724 Charitas
829 679 998 721 nostra
1022 710 1035 731 ,
1070 675 1122 719 ut
1151 665 1384 735 quoniam
1414 660 1611 713 zizania
1639 673 1743 710 esse
1762 656 1814 707 in
1839 651 2065 705 Ecclesia

482 764 732 817 cernimus
752 801 766 826 ,
796 761 893 830 ipsi
918 758 979 811 de
1008 756 1235 810 Ecclesia
1262 755 1570 807 recedamus.
1629 748 1742 804 Non
1767 746 1930 807 dixit,
1960 741 2064 797 Su—

492 856 758 924 spicamur
778 894 791 912 .
834 852 1113 922 opinamur
1134 891 1145 912 ,
1179 848 1499 902 arbitramur
1519 885 1533 908 ,
1557 840 1866 909 conjicimus
1885 876 1900 902 ,
1946 851 2066 889 cre-

484 947 691 1008 dimus;
723 945 847 1009 sed,
878 942 1140 997 Cernimus
1182 939 1331 992 dixit.
1375 936 1417 990 Ο
1457 935 1713 996 verbum,
1745 946 1849 1000 quo
1878 934 2067 982 cuncta

484 1038 745 1093 dubitatio
774 1036 1048 1089 tolleretur
1069 1076 1082 1095 ,
1117 1043 1173 1085 ut
1197 1044 1390 1099 corpus
1415 1026 1613 1108 Christi
1655 1038 1757 1077 non
1800 1020 2066 1075 dividere—

486 1131 602 1185 tur!
634 1128 689 1184 Si
711 1130 819 1183 sola
844 1125 1106 1182 frumenta
1129 1122 1399 1176 desideras
1422 1160 1435 1183 ,
1464 1133 1615 1189 gcme
1638 1118 1689 1169 in
1717 1115 1895 1167 labore
1915 1109 2024 1178 agri
2049 1142 2065 1173 ,

484 1222 655 1292 gaude
682 1222 734 1275 in
762 1234 856 1289 spe
883 1217 1080 1280 horrei,
1117 1215 1278 1269 tolera
1304 1212 1473 1265 malos
1500 1211 1551 1262 in
1579 1204 1953 1261 communione
1974 1200 2071 1254 Sa-

484 1322 878 1369 eratnentorum
898 1308 1110 1371 Christi,
1139 1322 1203 1360 ne
1225 1316 1346 1358 ante
1364 1302 1559 1357 littoris
1581 1307 1791 1366 tempus
1813 1295 1943 1349 retia
1962 1292 2071 1345 dis-

486 1404 781 1471 rumpeudo
801 1444 815 1467 ,
846 1401 941 1454 tias
974 1398 1113 1469 quod
1142 1398 1367 1450 tolerare
1395 1391 1629 1445 uoluisti.
1661 1389 1762 1441 Ista
1792 1386 2022 1439 dicerem
2050 1420 2066 1447 ,

488 1495 531 1547 si
572 1494 637 1547 de
666 1490 1010 1545 traditoribus
1048 1500 1180 1556 quos
1207 1481 1468 1537 accusatis
1499 1477 1696 1547 aliquid
1726 1472 2069 1546 probassetis.

490 1583 599 1635 lmo
624 1583 723 1633 hoc
740 1595 865 1633 vero
895 1587 1132 1645 tempore
1157 1588 1254 1627 nec
1272 1574 1368 1625 ista
1385 1572 1494 1640 jam
1516 1569 1745 1622 dicerem
1770 1584 1781 1617 :
1804 1581 1908 1618 non
1930 1566 2072 1617 enim

484 1674 674 1742 jubeor
704 1673 928 1724 tolerare
950 1710 963 1731 ,
1012 1684 1129 1721 cum
1161 1665 1351 1735 quibus
1385 1664 1631 1731 jamnou
1674 1674 1834 1727 cogor
1873 1658 2069 1710 vivere.

488 1762 641 1828 Quod
671 1761 712 1815 si
746 1760 873 1813 mihi
901 1760 1059 1813 etiam
1093 1772 1233 1810 nunc
1259 1754 1478 1807 traditor
1504 1751 1904 1805 demonstretur
1924 1788 1938 1811 ,
1970 1760 2073 1815 qua

489 1853 814 1908 conscientia
840 1852 1029 1905 desero
1060 1860 1133 1902 tot
1155 1848 1472 1901 christianas
1502 1851 1688 1915 gentes
1708 1884 1721 1907 ,
1751 1841 1944 1910 quibus
1969 1855 2072 1893 non

490 1944 925 1998 demonstratur?
957 1940 1155 1994 Deinde
1175 1980 1187 2001 ,
1218 1953 1316 2007 ego
1357 1938 1470 2006 ipse
1500 1937 1542 1988 si
1585 1951 1723 1986 ltllltc
1747 1932 1896 1985 disco
1935 1929 2076 1999 quod

496 2038 652 2102 paulo
673 2044 794 2088 aute
817 2033 1134 2093 nesciebam,
1157 2046 1252 2083 cur
1272 2029 1323 2081 in
1354 2043 1438 2081 me
1461 2025 1756 2080 rescinditis
1783 2022 1920 2092 quod
1943 2022 2078 2076 scie-

497 2125 642 2178 bam?
664 2125 729 2177 Ba
740 2128 986 2192 ptismum
1008 2122 1199 2190 quippe
1218 2118 1411 2174 Christi
1434 2132 1517 2169 me
1535 2115 1804 2183 accepisse
1822 2112 2073 2166 sciebam:

494 2233 590 2269 vos
611 2217 767 2269 etiam
798 2215 892 2283 ipsi
921 2214 1149 2287 alienum
1172 2212 1365 2275 scelus,
1387 2208 1525 2278 quod
1553 2209 1846 2277 ignoratum
1877 2201 2078 2258 nemini

495 2308 685 2361 obesse
713 2306 1026 2360 conceditis.

561 2396 784 2452 CAPUT
826 2394 1037 2450 XXXII.
1062 2424 1131 2433 ——
1152 2392 1241 2447 56.
1282 2391 1389 2446 Cur
1416 2405 1541 2460 ergo
1571 2389 1685 2443 heri
1713 2386 2033 2457 baptizatum
2060 2427 2075 2449 ,

492 2489 650 2543 bodie'
699 2489 1067 2556 rebaptizatis,
1118 2500 1238 2539 cum
1283 2484 1511 2537 alienum
1555 2480 1730 2534 scelus
1781 2478 1921 2547 quod
1967 2476 2080 2531 heri

494 2580 826 2639 nesciebam,
861 2578 1017 2630 hodie
1047 2574 1317 2629 doceatis?
1347 2572 1598 2625 Nosciens
1628 2586 1656 2623 a
1688 2570 1826 2637 quali
1855 2583 2081 2637 accepe-

496 2669 562 2721 rit
584 2710 598 2731 ,
632 2667 882 2735 Baptisini
912 2666 1112 2732 accepti
1142 2668 1244 2717 n‘on
1272 2671 1388 2718 erat
1414 2677 1556 2715 rcus.
1586 2660 1741 2713 Modo
1773 2658 1865 2711 abs
1899 2668 1949 2711 te
1981 2658 2081 2711 hoc

494 2760 711 2821 didicit,
748 2758 998 2828 Baptismi
1046 2756 1253 2811 rescissi
1286 2769 1449 2823 quare
1494 2754 1550 2805 lit
1593 2750 1756 2806 reus?
1795 2749 1927 2803 Nam
1970 2748 2082 2803 sive

493 2863 821 2903 consensertt
864 2848 1196 2901 documentis
1242 2846 1377 2909 tuis,
1410 2844 1521 2896 sive
1563 2858 1665 2896 non
1710 2840 2076 2919 consenserit,

496 2944 585 3011 qui
613 2942 805 2994 Christi
842 2942 1162 2997 Bantismum
1206 2936 1501 2990 ministerio
1535 2934 1804 2987 traditoris
1833 2933 2078 3001 accepit,

494 3035 592 3089 nisi
615 3034 919 3102 probaveris
940 3048 1058 3085 cum
1085 3032 1249 3084 scisse
1268 3045 1296 3083 a
1325 3043 1429 3097 quo
1454 3027 1737 3094 acceperit,
1770 3040 1867 3078 nec
1894 3039 2085 3077 secun-

504 3126 629 3177 dum
659 3139 754 3177 vos
795 3131 939 3176 recte
983 3120 1215 3188 potueris
1255 3117 1541 3185 baptizare.
1573 3115 1689 3169 Jam
1729 3129 1868 3168 nunc
1904 3122 2085 3168 averte

494 3215 562 3267 ab
587 3213 759 3266 studio
801 3211 1026 3281 partium
1057 3220 1287 3262 mentem
1322 3216 1461 3260 tuam
1485 3247 1499 3269 ,
1533 3214 1586 3259 et
1614 3204 1892 3258 considera
1924 3219 2081 3273 quam

497 3304 900 3359 innumerabilis
930 3300 1211 3355 multitudo
1237 3298 1659 3353 Christianorum
1692 3296 1741 3349 in
1770 3297 1943 3350 Africa
1969 3297 2080 3366 ipsa

499 3398 700 3451 neseiat
728 3398 815 3466 qui
844 3396 1039 3459 fuerint
1062 3394 1340 3448 traditores
1366 3410 1379 3447 :
1407 3400 1603 3461 quanto
1624 3390 1789 3459 magis
1816 3390 1865 3442 in
1888 3399 2083 3442 cartero

497 3491 626 3544 orbe
654 3500 911 3543 terrarum
933 3528 949 3550 ,
982 3497 1232 3555 quautam
1267 3484 1681 3546 multitudinem,
1716 3481 1813 3534 nisi
1845 3496 1968 3534 cum
1994 3480 2087 3533 ϋηο

502 3581 789 3650 ptizaretur
827 3578 994 3632 scisse
1023 3574 1315 3630 conviceris
1342 3615 1354 3633 ,
1390 3581 1478 3625 aut
1510 3572 1877 3641 baptizandam
1908 3570 2086 3624 dicere

501 3687 605 3725 non
637 3670 877 3733 audebis,
906 3679 995 3721 aut
1016 3667 1255 3735 judicare
1282 3665 1345 3719 dc
1374 3665 1594 3719 occultis
1619 3664 1795 3718 cordis
1819 3661 2085 3716 audebis?

502 3762 561 3816 lit
596 3761 681 3815 ubi
724 3767 805 3813 est
842 3759 979 3828 quod
1028 3757 1118 3811 tibi
1152 3757 1340 3825 placet,
1390 3771 1507 3823 qua:
1545 3756 1641 3808 abs
1672 3762 1723 3807 te
1772 3751 2085 3820 interposita

500 3864 581 3909 cst
610 3853 784 3907 divina
815 3851 1072 3906 sententia
1099 3867 1112 3904 :
1163 3848 1289 3912 Qua:
1314 3846 1578 3913 nianifcsta
1602 3855 1738 3909 sunt,
1772 3845 1907 3897 vobis
1931 3860 1949 3908 ;
1974 3859 2088 3913 qua:

500 3957 662 4000 autem
681 3946 873 3998 occulta
888 3952 1024 4005 sunt,
1052 3941 1265 3993 Domino
1291 3938 1393 3992 Deo
1415 3948 1573 3991 vestro
1596 3936 1769 4008 (Deut.
1799 3952 1945 3999 xxnt,
1968 3934 2086 4005 29)?

500 4039 672 4093 Crede
699 4038 812 4091 orbi
845 4034 1136 4090 christiano
1164 4032 1356 4086 dicenti
1386 4029 1499 4087 tibi.
1536 4029 1857 4097 Baptismum
1888 4028 2084 4083 Christi

502 4130 652 4191 scio;
684 4129 769 4197 qui
801 4127 996 4180 fuerint
1038 4123 1320 4178 traditores
1363 4124 1414 4174 in
1455 4120 1632 4174 Africa
1656 4161 1671 4185 ,
1705 4119 1785 4173 vel
1830 4119 2082 4183 ubilibet,

503 4220 707 4289 ignoro.
736 4219 869 4287 Quid
898 4219 947 4270 in
968 4230 1062 4269 Διιιιε
1091 4214 1296 4268 occulta
1326 4213 1551 4264 lttttuana
1574 4210 1802 4277 judicas,
1834 4220 1888 4263 ut
1918 4210 2087 4262 mani-

504 4310 632 4363 festa
675 4311 725 4362 in
755 4325 837 4361 me
866 4308 1040 4361 divina
1072 4303 1384 4358 rescindas?
1411 4301 1515 4355 Fac
1558 4311 1608 4354 te
1636 4302 1810 4353 scelus
1849 4300 2082 4353 alienum

504 4402 663 4455 modo
689 4399 813 4453 mihi
846 4399 1086 4467 probare,
1109 4394 1247 4465 quod
1273 4395 1406 4448 dicis
1436 4412 1448 4447 :
1480 4393 1580 4446 hoc
1608 4408 1730 4447 cum
1758 4392 2083 4461 Baptismum

501 4493 820 4560 aecipcrcm,
846 4488 1142 4543 nesciebam
1169 4503 1181 4537 :
1211 4485 1256 4539 si
1287 4495 1501 4555 propter
1520 4498 1614 4539 eos
1634 4500 1766 4554 quos
1789 4499 1928 4537 nunc
1955 4483 2084 4537 mihi

502 4583 683 4652 prodis
714 4582 791 4650 (a)
812 4622 828 4646 ,
859 4580 1125 4648 baptizare
1163 4592 1256 4631 eos
1281 4576 1368 4647 qui
1411 4576 1711 4631 nescientes
1739 4575 1806 4627 ab
1834 4574 2086 4629 adulteris

500 4682 839 4745 acceperunt.
862 4688 996 4744 quos
1019 4671 1175 4726 modo
1196 4670 1513 4741 prodideris.
1539 4668 1672 4736 Quid
1695 4667 1760 4721 ad
1786 4667 1897 4722 hinc
1917 4668 2081 4730 dicis;

503 4770 624 4831 nisi,
657 4768 767 4822 Non
809 4777 891 4821 est
920 4774 1159 4818 sanctum
1183 4804 1195 4823 ,
1228 4776 1332 4815 non
1361 4768 1442 4814 est
1483 4758 1737 4813 mundum
1760 4799 1775 4824 ,
1816 4758 1914 4812 nisi
1944 4756 2085 4828 quod

501 4861 741 4921 Volucm,
775 4869 823 4911 et
851 4855 1118 4926 quomodo
1148 4854 1366 4908 Voluero
1399 4852 1414 4883 ¹
1440 4850 1463 4903 't

571 4949 795 5005 CAPU'I'
837 4946 1071 5001 XXXIII.
1096 4976 1166 4985 —
1187 4946 1273 4999 37.
1307 4942 1371 4995 In
1400 4943 1495 4995 hac
1523 4957 1577 4994 re
1605 4940 1740 4994 testis
1770 4949 1860 5002 est,
1890 4940 2082 5007 in'juis,

440 5088 443 5089 ν
508 5044 660 5097 totius
687 5042 819 5095 Orbis
847 5058 970 5109 pene
996 5038 1315 5091 conscientia.
1347 5034 1720 5103 Respondetur
1750 5033 1839 5087 lilii
1867 5049 1878 5083 :
1911 5032 1964 5085 In
1990 5032 2087 5087 hac

508 5152 565 5189 re
612 5135 769 5188 totius
816 5133 959 5185 orbis
1004 5130 1143 5184 nulla
1188 5138 1269 5183 est
1307 5128 1523 5180 omnino
1561 5127 1902 5180 Conscientia.
1954 5125 2084 5190 Hoc,

508 5226 714 5295 inquis,
760 5224 977 5294 majores
1019 5219 1176 5273 nostri
1224 5236 1253 5271 a
1296 5218 1400 5271 suis
1439 5217 1725 5287 parentibus
1770 5226 2084 5286 acceperunt.

571 5401 587 5431 ι
617 5406 666 5447 ιιι
686 5407 809 5456 uss,
827 5402 872 5446 et
896 5393 1087 5457 quando
1107 5391 1314 5457 votuero.

568 5462 640 5523 (α)
666 5451 812 5509 Locus
830 5451 1043 5523 mutilus,
1063 5451 1473 5523 redintegrandus-
1502 5452 1580 5501 bis
1610 5451 1732 5523 forte
1768 5452 1939 5502 additis
1969 5468 2088 5516 qua-

502 5514 634 5586 ιυστῖ
653 5524 844 5579 verbis,
888 5519 1130 5586 baptizare
1168 5530 1243 5586 me
1264 5514 1367 5572 'vis,
1388 5514 1567 5586 debes;
1592 5522 1645 5562 ut
1674 5514 2086 5586 .moxmseqoa'tur,

506 5584 750 5644 baptizare
803 5576 881 5631 eos
930 5576 1012 5644 qui
1042 5578 1339 5644 nescientes.
1387 5577 1550 5644 Facilis
1606 5578 1734 5625 enim
1789 5576 2089 5644 librariorum

507 5641 664 5703 lapsus
683 5647 767 5695 iuit
788 5647 833 5694 in
861 5641 1011 5692 verbo
1034 5641 1303 5705 baptizare,
1327 5641 1452 5703 quod
1480 5643 1653 5688 iterum
1686 5642 1901 5701 provime
1928 5653 2089 5688 recur-

1197 274 1470 337 CONTRA
1511 232 1935 330 cncscoxxn
1980 258 2428 327 θυῖςειτιδτλλι,
2471 263 2525 317 s.
2569 261 2933 319 AUGUS'l‘lNl

3650 265 3755 320 516

2177 375 2577 445 Respondetur:
2630 377 2730 432 Sed
2780 386 3019 431 errantes
3062 376 3128 430 ab
3176 376 3478 432 errantibus
3521 387 3611 432 aut
3664 356 3753 434 cas

2172 467 2568 520 lumniantibus.
2630 466 2758 521 Nam
2811 477 2863 521 ct
2917 467 3144 536 majores
3191 466 3497 522 Jndmorum
3556 485 3752 536 Corpus

2170 561 2363 616 Christi
2394 561 2458 614 de
2483 562 2726 629 sepulcro
2756 562 2983 615 furatum
3022 579 3049 614 a
3078 564 3187 616 suis
3215 563 3501 630 majoribus
3528 580 3753 633 accepe-

2172 664 2314 707 runt.
2347 653 2464 706 Non
2506 658 2623 707 olim
2654 656 2877 726 defuncti
2905 664 3019 709 sunt
3041 698 3053 717 ,
3099 656 3273 722 inquis
3294 697 3308 717 ,
3338 658 3422 725 qui
3471 659 3755 708 trudition.s

2173 743 2322 815 hujus
2352 743 2546 815 facinus
2573 762 2661 812 per
2681 763 2803 813 quos
2833 755 2877 798 ct
2906 747 3081 812 quibus
3112 748 3232 799 locis
3260 748 3533 799 admissum
3565 750 3624 799 sit
3667 765 3723 800 co

2173 846 2464 905 gnoverunt.
2496 836 2899 903 Resliondetur:
2934 836 3042 891 lloc
3071 847 3123 889 et
3150 839 3312 890 ltOSlt‘i
3345 854 3436 902 pro
3460 840 3566 889 suis
3598 841 3754 904 parti-

2174 925 2271 979 bus
2304 928 2318 957 ¹
2353 927 2551 981 dicunt.
2585 925 2799 980 Exstant
2820 968 2832 987 ,
2864 928 3066 997 inquis,
3100 930 3245 980 etiam
3275 929 3384 980 libri
3413 930 3588 996 quibus
3632 931 3755 981 ordo

2171 1033 2341 1071 rerum
2384 1026 2633 1086 gestarum
2679 1018 2893 1084 ﬁdeliter
2928 1034 2991 1079 ac
3028 1018 3292 1087 diligrrtter
3325 1019 3607 1085 adscriptas
3635 1031 3705 1069 est
3736 1035 3754 1071 :

2148 1096 2287 1160 ‘sunt
2316 1119 2447 1170 acta,
2480 1118 2595 1161 sunt
2626 1108 2825 1172 titterm,
2857 1110 3126 1161 multorum
3152 1126 3345 1177 quoque
3371 1120 3564 1162 tenetur
3587 1108 3755 1165 maui-

2176 1198 2301 1267 {esta
2327 1199 2591 1268 confessio.
2626 1198 2995 1268 Respondetur
3040 1200 3169 1263 tibi,
3201 1199 3314 1253 inre
3342 1211 3390 1253 et
3439 1204 3632 1253 nostris
3662 1216 3761 1270 p10

2174 1288 2284 1341 suis
2313 1289 2547 1356 partibus
2569 1304 2671 1342 non
2698 1290 2905 1343 deesse.
2936 1293 3040 1344 Aut
3060 1306 3186 1359 ergo
3214 1293 3316 1343 illis
3336 1293 3634 1353 credantus,
3663 1292 3757 1362 qui

2176 1385 2460 1444 potuerunt
2506 1394 2718 1432 causam
2758 1396 2908 1433 suam
2958 1382 3058 1435 illis
3105 1382 3355 1435 licclesiis
3400 1385 3756 1449 persuadere,

2175 1482 2307 1534 quas
2328 1469 2550 1538 scriptas
2581 1470 2630 1522 in
2664 1469 2837 1524 Libris
2880 1471 3073 1525 divinis
3101 1483 3153 1526 et
3181 1473 3451 1526 canonicis
3492 1476 3713 1542 legimus
3740 1491 3755 1529 :

2176 1570 2264 1611 aut
2290 1560 2429 1628 quod
2461 1570 2512 1615 tu
2540 1561 2714 1615 dixisti
2745 1563 2809 1616 de
2839 1562 3049 1631 Optato,
3082 1580 3179 1619 nec
3205 1566 3540 1620 abs'olvautus
3568 1568 3750 1633 dubia,

2178 1665 2275 1704 nec
2291 1651 2638 1717 damnemus;
2662 1664 2715 1707 ct
2739 1670 2917 1723 pacem
2941 1655 3133 1709 Christi
3157 1658 3307 1726 cujus
3328 1659 3521 1712 bonum
3539 1660 3758 1712 dubium

2179 1757 2282 1794 non
2310 1753 2412 1805 est,
2448 1744 2673 1798 fraterna
2699 1732 2980 1801 dilectione
3012 1756 3306 1802 teneamus.

2248 1834 2474 1890 CAPUT
2512 1836 2752 1890 XXXIV.
2775 1868 2845 1877 —
2862 1839 2949 1893 58.
2989 1839 3092 1893 Sed
3120 1838 3422 1905 Orientales,
3445 1856 3580 1910 quos
3602 1842 3763 1895 modo

2180 1936 2389 1980 nostros
2420 1943 2538 1982 esse
2576 1930 2850 1990 concedis,
2882 1948 2983 1984 non
3013 1931 3219 1984 latuisse
3246 1932 3338 1985 hoc
3378 1936 3573 2003 [acinus
3599 1934 3762 1988 dicis.

2180 2019 2351 2088 Atque
2384 2030 2438 2073 ut
2465 2020 2565 2074 hoc
2593 2022 2803 2089 probes,
2839 2022 3026 2076 inseris
3056 2024 3357 2093 principium
3386 2026 3607 2093 epistola’
3637 2024 3763 2079 con-

2181 2112 2285 2163 cilii
2329 2111 2646 2166 Sardiccnsis
2674 2114 2750 2178 .’,
2806 2114 2888 2167 ubi
2943 2115 3126 2167 Donati
3170 2116 3489 2186 Carthaginis
3540 2118 3765 2187 episcopi

2180 2202 2328 2253 vestri
2367 2218 2543 2255 nomen
2576 2204 2823 2256 invenitur
2861 2206 3191 2273 adscriptum.
3236 2208 3386 2273 Quod
3418 2208 3528 2260 ideo
3568 2209 3761 2278 factum

2184 2301 2332 2358 putas
2359 2300 2404 2343 et
2434 2293 2656 2361 a/[irmus
2678 2335 2690 2355 ,
2737 2295 2870 2362 quod
2899 2296 3121 2348 videlicet
3168 2295 3535 2357 Orientalibus.
3572 2300 3657 2367 qui
3699 2301 3766 2352 de

2182 2383 2393 2435 concilio
2422 2400 2512 2436 suo
2542 2384 2650 2437 Ita’c
2676 2388 2864 2453 scripta
2908 2388 3147 2441 miserunt
3169 2431 3182 2451 ,
3217 2389 3412 2456 {acinus
3451 2391 3767 2459 displicuerit

2184 2473 2483 2525 traditarum
2507 2516 2520 2538 ,
2548 2484 2591 2527 et
2621 2477 2682 2528 ab
2708 2493 2879 2530 eorum
2908 2495 2961 2530 se
2986 2482 3332 2532 communione
3358 2491 3681 2544 retraxerunt,
3716 2493 3766 2535 et

2186 2576 2447 2635 propterea
2472 2567 2667 2620 Donato
2693 2581 2851 2623 vestro
2871 2573 3302 2625 communicabunt
3328 2572 3425 2645 (a).
3462 2575 3608 2629 hisce
3636 2591 3768 2642 ergo

2184 2656 2322 2725 quod
2346 2662 2549 2715 nescis:
2574 2659 2886 2715 Sardieense
2907 2663 3188 2716 concilium
3212 2666 3527 2718 Arianorum
3550 2667 3639 2718 fuit
3664 2666 3768 2734 (ὁ),

2184 2747 2324 2816 quod
2367 2758 2530 2802 totum
2564 2750 2765 2819 jamdiu
2808 2762 2890 2806 est
2936 2752 2973 2815 ³,
3002 2764 3057 2806 ιιι
3101 2753 3356 2810 habemus
3398 2757 3450 2809 in
3500 2757 3769 2823 inanibus,

2184 2848 2514 2895 Contractqu
2564 2843 2790 2897 maxime
2835 2853 3016 2897 contra
3067 2846 3408 2906 Athanasium
3456 2848 3770 2914 epiScopum

2186 2932 2602 2987 Alexandrinum
2628 2934 2967 2999 catholicum,
2992 2935 3078 3004 qui
3101 2951 3285 2989 eorum
3307 2952 3540 2990 errorem
3562 2953 3626 2989 ex
3651 2939 3772 3002 ipsa

2186 3025 2396 3077 civitate
2425 3038 2621 3091 ortum,
2653 3041 2758 3095 pra:
2785 3026 2995 3081 ceteris
3023 3028 3216 3080 acriter
3240 3029 3486 3096 arguebat
3520 3038 3574 3081 et
3603 3029 3770 3083 refel-

2188 3113 2345 3167 lebat.
2375 3113 2488 3168 Nou
2517 3116 2674 3184 igitur
2714 3118 2903 3169 ntirutu
2937 3117 2979 3170 si
3011 3118 3081 3170 illi
3116 3117 3346 3171 ltmrctiri
3378 3119 3634 3171 Donatum
3664 3120 3775 3174 sibi

2187 3206 2448 3260 asciscere
2477 3216 2842 3272 tentaverunt,
2868 3224 3000 3276 quos
3027 3224 3125 3277 per
3156 3220 3320 3262 totum
3368 3210 3548 3262 urbem
3579 3209 3777 3263 catho-

2189 3296 2285 3350 lica
2310 3297 2595 3352 daumabat
2623 3299 2877 3353 Ecclesia.
2902 3300 3213 3368 Quanquam
3240 3315 3336 3354 nos
3358 3301 3471 3353 sine
3494 3302 3776 3353 civitatum

2188 3389 2490 3444 nominibus
2532 3392 2807 3461 episeopos
2846 3391 2912 3445 ad
2943 3408 3074 3460 quos
3120 3392 3200 3446 hac
3244 3393 3432 3446 littera:
3470 3392 3604 3445 datte
3646 3403 3778 3447 sunt

2190 3481 2498 3536 habeamus.
2525 3484 2631 3537 Aut
2651 3499 2775 3553 ergo
2797 3485 2984 3553 aliquis
3011 3484 3245 3538 Donatus
3274 3484 3366 3536 fuit
3390 3501 3493 3539 non
3518 3485 3568 3537 iu
3594 3484 3777 3539 Africa

2190 3574 2505 3643 cpiscopus,
2534 3576 2617 3629 cui
2653 3576 2850 3628 nomini
2881 3576 3143 3645 Carthago
3169 3593 3197 3630 a
3228 3578 3418 3631 vestris
3444 3586 3526 3630 est
3557 3577 3775 3639 addita;

2189 3674 2301 3728 aut,
2328 3674 2387 3719 ut
2422 3665 2552 3730 dixi,
2597 3665 2897 3720 Africanam
2942 3666 3182 3720 lneresim
3226 3666 3509 3720 Orientalis
3552 3666 3782 3721 harrcsis

2190 3757 2289 3811 sibi
2318 3758 2536 3811 tentavit
2570 3757 2880 3825 adjungere.
2914 3757 3063 3825 Quod
3096 3756 3217 3811 hinc
3260 3757 3489 3811 maxime
3515 3758 3781 3811 credibile

2190 3859 2292 3913 est,
2321 3849 2459 3918 quod
2487 3848 2553 3902 ad
2581 3848 2914 3918 Carthaginis
2942 3849 3246 3917 cpiscomnn
3279 3848 3519 3901 Roniauo
3552 3859 3781 3916 pnetcr-

2191 3942 2374 4003 misso,
2419 3957 2685 4010 nunquam
2732 3941 3018 3995 Orientalis
3053 3941 3313 3994 catholica
3348 3941 3645 3994 scriln-ret:
3678 3939 3778 3993 ubi

2189 4036 2377 4090 saltem
2402 4044 2579 4089 vester
2599 4035 2757 4089 scribi
2779 4034 2979 4101 debuit,
3007 4050 3164 4105 quem
3187 4016 3370 4089 soletis
3397 4035 3614 4088 Romam
3641 4049 3780 4103 pau-

2189 4126 2267 4179 cis
2294 4125 2482 4180 vestris
2525 4127 2736 4181 mittere
2773 4142 2836 4179 ex
2866 4124 3057 4180 Africa.
3093 4125 3196 4180 Sed
3232 4127 3336 4179 lico
3364 4125 3595 4195 gratias,
3628 4126 3782 4194 quod

2192 4235 2290 4273 nec
2316 4220 2498 4285 valuit,
2528 4220 2571 4272 si
2602 4230 2774 4273 tamen
2806 4230 2976 4288 empta
3004 4229 3104 4282 est,
3136 4220 3221 4274 illa
3251 4220 3573 4288 conspiratio
3605 4220 3785 4274 hatre-

2193 4313 2415 4367 ticorum
2445 4311 2791 4367 Orientalium
2829 4327 2949 4365 eum
2978 4312 3118 4365 Afris
3158 4311 3424 4367 hmretieis
3460 4311 3779 4381 praevalere.

2192 4406 2271 4461 Tu
2305 4407 2528 4459 Arianos
2560 4406 2667 4472 jam
2699 4404 2836 4458 inter
2862 4403 3143 4458 haereticos
3163 4412 3216 4457 et
3242 4404 3392 4457 nobis
3421 4414 3475 4458 et
3505 4403 3651 4457 vobis
3675 4401 3785 4457 de-

2193 4497 2463 4552 testandos
2490 4496 2540 4549 in
2588 4505 2673 4550 tua
2713 4497 2933 4564 cpistola
2976 4497 3233 4565 posuisti;
3265 4496 3403 4549 unde
3440 4495 3567 4549 mihi
3598 4506 3780 4549 meum

2192 4591 2331 4644 nulla
2387 4586 2673 4644 necessitas
2712 4599 2792 4644 est
2820 4590 2977 4645 etiam
3023 4590 3087 4644 de
3133 4590 3229 4644 hac
3255 4589 3546 4659 qurcstione
3582 4587 3782 4642 catilli-

2191 4698 2335 4751 gere.
2360 4681 2489 4735 Nam
2517 4682 2656 4749 quod
2684 4682 2772 4735 tibi
2803 4681 3120 4751 propomiisti
3148 4682 3492 4750 qumstionem
3521 4689 3782 4748 tanquam

2190 4788 2219 4825 a
2266 4772 2417 4827 nobis
2460 4773 2744 4841 objectam,
2788 4772 2851 4827 Si
2894 4774 3002 4825 liarc
3038 4773 3109 4825 ita
3153 4781 3289 4838 sunt,
3341 4788 3373 4824 ιι
3425 4771 3788 4824 communione

2191 4874 2465 4917 uestrorum
2503 4863 2924 4931 quemadmodum
2966 4860 3249 4915 Orientales
3289 4872 3460 4929 postea
3502 4862 3789 4930 disgregati

2191 4956 2345 5009 sunt?
2376 4964 2427 5009 et
2458 4954 2773 5022 respondisti
2804 4952 2938 5023 quod
2974 4953 3024 5006 in
3056 4953 3351 5021 recipiendis
3386 4953 3562 5005 iterant
3592 4953 3790 5007 nostris

2192 5049 2446 5101 damnata:
2488 5063 2655 5101 causa:
2700 5064 2814 5100 non
2859 5046 3110 5116 potuerint
3156 5061 3355 5099 servare
3400 5044 3738 5101 constantiam
3768 5061 3790 5096 .-

2257 5206 2272 5237 ¹
2300 5201 2513 5265 Nonnulli
2538 5202 2872 5265 codices,4pro
2888 5199 2987 5265 suis
3008 5197 3298 5263 parentibus.
3335 5260 3345 5265 _
3571 5263 3579 5265 ᾗ
3628 5262 3646 5265 _
3731 5254 3768 5265 η

2256 5268 2277 5297 ²
2300 5274 2347 5314 tn
2374 5264 2609 5320 MssJoco.
2635 5256 3237 5321 Sardicensismoustanter
3255 5260 3485 5323 scriptum
3510 5256 3793 5313 est,$erdi-

2191 5329 2378 5387 comis;
2423 5340 2515 5377 nec
2537 5327 2677 5376 aliter
2707 5327 2752 5373 in
2779 5327 2941 5386 [rimis
2966 5325 3270 5387 editionibus.

2258 5391 2278 5421 ³
2299 5380 2372 5439 sic
2393 5398 2493 5437 Am.
2516 5394 2587 5436 Er.
2616 5396 2667 5437 et
2683 5380 2855 5437 omnes
2880 5396 2982 5436 Mss.
3000 5385 3105 5435 Sola
3129 5384 3277 5434 editio
3298 5389 3408 5432 Lov.
3449 5380 3622 5440 habet,
3644 5380 3784 5442 quod

2193 5460 2355 5502 notum
2369 5463 2474 5512 1am
2496 5447 2579 5512 diu
2603 5458 2690 5499 est.

2275 5514 2327 5574 a)
2348 5509 2461 5561 vide
2487 5510 2621 5569 infra,
2648 5512 2728 5560 lib.
2750 5510 2870 5574 ινιτ.
2890 5509 2967 5574 53.
3128 5568 3158 5574 __
3424 5567 3437 5574 -
3668 5562 3700 5574 η

2275 5516 2327 5574 a)
2348 5516 2461 5561 vide
2487 5516 2621 5569 intra,
2648 5516 2728 5560 an.
2750 5516 2799 5563 4.
2822 5524 2870 5559 n.
2890 5516 2967 5560 δῖ’..
3689 5563 3700 5574 ,

2256 5516 2329 5636 Eb)
2366 5574 2648 5639 Sardiceuse
2689 5573 2816 5639 istud
2861 5573 2989 5639 idem
3028 5568 3253 5639 creditur
3288 5580 3361 5639 se.
3395 5562 3798 5639 PhilippOpohta~

2197 5630 2328 5690 num,
2352 5636 2479 5696 quod
2518 5636 2786 5683 orientales
2832 5635 3002 5694 Ariani,
3036 5632 3205 5682 relicto
3235 5630 3515 5688 Sat-dicensi,
3562 5638 3799 5679 seorsum

2199 5704 2270 5748 ha.
2293 5705 2486 5747 uerunt.
