4066 6200
447 287 549 344 519

443 406 533 476 qui
551 419 614 460 ea
639 403 1050 462 committerent,
1079 397 1424 455 similitudine
1465 395 1646 449 talium
1693 402 1899 463 patrum
1933 393 2016 446 in-

443 511 662 566 crepare
681 497 721 560 ¹,
755 509 852 548 nec
874 501 1048 546 tamen
1077 489 1175 544 sibi
1197 491 1420 543 alterum
1449 488 1697 556 populum
1721 485 1869 554 quasi
1897 500 2022 552 pur-

443 595 621 656 gatum
651 593 703 639 et
724 584 976 652 liquatum
993 581 1013 611 ‘
1035 579 1368 648 separatione
1393 577 1647 646 sacrilega
1667 575 2018 628 constituere:

444 673 710 746 quomodo
741 673 892 726 nobis
922 687 1025 724 non
1067 670 1221 723 liceat
1246 683 1346 722 nec
1371 668 1525 733 facta,
1567 666 1748 720 nescio
1775 680 2020 734 quorum,

441 782 557 835 qua:
584 764 748 834 magis
773 763 1001 832 objicitis
1028 777 1182 832 quam
1207 760 1442 829 probatis
1472 760 1696 821 imitari;
1723 772 1819 811 nec
1848 767 2020 810 tamen

441 856 506 909 ab
537 870 596 908 ea
627 871 744 924 qua:
781 854 833 906 in
873 854 1102 906 universo
1149 851 1359 914 mundo,
1394 851 1531 904 sicut
1558 849 1842 917 Apostolus
1870 847 2017 913 dicit,

440 948 710 1017 fructi/iret
734 955 780 1000 et
809 947 983 1000 crescit
1005 944 1220 998 (Coloss.
1255 960 1295 1008 ι,
1328 943 1407 1011 6),
1440 953 1619 996 saneta
1663 939 1898 994 Ecclesia
1929 953 2018 992 se-

438 1039 653 1108 parari?
680 1038 942 1108 Numquid
973 1038 1144 1106 aliqua
1175 1036 1517 1091 Sacramenta
1545 1034 1884 1087 instituerunt
1907 1041 2017 1084 tra-

439 1130 657 1194 ditores,
688 1130 741 1183 in
771 1130 960 1198 quibus
985 1126 1320 1196 baptizarer?
1344 1125 1604 1194 Numquid
1625 1125 1829 1198 aliquos
1857 1122 2019 1176 libros

437 1222 505 1277 de
533 1221 768 1276 facienda
806 1222 886 1274 vel
916 1219 1164 1273 imitanda
1199 1218 1480 1272 traditione
1507 1216 1732 1285 posteris
1763 1215 2016 1269 condideo

438 1323 582 1377 runt,
637 1321 690 1366 et
731 1328 914 1368 eorum
964 1317 1206 1366 tenemus
1259 1310 1634 1378 sequimurque
1684 1305 2015 1360 doctrinam?

439 1405 588 1472 Quod
621 1405 663 1457 si
695 1404 964 1464 fecissent,
1005 1418 1102 1456 nec
1132 1401 1229 1454 sibi
1259 1398 1652 1454 communicare
1681 1405 2008 1464 paterentur,

440 1498 539 1549 nisi
569 1510 660 1550 eos
689 1495 775 1563 qui
807 1495 892 1546 illa
924 1494 1174 1560 legerent,
1200 1491 1585 1559 approbarent;
1619 1487 1715 1553 ipsi
1740 1487 1805 1539 ab
1829 1485 2016 1538 Eccle-

436 1585 528 1638 sia:
555 1600 612 1638 se
645 1584 843 1636 unitate
871 1581 1200 1635 dividerent:
1226 1580 1280 1633 in
1313 1594 1535 1647 quorum
1573 1576 1830 1630 divisione
1861 1591 1945 1628 me
1969 1572 2013 1628 si

433 1676 664 1739 videres,
691 1685 813 1728 tunc
842 1689 926 1726 me
946 1673 1125 1726 dicere
1155 1671 1378 1726 deberes
1409 1686 1527 1723 esse
1559 1670 1607 1722 in
1641 1668 1865 1722 ecclesia
1909 1676 2014 1720 tra-

433 1769 683 1821 diturum.
713 1765 864 1833 Quod
895 1765 936 1818 si
967 1781 1059 1818 sua
1089 1763 1317 1834 pessima
1365 1763 1430 1816 de
1461 1760 1698 1814 facienda
1732 1758 2013 1812 traditione

433 1866 695 1926 praecepta
725 1855 1139 1917 conscriberent,
1174 1869 1272 1907 nec
1314 1863 1488 1905 tamen
1528 1860 1676 1905 extra
1722 1849 2012 1903 Ecclesium

434 1962 525 2000 sua
553 1947 763 2014 propria
807 1945 1213 2013 congregatione
1257 1951 1415 2010 atque
1445 1940 1819 1995 communione
1857 1939 2010 1992 colli-

433 2047 714 2106 gerentur;
759 2035 956 2090 zizania
986 2047 1263 2104 propterea
1295 2041 1748 2102 computarcntur,
1782 2045 2011 2101 quorum

435 2144 590 2183 causa
626 2129 884 2182 frumenta
915 2143 1016 2180 non
1045 2136 1190 2181 recte
1219 2127 1614 2181 desererentur.

503 2219 726 2274 CAPUT
764 2217 1084 2274 XXXIX.—
1108 2219 1192 2272 45.
1224 2217 1364 2271 Ecce
1392 2216 1510 2270 dico
1543 2216 1751 2277 iterum,
1779 2230 1896 2284 quae
1925 2229 2010 2269 me

429 2311 655 2366 ulterius
682 2318 840 2364 vclas-
873 2310 1048 2364 dicere
1086 2325 1098 2362 :
1137 2309 1319 2378 Arguis
1347 2308 1485 2378 apud
1511 2325 1586 2361 me
1616 2325 1717 2371 eos,
1756 2324 1880 2375 quos
1897 2308 2010 2374 jam

429 2403 547 2455 olim
572 2403 834 2473 defunctas
864 2419 973 2456 mea
999 2403 1216 2471 cognitio
1243 2419 1340 2455 non
1361 2402 1610 2471 judicavit
1644 2399 1776 2470 (Lib.
1816 2402 1834 2455 Ι
1871 2409 2006 2454 cont.

429 2493 646 2547 Litteras
695 2494 951 2559 Petiliani,
1003 2512 1057 2546 η.
1108 2493 1218 2562 19).
1261 2495 1399 2548 Dicis
1428 2505 1478 2546 ltt
1505 2505 1686 2548 contra
1716 2512 1727 2545 :
1763 2493 1894 2545 Licet
1923 2492 2010 2546 tibi

429 2593 474 2636 et
505 2583 652 2636 hodie
669 2583 918 2652 judicare,
949 2593 993 2636 et
1015 2585 1268 2653 judicium
1304 2601 1401 2637 non
1434 2593 1625 2636 tantum
1657 2583 1719 2636 de
1745 2584 1882 2645 vivis,
1919 2583 2007 2636 sed

427 2674 579 2727 etiam
607 2673 669 2727 de
695 2675 904 2726 mortuis
933 2674 1105 2726 haberi
1139 2683 1316 2743 potest.
1365 2673 1504 2726 Licet
1531 2674 1662 2727 enim
1693 2675 1755 2725 sit
1784 2686 2009 2726 mortuus

425 2765 514 2834 qui
544 2767 781 2833 peccavit,
801 2782 1053 2832 nunquam
1075 2765 1205 2818 illud
1222 2766 1431 2817 moritur
1450 2765 1583 2832 quod
1602 2766 1667 2816 ad
1676 2765 1826 2816 misit.
1847 2763 2006 2831 Quid,

426 2856 468 2908 si
499 2872 616 2910 cum
646 2857 843 2909 viveret
874 2870 931 2908 se
963 2855 1218 2919 correxit,
1244 2855 1514 2920 Deumque
1541 2854 1799 2920 placavit?
1825 2854 2008 2908 Nonne

425 2954 691 3000 mortuum
718 2957 766 2999 et
795 2947 1024 3000 deletum
1049 2954 1130 3000 est
1159 2945 1300 3013 quod
1344 2945 1591 2999 admisit?
1621 2948 1755 2999 sicut
1784 2944 2006 2999 Felicia-

425 3051 526 3089 nus
547 3047 600 3088 et
622 3037 969 3089 Pratlextalus
993 3035 1289 3087 Maximiani
1317 3035 1673 3096 ordiuatores,
1706 3034 1825 3087 drua
1867 3035 2006 3088 sicut

424 3128 555 3182 dicis
585 3127 856 3191 dilatione,
901 3142 958 3179 se
1000 3134 1144 3179 tanto
1185 3126 1388 3182 scelere
1419 3135 1784 3180 correxerunt.
1817 3126 2003 3180 Mirum

423 3226 508 3270 est
533 3225 706 3269 autem
753 3217 796 3269 si
838 3216 1047 3284 prepria
1081 3225 1291 3283 peccata
1334 3230 1438 3268 non
1479 3214 1674 3268 obsunt
1701 3215 2003 3268 hominibus

423 3307 512 3376 qui
540 3322 599 3359 ea
625 3307 758 3359 facta
782 3306 1129 3366 correxerint,
1158 3315 1211 3360 ct
1232 3305 1349 3358 aliis
1376 3305 1571 3358 obsunt
1591 3307 1675 3374 qui
1699 3322 1758 3358 ea
1788 3306 2006 3359 omnino

424 3415 527 3452 non
557 3399 809 3451 fecerint:
838 3397 976 3466 quod
1005 3398 1046 3450 si
1069 3397 1135 3450 de
1158 3397 1309 3450 nobis
1339 3398 1529 3464 agitur,
1574 3397 1728 3460 adde,
1761 3397 1858 3464 Qui
1907 3412 2006 3452 nec

424 3489 555 3542 facta
584 3487 946 3556 cognoverint.
979 3487 1082 3540 Sed
1107 3487 1239 3540 dicis
1267 3487 1414 3540 licere
1435 3488 1556 3539 mihi
1577 3489 1723 3540 etiam
1755 3489 1902 3540 hodie
1913 3489 2005 3556 ju-

421 3578 610 3640 dicare,
637 3579 754 3646 quia
777 3577 1026 3646 judicium
1055 3593 1154 3628 non
1185 3586 1376 3644 tantum
1407 3576 1469 3628 de
1495 3578 1632 3640 vivis,
1667 3577 1755 3629 sed
1773 3579 1921 3630 etiam
1944 3578 2007 3632 de

421 3669 632 3722 mortuis
662 3669 772 3736 ﬁeri
803 3676 979 3736 potest.
1023 3667 1161 3720 Ecce
1191 3667 1310 3719 volo
1335 3666 1596 3733 judicare,
1631 3668 1724 3721 sed
1754 3684 1844 3721 vos
1875 3685 2002 3723 cau-

419 3759 733 3827 sanripsam
774 3773 876 3811 non
910 3757 1068 3812 vultis
1108 3772 1294 3826 agere;
1344 3757 1451 3810 imo
1483 3773 1613 3811 vero
1645 3767 1766 3813 tunc
1806 3770 1999 3823 actam,

418 3861 544 3906 tunc
565 3853 721 3907 etiam
747 3853 862 3906 sine
882 3851 1042 3905 dubio
1067 3851 1420 3912 terminatam,
1451 3851 1605 3902 nobis
1632 3851 2003 3906 demonstran-

419 3945 580 4009 tibus,
614 3959 718 3998 non
746 3944 906 3997 vultis
935 3958 1242 4011 agnoscere.
1277 3941 1380 3996 Sed
1414 3943 1665 3996 faciamus
1695 3959 1786 3997 vos
1827 3945 2000 4012 potius

418 4033 613 4089 habere
639 4034 778 4104 quod
809 4035 1000 4088 docere
1023 4033 1266 4102 possitis:
1296 4047 1428 4102 quos
1456 4032 1688 4085 nondum
1720 4033 1994 4101 docuistis,

415 4143 579 4196 quare
617 4126 724 4196 jam
772 4124 1179 4194 rebaptizandos
1221 4140 1342 4178 esse
1383 4123 1717 4180 contenditis.
1754 4127 1996 4194 quando-

415 4218 628 4288 quidem
656 4232 684 4270 a
731 4216 1070 4270 traditoribus
1096 4229 1230 4283 quos
1274 4213 1648 4283 ignoraveraut
1675 4214 1992 4285 baptizatos,

415 4323 515 4362 nec
539 4323 658 4362 cum
686 4306 972 4360 docueritis
1016 4305 1284 4372 baptizare
1323 4304 1588 4367 debeatis;
1621 4305 1757 4358 sicut
1783 4320 1877 4360 eos
1906 4310 1994 4374 qui

415 4399 714 4458 nescientes
745 4397 811 4449 ab
840 4395 1094 4450 adulteris
1121 4395 1366 4464 baptizati
1389 4407 1532 4462 sunt,
1565 4406 1618 4450 ct
1644 4396 1747 4450 illis
1776 4396 1995 4466 proditis

412 4501 572 4557 atque
602 4491 858 4544 convictis
879 4504 983 4543 non
1010 4488 1322 4556 baptizatis?

481 4579 705 4635 CAPUT
746 4579 856 4634 XL.
885 4609 958 4618 ——
984 4579 1072 4633 44.
1114 4578 1209 4632 llic
1235 4577 1369 4632 forte
1395 4579 1572 4633 dicas:
1601 4579 1703 4634 Sed
1735 4579 1798 4635 de
1828 4580 1995 4634 Carci-

413 4674 554 4727 liano
575 4674 682 4742 jam
708 4673 1000 4743 jndicatum
1028 4680 1128 4725 est.
1160 4671 1532 4742 Respondetur
1558 4672 1646 4726 libi
1670 4691 1682 4727 :
1705 4673 1821 4728 Jam
1844 4674 1990 4743 judi—

411 4775 585 4818 catum
616 4773 729 4818 erat
751 4773 804 4817 et
829 4763 894 4816 de
926 4763 1191 4816 Primiano
1210 4778 1237 4814 a
1262 4771 1471 4816 centum
1495 4764 1754 4833 episcopis
1774 4767 1987 4830 vestris,

409 4856 601 4924 quibus
641 4871 760 4909 eum
808 4853 1192 4923 iniquissimum
1239 4853 1586 4908 Maximianus
1631 4867 1984 4923 persuaserat,

408 4959 692 5017 antequam
717 4947 1005 5014 Bagaiense
1026 4945 1310 4999 concilium
1334 4944 1598 4999 faceretis.
1623 4946 1726 5000 Sed
1747 4949 1798 5000 in
1821 4949 1989 5016 primo

404 5042 603 5110 judicio
630 5039 910 5094 damnatus
930 5047 1012 5091 est
1038 5037 1250 5102 absens,
1283 5038 1332 5090 in
1363 5038 1594 5091 secundo
1620 5039 1889 5093 absoluttts
1909 5049 1990 5097 est

409 5149 666 5203 prmseus.
698 5133 753 5187 Si
790 5141 908 5200 post
947 5131 1170 5198 primum
1201 5146 1334 5200 quos
1360 5131 1641 5198 baptizavit
1671 5133 1986 5201 rebaptizari

412 5244 514 5281 non
539 5234 776 5295 possunt,
802 5232 999 5294 quanto
1020 5224 1192 5291 potius
1219 5232 1338 5290 post
1363 5223 1689 5278 secundum?
1712 5224 1784 5278 lta
1808 5235 1860 5278 et
1879 5226 1988 5278 Cm-

409 5319 628 5370 cilianns
653 5317 818 5384 primo
843 5314 977 5384 apud
1004 5313 1374 5382 Carthaginem
1409 5314 1610 5381 judicio
1638 5316 1865 5372 Secundi
1897 5319 1985 5371 Ti-

409 5411 616 5478 gisitani
644 5409 922 5465 damnatus
948 5414 1032 5462 est
1059 5408 1271 5472 absens,
1305 5408 1540 5462 secundo
1561 5409 1759 5480 judicio
1786 5411 1979 5466 Miltia-

473 5588 486 5618 ²
513 5594 648 5658 stss._,
673 5595 716 5638 ct
739 5588 834 5638 illis
856 5587 939 5651 qui
961 5601 1018 5639 ea
1039 5583 1380 5638 committerent
1401 5602 1418 5650 ;
1436 5588 1792 5640 similitudinem
1819 5591 1983 5644 talium

409 5659 505 5713 ραξν
517 5662 595 5713 ηῃι
613 5664 874 5713 increpare.

474 5711 493 5740 ³
519 5709 700 5770 Aliquot
725 5709 848 5772 uss,
875 5718 919 5763 et
943 5710 1219 5773 eliquatum.

1219 279 1488 338 CONTRA
1531 277 1957 333 CRESCONlUM
1991 275 2450 349 contusum,
2493 282 2548 338 s.
2591 279 2957 342 AUGUSTINI

3605 284 3716 341 520

2135 401 2217 454 dis
2237 401 2251 432 ¹
2281 399 2502 454 Romani
2523 401 2795 460 absolutus
2817 415 2898 460 est
2919 421 3188 475 praesens:
3215 407 3388 464 adhuc
3408 425 3506 465 nos
3528 412 3596 469 de
3619 413 3720 473 illo

2129 503 2305 550 certos
2336 507 2453 546 esse
2485 508 2588 547 non
2619 495 2778 549 vultis
2799 537 2814 561 ,
2863 498 3048 552 saltem
3095 497 3341 555 dubitare
3386 507 3713 575 permittite;

2129 593 2293 649 vincit
2315 595 2454 649 enim
2480 610 2574 646 vos
2604 611 2708 648 non
2732 595 2902 649 solum
2930 597 3017 665 qui
3049 595 3392 650 Caecilianum
3424 600 3523 652 scit
3553 601 3713 656 inuo-

2129 696 2358 750 centetn,
2383 701 2564 740 verum
2587 687 2743 739 etiam
2767 687 2852 754 qui
2878 687 3042 740 nescit
3070 698 3370 741 nocentem.
3403 690 3505 742 Vos
3534 703 3714 745 autem

2129 785 2378 845 utrosque
2407 777 2810 844 rebaptizandos
2837 778 2966 831 'esse
3007 779 3253 838 censetis.
3295 789 3346 834 et
3386 779 3474 848 qui
3508 783 3713 848 dicunt,

2127 865 2398 933 Nevimus,
2450 877 2502 922 et
2547 869 2635 937 qui
2677 869 2877 930 dicunt,
2925 868 3038 923 Non
3082 872 3322 924 novimus
3354 876 3525 940 qualis
3557 875 3721 930 fuerit

2128 957 2457 1012 Czrcilianus.
2485 959 2595 1012 Non
2625 969 2750 1012 sunt
2773 959 3076 1023 baptizandi
3109 977 3243 1028 quos
3272 963 3555 1030 baptizavit
3593 968 3713 1021 Pri-

2127 1048 2332 1101 mianus
2360 1057 2480 1117 post
2503 1050 2726 1114 primum
2754 1050 3008 1118 judicium
3037 1067 3144 1121 quo
3173 1052 3454 1109 damnatus
3499 1067 3580 1111 est
3610 1059 3711 1110 ah-

2126 1155 2269 1203 scus,
2301 1149 2350 1194 et
2379 1141 2674 1208 baptizandi
2707 1151 2830 1197 sunt
2872 1159 3007 1214 quos
3054 1144 3335 1210 baptizavit
3385 1148 3710 1205 Caecilianus

2125 1243 2244 1301 post
2265 1235 2553 1289 secundum
2579 1237 2835 1303 judicium
2873 1253 2980 1306 quo
3014 1240 3284 1295 absolutus
3317 1254 3397 1295 est
3434 1246 3712 1312 prmsens?

2125 1326 2273 1379 Illum
2299 1327 2604 1381 damnatum
2633 1329 2886 1384 damnare
2910 1347 3014 1384 non
3043 1332 3222 1386 licuit:
3248 1333 3312 1387 de
3339 1335 3437 1388 isto
3460 1337 3709 1391 abSnluto

2123 1419 2309 1471 saltem
2355 1419 2511 1472 liceat
2557 1419 2817 1475 dubitare.
2849 1421 3013 1490 Cujus
3055 1424 3278 1478 crimina
3325 1427 3530 1479 etiamsi
3560 1439 3709 1482 certa

2122 1509 2274 1562 nobis
2305 1520 2504 1577 essent,
2540 1512 2590 1566 in
2623 1513 2856 1567 Ecclesia
2885 1516 3204 1569 constitutos
3222 1519 3262 1580 ⁸,
3292 1533 3448 1586 quam
3479 1519 3708 1587 Spiritus

2123 1611 2336 1656 sanctus
2363 1604 2507 1659 velut
2535 1621 2713 1660 aream
2741 1623 2862 1662 cum
2897 1608 3045 1676 palea
3077 1611 3465 1676 prmnuntiavit,
3499 1629 3706 1682 nequa-

2121 1707 2277 1760 quam
2310 1709 2407 1748 nos
2433 1696 2601 1751 aliena
2630 1707 2845 1765 peccata
2883 1714 2986 1752 non
3021 1701 3219 1754 imitata
3257 1704 3600 1757 maeularent.
3639 1705 3708 1758 Et

2123 1791 2297 1837 tamen
2325 1787 2530 1840 etiamsi
2560 1788 2712 1842 nobis
2740 1790 2933 1844 incerta
2964 1806 3083 1846 esse
3104 1793 3373 1854 dicuntur.
3403 1811 3506 1849 non
3529 1799 3704 1851 solum

2120 1874 2194 1926 rei
2225 1877 2612 1937 constituimur.
2645 1895 2826 1934 verum
2859 1882 3017 1934 etiam
3047 1882 3345 1950 baptizandi
3379 1885 3702 1948 iudicamur.

2119 1965 2263 2019 Itane
2305 1969 2498 2035 agitis?
2539 1970 2735 2024 siccine
2776 1979 2963 2025 cuncta
3014 1975 3354 2042 pervertitis?
3402 1976 3706 2034 Tantumne

2118 2071 2302 2112 revera
2329 2059 2480 2112 Vobis
2505 2062 2663 2116 licere
2683 2063 3032 2124 arbitramini,
3066 2075 3121 2118 ut.
3149 2068 3285 2131 quod
3313 2069 3468 2122 vultis
3489 2072 3554 2123 sit
3577 2087 3704 2125 san-

2116 2157 2280 2207 ctum.
2322 2151 2459 2218 quod
2511 2154 2669 2207 vultis
2712 2155 3074 2208 itnn'utudum?
3118 2157 3372 2212 Cohibete
3419 2178 3542 2225 vos;
3591 2180 3699 2217 non

2117 2241 2402 2310 proﬁciatis
2431 2243 2480 2295 in
2512 2245 2681 2304 malis,
2717 2261 2782 2299 ne
2806 2248 3035 2313 pereatis
3061 2263 3086 2299 a
3116 2249 3288 2300 bonis.

2186 2333 2412 2390 CAPUT
2450 2336 2583 2390 XLI.
2609 2369 2677 2377 —
2700 2339 2786 2392 45.
2822 2339 2952 2393 Nam
2989 2341 3112 2394 illud
3145 2343 3286 2411 quod
3318 2344 3446 2408 divi,
3484 2345 3632 2408 Quod
3658 2349 3704 2401 si

2116 2425 2178 2478 de
2202 2430 2622 2496 perseeutionibus
2651 2432 2780 2499 agis,
2814 2433 2912 2486 cito
2937 2435 3232 2501 respondeo.
3259 2437 3301 2488 si
3322 2439 3514 2504 aliquid
3536 2441 3704 2504 inique

2117 2521 2252 2586 passi
2290 2521 2422 2582 estis,
2455 2539 2552 2576 non
2583 2525 2829 2591 pertinere
2855 2526 2922 2578 ad
2959 2543 3041 2579 eos
3079 2529 3163 2596 qui
3193 2531 3314 2580 talia
3359 2534 3577 2596 quamvis
3604 2533 3704 2583 im.

2116 2614 2266 2682 probe
2291 2618 2542 2685 facientes,
2585 2634 2674 2683 pro
2706 2635 2826 2687 pace
2854 2629 3016 2672 tamen
3048 2621 3254 2674 unitatis
3282 2625 3596 2677 laudabiliter
3625 2639 3700 2678 to-

2117 2704 2276 2759 lerant
2319 2707 2454 2775 (Lib.
2482 2710 2500 2761 Ι
2535 2719 2706 2762 contra
2747 2709 2923 2764 Litter.
2959 2711 3222 2777 Petiliaui,
3255 2733 3303 2766 η.
3335 2715 3470 2776 90):
3502 2733 3658 2783 quam

2114 2793 2371 2851 fallaciter
2395 2799 2637 2852 refellere,
2660 2802 2891 2863 voluisti,
2925 2820 3140 2869 prorsus
3164 2821 3265 2857 non
3295 2809 3524 2873 cogitans
3558 2810 3696 2860 litte-

2113 2903 2199 2940 ras
2224 2896 2337 2941 tnas
2358 2891 2469 2942 sani
2493 2891 2677 2959 capitis
2710 2892 2976 2945 habituras
3007 2911 3123 2948 esse
3149 2897 3416 2949 lectorem.
3448 2899 3517 2950 Ita
3543 2901 3685 2952 enim

2114 2981 2427 3048 respondes,
2477 2984 2625 3050 quasi
2671 2999 2766 3050 ego
2810 2985 3056 3045 dixerim,
3093 2991 3508 3046 persecutionem
3542 2992 3693 3042 vobis

2114 3085 2209 3137 pro
2243 3087 2368 3137 pace
2397 3073 2611 3126 unitatis
2645 3074 2752 3127 fieri
2786 3075 2996 3128 debere.
3033 3077 3183 3143 Quod
3219 3080 3305 3130 iilo
3335 3081 3544 3147 quidem
3577 3083 3695 3135 loco

2120 3179 2222 3216 non
2249 3165 2354 3216 dixi
2390 3183 2402 3216 :
2435 3166 2525 3218 sed
2567 3166 2695 3228 dixi,
2745 3168 2802 3220 Si
2847 3170 3038 3234 aliquid
3067 3171 3234 3236 inique
3266 3173 3400 3239 passi
3426 3175 3559 3235 estis,
3593 3189 3695 3228 uon

2116 3258 2362 3321 pertinere
2389 3258 2457 3310 ad
2483 3276 2565 3309 eos
2595 3271 2625 3311 tt
2658 3261 2837 3328 quiltus
2879 3263 3198 3316 Iaudab'liter
3227 3283 3314 3332 pro
3341 3269 3546 3319 unitatis
3575 3285 3696 3334 pore

2114 3346 2407 3408 tolerantur,
2441 3347 2527 3414 qui
2557 3349 2676 3402 talia
2719 3351 2769 3402 in
2813 3369 2897 3405 ros
2944 3356 3169 3422 quamvis
3208 3357 3431 3424 improbe
3477 3359 3691 3426 faciunt.

2113 3440 2260 3504 Quod
2289 3455 2406 3495 cum
2437 3442 2769 3510 apertissime
2797 3443 2993 3497 dictum
3038 3447 3124 3501 sit.
3159 3449 3347 3502 saltem
3395 3452 3691 3516 expositum

2113 3530 2386 3583 attendant
2411 3547 2544 3598 quos
2573 3532 2752 3586 fallere
2778 3534 3012 3588 voluisti.
3048 3536 3226 3608 Neque
3258 3541 3398 3593 enim
3447 3550 3516 3600 te,
3553 3542 3691 3606 quod

2114 3630 2216 3673 tam
2245 3632 2485 3689 apertum
2528 3634 2626 3683 est,
2660 3641 2763 3677 non
2799 3625 3122 3680 intellexisse
3149 3631 3410 3683 arbitror:
3443 3633 3537 3685 sed
3572 3634 3691 3687 bre-

2111 3713 2324 3766 vitatem
2352 3717 2628 3767 sententia!
2657 3732 2789 3771 mere
2832 3717 2985 3771 facile
3016 3721 3205 3785 putasti
3236 3738 3388 3788 posse
3433 3724 3482 3776 in
3521 3725 3696 3789 caligi-

2112 3820 2230 3856 nem
2262 3803 2417 3869 mitti,
2450 3804 2537 3858 ubi
2565 3805 2838 3874 quodlibet
2861 3807 2999 3862 aliud
3033 3809 3254 3868 diceres.
3277 3813 3322 3866 ei
3352 3815 3692 3878 respondisse

2108 3895 2383 3947 videreris.
2415 3895 2525 3949 Cur
2549 3906 2724 3950 autem
2757 3899 2978 3952 dixerim
3007 3902 3172 3953 malus
3191 3903 3692 3959 communionisuo-

2108 3994 2251 4045 strre.
2284 3986 2382 4040 hoc
2413 3997 2513 4052 est,
2560 4005 2698 4041 arere
2750 3989 3029 4045 dominicae
3081 3995 3314 4059 paleam;
3349 4011 3467 4049 cmn
3516 3999 3565 4052 in
3595 4015 3689 4052 vos

2107 4077 2282 4147 inique
2311 4089 2492 4147 agunt.
2521 4094 2548 4131 a
2579 4080 2730 4132 bonis
2750 4083 2944 4135 nostris
2970 4083 3307 4139 laudabiliter
3330 4104 3424 4155 pro
3451 4104 3575 4158 pace
3603 4099 3685 4141 to-

2107 4168 2284 4232 lerari,
2317 4169 2440 4237 quid
2473 4185 2606 4238 opus
2649 4181 2729 4225 est
2771 4182 2823 4224 ut
2873 4173 2985 4239 ipse
3028 4177 3326 4242 OSlendatn,
3361 4179 3470 4244 ipse
3499 4180 3690 4234 defen-

2104 4259 2254 4319 dam;
2288 4273 2408 4313 ettm
2451 4275 2547 4328 pro
2586 4277 2673 4316 me
2711 4261 2895 4315 beatus
2939 4263 3232 4335 Cyprianus
3263 4269 3592 4336 apertissime
3635 4284 3691 4326 et

2103 4353 2476 4407 candidissime
2520 4354 2678 4417 dicat,
2711 4357 2866 4408 etiam
2911 4373 3030 4412 eum
3059 4371 3348 4414 cermmtur
3374 4363 3423 4416 in
3454 4363 3686 4418 Ecclesia

2104 4446 2252 4507 mali,
2287 4462 2390 4498 non
2422 4457 2635 4514 propter
2662 4463 2752 4499 eos
2775 4444 3066 4502 Ecclesiam
3100 4451 3449 4506 deserendatn
3487 4455 3678 4523 (Epist.

2103 4536 2170 4587 ml
2207 4535 2547 4600 Maximum):
2580 4535 2680 4589 boc
2705 4547 2804 4599 est,
2836 4539 2976 4607 quod
3026 4539 3156 4607 dixi,
3199 4557 3290 4595 eos
3331 4559 3426 4612 pro
3467 4545 3689 4602 unitatis

2103 4641 2231 4692 pace
2260 4625 2595 4678 tolerandos?
2624 4626 2804 4694 Neque
2832 4629 2968 4680 enim
3015 4645 3109 4683 vos
3133 4630 3360 4699 amplius
3387 4649 3542 4702 quam
3587 4651 3689 4689 nos

2098 4725 2507 4786 persequuntur,
2550 4719 2637 4782 qui
2671 4733 2764 4770 vos
2795 4719 2972 4788 inique
3003 4725 3543 4789 persequentes-dant
3585 4741 3684 4778 vo-

2099 4805 2178 4858 bis
2204 4806 2268 4860 ad
2299 4806 2638 4876 decipiendos
2667 4809 2962 4876 imperitos,
2991 4811 3114 4864 licet
3142 4811 3324 4866 falsam
3373 4816 3686 4870 similitudio

2101 4915 2218 4952 nem
2241 4900 2442 4967 gloria‘,
2472 4901 2625 4954 nobis
2648 4912 2822 4954 autem
2857 4903 3046 4955 vulnus
3073 4906 3272 4974 grande
3305 4908 3547 4962 tristitite.

2167 4991 2393 5044 CAPUT
2434 4991 2589 5046 XLll.
2616 5023 2684 5037 ρ·-
2712 4992 2798 5047 46.
2843 4995 3042 5049 Deinde
3072 5013 3500 5054 commemorans
3523 5003 3686 5058 etiam

2095 5082 2279 5135 nescio
2306 5098 2436 5150 quos
2477 5093 2736 5145 mortuos,
2784 5100 2919 5153 quos
2960 5103 2984 5137 a
3035 5087 3229 5141 nostris
3272 5089 3402 5144 dicis
3450 5094 3684 5154 occisos,

2098 5183 2345 5244 tanquam
2389 5176 2438 5228 in
2483 5191 2670 5245 eampo
2700 5175 2958 5232 facundia:
3005 5188 3106 5234 tuae
3138 5181 3382 5249 positus'
3427 5183 3689 5243 latissime

2161 5473 2175 5542 ξ
2200 5478 2405 5542 Er.
2435 5469 2678 5542 et.plt_t_res
2697 5482 2821 5531 Mss,
2848 5473 3112 5542 lt'ilitiadis.

2155 5536 2175 5564 ι
2200 5533 2337 5589 editi,
2357 5533 2718 5603 censemus.“
2744 5544 2872 5597 uss,
2898 5538 3172 5589 constitutos
3202 5551 3220 5589 :
3245 5541 3428 5603 pendet
3451 5555 3477 5591 a
3501 5543 3684 5596 subses

2089 5603 2274 5658 quente
2299 5596 2466 5658 verbo,
2498 5595 2810 5644 macularent.

2156 5658 2176 5688 ³
2201 5667 2318 5719 sm.,
2343 5655 2392 5719 in
2416 5669 2585 5718 campo
2621 5659 2862 5719 {acmtdire
2884 5660 3127 5719 sepositos.
3152 5669 3228 5710 Er.
3255 5671 3305 5712 et
3328 5669 3456 5716 t.ov..
3477 5663 3531 5713 in
3553 5682 3686 5719 mm-

2091 5730 2152 5782 po
2193 5717 2436 5779 facundia:
2479 5717 2726 5782 sepositus.
2777 5717 3098 5772 litnendantur
3133 5737 3195 5772 ex
3231 5727 3583 5789 manuscriptis.
