4066 6200
310 340 391 398 {1‘21

311 467 579 523 rxaggcms
604 453 799 516 locum,
828 452 878 504 in
906 464 1006 520 quo
1031 448 1179 502 vobis
1208 446 1454 502 videmini
1487 446 1684 500 similes
1720 460 1865 498 mar-

313 560 468 617 tyrum
488 560 502 605 ;
526 560 645 598 cum
672 543 908 614 quotidie
935 551 1227 596 vestrorum
1249 538 1574 593 incredibilia
1604 538 1867 605 patiamur

311 639 432 691 facta
460 636 775 690 clericorum
826 645 877 690 et
922 633 1439 697 Circumcellionum,
1473 632 1641 685 multo
1682 632 1865 701 pejora

310 741 453 796 quam
483 725 839 794 quorumlibet
859 723 1119 777 latronum
1148 730 1306 790 atque
1344 721 1674 790 przedonum.
1704 718 1866 773 Nam-

310 831 404 885 que
430 813 707 867 horrendis
733 813 921 867 armati
952 814 1207 880 cujusque
1239 809 1448 880 generis
1481 809 1622 874 telis,
1653 808 1867 863 terribi-

314 907 420 959 liter
453 903 711 972 vagando,
734 918 838 956 non
858 902 978 955 dico
1002 900 1436 963 ecclesiasticam,
1461 899 1553 953 sed
1578 898 1742 967 ipsam
1766 896 1868 951 hu-

313 1008 506 1048 manam
531 993 759 1061 quietem
787 1003 1078 1060 pacemque
1105 988 1434 1057 perturbant,
1462 986 1736 1040 nocturnis
1774 1001 1868 1054 ag-

314 1083 661 1155 gressionibus
690 1081 1001 1150 clericorum
1041 1078 1421 1132 catholicorum
1445 1078 1654 1131 invasos
1680 1076 1869 1130 domos

316 1172 467 1225 nudas
493 1179 650 1239 atque
680 1169 863 1222 inanes
891 1167 1302 1235 derelinquunt:
1328 1166 1470 1232 ipsos
1499 1164 1657 1219 etiam
1684 1172 1870 1230 raptos

315 1270 361 1314 et
389 1260 606 1313 fustibus
628 1268 831 1322 tunsos,
866 1256 1111 1325 ferroque
1130 1257 1392 1315 concisos,
1416 1253 1700 1308 semivivus
1732 1252 1868 1321 abji-

317 1350 463 1403 einut.
495 1349 714 1415 Insuper
740 1361 876 1401 novo
908 1354 962 1401 et
996 1345 1219 1399 antehac
1245 1344 1481 1398 inaudito
1519 1344 1736 1398 sceleris
1776 1357 1870 1411 ge-

316 1453 452 1499 nere,
484 1437 652 1490 oculis
676 1426 859 1489 eorum
887 1434 1088 1488 calcem
1119 1442 1271 1488 aceto
1298 1432 1557 1502 permixto
1586 1430 1870 1485 infunden-

317 1537 389 1581 tes
409 1535 460 1580 et
488 1525 839 1587 infertientes,
870 1538 1001 1593 quos
1023 1523 1251 1578 evellere
1271 1522 1586 1592 compendio
1610 1530 1868 1590 poterant,

313 1615 611 1670 excruciare
655 1614 881 1682 amplius
927 1613 1129 1682 eligunt
1175 1626 1331 1681 quam
1375 1612 1531 1664 citius
1580 1623 1870 1664 exetecare.

314 1704 435 1761 Nam
465 1707 635 1775 primo
665 1714 865 1758 tantum
894 1704 1038 1757 calce
1065 1703 1135 1756 ad
1183 1702 1282 1757 hoc
1329 1700 1530 1755 facinus
1569 1700 1870 1762 utebantur,

313 1796 399 1853 sed
431 1806 769 1865 posteaquam
811 1794 928 1848 illos
970 1795 1159 1862 quibus
1189 1795 1288 1845 hoc
1320 1790 1571 1853 fecerant,
1598 1790 1704 1844 cito
1731 1788 1874 1843 salu-

315 1898 412 1942 tem
440 1901 714 1954 reparasse
734 1884 1051 1947 didicerunt,
1080 1890 1287 1936 acetum
1310 1881 1643 1934 addiderunt.

375 1975 599 2032 CAPUT
639 1972 819 2028 XLIII.
845 2002 915 2013 ——
938 1974 1026 2026 47.
1065 1971 1264 2026 Omitto
1289 1979 1413 2025 ante
1438 1976 1628 2037 quanta
1657 1968 1877 2023 commi-

314 2075 508 2132 serant,
527 2066 713 2135 quibus
734 2064 945 2120 easdem
966 2064 1108 2132 leges
1121 2062 1378 2116 adversus
1393 2075 1625 2115 errorem
1643 2068 1876 2114 vestrum

314 2158 558 2211 constitui
602 2163 910 2222 coegerunt,
956 2154 1120 2220 magis
1149 2151 1433 2205 christiana
1475 2149 1879 2203 mansuetudine

316 2254 652 2315 temperatas,
683 2260 839 2313 quam
870 2244 920 2296 in
951 2252 1054 2296 tam
1097 2256 1283 2313 magna
1315 2241 1517 2295 scelera
1563 2239 1613 2294 vi
1657 2239 1877 2309 congrui

315 2337 502 2406 vigoris
530 2344 790 2390 exsertus.
824 2334 1114 2401 EpiscOpus
1139 2331 1432 2385 catholicus
1458 2346 1484 2382 a
1514 2329 1878 2384 Tltubursicu-

315 2429 438 2483 bure
481 2429 682 2483 Servus
728 2425 963 2489 nomine,
1009 2439 1126 2478 cum
1159 2424 1396 2477 invasum
1427 2437 1455 2474 a
1486 2423 1675 2475 vestris
1706 2422 1879 2475 locum

314 2528 595 2589 repeteret,
627 2527 683 2572 ct
706 2517 980 2585 utriusque
1011 2514 1175 2584 partis
1201 2520 1570 2582 procuratores
1594 2525 1882 2580 proconsu-

314 2608 420 2663 lare
448 2607 883 2678 prmstolarenlur
909 2619 1152 2663 examen,
1199 2610 1417 2671 repente
1461 2602 1559 2653 sibi
1603 2602 1652 2653 in
1691 2602 1885 2670 Oppido

314 2705 608 2750 memorato
633 2696 824 2749 vestris
850 2694 1066 2746 armatis
1108 2691 1430 2745 irruentibus
1456 2690 1541 2744 vix
1564 2691 1713 2744 vivus
1737 2691 1886 2743 aufu-

312 2787 403 2854 git.
432 2787 471 2839 A
498 2785 689 2855 quibus
720 2795 869 2852 pater
893 2783 1008 2852 ejus
1038 2782 1333 2853 presbyter,
1357 2791 1513 2838 aetate
1551 2797 1615 2837 ac
1648 2783 1885 2837 moribus

314 2876 508 2943 gravis,
540 2890 601 2929 ea
646 2874 793 2928 caede
836 2888 939 2942 qua
987 2873 1334 2927 vehementer
1369 2872 1599 2927 amictus
1638 2878 1740 2933 est.
1770 2879 1891 2941 post

302 2965 426 3018 dies
454 2978 655 3033 paucos
677 2963 907 3018 excessit
926 2977 956 3016 e
976 2962 1102 3015 vita.
1126 2961 1476 3016 Maximianus
1500 2963 1781 3031 episcopus
1796 2976 1888 3015 ca-

316 3053 547 3110 tholicus
577 3053 900 3122 Bagaieusis,
935 3053 1072 3106 dicta
1103 3053 1242 3106 inter
1266 3059 1443 3121 partes
1465 3050 1741 3121 judiciaria
1764 3066 1889 3105 sen-

316 3144 501 3209 tentia,
532 3144 802 3197 basilicam
843 3141 986 3195 fundi
1009 3142 1369 3195 Calvianeusis
1392 3142 1408 3173 ¹
1451 3144 1702 3206 evicerat,
1733 3156 1890 3211 quam

244 3303 250 3308 ε
314 3236 477 3288 Vestri
508 3234 691 3288 illicite
718 3231 1001 3300 aliquando
1023 3240 1440 3297 usurpaverant:
1470 3230 1607 3283 hanc
1633 3246 1751 3284 cum
1775 3230 1895 3296 jure

314 3325 604 3394 perSpicuo
630 3323 900 3383 retineret,
932 3320 984 3373 in
1019 3335 1080 3373 ea
1111 3320 1223 3387 ipsa
1263 3319 1363 3372 sub
1400 3318 1551 3371 altari
1579 3333 1682 3386 quo
1705 3318 1894 3372 confu-

313 3423 488 3482 gerat,
518 3410 710 3466 eodem
752 3422 909 3475 supra
941 3422 999 3461 se
1029 3406 1217 3471 fracto,
1245 3406 1464 3474 ejusque
1493 3406 1648 3474 lignis
1671 3406 1895 3475 aliisque

316 3503 578 3564 fustibus,
608 3499 749 3554 ferro
776 3498 936 3552 etiam
978 3497 1263 3551 crudeliter
1301 3511 1490 3558 czesus,
1537 3505 1703 3550 totum
1747 3496 1893 3550 illum

314 3600 497 3653 locum
528 3594 786 3663 sanguine
809 3591 1059 3661 opplevit.
1088 3592 1383 3657 Acceperat
1418 3598 1592 3643 autem
1618 3599 1672 3645 et
1700 3590 1896 3659 grande

316 3689 515 3741 vulnus
538 3685 589 3738 in
614 3683 844 3752 inguine,
870 3680 1009 3735 unde
1033 3694 1224 3735 cruore
1251 3680 1449 3748 largius
1468 3680 1738 3742 efﬂuente,
1762 3694 1899 3733 con-

318 3780 471 3834 tinuo
502 3784 823 3839 moreretur,
855 3772 955 3827 nisi
982 3772 1151 3841 major
1171 3786 1354 3825 eorum
1380 3769 1665 3823 crudelitas
1693 3784 1785 3837 per
1810 3784 1902 3823 oc-

316 3870 521 3923 cultam
537 3866 631 3920 Dei
656 3862 1069 3919 misericordiam
1094 3860 1400 3931 profuisset.
1423 3858 1553 3912 Nam
1576 3873 1695 3912 cum
1726 3872 1898 3911 mem-

316 3961 431 4015 bris
456 3976 527 4016 ex
557 3974 616 4013 ea
645 3965 793 4027 parte
810 3954 1021 4009 nudatis
1049 3952 1336 4007 semivivus
1360 3951 1574 4023 insuper
1600 3964 1902 4018 pronusque

320 4052 649 4114 traheretur,
678 4046 1006 4103 exundantes
1035 4058 1196 4096 venas
1225 4042 1453 4096 latenter
1474 4042 1645 4111 pulvis
1683 4041 1899 4095 obstru-

316 4142 447 4195 sit’.
480 4137 613 4193 Inde
652 4146 957 4191 nostrorum
987 4134 1229 4203 manibus
1271 4146 1391 4186 cum
1440 4129 1689 4197 ferretur,
1716 4144 1902 4185 rursus

320 4231 423 4283 illis
476 4225 808 4282 irruentibus
855 4223 1116 4279 violenter
1147 4229 1385 4275 extortus
1435 4229 1535 4285 est,
1586 4219 1904 4289 graviusque

320 4320 639 4383 mulctatus,
666 4325 716 4371 et
734 4315 800 4371 de
827 4313 1035 4370 excelsa
1064 4312 1193 4366 turri
1212 4318 1369 4365 noctu
1382 4310 1755 4379 praecipitatus,
1779 4310 1905 4364 sub.

322 4418 403 4463 ter
456 4410 646 4463 cinere
697 4404 946 4459 stercoris
972 4403 1201 4457 molliter
1218 4387 1720 4470 jacebatexceptus,
1743 4413 1905 4453 sensu

323 4501 527 4553 amisso
548 4498 632 4551 vix
646 4504 939 4551 extremum
968 4492 1208 4562 spiritum
1236 4503 1423 4545 tenens
1435 4488 1475 4542 ³.
1495 4489 1706 4545 Ibieum
1735 4498 1908 4542 trans-

326 4590 438 4643 iens
468 4588 691 4659 quidam
720 4600 919 4655 pauper
958 4582 1175 4646 invenit,
1220 4596 1339 4635 cum
1365 4581 1565 4634 ventris
1585 4579 1905 4635 exonerandi

324 4694 488 4734 causa
516 4678 585 4731 ad
615 4692 734 4732 eum
764 4676 1063 4730 divertisset
1088 4674 1283 4728 locum.
1319 4671 1544 4740 Agnovit
1568 4682 1744 4725 autem
1784 4685 1929 4734 eum,

326 4770 560 4837 pavidus
579 4782 728 4825 suam
756 4765 1031 4834 conjugem
1057 4759 1353 4823 accersiit‘,
1382 4775 1539 4829 quam
1592 4760 1773 4828 procul
1814 4775 1907 4812 ve-

326 4859 593 4914 recundia
621 4848 1227 4912 dimoverat'lucernam
1280 4853 1553 4906 ferentem.
1598 4850 1749 4905 Tunc
1786 4865 1906 4904 eum

322 4953 490 5005 ambo
521 4946 1126 5019 pervexeruntdomum,
1146 4945 1225 4999 vcl
1253 4943 1577 5007 miserando,
1604 4943 1685 4997 vel
1712 4941 1908 5012 aliquid

323 5041 493 5094 etiam
527 5039 705 5094 lucelli
733 5036 1016 5106 sperando,
1044 5052 1164 5090 cum
1185 5035 1297 5087 sive
1325 5034 1475 5086 vivus
1500 5034 1611 5086 sive
1646 5042 1907 5095 mortuus,

323 5132 598 5186 collectus
646 5138 821 5184 tamen
869 5126 1063 5181 nostris
1104 5124 1495 5179 ostenderetur.
1544 5120 1679 5189 Quid
1723 5121 1913 5192 plura?

394 5284 412 5345 ξ
441 5282 523 5345 sic
544 5281 593 5345 In
615 5279 842 5345 omnibus
857 5284 971 5345 _Mss.
999 5285 1052 5327 At
1075 5277 1123 5326 in
1148 5276 1293 5326 editis
1314 5274 1512 5345 legitur,
1537 5273 1876 5345 Colmauensts.

393 5344 414 5374 ⁸
441 5343 569 5390 Editi
594 5375 608 5398 ,
651 5339 904 5389 obstruxit.
938 5347 1045 5387 nm.
1071 5351 1258 5394 omnes,
1281 5336 1519 5387 obstruxit.
1566 5343 1620 5386 Et
1641 5338 1687 5385 in
1714 5336 1916 5398 epistola

331 5404 441 5459 183$,
472 5403 541 5450 ad
564 5401 863 5457 Bonifacium,
888 5401 968 5448 ubi
983 5401 1085 5448 haec
1108 5400 1327 5459 ejusdem
1352 5398 1611 5459 muniam
1627 5398 1915 5446 describitur

326 5458 522 5517 mles,
551 5477 599 5509 n.
624 5459 931 5522 inlegimr:
960 5478 982 5504 ι
1004 5458 1262 5509 exundanti
1288 5471 1426 5507 venae
1442 5458 1599 5519 pulvis
1614 5461 1908 5506 obstrusus.»

396 5527 419 5556 ³
451 5522 765 5571 \ticliaeliims
780 5521 889 5578 Ms,
911 5521 1121 5569 trahens.

394 5586 418 5614 δ
444 5590 501 5631 In
540 5589 677 5641 Mss,
700 5587 981 5632 accerseret.
1009 5588 1161 5629 —t-:r.
1201 5579 1347 5641 Lugd.
1375 5586 1426 5641 et
1467 5587 1582 5626 ven.
1624 5578 1694 5627 sic
1736 5578 1918 5627 habent

329 5642 469 5691 hunc
495 5641 686 5752 lupum
714 5643 907 5705 Agnovit
929 5648 1111 5695 autent,
1155 5648 1255 5691 tum
1278 5640 1487 5702 pavidus
1510 5653 1644 5689 suam
1666 5651 1917 5702 conjuge"!

329 5714 551 5752 acrem:
575 5737 585 5747 .
691 5738 705 5750 .
822 5742 825 5747 ,

329 5715 585 5753 accersat.
651 5715 705 5752 Μ.

650 5742 915 5839 latrans.
954 5777 1168 5835 XLIII.

1620 330 1817 387 LIBER
1855 326 2170 390 TERTIUS.

3438 338 3541 396 δὲδὲ

1970 445 2188 500 Mirabili
2218 447 2490 504 curatione
2520 448 2735 505 sanatus
2775 456 2876 514 est,
2919 450 3063 514 vivit,
3111 451 3285 520 plures
3325 451 3376 505 in
3422 454 3542 521 ejus

1968 549 2193 605 corpore
2221 538 2495 594 cicatrices
2523 555 2680 608 quam
2711 539 2945 595 membra
2990 553 3354 596 numerantur.
3393 544 3541 599 Iluuc

1972 626 2036 680 ad
2069 631 2444 684 transmarinas
2476 640 2645 686 terras
2674 633 2905 687 occisum
2937 648 2963 685 a
2989 634 3201 695 vestris,
3235 634 3370 688 fama
3401 652 3538 689 nun-

1972 717 2211 782 tiaverat,
2243 729 2293 772 et
2316 720 2431 788 ejus
2454 719 2702 776 facinoris
2734 721 3055 787 immanitas,
3091 724 3374 792 gravisque
3405 724 3542 777 ind-

1970 806 2163 875 gnitas,
2195 822 2616 877 quaquaversum
2639 809 2807 887 audiri
2840 812 3025 879 potuit,
3062 810 3245 865 dolore
3275 811 3539 866 horrendo

1971 907 2156 951 cuncta
2178 908 2553 953 commoverat.
2584 900 2699 965 Quo
2728 903 3063 970 posteaquam
3084 901 3195 970 ipse
3211 910 3422 956 secutus
3440 911 3539 959 est.

1972 989 2354 1043 recentissimze
2384 990 2657 1046 cicatrices
2698 991 2814 1061 ejus
2858 991 3012 1045 famre
3042 992 3167 1046 illud
3208 991 3540 1046 mendacium

1970 1074 2355 1132 defenderunt:
2386 1094 2507 1133 nam
2537 1095 2692 1148 quem
2731 1089 2856 1136 tunc
2874 1081 3212 1151 inspicientes
3241 1082 3326 1135 vix
3352 1082 3540 1137 crede-

1970 1176 2089 1220 rent
2115 1167 2312 1233 vivum,
2345 1183 2448 1222 non
2479 1176 2682 1224 temere
2730 1170 2819 1224 illa
2849 1170 3077 1239 jactasse
3101 1170 3376 1225 videbatur
3404 1174 3539 1225 occi-

1971 1269 2110 1309 sum.
2145 1257 2238 1310 llic
2267 1273 2387 1312 cum
2421 1259 2528 1313 illic
2554 1259 2842 1313 invenisset
2868 1260 3121 1329 collegam
3145 1259 3539 1315 Thubursiceu—

1971 1357 2103 1406 sem,
2131 1360 2287 1414 quem
2308 1348 2460 1415 paulo
2486 1355 2607 1401 ante
2629 1350 3059 1414 commemoravi,
3088 1356 3141 1403 et
3163 1349 3294 1404 alios
3319 1350 3545 1403 nonnul-

1973 1432 2052 1486 los
2080 1434 2269 1487 similia
2299 1435 2382 1489 vel
2407 1450 2509 1489 non
2538 1438 2703 1489 multo
2730 1422 2979 1491 inferiora
3012 1452 3310 1506 perpessos,
3344 1453 3439 1493 nec
3464 1440 3541 1493 eis

1972 1523 2037 1576 ad
2067 1527 2279 1605 propria
2316 1527 2614 1581 revertendi
2645 1528 2752 1581 ulla
2783 1528 2998 1581 facultas
3031 1538 3211 1597 patere
3240 1528 3541 1591 videretur;

1973 1623 2025 1666 et
2052 1616 2172 1683 quia
2201 1617 2697 1671 Circumcellionum
2729 1626 3027 1672 vestrorum
3050 1618 3239 1671 nobilis
3263 1617 3406 1671 furor
3422 1618 3545 1671 hor-

1973 1707 2193 1760 rendum
2238 1709 2482 1776 prmbens
2513 1709 2704 1763 vestris
2746 1709 2954 1763 clericis
2999 1709 3302 1763 satellitium
3348 1724 3543 1779 usque-

1974 1811 2180 1864 quaque
2206 1796 2543 1851 odiosissime
2566 1797 2822 1860 in'notuit;
2849 1797 3033 1866 ingens
3058 1796 3111 1850 in
3136 1811 3231 1849 vos
3258 1797 3547 1866 conﬂagra-

1974 1888 2048 1940 vit
2069 1888 2284 1953 invidia,
2307 1896 2463 1957 atque
2480 1888 2602 1942 inde
2615 1887 2807 1942 factum
2830 1896 2909 1942 est
2926 1895 3049 1941 utet
3067 1888 3345 1955 praeteritae
3366 1901 3550 1941 omnes

1975 1986 2155 2031 contra
2186 1992 2280 2029 vos
2328 1977 2473 2046 leges
2516 1979 2893 2041 excitarentur,
2940 1982 3005 2030 et
3034 1976 3149 2030 ista:
3198 1976 3551 2030 conderentur

1978 2082 2128 2119 novae
2168 2065 2264 2137 (α).
2310 2066 2539 2131 Quarum
2588 2075 2764 2120 tamen
2797 2067 3156 2119 universarum
3201 2065 3475 2129 severitas,
3508 2066 3549 2118 si

1978 2164 2276 2209 vestrorum
2306 2156 2617 2209 inordinatm
2647 2171 2709 2211 ac
2735 2156 2848 2210 sine
2874 2156 2980 2209 ulla
3004 2156 3117 2225 lege
3158 2157 3420 2225 grassanti
3450 2171 3550 2210 sae-

1979 2246 2121 2299 vitia:
2163 2255 2521 2315 comparetur,
2571 2246 2700 2299 mira
2747 2246 2935 2299 lenitas
2976 2244 3289 2315 appellanda
3331 2256 3431 2301 est.
3462 2247 3552 2300 Ilis

1980 2333 2121 2388 enim
2154 2335 2321 2403 magis
2349 2341 2492 2389 tanta
2537 2342 2798 2403 potestate
2835 2343 3049 2402 accepta
3092 2335 3440 2389 mansuetudo
3464 2351 3545 2389 ca-

1982 2423 2171 2477 tholica
2199 2423 2620 2484 commendatur,
2649 2437 2805 2492 quam
2836 2423 3083 2478 haeretica
3110 2424 3412 2477 immanitas
3444 2424 3553 2493 plc-

1982 2513 2292 2567 ctitur:imo
2315 2528 2441 2568 vero
2462 2514 2511 2567 in
2536 2528 2653 2578 nos,
2679 2512 2871 2577 ctedes,
2900 2514 3132 2582 rapinas,
3162 2512 3425 2577 incendia,
3455 2529 3556 2567 ca!-

1982 2604 2188 2667 citates,
2230 2604 2597 2672 excogitando,
2644 2602 2917 2667 minando,
2959 2602 3276 2665 exercendo,
3307 2602 3558 2656 audacius

1986 2700 2040 2745 et
2073 2692 2305 2745 insanius
2334 2692 2709 2746 debaccltatur.

2058 2781 2279 2837 CAPUT
2307 2781 2484 2835 XLIV.
2513 2812 2583 2823 —
2608 2783 2694 2836 48.
2729 2782 2853 2836 Haec
2894 2782 3034 2836 enim
3085 2796 3185 2850 ego
3236 2796 3557 2836 commemo-

1990 2887 2113 2928 rare
2137 2872 2301 2934 volui,
2333 2887 2429 2940 per
2451 2886 2569 2941 qua:
2598 2872 2791 2925 factum
2818 2878 2918 2933 est,
2946 2879 3002 2924 ut
3028 2870 3106 2924 liis
3134 2872 3327 2924 nostris
3358 2879 3561 2939 tempo-

1990 2962 2135 3016 ribus
2162 2961 2416 3015 adversus
2449 2975 2542 3014 vos
2576 2961 2674 3014 ista
2717 2960 3011 3029 impcrialia
3045 2966 3236 3013 statuta
3275 2960 3557 3019 ferrentur.

1992 3055 2099 3108 imo
2138 3053 2673 3109 adversus.errorcm
2702 3062 2937 3105 vestrum
2970 3049 3065 3122 (ὁ).
3108 3049 3237 3103 Nam
3268 3050 3391 3120 quid
3419 3059 3556 3110 tam,

1992 3145 2036 3200 si
2059 3144 2294 3214 sapiatis,
2329 3142 2580 3213 prodesse
2604 3142 2849 3211 probabis
2879 3141 2936 3194 ’ἲ
2960 3139 3219 3194 Caeterum
3246 3141 3420 3194 omnia
3445 3155 3560 3209 quae

1994 3234 2077 3289 vel
2108 3234 2428 3287 anteriorum
2459 3232 2649 3287 litteris
2676 3230 2855 3295 didici,
2888 3230 2971 3284 vel
3000 3230 3115 3298 ipse
3141 3229 3393 3299 cognovi,
3425 3245 3561 3282 Saeva

1997 3322 2132 3376 facta
2162 3331 2455 3375 vestrorum
2477 3361 2492 3384 ,
2542 3319 2732 3389 quibus
2779 3320 2846 3373 ab
2888 3319 3037 3373 initio
3071 3318 3346 3372 divisionis
3375 3328 3563 3372 vestra!

1997 3427 2162 3481 usque
2190 3412 2253 3465 ad
2283 3411 2383 3465 hoc
2408 3410 2614 3482 tempus
2645 3411 2930 3465 Eoclesiam
2957 3410 3272 3465 catholicam
3300 3412 3561 3479 persecuti

1996 3513 2139 3569 sunt,
2167 3502 2212 3557 si
2234 3502 2387 3558 velim
2410 3510 2669 3564 retexere,
2696 3517 2814 3572 qua:
2838 3503 3033 3571 lingua,
3062 3501 3181 3572 quis
3201 3501 3374 3567 stilus,
3401 3515 3567 3569 quan.

1998 3604 2109 3649 tum
2149 3603 2357 3662 tempus
2383 3593 2652 3662 otiumque
2680 3592 2938 3646 sufficiat?

2068 3681 2295 3737 CAPUT
2330 3680 2490 3735 XLV.
2518 3711 2587 3720 —
2615 3681 2704 3734 49.
2739 3681 2812 3734 De
2838 3679 3029 3747 Optato
3066 3695 3185 3734 cum
3217 3692 3458 3747 agerem,
3487 3688 3566 3732 tuo

1997 3787 2104 3841 que
2133 3770 2233 3826 hoc
2280 3770 2448 3838 magis
2475 3783 2731 3823 excusare
2762 3770 3021 3823 voluisses
3041 3809 3056 3832 ,
3103 3785 3258 3836 quam
3304 3784 3525 3839 purgare
3552 3811 3562 3830 ,

2000 3860 2180 3916 dixisti
2207 3875 2318 3913 ms
2338 3859 2453 3911 hinc
2471 3866 2658 3911 uestros
2685 3873 2789 3910 esse
2809 3874 2907 3910 non
2930 3873 3093 3925 posse,
3111 3858 3249 3927 quod
3269 3874 3351 3909 eos
3372 3858 3439 3910 ad
3458 3860 3567 3911 vin-

2002 3950 2275 4004 dicandum
2302 3963 2447 4001 nemo
2476 3947 2753 4017 pertulerit.
2794 3946 2897 4000 Tot
2922 3947 3328 4015 protestationes
3355 3958 3568 4002 nostro-

2002 4055 2120 4095 rum
2147 4039 2214 4095 de
2242 4037 2608 4095 furiosissimis
2634 4045 2932 4091 vestrorum
2956 4034 3220 4089 violentiis
3239 4034 3450 4089 archiva
3474 4049 3570 4104 pu-

2001 4130 2139 4186 blica
2165 4130 2321 4184 citids
2348 4128 2731 4197 impleverunt,
2770 4139 2928 4194 quam
2960 4124 3119 4179 ullam
3163 4124 3299 4193 apud
3329 4138 3424 4179 vos
3451 4126 3569 4178 vin-

2002 4221 2196 4277 dictam
2227 4219 2313 4273 illa
2338 4217 2473 4271 facta
2499 4226 2827 4271 meruerunt.
2859 4212 2962 4268 Sed
2995 4212 3130 4268 fune
3154 4222 3209 4266 et
3234 4212 3320 4271 hic
3344 4213 3567 4274 dicatur.

2006 4309 2420 4381 protestationes
2443 4305 2654 4376 quidem
2678 4302 2968 4373 depositas,
3009 4302 3101 4356 scd
3130 4301 3195 4355 ad
3234 4298 3376 4371 ipsos
3406 4302 3570 4357 vindi-

2006 4398 2173 4456 canda
2201 4398 2339 4452 nulla
2379 4395 2581 4466 perlata
2607 4382 2820 4448 ’fAudi
2850 4406 2979 4462 ergo
3000 4391 3239 4461 quaedam
3259 4431 3275 4455 ,
3312 4406 3430 4461 quae
3458 4392 3570 4460 ipse

2007 4504 2123 4544 sum
2152 4494 2423 4556 expertus.
2442 4484 2571 4539 Cum
2593 4491 2926 4551 receptorum
2945 4495 2977 4534 a
2999 4480 3185 4534 vestris
3200 4480 3572 4537 Maximianen-

2009 4579 2167 4642 slum,
2194 4588 2328 4648 quas
2354 4574 2764 4638 damnaverant,
2791 4585 3004 4626 causam
3027 4571 3487 4639 cognovissemus,
3518 4583 3570 4625 et

2010 4682 2127 4721 eam
2155 4677 2575 4735 quaquaversum
2604 4668 2908 4731 poteramus
2931 4657 3154 4713 ferventi
3180 4657 3568 4713 diii‘amaremuo

2012 4755 2296 4816 innatantia;
2326 4752 2396 4806 illi
2428 4750 2587 4805 rebus
2629 4759 2734 4803 tam
2775 4746 3075 4802 recentibus
3101 4754 3155 4801 et
3180 4753 3321 4800 tanta
3351 4748 3572 4803 manife-

2011 4843 2250 4897 statione.
2281 4839 2639 4905 clarentibus,
2686 4835 2811 4906 quid
2855 4835 3177 4904 respondere
3213 4847 3433 4904 possent
3469 4852 3573 4892 non

2014 4931 2363 4991 invenientes,
2391 4928 2547 4982 solito
2572 4926 2811 4981 crebrius
2834 4934 2890 4979 et
2912 4923 3163 4977 audacius
3185 4922 3577 4979 Circumcellio-

2016 5037 2140 5076 num
2160 5020 2424 5075 violentiis
2449 5016 2720 5087 tut-bisque
2748 5014 3043 5070 furentibus
3070 5026 3166 5067 nos
3189 5027 3218 5065 a
3244 5014 3574 5083 praedicanda

2014 5112 2274 5167 catholica
2301 5109 2523 5164 veritate
2542 5148 2557 5174 ,
2588 5120 2789 5175 suaque
2828 5104 3033 5159 fallacia
3059 5102 3454 5168 convincenda,
3487 5103 3590 5156 dc-

2082 5370 2098 5404 ί
2126 5370 2242 5419 edin
2264 5375 2338 5418 Er.
2365 5374 2416 5417 et
2447 5373 2578 5416 non:
2600 5371 2717 5414 Nam
2738 5360 2855 5421 quid
2876 5358 2984 5422 jam
3015 5361 3059 5409 st
3074 5355 3295 5421 inpiatis,
3318 5359 3465 5420 potest
3488 5364 3585 5405 me

2018 5429 2307 5496 probabilius
2328 5427 2353 5478 ?
2374 5426 2690 5496 [intendantur
2705 5437 2775 5491 ex
2797 5431 2899 5496 Mss.

2082 5472 2675 5544 i'sﬁé'iigéiﬂ'édiima
2697 5482 2822 5545 ipsos
2859 5478 3169 5531 tandem
3206 5474 3389 5526 nullam
3431 5472 3586 5540 perill-

2177 5551 2332 5695 12:;
2353 5629 2557 5700 Honorii.
2584 5625 2698 5698 Vide
2716 5636 2859 5687 supra
2876 5630 3036 5673 notam
3065 5620 3159 5682 (α),
3180 5619 3274 5669 col.
3298 5614 3525 5669 uti-MO.

2105 5694 2135 5742 θ
2176 5692 2345 5743 Confer
2364 5690 2604 5751 augusttnl
2623 5694 2765 5749 epist.
2794 5685 2898 5742 I83.
2922 5697 2971 5732 n.
2994 5680 3072 5730 26.

2105 5680 2155 5751 65
2176 5680 2345 5743 οόἦΐειι
2364 5690 2604 5751 augustinl
2623 5680 2898 5749 epistfl85.
2922 5697 2971 5732 n.
2994 5680 3072 5730 26.

2891 5770 2925 5844 ί
2938 5766 3280 5843 vit-tum)
