4024 6194
402 299 506 359 513

403 428 607 472 terrere
635 420 929 486 coeperunt.
976 411 1043 466 Et
1087 409 1207 479 quia
1250 407 1400 462 multi
1439 406 1639 461 erroris
1679 419 1860 459 eorum
1896 403 1974 456 la-

402 509 554 576 queis
581 504 851 574 implicati,
879 517 999 557 cum
1027 500 1218 571 quibus
1244 508 1299 552 ut
1327 498 1449 552 inde
1477 499 1825 551 liberaremur
1854 510 1978 563 age-

402 600 609 661 bamus,
659 591 1049 663 respondebant
1077 591 1263 655 nobis,
1297 589 1399 643 hoc
1432 603 1527 641 nos
1556 603 1677 641 cum
1718 585 1984 656 episcOpis

403 689 512 742 Suis
536 700 699 754 "agere
732 684 958 747 debere,
987 681 1430 749 collationemque
1464 688 1698 732 nostram
1732 691 1790 730 se
1820 674 1979 728 vehe-

405 785 610 829 menter
639 784 855 842 optare,
888 773 979 826 ubi
1020 781 1238 840 possent
1266 769 1447 824 videre
1478 767 1669 838 quibus
1701 765 1985 819 asserenti-

407 866 503 918 bus
546 871 823 932 superaret
866 862 1061 916 veritas
1106 860 1422 923 falsitatem;
1473 857 1525 911 in
1573 851 1984 922 Carthaginensi

405 958 567 1011 totius
590 953 783 1011 Africae
813 953 1038 1009 concilio
1063 952 1214 1006 nobis
1240 949 1455 1022 placuit,
1484 958 1542 1002 ut
1565 946 1800 1001 adhibita
1826 945 1983 997 etiam

407 1048 736 1117 publicorum
759 1042 1127 1099 testificatione
1155 1052 1448 1112 gestorum,
1477 1053 1583 1110 quo
1609 1049 1887 1108 possemus
1906 1035 1985 1088 eis

406 1140 493 1207 qui
524 1137 626 1192 hoc
655 1136 960 1206 ﬂagitabant
985 1134 1230 1204 probare,
1259 1131 1524 1186 desiderio
1551 1143 1736 1183 eorum
1765 1140 1862 1179 nos
1888 1124 1987 1178 mi-

407 1229 551 1283 nime
579 1227 833 1291 defuisse,
861 1230 1021 1278 vestrl
1045 1223 1262 1293 pacifice
1283 1221 1698 1276 convenirentur
1726 1216 1983 1286 episcopi,

410 1320 632 1388 quisque
660 1317 727 1371 ab
768 1331 834 1371 eo
865 1323 1103 1371 nostrum
1133 1313 1225 1383 qui
1267 1312 1453 1368 eodem
1497 1311 1614 1364 loco
1659 1310 1712 1363 in
1757 1323 1862 1378 qtto
1900 1306 1987 1360 ille

408 1409 725 1464 consisteret
756 1404 864 1476 (a);
910 1413 968 1458 ut
1006 1419 1100 1474 per
1141 1403 1475 1457 collationem
1520 1408 1757 1453 nostram
1805 1410 1988 1451 errore

410 1499 655 1561 sublato,
705 1495 992 1549 christiana
1038 1501 1091 1546 ct
1137 1491 1370 1546 fraterna
1419 1492 1706 1552 societate,
1751 1489 1984 1547 unitate,

407 1587 685 1650 cltaritate,
719 1599 850 1654 pace
891 1584 1225 1636 fruerentur:
1260 1580 1311 1633 id
1335 1581 1627 1644 intuentes,
1659 1579 1777 1647 quia
1816 1577 1858 1629 si
1890 1577 1989 1628 hoc

410 1677 523 1732 fleri
547 1677 765 1741 vellent,
796 1674 1080 1742 adjuvante
1110 1671 1473 1727 misericordia
1496 1671 1587 1723 Dei
1616 1668 1862 1722 facillime
1895 1683 1991 1736 po-

408 1777 564 1832 terat,
596 1765 846 1836 quidquid
877 1766 928 1819 in
950 1779 1109 1818 causa
1135 1772 1313 1816 nostra
1344 1769 1509 1825 esset,
1541 1759 1790 1829 agnosci;
1823 1759 1866 1812 si
1895 1773 1990 1812 au-

409 1870 514 1915 tem
541 1867 881 1922 recusarent,
914 1857 1102 1911 saltem
1129 1854 1420 1909 difﬁdentia
1445 1867 1629 1907 eorum
1660 1867 1763 1905 non
1791 1852 1988 1904 frustra

410 1950 514 2003 illis
541 1950 627 2018 qui
661 1948 762 2002 hoc
790 1962 818 2000 a
847 1946 999 2000 nobis
1029 1951 1411 2015 poposcerant,
1436 1950 1734 2011 appareret.
1767 1940 1986 1994 Factum

409 2051 492 2095 est
514 2082 529 2103 ,
558 2039 803 2094 conventi
847 2046 998 2104 sunt,
1027 2043 1372 2090 recusarunt:
1418 2034 1610 2102 quibus
1648 2032 1851 2097 verbis,
1883 2047 1989 2100 quo

410 2131 556 2196 dolo,
587 2128 978 2196 maledictione,
1010 2125 1361 2180 amaritudine
1384 2123 1573 2194 plenis,
1607 2137 1746 2177 nunc
1777 2123 1986 2192 longum

409 2231 491 2278 est
510 2222 894 2275 demonstrare.

477 2310 705 2368 CAPUT
743 2308 927 2365 XLVI.
952 2338 1025 2350 -——
1047 2308 1136 2365 50.
1172 2306 1376 2363 Interea
1404 2305 1677 2378 Crispinus
1707 2305 1987 2361 Calamcn-

407 2405 482 2459 sis
507 2413 683 2458 vester
706 2402 1007 2472 episcopus,
1035 2415 1064 2454 a
1094 2400 1333 2454 Possidio
1352 2401 1550 2469 collega
1575 2414 1694 2454 meo
1721 2400 1773 2453 in
1803 2399 1988 2453 eadem

407 2498 621 2552 civitate
649 2495 786 2565 apud
825 2504 940 2549 acta
981 2503 1309 2558 conventus,
1346 2492 1412 2545 ad
1443 2492 1724 2545 concilium
1754 2499 1987 2545 vestrum

405 2589 578 2658 primo
621 2587 932 2651 distulerat,
980 2585 1238 2654 pollicens
1266 2599 1384 2638 cum
1416 2584 1633 2652 collegis
1677 2582 1788 2636 suis
1832 2583 1902 2637 ibi
1929 2597 1988 2637 se

404 2679 639 2731 visurum
667 2675 789 2744 quid
831 2673 1153 2743 respondere
1197 2672 1435 2726 deberet.
1483 2671 1682 2725 Deinde
1722 2681 1840 2740 post
1882 2687 1986 2726 non

405 2781 625 2835 parvum
671 2773 877 2831 tempus
925 2762 1147 2831 repetita
1191 2762 1573 2824 conventione,
1624 2775 1809 2813 rursus
1847 2761 1985 2829 apud

402 2864 518 2908 acta
562 2853 832 2923 respondit
868 2870 881 2906 :
933 2869 952 2903 ι
980 2849 1152 2904 Verba
1181 2851 1274 2904 viri
1302 2852 1574 2920 peccatoris
1617 2866 1680 2903 ne
1708 2851 1930 2903 timueris
1961 2869 1981 2902 ι

402 2946 444 3016 (1
475 2944 712 3000 Hac/tab.
743 2959 799 3009 It,
832 2942 946 3014 62).
981 2942 1048 2996 Et
1070 2943 1260 2996 iterum
1293 2958 1306 2994 :
1333 2959 1351 2992 t
1389 2939 1454 2994 In
1480 2957 1627 2993 aures
1655 2940 1987 3008 imprudentis

401 3053 519 3090 cave
545 3037 817 3106 quidquam
843 3034 1063 3096 dixeris;
1095 3049 1157 3086 ne
1182 3049 1295 3086 cum
1324 3032 1554 3094 audierit,
1588 3031 1797 3083 irrideat
1823 3048 1986 3084 sensa-

403 3137 479 3180 tos
505 3140 754 3179 sermones
784 3133 894 3176 tuos
925 3140 945 3173 ι
981 3119 1163 3192 (Prov.
1194 3136 1354 3185 χχιιι,
1392 3119 1468 3190 9).
1520 3118 1815 3185 Postremo,
1858 3121 1987 3172 hanc

401 3216 774 3286 responsionem
803 3227 962 3266 meam
1001 3208 1331 3278 patriarcltafi
1359 3224 1586 3262 sermone
1621 3208 1808 3276 deﬁnio
1830 3224 1849 3261 :
1878 3207 1982 3262 Re-

398 3307 578 3360 eedartt
603 3321 634 3358 a
670 3321 747 3358 me
781 3302 944 3373 impii,
973 3302 1080 3354 vias
1127 3316 1298 3354 eorum
1334 3316 1481 3354 nosse
1516 3299 1653 3352 nolo.
1694 3298 1840 3352 llanc
1869 3296 1986 3364 ejus

399 3399 802 3467 responsionem
830 3409 951 3450 cum
981 3393 1122 3448 docti
1155 3392 1458 3460 indoctique
1485 3392 1755 3454 riderent;
1787 3389 1984 3458 quippe

398 3487 633 3542 hominis
656 3485 883 3542 dicentis
903 3485 1065 3538 verba
1093 3482 1189 3535 viri
1219 3481 1512 3550 peccatoris
1539 3495 1599 3534 se
1624 3495 1731 3533 non
1761 3479 1980 3542 timere,

399 3577 484 3632 cui
515 3574 837 3641 respondere
867 3573 1085 3626 minime
1123 3571 1379 3635 auderet;
1411 3579 1465 3623 et
1493 3570 1544 3622 in
1585 3584 1740 3622 aures
1779 3568 1983 3639 impru—

400 3667 574 3722 dentis
595 3665 742 3722 nolle
770 3680 829 3719 se
853 3663 1053 3733 aliquid
1079 3662 1276 3727 dicere,
1301 3661 1454 3731 quasi
1477 3660 1690 3731 aliquod
1715 3669 1980 3715 secretum

400 3763 572 3818 fuerat
624 3757 976 3829 imprudentis
1024 3756 1244 3811 auribus
1296 3763 1504 3810 temere
1551 3753 1977 3819 commissurus,

396 3871 518 3910 cum
546 3868 609 3909 ea
635 3867 753 3922 qua:
777 3850 978 3906 diceret
1005 3848 1156 3903 multi
1185 3855 1403 3917 possent
1428 3845 1718 3915 prudentes
1756 3844 1939 3899 audire
1961 3886 1977 3910 ,

397 3947 628 4018 qualium
655 3959 813 3998 causa
857 3952 911 3997 et
947 3941 1201 3995 Dominus
1240 3938 1484 3993 Christus
1514 3947 1657 3991 tanta
1692 3937 1980 3992 Pharisaeis

395 4036 634 4107 quamvis
656 4031 1075 4102 imprudentibus
1105 4027 1453 4097 loquebatur;
1483 4033 1538 4079 et
1563 4026 1705 4080 nolle
1731 4040 1789 4080 se
1818 4039 1977 4080 nosse

394 4127 507 4180 vias
536 4124 816 4193 impiorum
839 4160 858 4186 ,
904 4119 1053 4188 quasi
1084 4118 1195 4170 vias
1222 4130 1346 4170 suas
1383 4130 1504 4169 eum
1547 4114 1741 4169 docere
1783 4114 1976 4168 vellent

393 4229 527 4285 quos
569 4212 758 4281 impios
787 4209 1041 4279 putabat,
1083 4220 1146 4260 ac
1185 4219 1290 4259 non
1321 4205 1497 4274 potius
1526 4204 1641 4272 ipse
1680 4203 1726 4257 si
1769 4211 1976 4258 teneret

397 4305 512 4357 vias
537 4301 653 4364 Dei,
681 4300 839 4354 etiam
862 4297 1054 4366 impios
1078 4294 1272 4350 docere
1294 4293 1534 4359 deberet,
1563 4293 1699 4347 sicut
1719 4293 1972 4366 scriptum

392 4401 515 4446 est:
547 4363 769 4442 Doceam
804 4363 1000 4455 iniquos
1035 4385 1140 4438 uias
1165 4392 1278 4443 tuas
1297 4425 1312 4448 ,
1345 4395 1392 4437 et
1418 4384 1563 4453 impii
1589 4383 1656 4436 ad
1684 4363 1746 4436 te‘
1767 4399 1972 4436 conver-

391 4492 559 4536 tentur
585 4479 807 4552 (Psalm.
831 4494 880 4541 t.,
906 4477 1016 4546 15).
1045 4475 1178 4531 Cum
1205 4490 1335 4546 ergo
1358 4475 1456 4529 ista
1482 4475 1757 4544 responsio
1782 4489 1810 4528 a
1835 4476 1971 4528 mul-

391 4575 458 4626 tis
484 4571 888 4638 intelligeretur,
925 4566 1104 4621 multis
1130 4567 1288 4621 etiam
1319 4565 1783 4621 demonstraretur
1809 4579 1968 4634 quam

391 4661 566 4720 inanis
605 4669 776 4725 esset,
819 4666 1073 4728 quantum
1119 4656 1376 4710 attinebat
1411 4655 1478 4710 ad
1522 4669 1773 4721 causam;
1814 4670 1970 4723 quam

395 4768 524 4807 vero
559 4765 734 4804 amara
787 4758 843 4804 et
883 4748 1172 4808 maledica.
1221 4747 1360 4816 quod
1413 4763 1518 4800 non
1564 4745 1860 4815 pertinebat
1904 4744 1971 4798 ad

389 4857 606 4900 causam
634 4858 652 4906 ;
680 4850 839 4910 atque
865 4839 936 4894 ita
965 4839 1101 4908 ejus,
1131 4839 1269 4891 sicut
1291 4836 1428 4906 apud
1477 4851 1570 4890 vos
1601 4834 1839 4900 habetur,
1869 4833 1969 4888 do-

389 4935 626 4989 ctissima
645 4930 936 4993 annositas,
950 4925 1289 4998 hesterno(b)
1311 4933 1494 4980 contra
1513 4935 1686 4981 stante
1700 4926 1870 4980 tirone
1888 4924 1969 4978 ni-

389 5027 463 5082 hil
486 5024 768 5079 adversum
785 5021 1057 5075 veritatem
1083 5032 1235 5088 posse
1256 5016 1592 5087 probaretur,
1619 5015 1882 5072 rideretur
1913 5015 1963 5070 ἐ

383 5119 562 5174 subito
605 5121 730 5187 post
767 5126 964 5183 paucos
1005 5112 1120 5166 dies
1160 5111 1259 5164 iter
1305 5109 1478 5178 agenti
1520 5105 1788 5174 Possidio,
1829 5105 1964 5162 alius

383 5208 661 5277 CriSpintts
675 5205 792 5274 ejus
804 5202 1099 5273 presbyter,
1116 5211 1188 5263 et,
1207 5211 1257 5253 ut
1277 5199 1602 5269 perhibetur,
1619 5197 1961 5267 propinquus,

385 5297 610 5353 tetendit
639 5295 858 5350 insidias
883 5304 1230 5356 armatorum,
1261 5290 1312 5344 in
1340 5305 1474 5360 quas
1495 5305 1628 5358 pene
1644 5306 1752 5358 jam
1784 5303 1963 5342 noster

383 5387 660 5449 inciderat,
685 5384 784 5438 nisi
804 5383 883 5438 eis
905 5383 1193 5452 prospectis
1216 5391 1371 5450 atque
1394 5380 1666 5442 nuntiatus,
1693 5380 1754 5433 ad
1779 5393 1963 5446 quem-

382 5572 400 5617 Ι
448 5507 463 5536 ι
493 5511 555 5554 tta
591 5511 698 5554 ass.
743 5511 798 5554 At
842 5503 977 5561 edlti,
1019 5515 1151 5564 posse
1189 5500 1463 5558 rideretur;
1508 5514 1702 5557 omisso,
1745 5501 1963 5564 probare-

405 5581 478 5612 ur.

405 5581 478 5612 ’lf'.

469 5629 519 5688 n)
546 5625 659 5673 vide
687 5625 929 5688 Augustini
955 5623 1188 5688 epist.,88.

469 5629 519 5682 η)
546 5628 659 5673 vide
687 5628 929 5688 Augustini
955 5628 1188 5686 epist.,88.

445 5628 518 5749 ib)
561 5693 833 5735 Hesternum
855 5687 969 5736 dixit
987 5685 1229 5746 juwm'm.

1139 295 1407 353 CONTRA
1446 291 1878 350 CRESCONlUM
1921 289 2371 351 DONATISI'A“.
2412 291 2466 344 S.
2513 289 2875 346 AUGUSTINI

3563 292 3666 347 52$

2087 403 2207 457 dam
2236 402 2452 457 fundum
2489 404 2690 473 fugiens
2715 403 3019 458 divertissct
3041 446 3054 469 ,
3097 404 3184 457 ubi
3219 403 3306 459 ille
3343 403 3472 458 nihil
3505 406 3676 460 audc-

2087 505 2167 548 ret
2188 536 2200 555 ,
2231 493 2314 546 vel
2346 510 2450 546 non
2492 494 2840 564 prtevalerct,
2873 494 2956 548 vel
2995 494 3037 546 si
3067 493 3192 560 qttid
3222 496 3382 547 etiam
3426 495 3668 559 fecisset,

2090 599 2282 654 negare
2312 601 2413 652 non
2446 595 2643 654 posset.
2673 585 2787 650 Quo
2816 594 3110 653 comperto,
3139 587 3394 638 continuo
3414 601 3665 640 consecu-

2090 685 2174 731 tus
2203 686 2279 730 est
2309 686 2448 729 tanta
2472 691 2646 730 caecus
2675 677 2908 737 insania,
2942 686 2994 729 ut
3018 676 3126 745 jam
3165 677 3328 729 latere
3356 687 3508 740 turpe
3530 678 3680 730 arbi-

2089 769 2334 820 traretur.
2368 765 2501 817 Tum
2537 764 2751 818 domum
2782 767 2834 819 itt
2874 780 2976 834 qua
3009 779 3131 818 cum
3175 766 3287 818 suis
3320 781 3378 818 se
3405 766 3682 820 Possidius

2091 857 2406 920 incluserat,
2435 857 2610 926 sepire
2647 857 2898 918 armatis,
2931 857 3190 926 lapidibus
3221 857 3679 922 circurntundcrc,

2091 948 2293 1002 ambire
2331 947 2587 1013 ﬂammis,
2618 948 2816 1001 aditum
2859 963 2922 1001 ex
2966 949 3109 1004 omni
3142 958 3290 1016 parte
3318 949 3513 1002 moliri.
3547 950 3684 1016 Quae

2092 1052 2221 1091 vero
2246 1037 2430 1090 aderat
2460 1038 2802 1091 incolentium
2844 1036 3158 1101 multitudo,
3203 1053 3409 1090 memor
3458 1040 3680 1106 periculi

2093 1129 2194 1189 sui,
2227 1129 2268 1181 si
2296 1129 2345 1179 in
2377 1143 2441 1182 eo
2472 1129 2587 1183 loco
2614 1142 2921 1198 aggressum
2952 1136 3153 1181 tantum
3200 1128 3401 1181 facinus
3428 1131 3684 1197 implore-

2094 1228 2211 1280 tur,
2262 1220 2449 1287 partim
2493 1218 2636 1270 illum
2681 1219 3065 1286 deprecabatur
3101 1229 3158 1270 ttt
3199 1229 3471 1286 parceret,
3519 1237 3680 1286 quem

2095 1309 2391 1362 resistendo
2438 1324 2540 1361 non
2572 1309 2801 1363 audebat
2827 1308 3126 1371 offendere,
3158 1311 3346 1376 partim
3375 1327 3501 1362 vero
3531 1313 3683 1378 ignes

2093 1392 2398 1467 suppositos
2450 1400 2839 1468 exstinguebat.
2897 1399 3029 1454 Cum
3088 1401 3174 1454 ille
3231 1402 3397 1455 nihilo
3463 1405 3682 1469 segnius
3739 1396 3743 1398 ’

2092 1492 2280 1559 emptis
2311 1491 2540 1544 fervidus
2576 1501 2732 1559 atque
2763 1493 3066 1546 inexoratus
3096 1493 3343 1557 instaret,
3375 1494 3535 1547 cessit
3574 1495 3681 1545 ali-

2096 1581 2311 1650 quando
2357 1582 2544 1634 ictibus
2586 1583 2780 1649 janua;
2844 1583 3064 1651 ingressi
3109 1592 3265 1644 sunt,
3326 1585 3683 1653 Sauciatisque

2093 1670 2243 1723 caede
2282 1671 2555 1738 jtuucntis,
2602 1687 2719 1739 qua:
2751 1672 2799 1724 in
2827 1672 3074 1726 inferiore
3115 1672 3306 1727 domus
3352 1685 3498 1741 parte
3527 1690 3681 1728 com-

2093 1770 2380 1830 pererant,
2424 1761 2490 1815 de
2518 1761 2877 1829 superioribus
2921 1763 3226 1831 episcopum
3275 1763 3635 1832 deposuerunt
3663 1807 3680 1828 ,

2093 1853 2386 1906 allicientes
2417 1853 2585 1922 plagis
2614 1863 2668 1906 et
2701 1855 3060 1908 contumeliis.
3097 1855 3192 1909 Ubi
3227 1871 3293 1908 ne
3331 1856 3545 1922 gravius
3576 1872 3680 1908 sw-

2094 1943 2285 2008 vircnt,
2315 1942 2614 1996 intercessit
2641 1942 2753 2010 ipse
2783 1942 3081 2013 Crispinus,
3113 1945 3259 1997 velut
3289 1940 3410 1996 aliis
3438 1949 3675 2014 roganti-

2093 2035 2190 2088 bus
2222 2033 2388 2088 llexus
2407 2075 2422 2099 ,
2450 2050 2673 2103 quorum
2704 2050 2808 2088 non
2835 2046 2936 2088 tam
2965 2035 3241 2088 videbatur
3268 2037 3318 2090 in
3357 2038 3429 2090 ira
3462 2053 3554 2089 sua
3583 2054 3683 2090 cu-

2094 2141 2214 2180 rare
2241 2126 2701 2197 deprecationem,
2744 2143 2900 2198 quam
2943 2128 2994 2182 in
3038 2129 3267 2183 facinore
3316 2129 3679 2184 testimonium

2093 2219 2400 2273 formidare.

2163 2311 2388 2367 CAPUT
2427 2311 2632 2366 XLVII.
2662 2341 2733 2352 -—-
2758 2313 2845 2366 5|.
2874 2312 2996 2366 llaec
3019 2321 3364 2383 posteaquam
3395 2322 3519 2366 nota
3543 2314 3674 2367 facta

2093 2414 2217 2460 sunt
2252 2406 2303 2459 iu
2341 2405 2536 2475 oppido
2577 2404 2913 2469 Calamensi,
2964 2406 3373 2473 exspectabatur
3399 2407 3678 2475 Crispinus

2093 2495 2379 2565 episcopus
2410 2505 2608 2556 vester,
2640 2494 3086 2564 quemadmodum
3117 2495 3167 2548 iu
3196 2511 3347 2548 suum
3395 2497 3676 2566 presbyte-

2092 2601 2208 2639 rum
2228 2585 2540 2640 vindicaret.
2570 2585 2807 2640 Accessit
2831 2585 2986 2637 etiam
3007 2586 3320 2654 protestatio
3341 2587 3676 2655 municipali-

2092 2676 2190 2730 bus
2217 2677 2379 2746 gestis
2407 2690 2678 2744 expressa,
2712 2675 2864 2744 cujus
2893 2676 2978 2729 vel
3013 2676 3202 2730 timore
3235 2677 3316 2729 vel
3349 2678 3550 2746 pudore
3579 2694 3677 2730 co-

2091 2779 2305 2841 geretur
2324 2785 2574 2825 exercere
2603 2769 3020 2824 ecclesiasticam
3049 2770 3357 2825 vindictam.
3380 2769 3528 2836 Quod
3555 2787 3675 2824 cum

2091 2865 2308 2915 omnino
2336 2869 2737 2925 contemneret,
2777 2868 3061 2928 tantusque
3092 2859 3238 2913 fieret
3265 2869 3559 2913 vestrorum
3592 2871 3676 2912 tu-

2096 2953 2294 3005 multus
2313 2953 2351 3015 ‘,
2377 2959 2434 3003 ιιι
2456 2951 2660 3004 veritati
2682 2950 3051 3019 prmdicanda',
3079 2951 3160 3003 cui
3193 2951 3515 3018 respondere
3533 2953 3552 2983 ¹
3569 2969 3672 3003 nou

2093 3052 2336 3112 poterant
2367 3041 2552 3095 itinera
2593 3041 2820 3095 elausuri
2869 3051 3181 3110 putarentur
3206 3083 3221 3106 ,
3271 3043 3378 3095 imo
3408 3059 3534 3095 vero
3559 3043 3668 3111 jam

2089 3135 2247 3187 etiam
2275 3142 2621 3188 cernerentur
2645 3151 2658 3187 :
2689 3133 2836 3202 leges
2860 3150 2977 3202 qua:
2999 3150 3102 3187 nou
3127 3135 3366 3197 deerant,
3399 3135 3490 3187 sed
3515 3137 3669 3203 quasi

2089 3222 2369 3284 deessent,
2401 3223 2454 3276 in
2495 3223 2690 3277 nostris
2731 3224 2976 3276 manibus
3013 3223 3386 3292 quiescebant,
3416 3224 3673 3277 adversus

2088 3314 2389 3381 Crispinum
2417 3315 2724 3382 episcopum
2757 3322 2991 3367 vestrum
3020 3323 3300 3368 commotrc
3330 3322 3471 3378 sunt,
3501 3314 3672 3384 magis

2089 3411 2145 3456 ut
2167 3413 2345 3458 nostra
2378 3403 2731 3457 mansuetudo
2761 3403 3236 3470 demonstraretur,
3269 3419 3425 3473 quam
3455 3414 3513 3458 ut
3548 3405 3667 3457 illo-

2087 3510 2204 3549 rum
2240 3496 2516 3562 puniretur
2544 3494 2782 3550 audacia.
2812 3495 2994 3565 Neque
3020 3495 3162 3550 enim
3190 3497 3346 3550 aliter
3371 3497 3668 3551 innotesce-

2087 3595 2189 3649 ret,
2219 3587 2343 3654 quid
2375 3586 2643 3655 adjutorio
2672 3588 2866 3642 Christi
2905 3589 3138 3642 Ecclesia
3168 3590 3428 3643 catholica
3459 3590 3510 3642 in
3541 3604 3667 3642 suos

2086 3678 2331 3731 inimicos
2375 3687 2555 3746 posset
2584 3687 2637 3732 et
2663 3679 2860 3744 nollet,
2896 3694 3000 3733 non
3041 3679 3331 3733 secundum
3365 3679 3666 3734 ltzrreticam

2085 3768 2556 3836 praesumptionem
2621 3769 2826 3837 privato
2892 3767 3074 3823 furore
3138 3769 3666 3826 Circumcellionibus

2083 3861 2459 3925 smvientibus,
2505 3859 2598 3914 scd
2638 3861 2927 3914 secundum
2974 3861 3340 3930 propheticam
3387 3863 3663 3917 veritatem

2077 3950 2206 4020 jug'o
2234 3951 2440 4004 Domini
2488 3951 2580 4015 Dei
2629 3951 2853 4006 subditis
2898 3952 3132 4021 regibus.
3179 3952 3460 4008 Exhibitus
3506 3955 3667 4024 igitur

2081 4038 2377 4107 Crispinus,
2402 4049 2456 4094 et
2479 4039 2619 4108 quod
2646 4055 2703 4094 se
2728 4056 2847 4095 esse
2877 4043 3182 4112 proconsuli
3212 4044 3471 4112 quarrenti
3500 4060 3630 4114 nega
3647 4074 3666 4086 ο

2082 4139 2263 4194 verat,
2297 4130 2547 4184 facillime
2588 4131 2862 4184 convictus
2901 4131 3215 4197 haereticus,
3261 4133 3444 4188 decem
3489 4144 3665 4188 tamen

2081 4222 2241 4277 libras
2266 4222 2402 4284 auri,
2430 4237 2588 4290 quant
2615 4222 2862 4276 mulctam
2896 4224 2945 4275 in
2975 4238 3161 4277 omnes
3190 4224 3470 4280 haereticos
3498 4227 3666 4294 impc-

2081 4321 2227 4366 rator
2271 4311 2442 4380 major
2486 4311 2820 4366 Theodosius
2859 4313 3248 4378 constituerat,
3303 4315 3662 4371 intercedente

2078 4403 2322 4458 Possidio
2344 4418 2448 4456 non
2471 4413 2551 4457 est
2572 4405 2880 4471 compulsus
2896 4406 3174 4460 exsolvere
3191 4407 3290 4476 (a).
3309 4408 3421 4472 Qua
3449 4408 3664 4462 mitissi-

2078 4509 2162 4549 ma
2185 4494 2448 4548 sententia
2473 4509 2576 4547 non
2601 4503 2903 4562 contentus,
2925 4496 3104 4550 nescio
3126 4511 3232 4565 quo
3253 4498 3492 4557 consilio.
3519 4500 3661 4567 quod

2077 4586 2413 4654 displicuisse
2452 4586 2645 4639 vestris
2687 4587 2936 4640 omnibus
2973 4587 3266 4651 dicebatur,
3311 4589 3376 4642 ad
3421 4589 3660 4658 ejusdem

2077 4676 2362 4733 Theodosii
2413 4677 2548 4732 filios
2598 4677 2989 4746 provocandam
3039 4681 3260 4755 putavit.
3315 4683 3658 4749 Acceptatum

2076 4778 2180 4836 est,
2211 4769 2523 4838 rescriptum
2553 4777 2655 4823 est.
2678 4769 2816 4835 Quid
2841 4770 3006 4837 aliud,
3031 4773 3130 4825 nisi
3157 4772 3297 4842 quod
3324 4789 3443 4842 pars
3467 4774 3658 4827 Donati

2071 4860 2179 4929 jam
2213 4859 2377 4915 sciret
2402 4873 2460 4914 se
2489 4859 2554 4913 ad
2582 4859 2726 4913 illam
2756 4875 2967 4929 poenam
2997 4863 3261 4916 aurariam
3292 4879 3413 4917 cum
3449 4867 3661 4918 exteris

2075 4950 2342 5004 haereticis
2367 4949 2674 5019 pertinere?
2701 4965 2822 5004 cum
2851 4950 3044 5019 quibus
3074 4965 3293 5022 propter
3319 4968 3656 5007 communio-

2073 5056 2194 5096 nem
2223 5041 2342 5096 talis
2371 5041 2785 5109 persecutionis,
2832 5049 2923 5094 aut
2960 5056 3296 5096 communem
3341 5057 3400 5097 se
3441 5043 3652 5112 deputet

2073 5133 2270 5187 habere
2297 5132 2588 5201 justitiam;
2620 5139 2711 5184 aut
2758 5131 2800 5184 si
2833 5145 2941 5184 non
2981 5131 3226 5200 deputat,
3276 5148 3381 5187 non
3431 5149 3489 5188 se
3537 5135 3660 5187 ideo

2065 5223 2230 5292 jactet
2251 5221 2445 5291 justam
2468 5262 2482 5284 ,
2519 5221 2642 5290 quia
2670 5237 2730 5276 ea
2763 5236 2920 5291 paena
2947 5233 3247 5287 coercetur,
3280 5239 3380 5294 qua
3414 5230 3650 5279 coerceri

2069 5323 2124 5368 ct
2149 5328 2240 5369 eas
2267 5313 2502 5368 ba-reses
2533 5312 2674 5368 videt
2710 5328 2843 5381 quas
2875 5314 3120 5369 concedit
3149 5315 3372 5383 injustas
3402 5334 3413 5366 :
3451 5327 3503 5369 et
3532 5325 3646 5368 tan-

2131 5501 2146 5530 ¹
2177 5508 2274 5548 Am.
2303 5505 2354 5548 et
2374 5501 2503 5560 mss,
2528 5504 2779 5560 tantusque
2799 5495 2935 5560 ﬁeret
2960 5503 3226 5547 nostrorum
3250 5497 3493 5560 tunmltns.

2129 5563 2148 5592 ²
2166 5568 2296 5618 ων.,
2316 5559 2488 5620 adquia
2499 5559 2685 5609 veritati
2699 5557 3028 5620 prardicanda:
3045 5561 3349 5620 respondere.
3365 5557 3646 5618 Deleudtnn.

2067 5635 2215 5681 qna;
2258 5632 2310 5672 et
2353 5623 2633 5683 legendum,
2666 5620 2743 5669 cui
2780 5621 3087 5683 respondere.

2131 5679 2205 5743 (α)
2229 5686 2339 5732 vide
2355 5679 2601 5744 Adgustiul
2626 5684 2766 5742 epist.
2790 5679 2868 5739 88,
2897 5694 2944 5727 n.
2971 5681 3016 5728 7.
