4066 6200
363 286 462 350 59.5

360 408 477 461 dem
499 403 757 474 intelligat
782 400 920 473 quod
944 400 1141 458 Christi
1166 408 1454 472 martyrem
1482 413 1585 455 non
1609 399 1735 456 facit
1755 415 1933 470 pinna,

363 495 452 550 sed
474 509 632 548 causa
659 510 670 544 :
706 506 804 546 nos
827 500 1004 546 autem
1037 506 1203 560 usque
1221 490 1355 545 adeo
1379 504 1549 544 stevos
1571 498 1940 558 persecutores

365 601 478 640 esse
503 591 706 654 arguat,
736 591 794 637 ut
827 597 927 642 nec
964 590 1083 651 post
1107 580 1379 649 imperiale
1407 579 1721 648 rescriptum
1747 591 1936 632 aurum

370 674 494 729 illud
526 676 653 727 lisco
676 671 953 740 Crispinus
980 669 1309 739 expenderit,
1343 667 1720 739 indulgentiam
1749 667 1822 722 illi
1849 681 1940 721 ca-

373 765 582 819 tholicis
610 761 874 832 episcopis
899 760 1334 830 impetrantibus;
1377 766 1430 814 et
1464 773 1606 814 nunc
1634 759 1771 813 inter
1797 759 1940 828 ipsas

359 858 513 911 etiam
555 852 950 907 recentissimas
992 852 1134 920 leges
1161 849 1240 920 (a)
1269 849 1708 919 proscriptionem
1747 847 1940 903 vestris

367 946 628 1014 episcopis
665 941 1051 997 comminantes
1075 940 1126 994 in
1153 956 1212 994 re
1243 939 1454 1009 propria
1479 953 1698 993 securus
1731 937 1933 1000 sedeat,

359 1046 412 1091 et
428 1034 674 1090 catholici
701 1033 881 1089 clerici
909 1033 1044 1086 inter
1064 1046 1250 1086 manus
1265 1030 1758 1086 Circumcellionum
1779 1028 1939 1084 cleri-

370 1141 660 1196 corumque
686 1135 1004 1186 vestrorum,
1036 1123 1246 1187 domos,
1279 1123 1495 1185 victum,
1525 1120 1749 1175 salutem
1776 1135 1838 1174 ac
1859 1121 1940 1174 lu-

363 1232 480 1270 men
507 1215 744 1284 corporis
775 1213 1026 1283 pendant.

425 1304 651 1361 CAI’UT
689 1304 920 1359 XLVIII.
942 1333 1012 1345 —
1048 1303 1138 1360 δὲ.
1181 1303 1303 1358 llaec
1323 1303 1412 1372 qui
1440 1301 1659 1364 faciunt,
1682 1301 1807 1372 quid
1838 1315 1940 1369 ego

358 1398 528 1452 dicam
575 1395 888 1459 latronibus,
940 1395 1154 1464 piratis,
1201 1393 1500 1448 truculento
1543 1392 1701 1448 alicui
1755 1392 1938 1463 generi

358 1487 721 1552 barbarorum,
758 1484 970 1554 quando
1017 1499 1116 1539 nec
1157 1484 1257 1552 ipsi
1281 1483 1519 1538 omnium
1563 1482 1935 1537 crudelitatum

358 1578 608 1647 magistro
630 1575 842 1629 diabolo
876 1575 1215 1643 comparandi
1259 1573 1422 1628 sunt?
1451 1573 1544 1628 llle
1571 1582 1812 1626 sanctum
1855 1573 1936 1626 vi-

358 1683 472 1721 rum
504 1665 606 1721 Job
631 1664 878 1718 omnibus
906 1663 1021 1733 ejus
1051 1663 1210 1717 rebus
1239 1662 1449 1727 ablatis,
1477 1662 1790 1731 gravissimo
1824 1661 1941 1715 vul-

356 1773 482 1814 nere
506 1772 534 1810 a
564 1757 736 1825 capite
763 1770 930 1824 usque
949 1753 1015 1808 ad
1045 1754 1210 1824 pedes
1241 1755 1522 1823 percussit,
1556 1762 1610 1808 et
1635 1762 1810 1808 tamen
1845 1753 1939 1807 fuit

356 1843 460 1902 illic
493 1847 714 1916 integris
742 1847 944 1915 integer
971 1844 1257 1899 luminibus
1286 1843 1454 1908 locus,
1487 1858 1584 1897 nec
1613 1843 1798 1898 oculos
1822 1844 1938 1912 ejus

353 1936 627 2001 exstinxit,
655 1936 806 2007 cujus
833 1945 1001 1990 totum
1034 1936 1086 1990 in
1130 1943 1445 2004 potestatem
1476 1950 1670 2003 corpus
1710 1937 1935 2005 accepit.

358 2024 552 2082 Verum
585 2026 699 2081 bare
741 2026 990 2081 videlicet
1032 2039 1136 2079 non
1183 2025 1550 2094 perferuntur’
1594 2025 1660 2078 ad
1707 2033 1934 2087 vestros.

354 2135 473 2174 cum
492 2119 765 2188 Crispinus
791 2117 1428 2185 malueritCarthagincm
1457 2131 1700 2186 pergere,
1723 2116 1936 2186 propria

357 2211 642 2278 pertinacia
670 2209 932 2280 superari,
962 2208 1385 2264 mansuetudinis
1412 2209 1727 2279 cpiscottalis
1755 2210 1937 2264 inter-

354 2303 598 2356 cessione
626 2301 957 2355 mitissimam
988 2299 1040 2353 in
1067 2313 1124 2353 se
1155 2299 1415 2368 prolalam
1446 2313 1694 2354 recusare
1717 2308 1936 2354 senten-

355 2393 502 2455 tiain,
524 2391 792 2460 appellare
808 2388 874 2443 ad
897 2389 1012 2458 ejus
1034 2387 1172 2442 filios
1187 2388 1340 2456 cujus
1357 2387 1472 2457 lege
1494 2402 1552 2442 se
1575 2387 1836 2442 irretitum
1855 2388 1936 2442 vi-

352 2467 531 2542 debat.
556 2492 613 2536 ut
633 2481 889 2536 excitaret
915 2480 1175 2534 universa:
1209 2479 1342 2548 parti
1379 2477 1589 2542 Donati,
1618 2477 1760 2547 quod
1789 2478 1938 2532 solus

355 2573 557 2643 perpeti
602 2587 701 2627 nec
726 2570 941 2625 volebat
983 2583 1083 2624 nec
1125 2569 1432 2639 cogebatur,
1461 2583 1618 2636 quam
1661 2569 1815 2622 unius
1855 2569 1938 2624 sui

356 2663 657 2734 presbyteri
691 2660 1101 2716 audacissimum
1129 2670 1184 2714 et
1224 2658 1693 2714 invidiosissimum
1735 2658 1938 2715 facinus

357 2754 470 2809 sola
503 2752 880 2823 degradationc
910 2751 1119 2821 punire.

421 2847 515 2901 55.
541 2845 833 2899 Restitutus
849 2841 1064 2912 quidam
1089 2840 1140 2894 in
1169 2839 1385 2910 regione
1407 2838 1733 2910 llipponensi
1761 2847 1938 2895 vester

355 2939 638 3008 presbyter
681 2935 798 3002 fuit,
824 2934 914 3005 qui
953 2949 1073 2988 eum
1104 2931 1171 2987 ad
1196 2931 1510 2986 catholicam
1540 2947 1746 3000 pacem,
1788 2940 1940 2985 antc-

351 3043 514 3096 quam
559 3027 674 3082 istis
719 3025 1083 3095 imperialibus
1114 3022 1320 3093 Iegibus
1360 3022 1654 3092 iuberetur,
1701 3022 1938 3078 veritatis

354 3116 566 3173 ratione
593 3123 888 3187 permotus,
918 3113 1199 3168 manifesta
1228 3113 1497 3166 voluntate
1543 3112 1839 3174 transisset,
1870 3112 1939 3168 de

349 3208 516 3263 domo
539 3221 634 3261 sua
664 3214 848 3275 raptus
887 3212 969 3258 est
1009 3218 1037 3257 a
1083 3203 1294 3257 clericis
1331 3214 1384 3256 et
1411 3202 1939 3259 Circumcellionibus

353 3299 574 3363 vestris,
604 3296 721 3350 luce
765 3293 940 3363 palam
972 3292 1024 3346 in
1066 3291 1344 3346 castellum
1389 3294 1685 3361 proximum
1724 3295 1935 3360 ductus,

345 3399 400 3443 et
433 3384 780 3442 multitudine
809 3391 1110 3453 spectante,
1140 3381 1375 3452 nihilque
1412 3382 1662 3437 resistere
1686 3383 1936 3448 audente,

343 3480 414 3533 ad
449 3477 717 3531 furentum
745 3473 1022 3530 arbitrium
1065 3471 1290 3526 fustibus
1314 3486 1503 3532 caesus.
1533 3473 1586 3526 in
1631 3473 1812 3528 lacuna
1858 3473 1938 3528 lu-

347 3570 558 3623 tulenta
606 3564 887 3627 volutatus,
914 3563 1110 3616 amictu
1146 3562 1342 3629 juuceo
1386 3561 1806 3618 deltonestatus:
1841 3579 1936 3633 p0-

249 3657 264 3669 '
347 3671 628 3728 steaquam
654 3655 782 3710 satis
807 3653 1161 3708 excruciavit'
1191 3653 1378 3707 oculos
1405 3652 1720 3717 dolentium,
1751 3653 1935 3709 riden-

347 3754 594 3819 tinmque
630 3747 860 3810 satiavit,
903 3745 1026 3800 inde
1069 3744 1260 3798 ductus
1295 3740 1361 3797 ad
1406 3743 1568 3796 alium
1612 3744 1788 3798 locum
1832 3759 1938 3810 quo

351 3857 514 3898 nemo
554 3849 856 3894 nostrorum
898 3835 1125 3889 audebat
1166 3832 1442 3895 accedere,
1490 3831 1808 3885 duodecimo
1851 3832 1939 3887 die

350 3935 438 3988 vix
484 3932 737 3997 dimissus
777 3935 878 3992 est.
931 3925 1044 3979 Hoc
1086 3923 1337 3992 episeopo
1379 3932 1559 3976 vestro
1608 3921 1938 3990 Hipponensi

350 4022 670 4080 Proculiano
714 4021 829 4089 ipse
859 4032 976 4071 sum
1007 4023 1245 4086 questus,
1276 4014 1440 4084 gestis
1465 4028 1594 4068 sane
1640 4013 1936 4082 municipa-

351 4119 512 4178 libus,
541 4130 608 4168 ue
644 4113 688 4168 si
729 4110 854 4182 quid
893 4123 1050 4178 agere
1080 4116 1222 4162 esset
1264 4120 1503 4170 necesse,
1535 4105 1635 4160 hoc
1659 4105 1727 4159 ad
1754 4119 1812 4160 se
1839 4119 1936 4160 ne-

348 4219 499 4279 garet
533 4206 697 4260 fuisse
735 4202 1015 4272 perlatttm.
1039 4199 1177 4268 Quid
1209 4197 1564 4267 responderit,
1586 4186 1938 4268 quemadmo-

349 4299 479 4352 dum
510 4297 578 4350 ab
607 4292 918 4364 inquirenda
945 4305 1105 4346 causa
1133 4289 1566 4354 dissimulaverit,
1595 4297 1944 4358 nostramque,

351 4387 705 4443 intentionem
733 4383 970 4438 dolosius
993 4379 1313 4436 eludendam
1359 4387 1477 4449 post
1504 4378 1662 4434 etiam
1705 4393 1809 4434 non
1855 4394 1940 4434 re-

351 4477 669 4547 spondendo
697 4476 978 4545 putaverit,
1008 4473 1138 4529 satis
1165 4472 1351 4527 eadem
1376 4481 1524 4542 gesta
1554 4479 1818 4526 testantur
1835 4471 1938 4543 (ὁ).

351 4569 505 4624 Nunc
551 4583 681 4622 vero
722 4566 811 4636 qui
858 4564 924 4619 ad
973 4576 1072 4617 nos
1109 4577 1140 4617 a
1181 4563 1332 4616 vobis
1368 4563 1546 4617 clerici
1593 4563 1935 4630 transierunt,

352 4673 550 4732 quanta
597 4661 863 4730 patiantur
905 4673 934 4711 a
976 4657 1191 4719 vestris,
1221 4654 1432 4725 quando
1477 4670 1697 4710 narrare
1742 4654 1942 4710 suffici-

355 4754 514 4810 mus?
568 4752 805 4821 Denique
836 4763 942 4803 non
969 4747 1293 4817 quicumque
1330 4744 1396 4799 ad
1423 4759 1518 4800 nos
1549 4743 1672 4800 inde
1699 4746 1938 4810 veniunt,

357 4847 637 4900 veritatem
685 4840 1055 4911 persecutione
1083 4835 1495 4904 derelinquunt;
1541 4833 1636 4888 sed
1674 4835 1827 4889 multi
1873 4834 1943 4890 ad

359 4953 456 4993 nos
504 4935 626 4990 inde
657 4949 761 4988 non
787 4931 1032 4996 veniunt,
1061 4927 1184 4998 quia
1238 4923 1662 4996 perseeutionem
1691 4938 1724 4978 a
1750 4923 1943 4980 vestris

360 5043 454 5099 pro
497 5026 726 5080 veritate
752 5022 958 5092 perpeti
987 5026 1248 5074 metuunt.

430 5116 658 5174 CAPUT
697 5114 883 5169 XLIX.
923 5141 994 5152 —
1030 5111 1119 5166 54.
1149 5107 1314 5164 Aufer
1339 5107 1516 5177 itaque
1543 5106 1612 5160 de
1639 5104 1816 5160 medio
1851 5121 1944 5161 su-

361 5224 658 5280 pervacuas
679 5206 905 5261 invidias
932 5201 1316 5263 molestiarum,
1343 5212 1475 5268 quas
1501 5196 1766 5267 regalibus
1781 5197 1944 5265 jussis

364 5316 461 5371 pro
493 5308 675 5356 vestro
701 5311 886 5352 errore
924 5290 1182 5364 patimini,
1214 5301 1503 5360 perparvas
1530 5296 1586 5344 et
1630 5301 1796 5357 prope
1822 5286 1944 5340 nul-

429 5437 446 5468 ⁸
473 5441 546 5483 Er.
565 5434 711 5496 Lugd.
738 5440 984 5489 Ven.,non
1007 5426 1331 5496 proferuntur.
1395 5428 1454 5472 at.

426 5490 659 5559 faliqitui
683 5503 806 5551 .ttss.,
833 5490 1155 5559 eremi-irtus.

423 5557 503 5618 (a)
538 5546 652 5606 t'ide
677 5546 836 5603 notam
862 5552 933 5618 (a)
952 5586 966 5609 ,
991 5549 1083 5598 col.

425 5603 501 5675 ὣς
521 5603 645 5667 ι’ῖὶιέ
663 5618 833 5664 eadem
854 5603 996 5662 de're
1024 5611 1268 5672 Attgttstini
1295 5609 1455 5670 epistt.
1472 5605 1560 5666 88,
1585 5619 1634 5654 ιι.
1661 5604 1716 5666 0,
1755 5611 1805 5654 et
1839 5603 1946 5664 ιοδ,

365 5693 410 5726 n.
435 5679 480 5728 3.

1715 285 1915 341 LIBER
1954 283 2264 340 TERTIUS.

3521 289 3622 343 526

2049 398 2127 452 las
2157 414 2251 467 pro
2279 412 2471 467 magno
2507 397 2684 453 furore
2728 406 3046 464 vestrorum,
3092 398 3416 469 imputantes
3464 403 3620 456 etiam

2047 492 2199 546 nobis
2218 507 2337 562 quae
2362 492 2429 546 ab
2451 493 2576 561 ipsis
2602 493 2827 547 terrenis
2855 493 3225 562 potestatibus,
3242 505 3300 548 ut
3323 504 3620 550 vestrorum

2045 579 2274 648 impetus
2302 595 2332 635 a
2374 596 2468 634 sua
2497 582 2666 637 salute
2689 581 2979 650 depellant,
3002 584 3322 638 necessitate
3350 584 3500 650 liunt,
3520 601 3623 638 non

2045 669 2340 724 voluntate.
2360 669 2542 740 Neque
2571 670 2615 724 si
2643 669 2985 741 quadraginta
3014 671 3215 742 illi,qui
3247 671 3465 727 Paulum
3496 688 3620 742 apo.

2043 760 2240 814 stolum
2287 759 2586 815 interficere
2627 761 3055 830 coniuraverant,
3089 761 3140 816 in
3183 774 3416 817 armatos
3445 779 3473 816 a
3503 764 3622 833 qui-

2043 846 2145 903 bus
2173 847 2534 904 deducebatur
2576 850 2709 917 (Act.
2742 866 2895 916 χχιιι,
2927 850 3013 914 12,
3041 852 3135 920 3|)
3168 851 3467 918 irruissent,
3513 869 3623 922 pte-

2043 954 2244 1009 nasque
2287 941 2660 1009 sumpsissent,
2691 940 2856 996 Paulo
2899 941 2995 996 ista
3042 941 3250 997 fuerant
3292 944 3622 1013 imputanda.

2042 1029 2244 1085 Omitto
2267 1030 2408 1099 quod
2436 1031 2595 1084 etiam
2625 1031 2952 1086 voluntarias
2984 1043 3204 1097 mortes,
3235 1048 3366 1103 quas
3397 1035 3495 1104 ipsi
3523 1037 3623 1088 sibi

2045 1121 2308 1191 ingerunt,
2339 1125 2388 1176 in
2421 1138 2519 1177 nos
2545 1125 2850 1179 mentiendo
2878 1125 3191 1180 transfertis.
3231 1125 3362 1180 Nam
3392 1127 3460 1182 dc
3488 1127 3624 1180 Mar-

2042 1215 2194 1279 culo,
2238 1215 2377 1285 quod
2425 1231 2484 1271 se
2530 1217 2642 1285 ipse
2686 1217 3096 1286 praecipitaverit
3119 1217 3293 1272 audivi
3325 1219 3426 1288 (a).
3471 1219 3623 1286 Quod

2045 1304 2280 1372 profecto
2310 1315 2393 1360 est
2436 1305 2763 1368 credibilius,
2786 1322 2942 1376 quam
2984 1306 3085 1361 hoc
3107 1308 3334 1377 aliquam
3388 1320 3590 1377 potesta
3610 1340 3622 1349 -

2045 1402 2149 1446 tem
2181 1394 2471 1448 Romanam
2498 1394 2686 1464 jubere
2719 1396 2974 1462 potuisse,
3010 1396 3263 1450 Romanis
3305 1397 3510 1466 legibus
3541 1400 3624 1450 ni-

2041 1483 2144 1536 mis
2190 1483 2506 1537 insolitum:
2548 1500 2666 1537 cum
2714 1484 2814 1539 hoc
2855 1485 3075 1549 malum,
3124 1487 3260 1540 inter
3289 1495 3364 1539 tot
3393 1487 3627 1540 Increses

2042 1574 2142 1627 sub
2172 1574 2464 1628 christiano
2507 1575 2764 1629 vocabulo
2790 1586 3051 1641 errantes,
3092 1577 3364 1646 proprium
3407 1579 3477 1630 sit
3515 1577 3625 1630 bre-

2042 1664 2177 1717 resis
2205 1675 2417 1719 vestrm.
2448 1663 2600 1720 Unde
2627 1666 2750 1734 quid
2780 1651 3030 1735 prodest,
3058 1666 3198 1735 quod
3235 1668 3474 1721 conciliis
3512 1669 3626 1720 suis

2045 1755 2146 1810 hoc
2186 1756 2347 1810 vestri
2391 1755 2628 1826 episeopi
2676 1756 3009 1825 prohibuisse
3051 1766 3105 1810 et
3133 1756 3415 1812 damnasse
3457 1772 3515 1811 se
3541 1759 3624 1822 ja-

2042 1856 2206 1910 ctant,
2244 1848 2382 1902 sicut
2411 1848 2524 1915 ipse
2567 1847 3034 1909 cotnmemorasti;
3080 1862 3199 1901 cum
3248 1856 3324 1901 tot
3370 1863 3528 1916 rupes
3575 1857 3627 1902 et

2041 1920 2264 2006 abrupta
2295 1949 2545 1988 saxorum
2576 1949 2640 1989 ex
2684 1935 3007 1990 Marculiano
3034 1936 3123 1989 illo
3152 1936 3456 2005 magisterio
3494 1952 3627 2006 quo-

2043 2025 2171 2080 tidie
2209 2025 2579 2080 funestcntur?
2625 2025 2745 2080 Dixi
2781 2040 2910 2095 ergo
2942 2026 3067 2096 quid
3097 2025 3164 2081 de
3193 2027 3427 2082 Marcule
3470 2029 3624 2081 audi-

2043 2115 2230 2178 verim,
2271 2121 2327 2169 et
2358 2114 2498 2170 unde
2541 2114 2643 2170 hoc
2679 2115 2987 2170 credibilius
3032 2118 3200 2186 possit
3243 2117 3454 2173 videri:
3499 2119 3625 2188 quid

2040 2216 2218 2261 autem
2240 2221 2424 2260 verum
2446 2205 2538 2271 sit,
2565 2207 2705 2261 Deus
2731 2207 2957 2262 noverit.
2985 2207 3058 2262 De
3086 2207 3205 2262 aliis
3229 2219 3404 2264 autem
3434 2212 3622 2274 tribus,

2041 2311 2268 2366 quorum
2315 2306 2517 2352 mortes
2563 2296 2763 2365 pariter
2806 2296 3069 2365 objecisti,
3093 2298 3220 2367 quid
3247 2299 3330 2353 vel
3357 2303 3625 2370 quomodo

2042 2385 2238 2441 factum
2267 2387 2360 2454 sit,
2386 2385 2454 2442 ab
2483 2385 2562 2441 eis
2601 2399 2735 2456 quos
2769 2399 2928 2441 nosse
2973 2386 3240 2455 existimo,
3283 2386 3474 2458 fateor,
3519 2404 3624 2445 non

2042 2477 2286 2546 qtnrsivi.

2113 2564 2339 2622 CAPUT
2377 2565 2440 2620 L.
2459 2595 2530 2606 --
2563 2565 2653 2624 55.
2693 2566 2864 2622 Nullis
2892 2575 3066 2623 tamen
3093 2567 3248 2624 bonis
3273 2569 3324 2624 in
3351 2568 3624 2626 Catholica

2045 2655 2146 2711 hoc
2177 2657 2369 2725 placet,
2397 2658 2443 2712 si
2475 2673 2642 2728 usque
2686 2658 2752 2713 ad
2783 2668 3007 2714 mortem
3050 2659 3103 2714 in
3127 2676 3467 2732 quemquam,
3504 2663 3627 2718 licet

2043 2743 2372 2810 htcreticum,
2402 2747 2667 2802 saeviatur.
2705 2747 2890 2816 Neque
2916 2763 3066 2812 vero,
3111 2750 3157 2803 si
3204 2749 3360 2821 longe
3383 2766 3415 2805 ι
3456 2762 3628 2808 morte

2043 2833 2326 2904 cujuslibet
2350 2833 2613 2889 molestiis
2635 2834 2801 2889 libido
2829 2835 3117 2891 ulciscendi
3147 2837 3342 2892 malum
3371 2855 3466 2909 pro
3488 2842 3628 2896 malo

2043 2925 2324 2996 retribuat,
2371 2925 2750 2995 approbamus,
2796 2927 2966 2980 multo
3006 2926 3238 2997 amplius
3274 2928 3624 2997 detestantes,

2043 3016 2091 3071 si
2127 3031 2193 3071 ex
2217 3017 2518 3081 occasione,
2541 3017 2688 3071 velut
2716 3031 2814 3086 pro
2841 3018 3044 3074 unitate
3067 3021 3318 3086 conandi,
3345 3025 3624 3094 concupita

2041 3109 2266 3181 quisque
2294 3109 2502 3165 auferat
2537 3108 2734 3174 aliena,
2756 3125 2861 3164 non
2891 3110 2979 3164 illa
3009 3126 3128 3181 quae
3161 3113 3262 3168 sub
3288 3116 3503 3170 nomine
3529 3117 3630 3172 Ec-

2042 3201 2220 3255 clesia:
2259 3214 2364 3255 non
2409 3198 2608 3255 debent
2643 3197 2713 3253 ab
2743 3199 3008 3254 brcrcticis
3052 3202 3328 3268 possideri,
3360 3204 3453 3260 sed
3496 3221 3629 3276 quo-

2045 3307 2271 3362 rumque
2317 3291 2540 3360 privata.
2586 3289 2714 3346 Ilaec
2756 3291 2934 3346 omnia
2964 3291 3242 3361 displicent
3281 3295 3456 3362 bonis,
3481 3307 3535 3352 ct
3561 3313 3627 3354 ea

2044 3381 2331 3451 prohibent
2350 3389 2405 3436 et
2424 3379 2676 3435 cohibent
2694 3388 2950 3448 quantum
2983 3391 3222 3450 possunt,
3255 3393 3507 3452 quantum
3534 3402 3630 3438 an-

2045 3484 2149 3529 tem
2175 3488 2280 3529 non
2313 3480 2534 3543 possunt
2558 3470 2766 3536 ferunt;
2789 3480 2843 3526 et
2864 3471 2998 3527 sicut
3019 3472 3152 3539 dixi,
3175 3489 3271 3544 pro
3287 3490 3417 3546 pace
3445 3476 3627 3532 lauda-

2104 3653 2177 3714 (a)
2199 3651 2387 3717 ttarculi
2410 3651 2568 3714 passio
2583 3664 2612 3701 a
2627 3651 2886 3717 Donatiano
2897 3651 3102 3716 quodam
3119 3653 3312 3717 scripta,
3337 3654 3510 3717 prodiit
3533 3669 3628 3706 non

2041 3713 2123 3764 ita
2141 3713 2655 3776 pridemin’veterum
2679 3713 3009 3776 Analectot‘um
3043 3722 3172 3776 torno
3194 3713 3242 3776 4.
3267 3713 3557 3776 minentur
3581 3721 3628 3766 in

2041 3771 2392 3832 manuscriptis,
2433 3787 2503 3826 ιιι,
2549 3771 2628 3818 veI
2674 3787 2752 3820 Vlﬂ
2796 3772 2982 3820 calend.
3026 3774 3251 3820 decr-mh.
3292 3775 3358 3822 tbi
3397 3775 3632 3827 Marcnlus

2041 3836 2297 3896 presbyter
2320 3838 2523 3896 tantum,
2549 3843 2642 3896 non
2668 3835 2938 3896 cpiscoltus,
2961 3833 3044 3894 qui
3071 3834 3116 3880 ei
3139 3833 3345 3896 titulusa
3369 3840 3631 3896 Lovauien-

2042 3889 2176 3957 sibus
2191 3889 2376 3940 'Annot.
2403 3889 2560 3957 in__lib.
2586 3889 2617 3938 2
2638 3889 2802 3957 contra
2824 3889 3023 3941 Litteras
3049 3889 3289 3957 petillani,
3313 3907 3416 3957 cap.
3440 3895 3519 3953 20,
3542 3903 3629 3946 tri-

2041 3956 2190 4004 butus
2212 3961 2307 4012 est,
2321 3950 2603 4015 appeliatur.
2626 3953 2710 4000 llic
2729 3953 2865 4015 jussu
2896 3952 3096 4009 Macarii,
3120 3950 3518 4015 quemconstans
3541 3961 3630 4007 int-

2043 4024 2249 4080 potator
2270 4017 2319 4063 in
2351 4012 2551 4063 Africam
2579 4025 2690 4080 cum
2727 4012 2868 4080 paulo
2903 4015 3119 4080 miserat,
3139 4012 3365 4080 'vinctus
3387 4018 3538 4078 primo
3584 4023 3631 4071 in

2043 4072 2778 4149 possessione_.\'tegessela3,‘in
2809 4086 2904 4135 qua
2939 4076 3136 4149 stataria
3157 4087 3267 4122 cum
3291 4072 3529 4149 episcopis
3548 4081 3633 4128 ali-

2076 4145 2206 4187 uota
2227 4134 2486 4186 Domitiana
2507 4142 2640 4196 parte
2667 4135 2726 4182 ad
2749 4134 2902 4195 ipsum
2936 4135 3136 4184 directis
3160 4134 3394 4196 occurrit,
3435 4134 3485 4188 et
3520 4153 3630 4191 mox

2062 4195 2226 4248 Ennium
2261 4198 2434 4259 ictibus
2451 4195 2606 4259 caisus
2631 4196 2930 4259 cum_sociis,
2956 4196 3069 4259 inde
3093 4209 3182 4257 per
3198 4195 3388 4259 aliquas
3403 4203 3634 4252 Numidia:

2042 4261 2264 4310 civitates
2284 4258 2376 4307 sub
2396 4258 2658 4320 arctissima
2683 4254 2881 4320 militum
2897 4254 3111 4320 custodia
3123 4254 3292 4320 usque
3309 4260 3354 4307 in
3378 4261 3634 4312 castellum

2044 4327 2368 4381 NovaaoPetrte
2410 4317 2704 4381 perductus,
2745 4317 2810 4381 ibi
2852 4318 3049 4381 tandem
3087 4317 3252 4381 elapso
3288 4321 3542 4381 quatriduo
3569 4328 3636 4374 de

2044 4332 2368 4371 novae-Petrae
2410 4332 2672 4381 peronatus
2689 4351 2704 4374 ,
2745 4332 2810 4365 lDl
2855 4332 3049 4366 tandem
3087 4332 3252 4379 elapso
3323 4332 3542 4371 uatrtauo
3569 4332 3632 4374 tte

2044 4389 2199 4450 petrae
2221 4380 2431 4450 culmine
2446 4391 2473 4426 a
2487 4377 2644 4450 milite
2665 4379 2994 4450 praecipitatus
3017 4377 3203 4450 legitur
3217 4380 3265 4428 in
3288 4332 3632 4444 IIlispassionis

2046 4439 2154 4506 ejus
2177 4444 2298 4492 actis
2321 4452 2467 4506 :_qt_t_te_
2486 4439 2682 4506 tametsi
2699 4448 2944 4506 auctorem
2965 4439 3318 4506 schiématicum
3347 4439 3518 4504 aperte
3550 4460 3632 4493 re-

2045 4499 2227 4559 férunt,
2248 4499 2497 4551 CathOIicis
2515 4500 2836 4560 vehementer
2859 4499 3128 4560 infensum,
3154 4515 3218 4552 ex
3243 4501 3304 4551 Iis
3329 4499 3490 4553 tamen
3512 4511 3628 4554 litar-

2045 4565 2139 4615 culi
2181 4575 2358 4614 nomen
2396 4559 2676 4626 translatum
2716 4562 2805 4626 fuit
2846 4562 2893 4610 in
2914 4559 3270 4626 _Martyrologia.
3311 4568 3471 4625 Ipsum
3501 4573 3630 4619 enim

2045 4627 2170 4676 haud
2187 4625 2336 4673 dubie
2358 4623 2583 4684 respicit,
2610 4622 2736 4684 quod
2762 4623 2809 4670 in
2842 4621 3006 4684 Nolani
3042 4621 3360 4674 ldditionihus
3383 4627 3442 4675 ad
3465 4633 3632 4677 Usnar-

2045 4688 2160 4753 dum
2205 4699 2270 4753 ex
2308 4681 2456 4753 notho
2489 4681 2641 4753 Beda}:
2675 4681 3257 4753 martyrologio“refertur
3287 4687 3346 4734 ad
3371 4687 3630 4753 vi__calentl.

2046 4749 2271 4798 decemh.
2293 4764 2317 4792 tt
2332 4753 2381 4793 tn
2403 4743 2668 4794 nicomedia
2691 4743 2820 4804 (pro,
2845 4743 3088 4802 tv'tmtiditt)
3113 4746 3242 4796 beati
3262 4747 3448 4798 Marculi
3465 4761 3630 4798 sacer-

2055 4829 2078 4858 ι
2099 4809 2227 4859 dotis
2250 4814 2302 4856 et
2322 4807 2557 4870 martyris,
2579 4806 2660 4866 qui
2679 4805 2978 4870 temporibus
2997 4809 3264 4856 Constantis
3298 4810 3482 4870 tyranni
3518 4824 3630 4870 [ρι’-

2055 4889 2080 4918 ι
2099 4869 2378 4933 secutiones
2405 4865 2641 4933 maximas
2654 4865 2876 4933 pertulit,
2897 4865 2956 4913 ad
2987 4874 3262 4933 extremum
3292 4865 3354 4933 ab
3384 4869 3484 4933 alta
3506 4865 3632 4933 rupe

2055 4950 2078 4979 ι
2100 4929 2424 4993 prtecipitatus
2447 4934 2539 4975 est.
2563 4942 2585 4970 it
2616 4925 2668 4975 Et
2690 4925 2888 4993 illud_in
2904 4933 3106 4993 Romano
3127 4928 3187 4975 ad
3209 4929 3435 4993 eumdem
3456 4925 3587 4980 diem
3618 4947 3631 4980 :

2056 5011 2080 5040 ι
2097 4986 2377 5052 nicom'edite
2406 4988 2532 5052 (pro,
2559 4993 2613 5035 In
2624 4986 2879 5052 _Numidia)
2890 4987 3279 5052 Asanctiatarcelli
3311 4987 3467 5052 (lege,
3502 5001 3631 5040 Mar-

2056 5072 2080 5101 c
2101 5050 2219 5114 culi)
2244 5048 2532 5117 presbyteri,
2555 5048 2636 5117 qui
2662 5049 2934 5117 Constantii
2953 5049 3136 5117 (verius
3151 5083 3166 5108 ,
3189 5048 3473 5117 comantis)
3493 5059 3632 5117 tem-

2058 5133 2080 5162 ι
2103 5110 2220 5176 pore
2247 5110 2316 5161 ab
2345 5110 2528 5176 Arianis
2548 5110 2685 5171 (pro,
2705 5110 3072 5176 agitqcantmisi
3100 5123 3131 5159 e
3160 5110 3633 5176 rupeprteci'pitatus

2059 5193 2081 5222 et
2103 5168 2278 5237 martyr
2293 5172 2532 5237 occubuit.
2559 5168 2585 5213 ἱ
2611 5176 2660 5218 In
2677 5168 2936 5237 collatione
2955 5168 3500 5237 rartliaginénsi'_l,_cap.
3526 5174 3630 5232 .87,

2051 5233 2243 5284 Dativus
2262 5235 2516 5294 episcOpus
2539 5233 3279 5294 Donatistarumtjovapetrensis
3305 5233 3420 5283 dicit
3444 5233 3466 5281 τ’
3492 5251 3514 5280 ι
3543 5237 3630 5284 Λό-

2059 5315 2082 5343 ι
2106 5290 2368 5346 versarium
2405 5290 2501 5341 non
2538 5293 2725 5348 habeo,
2748 5294 2860 5353 quia
2895 5290 2992 5340 illic
3029 5290 3106 5340 est
3125 5293 3332 5343 domnus
3366 5296 3630 5353 Marculus,

2058 5375 2082 5404 tt
2104 5360 2240 5419 cujus
2280 5355 2566 5423 sanguinem
2601 5360 2728 5423 petis
2766 5355 2936 5423 exiget
2977 5353 3147 5423 in_die
3179 5354 3360 5423 judieii.
3397 5371 3419 5399 ι
3461 5359 3633 5408 Confer

2052 5414 2302 5481 Optatum,
2327 5414 2411 5464 lit}.
2433 5415 2493 5481 εἴ,
2517 5416 2580 5462 ab
2602 5414 2896 5481 istisiverbis
2919 5425 2932 5461 :
2961 5431 2988 5481 ε
3015 5415 3087 5481 sic
3119 5416 3531 5481 invenitponatus
3556 5427 3633 5467 ιω·

2061 5473 2332 5533 c'gaiensis,
2351 5475 2480 5524 unde
2499 5482 2664 5524 contra
2685 5475 2935 5524 Macarium
2957 5473 3184 5523 furiosam
3205 5475 3501 5526 conduceret
3529 5493 3630 5526 tur-

2061 5559 2084 5586 ι
2104 5533 2234 5596 Βιιιιι,
2259 5554 2282 5580 δ
2313 5545 2409 5587 etc.
2434 5543 2503 5585 De
2526 5534 2727 5584 Marcu’lo
2763 5535 2936 5584 eodem
2969 5547 3112 5596 supra
3137 5535 3219 5583 lib.
3243 5533 3274 5582 2
3293 5544 3456 5584 contra
3489 5540 3636 5588 Line-

2054 5598 2398 5654 rasPetilian't,
2423 5609 2559 5658 capp.
2602 5596 2675 5654 ti,
2715 5597 2805 5657 20;
2844 5608 3034 5646 necnon
3073 5603 3226 5644 'rract.
3270 5596 3322 5645 ll
3370 5599 3418 5645 in
3448 5599 3640 5648 ιοςιιιςάι

2055 5613 2134 5650 ras
2156 5611 2368 5649 Petiliam
2384 5633 2398 5654 ,
2423 5611 2544 5706 carp

2055 5660 2380 5724 Evangelium,
2405 5673 2452 5706 ιι.
