4024 6196
256 188 270 210 \

267 216 281 244 Χ

335 313 436 369 5‘27

336 430 517 485 biliter
552 429 808 494 tolerant,
857 440 963 481 non
1009 438 1069 480 ea
1111 421 1415 487 laudabilia,
1455 419 1547 474 sed
1591 416 1909 473 damnabilia

332 520 667 587 iudicantes:
699 533 797 573 nec
826 526 1045 587 propter
1070 514 1267 568 zizania
1302 521 1535 582 segetem
1564 510 1782 575 Christi,
1813 524 1915 563 nec

338 619 551 679 propter
575 610 754 679 paleas
778 604 955 662 aream
983 604 1214 670 Christi,
1240 618 1338 658 nec
1362 612 1579 673 propter
1602 616 1729 655 vasa
1762 600 1913 653 inho-

338 708 520 752 norata
572 698 787 752 domum
826 711 1068 766 magnam
1099 693 1317 759 Christi,
1348 707 1447 748 nec
1488 702 1707 762 propter
1743 691 1913 761 pisces

341 787 507 845 malos
538 786 670 841 retia
691 786 887 841 Christi
914 785 1310 855 derelinquunt.

405 876 631 933 CAPUT
686 877 768 932 LI.
810 907 881 918 —
918 877 1007 932 56.
1062 877 1235 945 Reges
1279 889 1399 929 cum
1449 874 1500 926 in
1540 886 1724 927 errore
1768 880 1910 938 sunt,

339 984 434 1038 pro
474 970 591 1040 ipso
626 985 811 1027 errore
843 971 986 1041 leges
1011 977 1195 1024 contra
1234 968 1509 1021 veritatem
1555 967 1766 1029 ferunt;
1793 979 1912 1019 cum

337 1060 388 1113 in
418 1059 644 1114 veritate
693 1070 835 1125 sunt,
866 1060 1108 1113 similiter
1145 1066 1328 1113 contra
1373 1071 1607 1110 errorem
1656 1070 1752 1125 pro
1800 1055 1913 1124 ipsa

335 1152 557 1206 veritate
599 1151 935 1207 decernunt:
968 1150 1036 1205 ita
1080 1160 1133 1206 et
1177 1149 1382 1219 legibus
1429 1148 1580 1202 malis
1621 1147 1914 1216 probantur

342 1244 481 1307 boni,
510 1252 560 1298 et
592 1244 794 1314 legibus
822 1242 973 1297 bonis
1002 1241 1353 1298 emendantur
1378 1242 1393 1273 ¹
1412 1240 1558 1294 mali.
1591 1239 1705 1293 Rex
1738 1238 1913 1293 Nabu-

335 1332 671 1387 chodonosor
703 1348 984 1402 pervorsus
1024 1333 1193 1401 legem
1224 1346 1421 1385 saevam
1464 1329 1628 1392 dedit,
1662 1338 1718 1382 ut
1744 1328 1913 1382 sinui-

339 1424 537 1476 lacrunt
562 1423 875 1478 adoraretur
898 1442 910 1476 :
941 1422 1080 1476 idem
1107 1432 1379 1476 correctus
1405 1436 1666 1485 severam,
1686 1436 1753 1474 ne
1778 1420 1914 1473 Deus

336 1529 491 1566 verus
530 1513 987 1582 blaSphcmaretur
1038 1512 1197 1583 (Dan.
1225 1528 1302 1575 Ill,
1352 1513 1407 1578 5,
1442 1514 1495 1577 li,
1541 1512 1653 1581 96).
1706 1512 1760 1565 ln
1814 1511 1915 1565 hoc

335 1603 475 1655 οιιῖιη
508 1618 677 1673 reges,
720 1602 857 1657 sicut
893 1605 969 1657 eis
997 1604 1247 1658 divinitus
1279 1604 1599 1671 prmcipitur,
1649 1603 1756 1657 Deo
1802 1617 1914 1655 ser-

336 1695 484 1747 viunt
507 1695 557 1747 iu
587 1704 839 1763 quantum
870 1709 1025 1763 rcges
1049 1703 1171 1748 sunt
1206 1692 1426 1765 (Psalm.
1456 1708 1511 1755 ll,
1539 1693 1651 1763 10),
1673 1693 1716 1746 si
1741 1692 1915 1746 in‘suo

338 1798 500 1853 regno
548 1784 682 1838 bona
729 1783 982 1853 jubeant,
1029 1783 1163 1837 mala
1208 1783 1541 1852 prohibeant,
1588 1796 1691 1835 non
1741 1782 1914 1836 solum

336 1890 454 1942 qum
483 1875 749 1942 pertinent
774 1874 838 1927 ad
866 1874 1151 1928 humanam
1184 1874 1515 1938 societatem,
1538 1886 1722 1927 verum
1750 1872 1913 1927 etiam

337 1980 454 2033 qum
480 1964 543 2016 ad
576 1964 805 2018 divinam
838 1965 1167 2034 religionem.

406 2054 495 2108 57.
537 2052 751 2107 Frustra
805 2053 957 2118 dicis,
1004 2052 1281 2122 Relinquar
1330 2054 1485 2107 libero
1532 2054 1759 2107 arbitrio.
1809 2052 1916 2109 Cur

336 2143 475 2196 enim
518 2158 621 2197 non
655 2142 706 2197 in
732 2143 1032 2198 homicidiis
1061 2154 1114 2200 et
1143 2144 1194 2198 in
1225 2146 1443 2214 stupris,
1466 2154 1520 2200 et
1544 2146 1597 2200 in
1619 2146 1915 2217 quibusque

336 2234 455 2287 aliis
485 2234 804 2288 facinoribus
833 2243 887 2289 et
924 2234 1138 2304 flagitiis
1184 2236 1353 2290 libero
1396 2245 1448 2290 te
1488 2236 1707 2291 arbitrio
1735 2236 1914 2292 dimit-

338 2323 553 2378 tendum
599 2338 721 2379 esse
765 2325 1108 2393 procLamas?
1154 2325 1281 2392 Qum
1321 2334 1495 2380 tamen
1538 2326 1712 2379 omnia
1756 2327 1914 2395 justis

338 2415 539 2484 legibus
567 2415 869 2484 comprimi,
901 2416 1240 2470 utilis.~imum
1277 2432 1339 2471 ac
1368 2417 1775 2472 saluberrimum
1810 2427 1911 2473 est.

337 2504 714 2574 Deditquidem
732 2504 868 2559 Deus
886 2505 1082 2559 homini
1105 2506 1324 2560 liberam
1343 2507 1688 2570 voluntatem,
1704 2507 1798 2562 sed
1817 2522 1913 2562 nec

337 2591 527 2645 bonam
575 2592 976 2658 infructuosam,
1022 2607 1121 2648 nce
1162 2595 1353 2649 malam
1382 2608 1501 2650 esse
1528 2596 1695 2650 voluit
1739 2596 1912 2666 impu-

335 2681 520 2735 nitam.
541 2681 778 2751 Quisquis
792 2682 1142 2747 christianum,
1164 2684 1355 2753 inquis,
1380 2686 1711 2755 persequitur,
1727 2685 1913 2741 Christi

332 2783 406 2827 est
435 2774 687 2828 inimicus.
716 2773 912 2829 Verum
955 2774 1107 2840 dicis,
1139 2776 1182 2830 si
1229 2792 1333 2830 non
1367 2777 1467 2833 hoc
1509 2778 1559 2831 in
1593 2779 1685 2832 illo
1732 2794 1915 2847 perse-

333 2864 543 2933 quitur'
572 2864 712 2935 quod
742 2865 955 2919 Christo
983 2874 1065 2920 est
1103 2866 1391 2920 inimicum.
1424 2866 1607 2936 Neque
1634 2867 1772 2920 enim
1816 2867 1911 2921 do-

334 2953 510 3007 minus
549 2954 602 3008 in
641 2968 814 3019 servo,
848 2963 999 3023 pater
1040 2953 1092 3007 in
1137 2954 1264 3021 lilio,
1305 2957 1527 3008 maritus
1567 2952 1617 3009 iit
1663 2951 1906 3025 ennjuge,

331 3059 451 3099 cum
502 3052 625 3099 sunt
678 3044 886 3112 utrique
925 3045 1230 3107 christiani,
1278 3061 1381 3098 non
1427 3046 1623 3100 debent
1667 3048 1909 3116 persequi

331 3134 457 3188 vitia
486 3133 790 3188 christiana:
837 3134 1101 3186 Contraria
1153 3134 1385 3187 veritati.
1419 3136 1499 3187 An
1543 3150 1667 3188 vero
1711 3134 1754 3188 si
1804 3151 1907 3189 non

330 3232 734 3294 persequantur,
767 3238 871 3277 non
916 3223 994 3277 rei
1025 3224 1359 3292 negligentia:
1407 3225 1597 3278 merito
1645 3225 1906 3280 tenebun-

329 3312 459 3368 tur?
503 3312 608 3368 Sed
639 3313 694 3366 in
719 3312 966 3367 omnibus
1008 3314 1267 3368 tenendus
1291 3323 1373 3368 est
1405 3316 1593 3370 modus
1620 3325 1772 3386 aptus
1811 3317 1909 3371 hu-

330 3401 592 3466 manitati,
621 3417 888 3472 congruus
912 3403 1193 3468 charitati;
1227 3414 1283 3457 ut
1314 3419 1412 3459 nec
1440 3414 1604 3459 totum
1644 3408 1781 3476 quod
1812 3423 1907 3475 po-

329 3492 534 3545 testatis
557 3499 641 3544 est
660 3499 957 3558 exseratur,
979 3501 1033 3544 et
1059 3493 1109 3545 in
1135 3508 1198 3547 en
1220 3494 1360 3561 quod
1382 3496 1671 3561 exseritur,
1692 3496 1907 3551 dilectio

329 3594 433 3632 non
462 3577 756 3643 amittatur,
780 3579 831 3631 in
856 3593 920 3633 co
945 3589 1121 3633 autem
1149 3580 1289 3648 quod
1322 3597 1425 3634 non
1450 3586 1733 3649 exseritur,
1756 3601 1904 3639 man-

326 3666 552 3722 suetudo
574 3677 919 3723 monstretur.
950 3667 1045 3724 Ubi
1077 3685 1204 3723 vero
1232 3672 1375 3725 nulla
1406 3686 1471 3726 ex
1498 3662 1692 3727 divinis
1719 3675 1906 3729 huma-

326 3757 474 3813 nisve
496 3757 700 3828 legibus
728 3766 964 3828 potestas
984 3758 1311 3825 conceditur,
1333 3761 1461 3816 nihil
1485 3763 1725 3834 improbe
1744 3775 1904 3837 atque

330 3848 695 3917 imprudenter
718 3849 995 3904 audeatur.

396 3936 624 3995 CAPUT
662 3938 767 3993 LII.
795 3968 864 3979 -—
894 3939 983 3995 58.
1012 3939 1145 3995 Audi
1166 3940 1275 4010 jam
1303 3940 1371 3997 de
1398 3940 1903 4001 Maximianensibus

329 4028 468 4097 quod
492 4028 651 4099 paulo
679 4037 804 4084 ante
827 4029 1161 4093 disruleram,
1188 4041 1243 4083 ut
1267 4039 1319 4085 et
1341 4041 1459 4087 tuos
1487 4034 1769 4104 episcOpos
1807 4052 1903 4091 no-

323 4119 464 4175 veris
496 4120 588 4175 tibi
614 4134 733 4174 esse
762 4121 1049 4183 mentitos;
1080 4128 1135 4175 et
1162 4136 1271 4174 non
1295 4122 1464 4176 solum
1495 4124 1635 4193 quod
1675 4128 1903 4194 pertinet

325 4212 392 4267 ad
423 4210 679 4282 Baptismi
706 4212 1075 4281 quaestionem,
1107 4214 1192 4267 vel
1220 4212 1287 4267 ad
1318 4214 1611 4269 alienorum
1655 4228 1901 4285 peccato-

326 4319 441 4357 rum
481 4304 534 4358 in
564 4301 806 4358 Ecclesia
847 4302 965 4359 sine
1009 4306 1220 4372 propria
1267 4308 1719 4364 contaminatioue
1762 4311 1898 4367 tole-

324 4394 574 4460 rantiam,
602 4406 787 4448 verum
834 4394 995 4448 etiam
1038 4395 1179 4464 quod
1226 4396 1293 4451 ad
1337 4401 1720 4466 persecutionis
1766 4402 1899 4456 invi-

322 4486 487 4551 diam,
529 4484 582 4538 in
624 4497 724 4553 qua
754 4482 968 4553 quidem
996 4484 1157 4539 vestri
1198 4485 1255 4539 in
1300 4503 1403 4541 nos
1439 4491 1613 4543 omnia
1656 4491 1895 4547 Romana

318 4578 441 4645 jura
469 4585 520 4630 et
548 4572 795 4644 praesidia
821 4584 1162 4645 superarunt,
1180 4576 1231 4629 in
1263 4576 1363 4631 hac
1394 4594 1493 4632 una
1518 4580 1897 4637 Maximianen-

323 4668 460 4720 sium
490 4660 669 4719 causa
696 4664 907 4719 noveris
948 4666 1240 4721 terminari.
1279 4666 1411 4721 Nam
1452 4668 1498 4723 si
1544 4672 1752 4725 concilii
1797 4672 1896 4728 Ba-

326 4755 559 4825 gaiensis
582 4754 952 4824 episcoporum
983 4765 1283 4811 vestrorum
1324 4766 1683 4814 trecentorum
1719 4770 1773 4816 et
1797 4761 1894 4818 de-

322 4860 461 4910 cem,
481 4843 878 4899 memorabilem
912 4844 1076 4909 illam,
1102 4844 1169 4900 de
1192 4861 1295 4916 qua
1320 4848 1564 4917 superius
1594 4850 1733 4919 quod
1763 4852 1893 4908 satis

321 4951 441 4991 esse
466 4934 743 4989 videbatur
785 4934 1006 5001 inserui,
1040 4949 1143 4988 non
1183 4944 1236 4990 te
1282 4936 1445 5007 piguit
1474 4938 1651 5008 legere
1675 4950 1891 4998 senten-

322 5032 467 5091 tiam,
498 5041 617 5081 cum
648 5026 732 5079 illa
759 5025 917 5079 verba
947 5025 1223 5082 damnatos
1248 5042 1367 5081 eum
1408 5027 1727 5093 Maximiano
1759 5033 1891 5089 duo-

320 5118 511 5181 necim,
542 5131 768 5187 quorum
808 5115 1149 5185 prtesentium
1195 5118 1436 5173 manibus
1472 5122 1746 5178 ordinatus
1785 5135 1886 5191 est,

321 5208 651 5275 apertissime
695 5206 1017 5268 ostendant;
1063 5206 1375 5271 dilationem
1412 5220 1587 5266 autem
1632 5214 1887 5273 redeundi

318 5301 382 5355 ad
413 5300 839 5355 communionem
870 5308 1099 5354 vestram
1131 5300 1233 5354 illis
1270 5316 1390 5356 esse
1427 5316 1757 5370 concessam,
1794 5309 1885 5378 qui

318 5409 433 5448 cum
465 5400 647 5449 essent
684 5393 737 5447 in
763 5392 1137 5448 communione
1174 5392 1494 5463 Maximiani,
1532 5398 1885 5456 Primianum—

376 5532 390 5559 ι
420 5538 516 5579 Am.
542 5538 592 5580 et
615 5542 787 5580 omnes
806 5536 935 5588 Mss.,
958 5528 1296 5580 emundantur.
1337 5572 1348 5587 ,

376 5592 550 5661 fit-m4
589 5591 802 5661 sedonan
844 5590 933 5641 hoc
966 5590 1138 5661 iutilia
1180 5592 1497 5661 persequitur.
1537 5601 1611 5645 Er.
1654 5604 1706 5647 et
1736 5604 1883 5661 ιον..

309 5649 414 5762 Ἣιᾶ
440 5648 529 5700 hoc
580 5650 631 5702 in
678 5650 763 5702 illo
806 5651 1127 5716 persequitur.
1171 5648 1471 5718 Castigantur
1512 5669 1576 5707 ex
1618 5648 1883 5712 manust

1102 306 1370 363 CONTRA
1400 300 1829 360 CRESCONIUM
1870 296 2319 377 DONATISTAM,
2360 308 2415 367 S.
2458 312 2822 372 AUGUSTINI

3498 319 3603 374 523

2018 433 2120 485 quc
2146 420 2510 493 damnassent,
2541 437 2717 483 tamen
2749 430 2960 500 quando
2997 429 3344 491 Maximianus
3379 438 3601 495 ordina-

2021 516 2105 563 tus
2150 520 2250 575 est,
2284 529 2389 568 non
2440 516 2835 587 interfuerunt;
2886 537 3057 592 neque
3100 524 3242 578 enim
3289 540 3477 583 omnes
3522 530 3607 584 in-

2021 608 2223 657 teresse
2266 614 2575 674 potuerunt,
2615 619 2707 664 aut
2753 626 2816 664 ex
2863 627 3013 668 more
3058 614 3405 671 debuerunt:
3437 620 3605 689 pluri-

2020 706 2163 745 mum
2192 695 2359 748 miror
2388 698 2655 765 quomodo
2686 706 2739 754 te
2768 701 2897 768 falli,
2931 704 3110 759 nescio
3136 720 3243 774 quo
3286 711 3600 775 mentiente.

2020 785 2350 851 pcrnuseris,
2393 788 2477 841 cui
2519 789 2678 844 verba
2722 790 2833 860 ipsa
2871 808 2991 862 quae
3030 795 3256 851 obscura
3303 814 3408 853 non
3454 813 3601 864 sunt,

2021 887 2120 927 nec
2150 884 2361 930 acutum
2400 878 2668 949 ingenium
2714 897 2819 951 quo
2844 883 3213 949 discutiantur,
3258 890 3352 943 sed
3400 899 3604 947 tantum

2019 964 2253 1020 animum
2293 982 2398 1035 quo
2436 968 2780 1026 advertantur
2817 986 3131 1043 exposcunt,
3163 994 3229 1032 ne
3256 980 3324 1034 ab
3350 996 3418 1036 eo
3457 984 3606 1037 falle-

2019 1054 2173 1118 reris,
2204 1058 2430 1113 recitare
2470 1061 2708 1129 potuisti.
2738 1064 2842 1118 Sed
2875 1066 2995 1133 quia
3044 1066 3156 1122 ﬁeri
3202 1081 3376 1138 potest
3406 1083 3461 1128 ut
3493 1093 3598 1129 non

2018 1158 2135 1196 eam
2188 1145 2402 1215 legeris,
2453 1160 2507 1203 et
2550 1151 2778 1219 simplici
2831 1155 3020 1210 affectu
3069 1167 3317 1229 tanquam
3348 1164 3606 1234 episcopo

2020 1234 2100 1285 vel
2143 1235 2405 1306 episcopis
2434 1240 2576 1293 aliud
2625 1242 2715 1294 tibi
2750 1244 3140 1303 insinuantibus
3174 1248 3327 1307 facile
3355 1255 3602 1311 credide-

2021 1324 2127 1387 ris;
2181 1327 2361 1395 accipe
2390 1330 2590 1385 eam’et
2640 1332 2774 1402 lege,
2807 1342 2862 1388 et
2886 1351 3044 1405 quam
3092 1340 3181 1394 tibi
3222 1356 3253 1395 a
3292 1358 3378 1398 me
3418 1361 3602 1400 verum

2019 1414 2226 1469 dicatur
2269 1419 2504 1473 attende.
2550 1421 2732 1492 Neque
2780 1426 2919 1479 enim
2965 1440 3185 1496 possunt
3227 1448 3344 1487 eam
3391 1439 3603 1506 tegendi

2022 1506 2276 1559 mendacii
2323 1509 2402 1561 sui
2448 1526 2638 1577 causa,
2682 1522 2739 1566 ut
2784 1514 2991 1570 libitum
3052 1518 3241 1580 fuerit,
3281 1526 3600 1589 emendare,

2020 1596 2127 1649 imo
2179 1596 2400 1665 falsare,
2432 1616 2588 1670 quam
2628 1604 2830 1673 judicio
2870 1608 3079 1676 publico
3123 1613 3260 1679 apud
3308 1627 3605 1682 proconsu-

2022 1687 2124 1740 lem
2168 1690 2547 1759 allegaverunt,
2580 1710 2736 1763 quam
2791 1698 2949 1751 toties
2988 1701 3153 1768 gestis
3193 1702 3605 1773 municipalibus

2021 1777 2381 1847 inserendam,
2436 1797 2534 1851 pro
2584 1799 2695 1838 suae
2735 1801 2909 1840 causae
2961 1791 3280 1847 necessitate
3323 1807 3598 1859 curarunt,

2020 1871 2233 1940 quando
2271 1873 2499 1942 agebant
2538 1875 2796 1932 adversus
2823 1894 2938 1943 eos,
2968 1889 3024 1935 ut
3055 1883 3122 1937 de
3162 1884 3393 1942 basilicis
3432 1890 3603 1958 pelle-

2018 1972 2225 2017 rentur.

2090 2052 2314 2110 CAPUT
2342 2055 2470 2110 LIII.
2502 2088 2571 2098 —-
2599 2059 2688 2116 59.
2714 2060 2801 2115 Sic
2822 2072 2969 2117 certe
2998 2064 3179 2135 incipit
3208 2083 3268 2122 ea
3297 2071 3555 2125 sententia
3584 2089 3599 2123 :

2020 2135 2143 2190 Cum
2160 2139 2510 2208 omnipotentis
2528 2140 2621 2195 Dei
2642 2153 2686 2196 et
2700 2143 2885 2199 Christi
2900 2147 3008 2213 ejus
3036 2150 3290 2204 voluntate
3314 2152 3365 2204 in
3391 2154 3602 2208 ecclesia

2019 2229 2290 2301 Bagaiensi
2305 2234 2318 2262 ί
2337 2233 2604 2287 concilium
2640 2251 2923 2305 gereremus
2941 2280 2954 2304 ,
2975 2239 3253 2307 Camalius,
3289 2242 3601 2311 Primianns,

2028 2318 2258 2386 Pontius,
2288 2321 2660 2390 Secundianus,
2691 2327 3025 2396 Januarius’,
3066 2330 3393 2398 Saturninus,
3428 2334 3595 2401 Felix,

2020 2410 2294 2481 Pegasius,
2328 2413 2584 2483 Ruﬁnus,
2616 2416 2924 2487 Fortunius,
2956 2422 3248 2492 Crispinus,
3281 2425 3602 2494 Florentius,

2022 2501 2258 2575 Optatns,
2306 2505 2554 2573 Donatus,
2594 2510 2939 2576 Donatianus,
2981 2524 3027 2567 et
3056 2517 3221 2568 atteri
3250 2533 3454 2572 numero
3502 2529 3604 2573 tre-

2017 2596 2147 2647 centi
2162 2605 2207 2649 et
2222 2596 2391 2650 decem
2417 2615 2436 2651 :
2466 2598 2658 2668 placuit
2685 2600 2909 2670 Spiritui
2944 2614 3116 2657 sancto
3147 2606 3233 2675 qui
3268 2607 3321 2659 in
3352 2610 3490 2662 nobis
3504 2621 3601 2674 est,

2018 2703 2190 2755 pacem
2215 2687 2422 2755 firmare
2436 2698 2747 2760 perpetuam,
2775 2700 2821 2745 et
2846 2693 3123 2747 schismata
3152 2712 3377 2751 resecare
3398 2700 3603 2753 sacrile-

2017 2793 2101 2846 ga.
2132 2778 2333 2833 Deinde
2362 2794 2481 2833 cum
2527 2782 2692 2835 multa
2723 2782 2773 2836 in
2811 2797 2905 2836 eos
2952 2783 3215 2839 horrenda
3249 2790 3596 2849 vomuisscnt,

2017 2866 2173 2933 paulo
2203 2878 2322 2935 post
2368 2868 2483 2922 ait:
2521 2869 2889 2925 Maximianum
2930 2872 3050 2941 ﬁdei
3081 2876 3337 2940 ramulum,
3380 2880 3601 2933 raritatis

2015 2958 2320 3022 adulterum,
2352 2959 2592 3014 Ecclesia:
2614 2964 2791 3014 matris
2816 2963 3099 3029 inimicum,
3120 2965 3317 3029 Dat/iw,
3346 2967 3526 3033 Chorc,
3551 2981 3600 3022 et

2014 3050 2201 3103 Abiron
2227 3052 2522 3117 ministrum,
2545 3053 2607 3105 de
2632 3054 2771 3123 pacis
2795 3054 2984 3125 gremio
3012 3058 3269 3111 sententia:
3283 3060 3475 3129 fulmen
3504 3078 3597 3114 ex-

2012 3142 2370 3208 cussit.V'ides,
2401 3154 2457 3197 ut
2481 3143 2734 3212 arbitror,
2762 3146 3130 3203 Maximianum
3161 3151 3278 3206 sine
3308 3153 3412 3205 ulla
3438 3153 3597 3207 dubi-

2016 3233 2214 3287 tatione
2235 3232 2560 3287 damnatum.
2594 3236 2792 3291 Deinde
2818 3248 2941 3309 post
2967 3255 3152 3309 pauca,
3178 3243 3270 3297 sed
3295 3244 3445 3310 plane
3469 3260 3595 3315 gra-

2011 3322 2247 3389 vissima,
2278 3339 2395 3393 qua:
2418 3326 2468 3377 in
2490 3341 2610 3378 eum
2638 3326 2792 3380 libuit
2820 3328 3139 3395 declamare,
3168 3332 3460 3403 adjungens
3500 3350 3595 3390 or-

2012 3412 2280 3468 dinatorcs
2327 3415 2463 3482 ejus,
2502 3425 2699 3471 etcum
2750 3433 2816 3473 eo
2855 3419 2972 3474 sine
3011 3420 3265 3477 dilatione
3288 3423 3593 3481 damnans:

1966 3522 1969 3523 ν
2012 3502 2123 3556 Nec
2141 3505 2303 3557 solum
2327 3506 2481 3569 hunc,
2512 3507 2700 3577 inquit,
2719 3509 2919 3563 sceleris
2946 3512 3025 3564 sui
3079 3530 3213 3568 mors
3228 3517 3373 3585 justa
3407 3520 3595 3572 condc-

2009 3602 2179 3661 muat,
2229 3594 2380 3647 trahit
2426 3597 2575 3649 etiam
2636 3598 2704 3650 ad
2754 3601 3057 3653 consortium
3090 3603 3313 3658 criminis
3346 3606 3596 3673 plurimos

2010 3692 2185 3737 catena
2212 3686 2480 3756 sacrilegii.
2514 3686 2715 3741 Deinde
2742 3702 2862 3742 cum
2892 3690 3051 3745 etiam
3083 3692 3134 3745 in
3169 3693 3398 3761 ipsorum
3430 3711 3596 3766 exag-

2007 3774 2298 3844 gerandum
2326 3776 2521 3843 scelus,
2559 3793 2678 3848 quae
2708 3781 2909 3848 putavit
2939 3779 3304 3848 declamanda,
3332 3785 3589 3853 lfudisset,

2008 3866 2299 3919 nominavit
2313 3880 2405 3921 eos
2422 3868 2511 3929 ita,
2527 3868 2889 3938 conclusitque
2901 3870 3175 3925 damnatos
3194 3890 3207 3927 :
3228 3872 3438 3929 Famosi
3447 3893 3587 3947 ergo,

2008 3955 2197 4025 inquit,
2210 3957 2436 4010 criminis
2450 3973 2581 4023 reos,
2596 3956 2936 4012 Victorianum
2965 3960 3429 4032 Carcaltianensem,
3448 3965 3497 4018 Μ
3504 3984 3593 4020 ar-

2007 4048 2199 4100 tianum
2212 4047 2565 4114 Sullectinum,
2584 4048 2825 4104 Beianum
2836 4050 3169 4108 Baianensent
3187 4054 3228 4121 ³,
3243 4056 3472 4111 Saluium
3486 4060 3593 4111 Au-

2006 4140 2322 4210 saphensem,
2343 4139 2659 4196 Theodorum
2690 4142 3001 4211 Usulensem,
3024 4144 3281 4201 Donatum
3312 4150 3594 4206 Sabrateno

2004 4229 2416 4303 scm,Miggenem
2437 4232 2948 4303 Elsphantariensem,
2962 4236 3318 4293 Prwlcxtatum
3335 4242 3594 4295 Assurita-

2006 4338 2146 4388 num,
2176 4322 2405 4377 Salvium
2427 4324 2886 4394 Membresitanum,
2902 4326 3155 4383 Valerium
3192 4331 3520 4386 Melsitanum
3537 4333 3585 4398 δ,

2004 4411 2320 4467 Felicianum
2344 4414 2675 4469 Mustitanum
2699 4426 2745 4471 et
2769 4416 3059 4473 Martialem
3088 4420 3463 4490 Pertusensem,
3492 4427 3589 4495 qui

2002 4503 2202 4572 funeste
2233 4521 2383 4574 opere
2408 4506 2703 4575 perditionis
2728 4524 2816 4561 vas
2836 4509 3096 4563 sordidum
3112 4511 3321 4566 collecta
3339 4514 3583 4583 [eculeu-

2003 4598 2073 4649 tia
2098 4597 2439 4667 glutinarunt;
2468 4599 2556 4652 sed
2580 4609 2627 4653 ct
2654 4599 2863 4654 clericos
2889 4600 3164 4672 aliquando
3189 4603 3429 4658 Ecclesia:
3455 4606 3588 4661 Car-

2002 4687 2242 4756 thaginis,
2270 4688 2353 4755 qui
2377 4688 2498 4741 dum
2522 4690 2739 4757 facinori
2763 4691 3030 4753 intersunt,
3056 4693 3232 4748 illicito
3258 4694 3468 4748 incestni
3507 4695 3585 4749 la-

2000 4779 2255 4831 trocinium
2283 4779 2639 4849 prwbuerunt;
2664 4779 2756 4834 Dei
2786 4784 3109 4851 praesidentis
3135 4786 3342 4840 arbitrio
3370 4787 3585 4840 univer—

1999 4871 2120 4925 salis
2141 4871 2342 4925 concilii
2366 4889 2451 4927 ore
2478 4873 2692 4927 veridico
2717 4874 2982 4929 damnatos
3000 4892 3106 4931 esse
3116 4878 3422 4949 cognoscite.
3439 4878 3585 4946 Quid

1998 4961 2224 5029 planius,
2251 4961 2377 5030 quid
2407 4963 2757 5027 manifestius,
2779 4964 2903 5034 quid
2931 4967 3234 5036 expressius
3250 4968 3351 5024 dici
3367 4978 3539 5037 potest
3555 4970 3583 5036 ε

2066 5052 2292 5108 CAPUT
2330 5051 2460 5106 LIV.
2488 5053 2665 5109 ~60.
2698 5054 2831 5108 Audi
2870 5055 2978 5123 jam
3011 5057 3204 5125 quibus
3229 5057 3409 5111 dilatio
3439 5068 3580 5112 tem.

1997 5143 2143 5211 poris
2171 5142 2435 5211 impertita
2466 5143 2566 5205 sit;
2594 5151 2652 5197 ut
2681 5143 2863 5199 videas
2888 5160 2981 5199 eos
3009 5160 3129 5201 esse
3164 5147 3251 5216 qui
3279 5162 3384 5201 non
3414 5148 3585 5202 inter-

1997 5231 2231 5294 fuerunt,
2256 5232 2467 5301 quando
2496 5233 2836 5298 Maximiano,
2868 5250 2987 5289 eum
3008 5235 3363 5299 ordinaretur,
3386 5254 3578 5292 manus

1996 5324 2255 5393 imposita:
2294 5334 2436 5378 sunt.
2468 5324 2570 5379 Eos
2592 5336 2780 5389 autem,
2812 5328 3000 5397 inquit,
3040 5344 3165 5397 quos
3199 5327 3433 5400 sacrilegi
3460 5347 3581 5383 sur—

2058 5480 2085 5553 ‘A
2100 5487 2230 5541 Lov.,
2250 5480 2302 5531 in
2322 5479 2709 5533 Ecclesiastatcta
2731 5484 2995 5549 Bagaicnsi.
3024 5487 3189 5548 Abest,
3219 5496 3398 5553 metu,
3421 5503 3450 5540 ει
3469 5499 3579 5541 tas.

1993 5549 2265 5652 attigui-es
2287 5611 2414 5663 Mss,
2436 5604 2778 5655 Januarianus.

2056 5664 2077 5726 Ρ
2096 5663 2261 5713 Plures
2282 5664 2400 5713 item
2422 5672 2553 5726 uss,
2580 5665 2900 5719 acianenscm.

2053 5724 2075 5756 ⁸
2098 5728 2179 5777 uie
2202 5738 2375 5776 omnes
2393 5733 2517 5783 Mss,
2538 5724 2829 5781 Velitqu

3740 2529 3771 2539 ο
