4024 6196
299 371 398 424 529

297 481 392 532 αιοέ
418 496 518 532 non
549 482 774 549 polluere
797 485 1072 554 plantaria,
1102 489 1156 542 id
1175 502 1268 556 est,
1292 493 1379 562 qni
1398 511 1430 547 a
1468 495 1766 554 Maximiani
1785 517 1872 554 ca.

294 569 394 638 pite
413 571 646 638 praprias
668 589 848 628 manus
872 580 1151 634 verecundo
1180 583 1373 649 pudore
1386 585 1506 654 ﬁdei
1531 598 1868 656 retraxerunt,

293 661 357 711 ad
382 672 593 714 matrem
625 661 907 719 Ecclesium
956 669 1122 724 redire
1166 674 1504 742 permisimus.
1553 678 1659 734 llos
1693 683 1871 738 cernis

289 751 733 819 quemadmodum
778 771 882 811 non
923 758 1101 814 dicant
1124 776 1244 817 esse
1267 763 1565 832 damnatos,
1607 771 1701 826 sed
1745 781 1870 829 tunc

290 841 470 895 eadem
497 842 853 902 damnationis
882 852 1143 906 sententia
1174 857 1500 924 retinendos,
1529 861 1573 915 si
1602 871 1868 918 transacto

291 929 374 985 die
400 934 710 1001 constituto,
737 938 912 994 redire
942 940 1226 998 noluerint.
1253 945 1421 1014 Quem
1449 949 1586 1005 diem
1618 951 1688 1006 ita
1729 969 1864 1009 eon-

287 1024 544 1078 stituunt:
571 1026 642 1078 Ac
667 1043 731 1080 ne
753 1040 1042 1099 angustum,
1080 1033 1272 1104 inquit,
1315 1039 1636 1098 redeuntibus
1669 1053 1864 1116 tempus

286 1129 418 1178 spem
444 1115 622 1168 salutis
645 1127 852 1172 arctatte
865 1121 964 1174 diei
993 1139 1225 1191 pressura
1251 1129 1516 1196 subducat,
1541 1115 1860 1202 agnoscenti-

285 1203 371 1257 bus
417 1204 596 1271 quibus
647 1206 782 1274 licet,
830 1213 1144 1268 manentibus
1191 1218 1586 1285 pra'cedentibus
1636 1225 1856 1289 statutis,

283 1294 522 1356 universis
541 1313 694 1366 usque
707 1299 758 1353 in
772 1300 903 1354 diem
919 1312 1145 1357 octavum
1165 1307 1856 1379 calendarumjanuariarum

283 1387 503 1455 proxime
531 1391 823 1459 futurarum
851 1394 1123 1462 agnitionis
1150 1397 1665 1468 pandimurjanuam,
1698 1416 1751 1458 ut
1779 1407 1858 1458 in--

281 1478 398 1548 tegri
417 1479 622 1541 honoris
641 1498 700 1534 ac
728 1482 847 1551 [idei
863 1487 1074 1554 regressi
1090 1487 1302 1542 habeant
1318 1491 1650 1559 fundamenta
1667 1511 1688 1549 :
1704 1513 1854 1566 quam

279 1570 318 1621 si
345 1570 610 1638 quisquam
637 1571 833 1643 ingredi
868 1576 1136 1645 nequiverit
1177 1578 1324 1648 pigra
1350 1583 1580 1651 segnitia,
1607 1586 1731 1638 sciat
1759 1587 1854 1641 sibi

277 1660 343 1712 ad
365 1677 538 1732 euntes
575 1664 789 1717 veniales
824 1666 992 1720 aditus
1020 1684 1112 1720 sua
1146 1666 1399 1724 voluntate
1424 1672 1553 1726 viam
1593 1690 1700 1729 esse
1743 1681 1853 1732 sub~

275 1755 494 1807 ductam.
525 1753 748 1808 Manebit
770 1757 902 1811 enim
928 1757 1063 1812 circa
1090 1775 1172 1814 eos
1197 1761 1331 1814 dicta
1363 1765 1630 1832 sententia,
1661 1776 1709 1821 et
1738 1778 1851 1837 post

275 1845 604 1912 prwstitutum
630 1846 759 1900 diem
788 1847 1110 1901 redeuntibus
1137 1851 1242 1919 ﬁxa
1270 1853 1578 1921 paenitentia.

339 1931 564 1987 CAPUT
594 1933 700 1988 LV.
741 1965 812 1974 —
831 1935 918 1990 6|.
946 1936 1104 1993 Certe
1135 1939 1246 2008 jam
1271 1942 1545 2010 perspicis,
1575 1944 1655 1998 vir
1671 1944 1846 2002 diser-

273 2021 489 2087 tissime,
515 2024 566 2077 in
596 2025 711 2079 illos
738 2035 789 2080 te
807 2027 999 2096 potius,
1022 2044 1048 2080 a
1073 2030 1264 2098 quibus
1280 2032 1611 2089 mendacium
1630 2036 1844 2106 audisti,

269 2115 441 2168 omnia
465 2125 773 2186 retorquere
796 2117 1012 2185 debere,
1046 2135 1162 2190 quae
1189 2122 1239 2176 in
1269 2138 1386 2191 nos,
1417 2133 1661 2194 tanquam
1690 2144 1843 2182 men«

271 2208 343 2260 liti
374 2208 441 2262 de
471 2207 571 2263 hac
599 2224 660 2263 re
687 2209 962 2277 fuerimus,
999 2213 1223 2269 «licenda
1245 2215 1534 2270 arbitratus
1567 2233 1647 2272 es.
1684 2219 1842 2276 Certe

268 2299 518 2367 perspicis
544 2300 663 2354 illos
678 2299 832 2366 duos,
861 2301 927 2356 de
958 2303 1148 2372 quibus
1171 2306 1396 2376 agimus,
1420 2323 1488 2362 ex
1517 2324 1700 2364 eorum
1722 2326 1841 2368 esse

266 2403 508 2453 tmtnero,
539 2390 626 2458 qui
653 2405 772 2444 eum
795 2390 1113 2446 Maximiano
1136 2394 1417 2449 duodecim
1447 2397 1564 2452 sine
1585 2398 1841 2456 dilatione

265 2480 495 2534 damnati
520 2493 665 2548 sunt,
696 2498 799 2547 non
831 2499 898 2538 ex
928 2499 1113 2538 eorum
1143 2486 1336 2554 quibus
1359 2487 1612 2542 redeundi
1632 2499 1839 2560 tempus

264 2572 523 2628 indultutn
549 2575 649 2628 est.
674 2575 830 2630 Certe
860 2576 1043 2646 liquet,
1077 2577 1263 2644 claret,
1310 2591 1364 2634 et
1392 2580 1684 2657 cernittir‘,
1735 2583 1837 2637 ob-

261 2665 485 2729 scurari,
518 2664 695 2734 obtegi
718 2665 864 2719 nullo
885 2665 1046 2720 modo
1081 2675 1274 2734 potest,
1315 2679 1509 2737 quanta
1537 2670 1838 2740 eloquentia

261 2751 303 2804 is
325 2767 352 2804 a
384 2769 491 2821 quo
521 2754 786 2808 sententia
817 2754 904 2808 tlIa
931 2755 1068 2809 dicta
1099 2766 1199 2818 est,
1236 2757 1509 2824 discrevit,
1533 2761 1834 2828 illustravit,

259 2842 538 2910 expressit.
568 2844 672 2896 Cur
710 2844 870 2898 verba
910 2845 1082 2899 adhuc
1107 2845 1298 2901 dantur
1317 2849 1340 2901 ?
1359 2848 1467 2902 Cur
1485 2859 1670 2904 contra
1699 2851 1834 2906 luci-

257 2929 528 2984 diSsimam
559 2933 830 2987 veritatem
853 2949 950 3004 pro
974 2935 1254 2994 manifesto
1265 2954 1446 2993 errore
1461 2940 1836 2997 contenditur?

255 3020 359 3075 Cur
389 3025 633 3078 homines
665 3039 724 3079 se
768 3025 909 3093 ipsos
948 3027 1030 3080 det
1052 3028 1254 3097 ipiunt?
1291 3029 1344 3084 Si
1373 3029 1589 3098 laqueos
1612 3031 1831 3102 diaboli,

255 3127 390 3181 quos
446 3115 730 3169 resolvere“
769 3127 928 3185 atque
985 3119 1304 3189 abrumpere
1357 3121 1650 3190 deberent,
1704 3139 1832 3179 con-

253 3206 492 3260 strictius
515 3208 784 3275 implicant
809 3217 863 3261 et
905 3208 1226 3274 obvolvunt;
1257 3209 1432 3266 adhuc
1478 3214 1658 3282 accipe
1693 3214 1834 3271 unde

253 3295 648 3361 vehementius,
679 3306 733 3351 et
769 3297 970 3350 utinam
1005 3313 1126 3352 cum
1151 3299 1327 3370 aliquo
1353 3299 1524 3357 fructu
1547 3305 1834 3360 correctio-

247 3387 328 3440 nis
356 3389 697 3441 erubescant.

312 3478 405 3533 CA
419 3477 550 3532 νυν
572 3477 704 3532 LVI.
742 3506 796 3516 —
820 3478 906 3533 62.
930 3478 985 3533 In
1004 3492 1297 3536 memorato
1317 3484 1540 3538 concilio
1557 3485 1830 3557 Bagaiensi

246 3565 359 3622 dies
389 3577 448 3620 ct
477 3568 661 3620 consul
689 3567 988 3638 adscriptus
1015 3580 1116 3636 est,
1147 3586 1252 3625 non
1299 3573 1469 3628 solum
1507 3591 1614 3645 quo
1641 3577 1829 3633 decre-

248 3669 355 3714 tum
415 3660 624 3714 concilii
666 3661 934 3724 conditum
979 3672 1316 3730 est,,verum
1358 3667 1517 3720 etiam
1561 3667 1724 3736 ipsius
1751 3669 1832 3724 di-

251 3748 485 3803 lationis.
525 3750 662 3818 Ergo
685 3765 714 3804 a
741 3750 827 3805 die
847 3762 1034 3806 octavo
1058 3754 1398 3808 calcndarum
1429 3756 1685 3811 maiarum
1711 3767 1832 3826 post

246 3843 582 3897 consulatum
610 3842 891 3897 Theodosii
913 3845 1133 3914 Augusti
1156 3861 1232 3908 III,
1255 3845 1530 3900 consulatu
1563 3847 1831 3915 Augusto-

247 3947 389 3996 rum,
421 3932 634 3986 Arcadii
667 3948 722 3987 ttt
750 3941 804 3989 et
835 3933 1050 3988 lIonorii
1073 3935 1319 3998 iterum',
1342 3935 1430 4003 qui
1459 3935 1572 3989 dies
1597 3946 1677 3989 est
1703 3952 1830 3990 con-

246 4023 352 4076 cilii
387 4022 710 4092 Bagaiensis,
743 4035 908 4094 uSque
927 4024 994 4078 ad
1015 4033 1258 4098 octavum
1277 4025 1616 4080 ealendarum
1636 4027 1823 4095 janua-

248 4114 469 4179 riarum,
510 4114 599 4183 qui
651 4112 767 4169 dies
805 4123 889 4169 est
931 4115 1218 4197 dilationis,
1257 4125 1380 4170 octo
1425 4131 1637 4171 menses
1660 4116 1830 4172 ferme

248 4214 613 4258 numerantur.
635 4204 902 4276 Invenitur
915 4215 1091 4259 autem
1111 4206 1388 4284 ppstulatio
1410 4206 1548 4275 apud
1565 4207 1829 4264 Herodem

247 4294 619 4362 proconsulem
689 4294 845 4366 (vide
898 4304 1097 4364 quanto
1149 4286 1279 4366 post
1336 4295 1522 4366 dicta)
1572 4297 1832 4354 adversus

251 4381 577 4438 Felicianum
603 4396 656 4440 et
685 4386 1062 4441 Prmtextatum
1090 4386 1159 4442 de
1183 4386 1480 4442 Mustitauis
1517 4398 1571 4442 et
1612 4390 1828 4444 Assuri-

249 4475 385 4529 lanis
410 4475 543 4527 locis
570 4474 948 4541 excludendos,
999 4475 1148 4546 cujus
1185 4491 1351 4545 pauca
1391 4479 1658 4548 subjunxi.
1704 4478 1828 4533 Post

247 4569 563 4621 consulatum
609 4568 926 4622 dominorum
971 4567 1179 4622 Arcadii
1221 4585 1274 4623 nt
1309 4577 1355 4623 et
1394 4568 1609 4624 Honorii
1649 4572 1833 4625 iterum

250 4656 590 4727 Augustorum
640 4655 740 4728 (a),
779 4666 921 4712 sexto
957 4673 1116 4710 nonas
1153 4659 1384 4724 martias,
1423 4657 1727 4730 Carthagine
1775 4661 1829 4715 in

250 4747 512 4799 secretario
536 4748 759 4814 praetorii
788 4745 1020 4800 Titianus
1040 4747 1166 4800 dixit
1185 4763 1204 4801 .'
1220 4745 1528 4818 Peregrinus
1549 4748 1828 4820 presbyter,

251 4844 297 4888 et
320 4835 539 4888 seniores
563 4834 803 4889 Ecclesiae
823 4833 875 4887 Μ
885 4836 1124 4888 ustitante
1139 4835 1356 4906 regionis
1369 4837 1389 4867 ³
1411 4838 1512 4891 tale
1525 4837 1830 4893 desiderium

252 4938 621 4996 prosequuntur
650 4942 671 4981 :
695 4925 822 4981 Cum
844 4925 1089 4981 Ecclesia:
1114 4927 1380 4983 catholicis
1406 4931 1718 4984 sanctitatem
1756 4933 1830 4987 vir

251 5019 505 5072 anchorite
529 5017 825 5071 venerabilis
848 5016 912 5070 ab
938 5033 1108 5072 errore
1133 5018 1358 5089 perﬁdiis
1379 5017 1608 5074 Donatus
1632 5037 1828 5076 assere-

253 5118 349 5173 ret,
379 5110 433 5162 in
460 5110 568 5179 eius
588 5125 766 5162 nomen
790 5117 838 5162 et
859 5109 1048 5162 cultum
1063 5109 1238 5162 mundi
1257 5110 1542 5178 penetotius
1560 5111 1828 5166 observan-

254 5200 325 5252 tia
356 5200 547 5254 nutrita
571 5199 758 5253 coalttit
792 5217 804 5252 :
837 5198 924 5253 sed
954 5215 1068 5252 cum
1098 5200 1205 5269 ejus
1231 5198 1487 5270 religionis
1515 5198 1833 5259 laudandum

315 5398 332 5466 ξ
355 5403 402 5444 tn
441 5397 703 5466 potigrihus
726 5404 777 5445 et
821 5393 1068 5466 plerisque
1093 5403 1222 5451 Mss,
1270 5394 1457 5466 claret”
1477 5395 1662 5466 eminct_
1691 5396 1828 5459 (vel,

251 5455 379 5505 enim
415 5455 498 5514 et;
539 5457 662 5506 Ibi-te
692 5455 835 5518 Vtro;
865 5455 1070 5518 enitet),
1117 5455 1367 5513 concerni,
1409 5455 1709 5518 obscurari,
1731 5455 1824 5508 etc:

315 5521 335 5548 ³
359 5525 661 5582 Omnesatss.
689 5517 792 5566 luce
814 5519 964 5582 verba
988 5517 1302 5578 praetereunt,
1327 5517 1574 5582 consulatu
1611 5527 1830 5582 augusto-

254 5589 364 5641 rnm
391 5578 591 5641 treatlii,
615 5584 660 5627 et
687 5577 880 5628 tlenorii
904 5577 1106 5638 iterum,
1135 5591 1402 5641 eorumque
1428 5577 1531 5628 loco
1562 5577 1760 5639 habent,
1783 5586 1829 5630 et

251 5637 586 5710 αθεέιεάωιζὶυιδ-
653 5708 669 5710 _
742 5700 752 5710 .
812 5698 822 5707 .
918 5709 943 5710 η
1244 5706 1254 5710 _
1324 5637 1337 5641 ⁷
1450 5699 1462 5710 .

320 5700 341 5732 ³
365 5707 461 5750 Duo
481 5709 607 5758 διεδ..
647 5700 866 5749 Ecclesia:
907 5700 1171 5751 tltttstitana:
1209 5706 1255 5750 et
1300 5700 1587 5752 .ttssutitante
1606 5701 1826 5766 regionis.

317 5773 389 5837 (a)
410 5786 536 5824 Anno
557 5776 723 5825 Christi
744 5775 848 5824 39L

1665 389 1860 444 LIBER
1903 392 2213 455 TERTIUS.

3455 425 3560 482 πω

1984 506 2363 579 mirandumqne
2389 518 2701 584 propositum
2739 520 3046 581 Maximiani
3080 531 3342 600 cujusdam
3371 551 3556 592 venena

1979 596 2280 664 polluerent,
2329 604 2602 661 multorum
2646 620 2805 666 castus
2855 596 3147 672 antistitum.
3177 620 3230 675 in
3257 638 3415 676 unum
3447 622 3552 680 Deo

1977 689 2298 756 conspirante
2331 694 2588 764 collectus,
2622 699 2873 756 hominem
2900 705 2979 759 vel
3001 709 3169 777 potius
3196 721 3402 781 pestem,
3441 731 3556 784 qua:

1974 792 2205 845 superna:
2223 781 2478 851 displicuit
2503 788 2773 857 majestati,
2805 793 2956 848 etiam
2975 812 3119 866 parte
3137 801 3316 855 mentis
3342 781 3551 874 propria

1973 866 2272 922 coercitione
2319 872 2596 931 damnavit.
2656 877 2762 935 Eos
2802 899 2996 954 quoque
3031 903 3155 957 quos
3192 866 3374 946 alieni:
3413 866 3549 964 pra:-

1971 959 2270 1027 sumptionis
2298 976 2440 1017 error
2453 975 2751 1036 attraxerat,
2780 984 2928 1041 portu
2953 977 3116 1046 primo
3144 959 3424 1050 proposito
3442 1003 3547 1056 pae-

1970 1045 2184 1113 nitendi,
2214 1050 2258 1103 si
2303 1055 2480 1107 reverti
2525 1070 2762 1127 cuperent
2798 1061 2930 1117 intra
2955 1045 3250 1138 tempusad
3290 1045 3543 1144 religionis
3603 1128 3608 1133 .

1969 1139 2215 1192 tramitem
2252 1141 2539 1199 destitutum
2569 1147 2584 1178 ³
2601 1189 2616 1213 ,
2664 1153 2775 1219 pari
2805 1152 2988 1222 vigoris
3035 1139 3544 1219 admonitione'com-

1967 1229 2180 1312 pescuit.
2229 1229 2336 1285 Sed
2359 1234 2465 1288 suis
2501 1236 2744 1294 institutis
2786 1241 3024 1312 iniquitas
3048 1246 3342 1318 delectatur,
3371 1261 3418 1306 et
3465 1270 3546 1308 se-

1964 1307 2226 1388 metipsum
2253 1339 2353 1378 non
2380 1329 2584 1394 deserit,
2607 1345 2722 1384 cum
2745 1335 2900 1388 semel
2924 1338 3238 1408 precipitata
3279 1346 3540 1398 corruerit.

1960 1406 1992 1460 Ι
1997 1408 2110 1463 dem
2133 1428 2351 1484 namque
2372 1415 2720 1476 Maximianus
2742 1434 2954 1494 coeptam
2985 1406 3141 1482 nutrit
3184 1432 3472 1496 audaciam.
3493 1445 3542 1490 et

1960 1499 2090 1554 alios
2137 1502 2334 1558 sibimet
2384 1510 2638 1564 consociat
2681 1513 2750 1564 ad
2787 1517 3030 1583 furorem.
3058 1517 3201 1574 Inter
3237 1538 3369 1592 quos
3388 1526 3538 1578 etiam

1961 1587 2254 1647 Felicianus
2277 1596 2504 1662 quidam,
2536 1600 2624 1669 qui
2647 1601 2812 1671 primo
2851 1613 2984 1658 recta
3019 1587 3261 1677 sectatus,
3284 1611 3535 1682 deprava-

1958 1679 2108 1733 tionis
2133 1681 2286 1752 hujus
2306 1687 2692 1744 attaminatione
2713 1694 2963 1761 fuscatus,
2995 1697 3048 1749 in
3073 1679 3357 1754 Mustitana
3394 1706 3534 1774 posi-

1957 1777 2038 1823 tus
2065 1771 2282 1838 civitate,
2318 1774 2426 1829 Deo
2469 1780 2798 1849 omnipotenti
2835 1786 3050 1852 parietes
3097 1771 3430 1858 consecratos,
3486 1805 3534 1848 et

1956 1855 2236 1915 Ecclesium
2259 1869 2594 1921 venerandam
2622 1872 2766 1939 quasi
2779 1875 2997 1941 quadam
3013 1876 3296 1934 obsessione
3318 1855 3532 1938 credidit

1952 1949 2294 2006 retinendam.
2346 1954 2502 2010 Hunc
2553 1959 2704 2012 etiam
2747 1959 3085 2020 Praetextatus
3122 1969 3176 2022 in
3225 1971 3532 2028 Assuritauis

1952 2040 2180 2107 partibus
2207 2043 2453 2099 imitatur.
2502 2046 2610 2103 Sed
2633 2066 2748 2105 cum
2780 2055 3032 2122 aquitatis
3077 2068 3178 2112 tute
3205 2061 3530 2119 innotesceret

1950 2133 2183 2199 potestati
2237 2137 2544 2191 consortium
2591 2142 2910 2198 sacerdotum
2934 2187 2949 2211 ,
2995 2147 3197 2216 jussisti
3216 2192 3229 2214 ,
3286 2162 3340 2205 ut
3388 2165 3529 2224 gesta

1947 2228 2192 2276 testantur
2209 2223 2304 2296 (a),
2329 2227 2536 2292 exploso
2555 2233 2693 2285 omni
2710 2237 3118 2294 contradictionis
3137 2240 3336 2310 e/I‘ectu,
3364 2223 3528 2299 sacra-

1946 2311 2054 2364 lissi
2058 2312 2152 2366 mis
2164 2316 2504 2372 sacerdotibus
2515 2335 2547 2372 a
2555 2324 2787 2393 profanis
2801 2327 3046 2382 utentibus
3059 2331 3290 2386 ecclesias
3302 2335 3527 2390 vindiea-

1945 2409 2022 2453 tas
2034 2413 2265 2471 oportere
2285 2407 2497 2462 restitui.
2521 2409 2678 2466 Vides
2690 2428 2883 2482 nempe
2899 2432 3066 2486 usque
3083 2418 3148 2472 ad
3167 2420 3322 2490 hujus
3337 2433 3522 2493 posti»

1942 2490 2152 2547 lationis
2176 2494 2319 2554 diem
2339 2497 2408 2551 ab
2424 2497 2518 2553 illo
2548 2503 2856 2570 prmstitutte
2877 2507 3166 2577 dilationis,
3193 2490 3350 2581 quod
3363 2515 3520 2570 trium

1941 2576 2055 2636 I‘cre
2096 2585 2359 2640 mensium
2408 2595 2618 2659 tempus
2659 2591 2942 2650 efﬂuxerit.
2989 2576 3305 2657 Producitur
3342 2612 3520 2660 autem

1942 2669 2042 2726 iste
2067 2672 2365 2756 conﬂictus,
2391 2688 2644 2746 quantum
2673 2698 2738 2736 ex
2779 2686 2945 2753 gestis
2974 2692 3440 2756 proconsularibus
3465 2706 3520 2750 et

1941 2753 2351 2830 municipalibu's
2376 2765 2630 2838 indagare
2669 2775 2962 2841 potuimus,
2974 2753 3157 2848 usque
3176 2782 3244 2835 ad
3269 2782 3517 2840 Theodo-

1940 2863 2057 2904 rum
2112 2853 2506 2923 proconsulem,
2555 2857 2657 2913 hoc
2701 2870 3005 2933 est,usque
3042 2867 3107 2920 ad
3146 2871 3271 2924 anni
3295 2871 3518 2928 alterius

1937 2936 2079 2992 diem
2110 2940 2450 2998 midecimum
2489 2946 2741 3004 calendas
2776 2949 3028 3019 januarii.
3057 2955 3175 3023 Quo
3198 2958 3287 3014 die
3330 2959 3513 3018 clerici

1938 3036 1992 3082 et
2019 3029 2256 3085 seniores
2284 3042 2500 3102 agentes
2526 3036 2626 3090 sub
2653 3037 2856 3108 Rogato
2900 3043 3172 3114 episcopo,
3200 3048 3290 3117 qui
3335 3050 3386 3104 in
3423 3050 3504 3104 lo-

1937 3129 2058 3172 cum
2088 3118 2322 3174 damnati
2341 3122 2645 3178 Praetextati
2670 3127 2972 3184 Assuritani.
2985 3131 3157 3190 fuerat
3176 3136 3512 3208 subrogatus,

1936 3206 2296 3277 allegaverunt
2347 3215 2625 3269 memorati
2671 3220 3000 3286 proconsulis
3037 3206 3362 3293 jussionem,
3391 3206 3515 3284 cum

1936 3294 2101 3350 aforis
2132 3307 2285 3353 erant
2309 3315 2338 3354 a
2377 3305 2752 3361 communione
2792 3319 2992 3376 vestra,
3021 3321 3076 3367 et
3095 3313 3333 3382 ejusdem
3362 3331 3512 3372 com-

1937 3386 2205 3450 munionis
2225 3397 2414 3443 vestrae
2441 3390 2712 3448 inimici‘in
2729 3395 2960 3464 judiciis
2970 3400 3194 3469 publicis
3219 3405 3516 3474 argueban-

1939 3482 2042 3540 tur,
2095 3486 2147 3531 et
2176 3477 2564 3547 expe-llcndido
2609 3483 2740 3539 locis
2780 3485 2892 3542 Deo
2928 3503 3139 3546 summo
3191 3496 3517 3552 consecratis

1936 3575 2184 3637 tanquam
2214 3570 2452 3643 sacrilegi
2481 3574 2816 3643 petebantur.

2005 3653 2234 3714 CAPUT
2279 3659 2436 3714 LVII.
2471 3691 2542 3704 -—
2585 3663 2675 3720 63.
2720 3667 2798 3720 Ex
2853 3669 3097 3738 quolibet
3134 3686 3263 3742 ergo
3292 3690 3515 3732 numero

1923 3726 2134 3802 “fuerint
2155 3750 2480 3819 (quanquam
2501 3755 2631 3807 satis
2655 3726 2912 3824 appareat
2935 3774 3000 3814 ex
3027 3726 3514 3836 quo

1938 3839 2075 3892 intra
2123 3839 2469 3894 constitutum
2527 3842 2797 3900 dilationis
2850 3847 2991 3902 diem
3038 3854 3398 3908 communioni
3453 3870 3514 3911 se

1936 3937 2126 3980 vestra:
2171 3942 2275 3982 non
2321 3929 2737 3998 reddiderunt’;
2783 3937 3048 4004 quomodo
3093 3953 3212 3994 cum
3267 3941 3332 3996 iis
3379 3959 3514 4013 quos

1935 4025 2083 4070 extra
2107 4017 2536 4074 communionem
2560 4032 2792 4077 vestram
2829 4024 3246 4094 baptizaverunt,
3280 4046 3384 4086 non
3414 4047 3510 4086 ex-

1936 4107 2092 4178 piatis
2117 4108 2221 4162 aIio
2260 4108 2604 4179 Baptismate,
2652 4113 2962 4169 redierunt?
2989 4115 3045 4171 lu
3097 4133 3202 4187 quo
3243 4120 3379 4174 fa‘eto
3404 4135 3508 4176 non

1936 4211 2032 4252 vos
2073 4197 2535 4267 reprehendimus,
2565 4202 2705 4271 quod
2730 4202 3054 4273 Baptismum
3083 4205 3281 4262 Christi
3311 4225 3512 4279 nequa-

1935 4302 2093 4357 quam
2124 4288 2438 4359 sacrilegum
2458 4291 2617 4345 etiam
2648 4291 2699 4346 in
2729 4293 3015 4350 schismate
3037 4297 3293 4367 sacrilego
3316 4313 3512 4368 cogno-

1935 4378 2118 4441 vistis;
2171 4376 2314 4448 quod
2365 4378 2639 4435 hominum
2675 4383 3020 4452 perversitate
3064 4397 3327 4451 correcta,
3383 4388 3510 4442 illud

1935 4467 2077 4537 quod
2102 4467 2263 4522 etiam
2291 4467 2343 4522 in
2377 4470 2643 4538 perversis
2690 4479 2895 4528 rectum
2918 4473 3106 4539 fuerat,
3141 4477 3508 4546 approbastis;

1935 4557 2076 4627 quod
2103 4558 2332 4612 humana
2363 4558 2488 4614 vitia
2511 4574 2632 4615 cum
2653 4561 2845 4618 divinis
2883 4563 3169 4634 signaculis
3193 4580 3298 4620 non
3326 4567 3513 4622 confu-

1934 4646 2120 4713 distis;
2166 4648 2307 4717 quod
2347 4648 2485 4703 dona
2519 4649 2795 4718 Ecclesiae,
2830 4666 2950 4721 quas
2993 4663 3188 4723 praeter
3221 4654 3513 4710 Ecclesiam

1934 4750 2145 4805 quoque
2176 4737 2355 4791 haberi
2380 4747 2435 4792 et
2460 4735 2575 4793 dari
2603 4739 2677 4793 ad
2709 4739 3014 4796 habentium
3043 4751 3098 4798 et
3141 4743 3512 4814 accipientium

1935 4824 2251 4894 supplicium
2291 4834 2598 4896 potuerunt,
2645 4843 2746 4883 nec
2793 4828 2855 4884 in.
2874 4829 3138 4886 damnatis
3187 4832 3510 4904 damnanda,

1935 4928 2036 4968 nec
2059 4914 2110 4967 in
2142 4915 2368 4984 receptis
2399 4915 2648 4970 mutanda
2679 4918 2994 4972 censuistis-

2005 4999 2231 5060 CAPUT
2271 5003 2448 5059 LVIIII.
2475 5035 2547 5046 -—
2573 5005 2660 5060 64.
2701 5004 2810 5062 Nec
2861 5007 2990 5063 illud
3032 5011 3508 5080 reprehendimus,

1935 5094 2077 5164 quod
2119 5092 2336 5148 eesdem
2391 5095 2535 5164 ipsos
2591 5094 2782 5150 famosi
2831 5096 3069 5150 criminis
3106 5113 3257 5166 reos,
3293 5109 3350 5154 et
3396 5112 3514 5168 post

1933 5184 2253 5238 sententiam
2314 5185 2669 5240 damnationis
2735 5187 3008 5256 ipsorum,
3081 5202 3136 5245 et
3205 5199 3326 5260 post
3377 5190 3511 5244 dila-

1937 5275 2093 5328 tionis
2122 5275 2262 5328 diem
2308 5277 2426 5330 aliis
2450 5279 2819 5342 constitutum,
2849 5289 3023 5332 tamen
3047 5290 3264 5351 propter
3291 5281 3512 5349 populos

1935 5364 2174 5418 infirmos
2199 5365 2287 5434 qui
2317 5367 2395 5419 eis
2423 5367 2781 5433 adha-serunt,
2805 5370 3172 5437 recordantes,
3201 5370 3381 5434 credo,
3417 5387 3512 5440 pa-

1936 5455 2257 5510 trisfmtilias
2309 5457 2741 5524 sollicitudinem,
2799 5477 2868 5515 ne
2920 5461 3077 5517 simul
3123 5478 3243 5517 cum
3297 5463 3512 5520 zizaniis

1999 5579 2013 5606 ι
2051 5581 2209 5633 Forte,
2229 5577 2559 5636 praestitutum.

1998 5637 2018 5705 β
2051 5637 2131 5705 Hie
2153 5637 2379 5705 μεδηᾱυο
2396 5640 2595 5698 aJdunt,
2615 5639 2849 5705 quomodo
2870 5646 2963 5691 toto
2985 5640 3066 5692 illo
3098 5652 3309 5705 tempore
3329 5655 3358 5692 a
3385 5639 3512 5694 vobis

1937 5694 2131 5748 alienati
2147 5696 2387 5758 baptizare
2408 5694 2657 5760 potuerunt
2674 5697 2698 5748 ?

2003 5779 2074 5840 (α)
2099 5785 2236 5828 Gesta
2259 5787 2423 5828 contra
2436 5779 2656 5842 Salvium,
2680 5779 2800 5830 infra
2823 5779 2907 5830 lib.
2935 5782 2972 5842 ι,
2995 5795 3044 5832 u.
3063 5783 3134 5854 ὅ..
