4024 6194
442 371 535 424 551

449 480 806 533 eradicaretur
849 482 903 528 et
954 469 1232 531 triticum,
1274 465 1389 518 sine
1427 462 1599 532 aliqua
1649 454 2012 514 detractione‘

446 567 791 639 rolligendos,
821 575 876 619 et
913 563 1025 631 ipsa
1069 556 1385 612 abundantia
1431 552 1702 610 charitatis
1728 547 2017 620 expiandos

445 676 562 713 esse
584 655 778 711 credidi
813 654 898 707 tis.
930 651 1038 705 Nec
1069 648 1193 705 illud
1245 643 1702 716 reprehendimus,
1728 641 1869 711 quod
1898 654 2013 703 eos,

447 765 565 802 eum
593 746 765 801 adhuc
816 742 1003 797 famosi
1046 738 1343 794 schismatis
1377 736 1652 803 sacrilegio
1688 741 2015 793 tenerentur,

448 837 607 891 etiam
640 850 730 904 per
768 843 1005 888 terrenas
1036 837 1322 899 potestates
1350 824 1609 895 persecuti
1653 823 1801 877 estis.
1839 820 2020 874 Fiebat

446 929 586 982 enim
618 926 743 990 hoc,
768 932 1022 993 quantum
1048 935 1133 974 res
1154 920 1265 988 ipsa
1286 926 1568 972 consecuta
1596 912 1863 975 indicavit,
1900 925 2018 964 coro

449 1019 649 1089 ligendi
673 1017 866 1081 studio,
898 1030 1003 1068 non
1030 1011 1277 1077 nocendi,
1308 1018 1365 1063 ut
1391 1009 1492 1062 illis
1528 1005 1783 1060 molestiis
1817 1001 2017 1072 agitati,

449 1128 603 1168 suum
634 1110 809 1165 scelus
829 1106 1062 1175 cogitare
1086 1110 1421 1172 cogerentur,
1449 1108 1501 1153 et
1529 1096 1788 1166 repressis
1812 1093 2022 1148 animo-

453 1204 626 1259 sitatis
653 1201 800 1256 furiis
829 1195 1133 1254 emendare.
1181 1191 1284 1247 Sed
1314 1191 1434 1260 quia
1455 1189 1553 1242 ista
1580 1201 1684 1241 non
1729 1182 2022 1254 reprehen~

452 1298 649 1359 dimus,
683 1292 803 1347 ideo
827 1287 990 1344 vestri
1030 1283 1329 1343 schismatis
1358 1282 1558 1335 crimen
1583 1279 1701 1347 jure
1729 1276 2024 1343 culpamus,

455 1389 644 1443 merito
689 1385 1036 1444 detestantur,
1081 1377 1224 1433 omni
1256 1375 1458 1428 ratione
1488 1368 1870 1431 convincimus,
1923 1378 2028 1433 quo

455 1494 550 1533 vos
574 1494 605 1532 a
655 1476 829 1541 nobis,
879 1474 986 1526 imo
1027 1470 1094 1524 ab
1121 1468 1265 1522 orbis
1295 1474 1555 1519 terrarum
1593 1460 1853 1515 catholica
1878 1471 2030 1510 com-

358 1570 365 1581 '
456 1570 711 1626 munione
731 1563 1011 1635 separatis,
1044 1560 1165 1615 talia
1194 1556 1346 1612 nobis
1373 1551 1695 1623 objiciendo,
1735 1548 1907 1618 qualia
1938 1558 2033 1598 vos

456 1665 509 1716 iu
536 1674 693 1716 causa
710 1650 1201 1711 Maximianensium
1224 1647 1433 1710 fecisse,
1466 1658 1679 1709 negare,
1710 1638 2031 1702 utarbitror,

459 1771 565 1809 non
604 1750 843 1823 potestis.
878 1746 933 1802 Si
965 1744 1107 1800 enim
1141 1741 1439 1810 Baptismus
1482 1732 1677 1789 Christi
1702 1739 1805 1795 est,
1838 1739 1893 1784 et
1916 1728 2037 1781 ideo

462 1820 616 1905 nullo
636 1842 795 1898 modo
819 1834 1193 1898 destruendus,
1215 1830 1302 1901 qui
1328 1829 1481 1883 datos
1507 1834 1586 1879 est
1604 1839 1697 1892 per
1712 1820 2038 1877 Felicianum

463 1950 516 1991 et
533 1937 929 1992 Prmtextatum,
961 1940 1083 1981 cum
1104 1920 1332 1991 separati
1355 1933 1383 1969 a
1411 1915 1560 1969 vobis
1584 1911 1898 1967 Maximiano
1919 1923 2039 1962 con-

462 2032 831 2110 jungerentur,
869 2036 990 2076 cum
1034 2018 1126 2070 illo
1167 2030 1196 2067 a
1225 2012 1372 2067 vobis
1396 2024 1489 2078 pro
1519 2005 1707 2061 nefarii
1738 2000 2039 2059 schismatis

467 2092 690 2171 imisue
717 2108 1088 2171 condemnati;
1147 2100 1414 2174 quomodo
1460 2112 1569 2153 non
1618 2103 1701 2150 est
1742 2092 2042 2161 Baptismus

468 2206 684 2269 tlhristi,
713 2203 799 2258 vel
827 2196 1094 2271 quomodo
1118 2190 1472 2250 destruendus
1514 2197 1616 2252 est,
1659 2186 1748 2254 qui
1785 2183 1941 2237 datur
1990 2181 2044 2235 in

472 2296 729 2361 Ecclesia,
758 2307 878 2363 qum
932 2303 1109 2345 ramos
1128 2299 1257 2342 suos
1280 2325 1295 2346 ,
1353 2291 1410 2336 ot
1430 2279 1604 2335 verbis
1632 2275 1880 2348 Cypriani
1906 2284 2043 2339 utar,

473 2406 566 2459 ιιι-ι·
596 2387 894 2441 universam
924 2390 1118 2436 terram
1146 2374 1298 2445 cepia
1325 2369 1581 2428 ubertatis
1604 2365 1841 2423 extendit
1871 2364 2048 2434 (Libro

473 2454 534 2532 ita
564 2475 900 2546 Simplicitate
923 2470 1282 2530 Prwlatorum,
1314 2479 1402 2517 seu
1424 2461 1486 2515 de
1515 2458 1720 2514 Unitate
1746 2454 2044 2523 Ecclesiae):

473 2570 561 2641 qui
593 2576 859 2638 postremo
887 2562 1042 2617 datur
1070 2560 1124 2613 in
1151 2557 1257 2611 illis
1282 2552 1535 2635 Ecclesiis
1558 2591 1572 2615 ,
1604 2562 1736 2619 quas
1783 2560 2048 2641 nunquam

474 2635 525 2716 in
549 2635 759 2715 Litteris
778 2651 1080 2725 apostolicis
1114 2647 1338 2702 recitare
1373 2641 1614 2703 cessatis,
1641 2652 1906 2733 npnquam
1959 2635 2055 2733 da-

478 2750 698 2806 mnastis
713 2748 733 2779 ¹
756 2746 777 2801 'l
803 2745 860 2800 Si
884 2742 1167 2799 damnatos
1186 2737 1237 2791 in
1256 2735 1517 2804 integrum
1544 2724 1827 2785 resti'tuere
1856 2724 2055 2795 placuit

482 2858 582 2913 pro
611 2835 946 2896 resarcienda
975 2842 1125 2904 parte
1149 2826 1339 2884 Donati
1364 2843 1378 2892 ;
1415 2821 1539 2894 quid
1578 2835 1672 2874 vos
1697 2816 1918 2872 offendit
1944 2825 2055 2869 toto

477 2910 607 2991 orbe
648 2930 839 2987 diﬂ'usa
879 2927 1057 2983 unitas
1099 2919 1316 2983 Christi,
1359 2922 1478 2986 qua!
1521 2912 1606 2967 vel
1647 2910 1900 2965 damnare
1948 2921 2055 2965 non

481 3023 649 3094 potuit
678 3018 961 3083 inauditos,
983 3013 1066 3067 vel
1087 3010 1306 3067 omnino
1336 3019 1436 3061 nec
1449 2999 1719 3058 damnavit
1748 3012 1849 3057 nec
1876 2996 2057 3054 absol-

488 3090 903 3180 vitincognltos,
957 3102 1038 3160 vel
1090 3095 1641 3158 innocentescredidit
1692 3107 1825 3164 quos
1874 3090 2059 3145 didicit

485 3199 856 3258 absolutos?Si
871 3196 1122 3252 discissos
1137 3207 1168 3246 a
1185 3189 1333 3244 vobis
1349 3185 1789 3242 Maximianenses
1809 3180 2058 3250 perjossa

480 3294 715 3365 jittlicum
761 3284 1127 3360 persequendo
1170 3280 1384 3337 sedibus
1430 3275 1742 3345 expulistis;
1797 3272 1922 3365 quid
1966 3284 2059 3365 vos

487 3360 581 3458 per
609 3387 974 3453 imperatores,
997 3375 1087 3447 qui
1104 3371 1319 3429 eosdem
1342 3367 1548 3439 jodices
1569 3366 1801 3429 mittunt,
1823 3360 2060 3432 indigna'

489 3453 593 3547 pati
648 3468 951 3544 querimini,
1007 3465 1096 3535 qni
1137 3476 1232 3535 vos
1280 3459 1348 3514 ab
1400 3458 1514 3527 ejus
1563 3456 1798 3511 Ecclesia
1850 3453 1918 3506 de
1955 3466 2060 3520 quo

486 3567 741 3633 atil'ipllllll
771 3568 852 3614 est
889 3554 1029 3626 quod
1071 3552 1351 3607 adorabunt
1394 3563 1509 3601 eum
1537 3560 1704 3599 omnes
1726 3558 1863 3613 reges
1894 3553 2056 3604 teme,

487 3632 657 3710 «mmet
684 3663 852 3724 gentes
877 3648 1086 3702 servient
1120 3644 1228 3708 illi,
1253 3651 1309 3696 et
1337 3638 1476 3710 quod
1499 3636 1837 3691 dominabitur
1874 3651 1905 3687 a
1935 3632 2061 3685 mari

486 3744 724 3806 usquead
774 3755 931 3805 mare,
980 3748 1074 3790 eta
1121 3733 1330 3802 ﬂumine
1358 3746 1511 3799 usque
1545 3727 1613 3780 ad
1642 3727 1877 3780 terntinos
1930 3724 2063 3778 orbis

487 3850 631 3892 terre
650 3832 819 3903 (Psal.
846 3842 986 3893 Lxxt,
1006 3826 1116 3892 11),
1140 3822 1342 3877 nefario
1366 3820 1652 3875 schismate
1672 3815 1993 3871 discidistis?

557 3922 781 3981 CAPUT
805 3918 939 3973 LIX.
970 3946 1042 3957 -—
1067 3915 1157 3971 65.
1189 3913 1327 3967 Ecce
1352 3910 1461 3981 jam
1490 3925 1594 3963 non
1623 3908 1777 3973 dice,
1804 3906 1848 3961 si
1879 3920 2064 3975 perse-

487 4018 753 4070 cutionem
783 4010 954 4064 facere
997 4020 1104 4060 non
1146 4003 1307 4067 licet,
1348 3999 1476 4054 fecit
1513 3997 1767 4065 Optatos;
1798 4010 1865 4049 ne
1893 3994 2069 4049 adhuc

489 4109 635 4161 dicas
657 4117 759 4157 non
783 4098 1049 4169 pertinere
1075 4092 1142 4147 ad
1169 4100 1376 4145 vestros
1398 4129 1412 4151 ,
1459 4084 1715 4156 quidquid
1740 4085 1961 4154 Optatos
1990 4083 2067 4137 eis

494 4189 856 4265 ignorantibus
900 4185 1057 4248 fecit;
1094 4196 1214 4236 cum
1267 4178 1366 4248 ipsi
1410 4176 1589 4231 dicere
1629 4190 1731 4229 non
1759 4173 2069 4243 permittant

494 4263 663 4341 terras
682 4280 751 4335 ab
779 4277 955 4333 Africa
978 4270 1377 4328 remotissimas.
1394 4266 1492 4334 Qui
1512 4266 1792 4320 traditores
1819 4265 1869 4319 in
1892 4263 2067 4319 Africa

496 4375 721 4435 fuerint,
748 4368 871 4440 quid
904 4365 1027 4420 mali
1054 4362 1165 4417 Afri
1194 4358 1426 4429 episcopi
1452 4355 1695 4422 fecerint,
1728 4356 2065 4425 ignoramus:

496 4470 589 4529 sed
623 4467 775 4538 plane
804 4462 923 4517 dico
946 4500 962 4524 ,
1005 4456 1048 4509 si
1081 4449 1505 4524 persecutionem
1545 4447 1719 4502 facere
1763 4461 1868 4500 non
1904 4446 2067 4512 licet,

499 4559 657 4615 vestri
693 4545 1219 4610 Maximianensibns,
1260 4542 1330 4595 ita
1356 4550 1414 4595 ut
1442 4554 1546 4594 non
1573 4538 1789 4608 possitis
1823 4551 2021 4606 negare
2052 4577 2067 4602 ,

499 4654 752 4706 fecerunt.
787 4644 842 4700 Si
884 4636 1308 4712 persecutionem
1339 4630 1429 4700 qui
1459 4628 1728 4699 patiuntur
1760 4627 2072 4689 innocentes

498 4750 650 4804 sunt,
690 4736 827 4806 passi
862 4739 986 4787 sunt
1026 4724 1487 4781 Maximianenses.
1536 4718 1801 4788 Numquid
1843 4725 1897 4772 et
1934 4731 2075 4772 nunc

500 4836 735 4887 dicturus
760 4843 846 4892 es,
876 4821 1149 4877 Basilicam
1169 4816 1245 4869 vel
1268 4814 1559 4881 speluncam
1582 4810 1887 4865 Maximiani
1907 4825 2073 4880 papu-

502 4930 581 4981 lus
620 4921 760 4976 nullo
801 4926 1085 4971 nostrorum
1116 4916 1320 4963 auctore
1346 4903 1636 4959 destruxit?
1678 4902 1990 4971 Quanquam
2029 4901 2075 4955 sl

504 5018 655 5087 t-ojus
675 5004 1062 5068 communionis
1092 5000 1241 5055 turba
1273 4998 1356 5050 illa
1386 4995 1543 5051 fuerit
1571 4994 1866 5064 inquirator
1894 4991 2019 5063 (non
2046 5008 2077 5046 a

506 5081 697 5163 vestris
723 5099 1005 5157 credantur
1032 5088 1317 5157 immissi),
1360 5086 1459 5154 ipsi
1496 5085 1831 5155 reperientur
1855 5081 2078 5137 forsitan

508 5196 705 5260 vestri,
732 5202 822 5246 aut
840 5194 985 5242 certe
1001 5178 1189 5237 vestris
1211 5175 1508 5246 adjuvando
1528 5173 1793 5243 permixti.
1821 5171 1928 5227 Sed
1954 5171 2081 5240 quid

510 5290 575 5345 ad
603 5284 736 5341 nos?
760 5275 1070 5349 Respondes
1094 5270 1234 5327 enim
1255 5308 1271 5334 ,
1314 5265 1435 5319 Non
1468 5265 1677 5335 fecimus
1696 5305 1710 5331 ,
1738 5280 1839 5318 non
1872 5263 2085 5317 immisi-

574 5403 591 5432 ¹
620 5405 672 5447 In
696 5393 851 5446 veteri
895 5383 1174 5438 Corbeiensi
1200 5377 1683 5447 .tttsmgetraditione.
1731 5384 1870 5447 Forte
1890 5375 2087 5447 legen-

504 5438 719 5517 ilum-rut
733 5438 878 5517 illis,
904 5451 988 5517 lib.
1014 5448 1062 5517 4ι
1081 5457 1163 5513 nu.
1420 5438 2089 5517 destrucgt‘ionezhuaptlisuma-Lis

511 5499 1191 5573 diuino—inveterdinauonis.
1217 5499 1361 5550 Paulo
1384 5509 1518 5563 post,
1544 5513 1717 5550 omnes
1739 5507 1865 5559 uss,
1887 5499 2085 5561 famoso,

510 5581 630 5635 loco,
657 5577 841 5639 [ammi-
1148 5620 1241 5639 __.._
1272 5622 1458 5639 _.__.,,.-
1650 5620 1787 5639 ,ηιμ

575 5620 857 5696 δνῖιῦὖῖἷζᾶξ,
880 5644 1124 5696 nunquam
1145 5620 1244 5673 αιίο
1264 5622 1479 5682 εοηεὶιὶο,
1499 5621 1620 5675 sicut
1642 5620 1934 5671 Feliciamtm
1958 5627 2091 5670 Prw-

514 5704 835 5757 textatumque
846 5692 1138 5745 'dmmtastis.

581 5758 600 5789 ³
624 5765 722 5807 am.
752 5748 801 5804 et
819 5756 1039 5819 plerique
1064 5762 1190 5814 δίει,
1216 5748 1425 5813 digna.”

1217 353 1485 409 CONTRA
1527 341 1956 403 CIiESCONIUM
2001 337 2449 405 DONATIS'I'AM,
2491 339 2546 393 S.
2589 336 2952 394 AUGUSTINI

3598 337 3698 394 5'5!

2122 468 2264 519 mus,
2303 452 2506 520 quinam
2555 451 2631 504 illi
2669 454 2867 513 fuerunt
2896 451 3189 519 ignoramus
3216 466 3235 503 :
3281 451 3702 518 persecutionem

2126 554 2301 599 tamen
2325 560 2353 597 a
2378 545 2795 614 quibuscumque
2824 558 3032 612 passum
3049 557 3169 595 eum
3193 558 3350 610 quem
3381 541 3561 596 fateris
3583 545 3598 573 ¹
3627 543 3706 596 in-

2123 634 2320 702 justom
2346 677 2359 700 ,
2397 636 2644 705 quoniam
2688 637 2827 688 clara
2876 649 2962 688 res
3007 643 3121 696 est;
3163 648 3222 684 ea
3259 648 3380 702 qua:
3423 634 3702 702 patimini,
3762 656 3765 663 -

2125 730 2222 779 vos
2256 724 2425 793 justos
2459 725 2827 779 demonstrare
2872 740 2975 777 non
3022 733 3261 793 possunt.
3311 722 3415 777 Sed
3466 724 3709 792 aquibus

2128 819 2287 871 etiam
2314 817 2754 871 Maximianenscs
2776 816 3197 886 persecutionem
3228 814 3365 883 passi
3397 824 3541 876 sunt,
3576 829 3705 883 pro-

2129 909 2428 963 Consularia
2460 918 2603 978 gesta
2648 916 2925 961 testantur.
2970 906 3212 959 Instructi
3256 915 3381 958 sunt
3421 905 3662 959 advocati
3690 947 3705 965 .

2130 998 2270 1051 adita
2290 997 2523 1066 judicia”
2542 1037 2557 1061 ,
2587 1007 2639 1050 et
2676 1006 2923 1065 tanquam
2955 994 3007 1048 in
3036 994 3313 1047 haereticos
3338 995 3588 1048 excitata.
3630 992 3711 1047 Illi

2133 1090 2234 1145 sibi
2259 1090 2535 1143 tuitionem
2569 1086 2964 1157 possidentibus
3001 1084 3349 1154 postulabant.
3396 1084 3715 1152 Allegttlntll

2133 1182 2291 1237 vestri
2320 1180 2609 1248 Bagaiense
2629 1177 2912 1232 concilium
2933 1216 2948 1239 ,
2974 1184 3027 1229 et
3052 1175 3329 1228 damnatos
3362 1174 3669 1243 flagitabant
3694 1175 3715 1206 ⁸

2136 1271 2305 1325 sacris
2326 1270 2529 1324 (edibus
2559 1267 2680 1337 pelli
2706 1309 2721 1334 ,
2751 1266 3076 1329 inSIabatnr,
3108 1264 3245 1317 dicta
3266 1278 3421 1316 causa
3450 1273 3533 1317 est
3555 1280 3569 1329 ;
3592 1279 3714 1317 cum

2135 1378 2201 1417 eo
2226 1368 2488 1430 praesente
2507 1358 2739 1413 Salvium
2766 1355 3232 1411 Membresitanum
3250 1354 3271 1383 ⁸
3300 1354 3603 1407 hmreticum
3628 1369 3721 1408 os-

2140 1456 2416 1521 tendistis,
2464 1453 2698 1519 vicistis,
2745 1452 3040 1521 expulistis.
3072 1450 3499 1505 Persecutionem
3557 1451 3721 1519 igitur

2140 1546 2258 1600 illos
2286 1559 2466 1614 passos
2491 1559 2630 1609 esse,
2659 1557 2754 1597 vos
2776 1542 2965 1597 fecisse
2986 1540 3158 1594 video.
3186 1540 3365 1594 Justos
3390 1555 3591 1609 qna-ro,
3624 1554 3721 1593 vos

2140 1652 2259 1693 esse
2282 1636 2585 1706 perhibetis.
2617 1636 2727 1705 Ego
2754 1633 3013 1689 concludo
3043 1651 3056 1686 :
3089 1632 3203 1688 Non
3224 1647 3351 1703 ergo
3379 1632 3468 1702 qui
3486 1647 3604 1686 eam
3630 1648 3725 1701 pa-

2144 1728 2299 1793 titur,
2330 1725 2934 1797 consequenterjostus;
2969 1738 3066 1779 nec
3094 1723 3184 1794 qui
3205 1723 3360 1787 facit,
3386 1738 3722 1792 consequen-

2146 1826 2227 1872 ter
2252 1818 2479 1885 injostus
2506 1827 2606 1872 est.

2216 1907 2444 1964 CAPUT
2476 1907 2585 1962 LX.
2615 1939 2687 1949 —
2707 1906 2795 1963 66.
2828 1907 2907 1961 Tu
2936 1921 3116 1960 rursus
3144 1913 3287 1960 artes
3312 1904 3617 1960 dialecticas
3638 1920 3720 1960 ae-

2149 1998 2361 2053 cusabis
2388 2014 2402 2051 :
2446 2014 2533 2053 me
2563 2007 2738 2053 tamen
2771 2012 2953 2052 verum
2978 1997 3155 2051 dicere
3182 1997 3366 2049 saltem
3410 1996 3601 2049 tacitos
3628 2012 3726 2063 ap-

2149 2089 2426 2159 probabis,
2449 2097 2503 2144 et
2529 2088 2692 2157 eliges
2723 2097 2864 2142 tuam
2894 2087 3208 2141 sententiam
3237 2086 3410 2155 potius
3431 2087 3721 2155 corrigere,

2148 2195 2251 2249 qua
2273 2180 2467 2234 nullam
2488 2180 2685 2249 justam
2716 2179 3137 2249 persecutionem
3165 2193 3283 2233 esse
3311 2177 3525 2244 dixisti,
3568 2194 3727 2247 quam

2152 2271 2643 2325 Maximianensium
2675 2282 3038 2340 persecutores
3077 2270 3255 2324 dicere
3291 2266 3516 2340 injustos
3539 2312 3553 2335 ,
3595 2287 3732 2341 quos

2151 2373 2359 2418 vestros
2386 2377 2505 2417 esse
2530 2362 2741 2417 tandem
2769 2363 2933 2433 gestis
2963 2361 3424 2431 proconsularibus
3443 2362 3731 2432 agnovisti.

2152 2453 2267 2508 Non
2301 2468 2429 2508 sane
2455 2453 2573 2509 sine
2600 2452 2772 2508 fructu
2792 2454 3247 2509 schismaticorom
3276 2465 3573 2510 vestrorum
3605 2468 3731 2526 per-

2154 2544 2322 2600 secuti
2346 2545 2474 2600 estis
2500 2559 2770 2600 errorem:
2801 2560 2920 2599 nam
2944 2544 3263 2601 Felicianum
3284 2554 3337 2602 et
3352 2545 3735 2603 Prmtextatnm

2157 2634 2344 2689 eodem
2367 2633 2613 2689 conﬂictu
2637 2643 2691 2689 et
2720 2632 2981 2689 molestiis
3016 2636 3358 2703 correxistis;
3397 2648 3451 2691 et
3486 2638 3737 2707 Optatum

2157 2725 2370 2793 quidem
2407 2723 2783 2783 Gildoniauum
2816 2728 3059 2798 graviora
3086 2728 3248 2782 exitia
3277 2729 3686 2782 comminantem
3720 2764 3734 2787 .

2157 2816 2424 2874 Mustitani
2455 2824 2513 2875 et
2544 2818 2841 2874 Assnritani
2859 2862 2875 2886 ,
2906 2819 3041 2873 sicut
3068 2818 3135 2872 ab
3155 2819 3233 2873 cis
3261 2833 3472 2888 quoque
3499 2832 3741 2887 praesens

2161 2907 2359 2976 audivi,
2379 2911 2619 2966 timuisse
2645 2909 2892 2965 dicuntur
2913 2919 3015 2977 ,-et
3047 2924 3172 2963 suos
3200 2909 3478 2977 episcopos
3502 2909 3742 2976 coegisse

2160 3012 2221 3058 ut
2239 3004 2304 3057 ad
2337 3003 2588 3058 Primiani
2604 3002 3030 3057 communionem
3056 3009 3468 3056 reverterentur.
3485 2998 3591 3055 Sed
3616 3015 3741 3053 cum

2162 3092 2265 3148 hoc
2308 3093 2531 3163 Optatos
2570 3093 2730 3146 nullis
2756 3095 2921 3163 gestis
2969 3091 3191 3161 publicis
3236 3092 3510 3162 exegerit;
3555 3090 3745 3159 utquid

2162 3198 2312 3254 agant
2343 3183 2533 3236 talibus
2567 3181 2822 3238 adversus
2845 3196 2937 3236 vos
2961 3222 2975 3247 ,
3019 3189 3231 3250 paratos
3259 3196 3450 3250 negare
3486 3180 3743 3250 quidquid

2164 3287 2358 3343 negare
2386 3272 2693 3342 potueritis?
2716 3273 2845 3326 Acta
2879 3279 3094 3326 exstant
3116 3271 3513 3340 proconsularia
3544 3280 3598 3326 et
3627 3287 3748 3325 mu-

2165 3364 2438 3433 nicipalia,
2467 3362 2657 3432 quibus
2674 3361 2906 3415 recitatis
2935 3362 3295 3426 ostendimus,
3322 3371 3520 3430 quanta
3546 3360 3595 3414 vi
3626 3377 3746 3416 me-

2165 3456 2354 3509 morati
2389 3470 2417 3507 a
2446 3457 2640 3508 vestris
2670 3462 2727 3507 ut
2752 3453 2882 3507 locis
2915 3458 3171 3509 cederent
3199 3453 3519 3524 urgebantur
3541 3454 3583 3507 '.
3630 3452 3745 3507 Non

2165 3546 2474 3614 culpamus,
2521 3558 2624 3598 non
2664 3542 3000 3598 invidemus:
3041 3558 3148 3597 non
3188 3542 3382 3597 frustra
3422 3542 3697 3597 laborastis
3726 3585 3743 3608 ,

2168 3654 2273 3693 non
2314 3638 2577 3692 incassum
2609 3636 2901 3703 terroistis,
2942 3651 3047 3689 non
3086 3635 3309 3690 inaniter
3333 3635 3605 3705 agitastis:
3635 3635 3738 3688 dis-

2167 3730 2351 3802 plicuit
2380 3729 2458 3783 eis
2478 3726 2689 3783 afﬂictis
2703 3726 3013 3782 animositas
3039 3741 3168 3789 sua;
3198 3725 3348 3781 fracti
3377 3734 3535 3792 sont,
3565 3740 3751 3780 emen-

2168 3822 2277 3876 dati
2298 3830 2449 3885 sunt,
2480 3818 2705 3874 correcti
2728 3833 2790 3872 ac
2813 3819 3008 3887 recepti
3036 3826 3178 3884 sunt,
3208 3824 3327 3886 post
3350 3830 3498 3870 suam
3525 3815 3749 3869 damna-

2171 3914 2366 3967 tionem
2386 3952 2402 3977 ,
2432 3919 2551 3980 post
2578 3909 2802 3963 aliorum
2837 3909 3139 3963 dilationem
3161 3950 3174 3973 ,
3206 3918 3323 3977 post
3356 3918 3584 3962 vestram
3625 3921 3751 3976 per-

2171 4003 2517 4058 secutionem.
2542 4000 2764 4069 Recepti
2793 4008 2916 4054 sunt
2947 4008 3122 4053 autem
3150 4000 3287 4052 sicut
3317 3997 3531 4053 fuerant
3552 4040 3566 4063 ,
3592 3998 3752 4051 bono-

2172 4095 2304 4157 rati,
2334 4093 2475 4148 nulla
2519 4091 2845 4161 poenitentia:
2890 4091 3149 4161 gravioris
3199 4090 3569 4145 humiliatioite
3618 4090 3640 4121 ⁸
3668 4091 3751 4144 vel

2173 4184 2367 4254 expiati
2387 4184 2467 4237 vel
2494 4181 2765 4252 degradati
2786 4221 2801 4245 ,
2832 4196 2931 4236 nec
2951 4181 3049 4250 ipsi
3077 4195 3175 4235 nec
3200 4180 3277 4233 illi
3302 4195 3423 4234 cum
3445 4180 3643 4249 quibus
3663 4195 3753 4234 re-

2173 4276 2310 4344 cepti
2367 4283 2522 4340 sunt,
2578 4286 2712 4342 quos
2768 4286 2948 4326 secum
2985 4279 3360 4340 separaverant
3390 4281 3576 4324 contra
3617 4285 3711 4324 vos
3736 4312 3752 4335 ,

2176 4366 2571 4437 baptizaverant
2599 4371 2748 4417 extra
2765 4377 2880 4428 vos,
2903 4376 3038 4432 quos
3054 4360 3507 4431 rebaptizaverant
3530 4361 3757 4415 fortasse

2176 4466 2295 4528 post
2320 4471 2432 4511 vos.

2246 4545 2470 4602 CAPUT
2495 4544 2630 4599 LXI.
2659 4573 2732 4584 -α-
2755 4544 2846 4599 67.
2876 4544 3018 4599 Nihil
3047 4544 3380 4613 babetisjam
3412 4542 3553 4598 unde
3574 4544 3757 4613 caligio

2179 4655 2307 4696 nosa
2335 4638 2606 4693 mendacia
2636 4636 2941 4691 hominibus
2961 4637 3159 4706 ignaris
3178 4637 3244 4691 de
3268 4637 3425 4691 rebus
3453 4637 3611 4704 longe
3628 4651 3757 4705 pra~

2182 4731 2351 4786 teritis
2378 4727 2645 4798 ingeratis.
2673 4726 2823 4793 Quod
2851 4727 3011 4781 vestri
3034 4726 3172 4794 apud
3200 4726 3604 4779 Constantinum
3637 4735 3759 4779 tunc

2183 4824 2557 4890 imperatorem
2583 4824 2965 4871 accusaverunt
2998 4815 3367 4880 Caecilianum,
3399 4815 3611 4883 publica
3644 4829 3759 4867 mo-

2183 4915 2414 4969 nimenta
2440 4909 2797 4981 proclamant;
2830 4907 3025 4962 dictam
3053 4922 3174 4962 esse
3202 4921 3416 4961 causam
3440 4947 3455 4973 ,
3487 4915 3543 4960 et
3567 4905 3636 4960 ad
3666 4904 3761 4959 de-

2249 5071 2266 5101 ί
2292 5067 2365 5115 sic
2384 5065 2482 5114 duo
2497 5070 2603 5111 Mss.
2628 5059 2711 5109 Alii
2735 5073 2845 5121 cum
2868 5059 3027 5118 editis,
3052 5058 3242 5121 feceris.

2249 5130 2270 5159 ³
2295 5127 2429 5185 Editi,
2453 5124 2517 5173 ad
2539 5120 2854 5185 judicia.
2878 5120 3178 5185 Castigautur
3198 5132 3263 5168 ex
3286 5120 3642 5185 manuscriptis.

2252 5189 2273 5221 ³
2295 5189 2377 5237 Hic
2397 5178 2497 5234 Am.
2538 5178 2684 5243 addit,
2727 5181 2792 5232 iri
2830 5178 3097 5243 Bagaiensi.
3139 5186 3213 5228 Er.
3239 5187 3290 5243 et
3317 5186 3425 5228 Lov.
3448 5178 3563 5243 cum
3587 5178 3767 5240 aliquot

2187 5258 2317 5305 Mss,
2338 5247 2391 5297 in
2416 5238 2681 5310 Bagaiensil
2728 5238 3054 5310 Expuniimos
3090 5242 3373 5310 auctoritate
3416 5238 3768 5310 alienumque-

2189 5299 2405 5375 rumdam
2427 5299 2856 5375 manuscriptorum
2877 5304 2961 5367 qui
2998 5311 3169 5366 postea
3208 5301 3333 5361 loco,
3376 5299 3531 5350 sacris
3555 5299 3737 5349 wdibus
3756 5333 3769 5349 .

2192 5374 2390 5427 habent,
2414 5363 2782 5418 sacrissedibus.
2809 5425 2835 5428 ν
2867 5363 2910 5428 γ’
2998 5363 3013 5366 “
3244 5421 3256 5428 ,
3508 5426 3515 5428 λ
3637 5420 3648 5428 ,
3680 5419 3691 5428 ,

2257 5433 2279 5464 δ
2302 5420 2489 5492 Aliquot
2531 5435 2637 5476 Mss.
2687 5434 2739 5475 et
2761 5425 2910 5492 editio
2954 5435 3075 5492 Amzz
3098 5432 3215 5473 Cum
3237 5421 3287 5471 in
3310 5420 3771 5492 prasente

2196 5478 2627 5553 Membrésitanuni,
2674 5495 2769 5553 etc.
2808 5485 2895 5535 Alii
2938 5486 3167 5553 quidam:
3188 5478 3320 5553 θωπί
3350 5489 3589 5546 prasente
3624 5478 3772 5531 salvio

2197 5550 2571 5607 Hembresitano,
2591 5547 2867 5597 Iuvreticum
2889 5546 3175 5603 ostendistis,
3203 5551 3297 5607 etc.

2260 5616 2281 5646 ⁸
2306 5613 2441 5668 Fditi,
2462 5602 2764 5673 gerebantur.
2800 5607 2966 5673 melius
2987 5602 3314 5673 manuscripti,
3338 5602 3652 5673 urgebaauor.

2203 5656 2444 5787 “ng—ill:
2611 5656 2885 5734 pendentia
2898 5666 3133 5731 graviore,
3152 5656 3238 5717 sed
3251 5656 3598 5718 humiliation.
3610 5670 3768 5714 mea»

2318 5746 2376 5783 ur
2400 5746 2464 5783 ex
2560 5745 2573 5754 ‘

2298 5743 2376 5784 ωι·
2400 5746 2464 5783 ex
2486 5743 2573 5783 “Si
