4024 6196
253 323 342 378 553

251 439 398 489 hinnn
430 433 587 487 linem
610 446 729 488 esse
757 433 1064 503 perductam
1095 477 1109 500 ,
1140 450 1305 505 usque
1345 436 1409 490 ad
1442 438 1810 507 purgationem

250 528 427 586 Felicis
472 528 831 597 Aptugnensis
860 527 1181 582 ordinatoris
1203 525 1503 597 Cmciliani,
1549 546 1707 598 quem
1759 531 1810 585 in

246 617 459 674 concilio
480 615 879 687 Carthaginensi
899 617 1156 672 malorum
1182 619 1415 673 omnium
1437 618 1637 675 fontem
1660 621 1810 676 dixe—

247 717 389 772 runt,
420 715 474 763 et
498 705 636 776 apud
660 705 907 761 eumdem
936 705 1374 774 Constantinum,
1423 708 1563 764 sicut
1600 711 1813 779 scriptis

247 800 345 854 suis
369 798 480 866 ipse
514 796 749 861 indicat,
779 796 1007 851 assiduis
1052 796 1562 868 interpellationibus
1590 814 1808 855 accusa-

245 895 389 952 runt,
410 886 805 956 proconsularia
836 893 1099 941 testantur
1122 886 1355 942 archiva.
1387 887 1653 943 Resistitis
1672 930 1686 954 ,
1727 905 1812 944 re-

248 976 473 1031 clamatis
513 1017 529 1043 ,
595 976 902 1045 repugnatis
944 976 1292 1046 apertissime
1340 977 1569 1033 veritati.
1628 978 1811 1036 Dicitis

247 1068 390 1122 etiam
415 1067 795 1121 transmarinos
808 1065 1014 1136 judices
1030 1083 1059 1121 a
1076 1065 1357 1123 Caeciliano
1372 1083 1493 1124 esse
1507 1080 1807 1140 corruptos,

249 1158 403 1226 ipsum
426 1154 804 1225 Imperatorem
830 1156 1013 1211 nescio
1033 1172 1133 1227 qua
1157 1158 1322 1226 gratia
1339 1158 1705 1229 depravatum.
1732 1160 1811 1216 Eo

245 1235 425 1319 quippe
451 1256 536 1302 est
552 1246 912 1317 impudentior
934 1248 1103 1303 victus
1122 1258 1417 1316 accusator,
1448 1265 1555 1320 quo
1582 1249 1807 1305 fitetiam

241 1339 419 1409 judicis
465 1337 835 1393 calumniator.
885 1337 1262 1395 Verumtamen
1311 1340 1449 1394 inter
1497 1340 1671 1395 omnia
1721 1340 1809 1394 illa

245 1439 403 1486 vestra
433 1430 706 1485 mendacia
727 1472 739 1496 ,
769 1430 961 1501 quibus
1005 1430 1372 1486 transmarinis
1410 1432 1678 1500 judicibus
1720 1447 1809 1487 ca-

244 1522 560 1584 lumniamini
579 1563 595 1588 ,
626 1522 814 1577 saltem
836 1522 938 1577 hoc
966 1520 1270 1577 obtinemus
1293 1565 1307 1589 ,
1336 1523 1476 1592 quod
1509 1522 1662 1592 primi
1690 1537 1808 1577 ma-

239 1615 369 1683 jores
394 1612 554 1666 vestri
580 1612 645 1666 ad
676 1612 1051 1682 Imperatorem
1072 1627 1288 1667 causam
1314 1614 1468 1667 istam
1485 1612 1804 1678 detulerunt,

242 1704 382 1772 primi
401 1703 540 1773 apud
570 1703 945 1773 Imperatorem
973 1699 1313 1758 Caecilianum
1335 1712 1389 1758 et
1409 1702 1523 1772 ejus
1538 1702 1809 1757 ordinato-

240 1808 342 1848 rem
370 1802 788 1859 accusaverunt,
819 1793 975 1863 primi
1005 1792 1143 1863 apud
1172 1792 1548 1864 Imperatorem
1572 1792 1809 1847 Caecilia-

241 1900 353 1939 num
378 1894 434 1939 et
454 1886 572 1952 ejus
598 1872 781 1939 socios.
797 1885 1062 1955 persecuti
1091 1894 1216 1939 sunt
1245 1902 1257 1937 :
1290 1883 1432 1939 unde
1458 1884 1629 1947 nobis,
1672 1884 1808 1939 sicut

238 1975 378 2029 vobis
399 1974 639 2040 videtur,
667 1975 1034 2045 gravissimam
1064 1976 1344 2030 concitatis
1367 1974 1615 2029 invidiam
1641 2016 1656 2040 ,
1686 1976 1806 2044 quia

237 2065 349 2119 victi
377 2064 614 2133 patimini
639 2064 779 2133 quod
806 2066 1035 2120 victores
1055 2067 1236 2136 utique
1269 2065 1540 2129 faceretis;
1583 2066 1728 2119 velut
1762 2066 1807 2120 si

240 2157 496 2211 Danieletn
524 2156 795 2211 criminari
825 2156 1050 2221 vellent,
1073 2156 1195 2227 quia
1235 2156 1328 2211 illo
1358 2157 1641 2213 innocente
1671 2156 1807 2212 libe-

237 2256 376 2312 rato,
426 2246 529 2315 ipsi
555 2244 624 2301 ab
660 2246 738 2301 eis
766 2246 1010 2301 leonibus
1028 2247 1332 2317 consumpti
1363 2256 1525 2312 sunt,
1559 2261 1588 2299 a
1616 2246 1808 2316 quibus

235 2352 345 2390 cum
375 2352 472 2406 per
509 2336 826 2391 calumniam
862 2337 1106 2391 consumi
1134 2337 1417 2391 voluerunt
1456 2337 1474 2369 ί
1505 2335 1665 2407 (Dan.
1705 2335 1804 2406 vt).

232 2423 537 2482 Obtinemus
553 2426 710 2481 etiam
732 2443 747 2480 :
765 2425 1037 2496 quodlibet
1053 2425 1117 2480 de
1137 2425 1400 2496 judicibus
1420 2442 1433 2489 ;
1454 2424 1558 2498 [(a)
1576 2439 1809 2494 prmsens

229 2515 419 2585 judicio
452 2515 813 2571 transmarino
837 2516 1115 2570 absolutus
1133 2524 1218 2571 est
1236 2516 1551 2571 Caecilianus
1574 2513 1614 2587 ;]
1640 2514 1808 2583 quod-

234 2604 353 2659 libet
375 2604 443 2660 de
470 2606 619 2674 ipso,
653 2605 791 2675 apud
821 2620 978 2674 quem
1010 2604 1242 2675 majores
1272 2606 1433 2659 vestri
1463 2604 1805 2659 Catcilianum

231 2703 635 2758 accusaverunt,
686 2694 839 2763 cujus
892 2702 1165 2763 postremo
1204 2693 1462 2764 judicium
1516 2692 1806 2763 episcopali

230 2786 505 2854 prmiatum
523 2785 724 2854 judicio
746 2784 1082 2855 delegerunt,
1114 2783 1462 2839 Constantino
1484 2784 1807 2853 imperatore

231 2884 472 2944 tanquam
489 2874 743 2944 corrupto
770 2876 938 2945 gratia
962 2915 983 2942 ,
1012 2874 1126 2929 sive
1149 2873 1393 2929 sentiatis
1412 2874 1522 2928 sive
1550 2873 1758 2943 lingatis
1788 2891 1802 2928 :

226 2978 407 3018 omnes
434 2974 612 3019 tamen
641 2964 731 3034 qui
763 2972 888 3019 tunc
918 2973 1072 3019 erant
1099 2963 1183 3018 vei
1206 2963 1257 3017 in
1290 2962 1599 3033 propinquis
1645 2963 1725 3016 vel
1752 2962 1806 3018 in

228 3054 441 3108 remotis
458 3053 614 3108 terris
632 3064 735 3107 tam
756 3053 914 3123 longe
939 3054 1147 3124 lateque
1166 3052 1343 3108 dilfusi
1370 3052 1618 3107 catholici
1653 3051 1808 3107 Cbri-

225 3142 403 3209 stiani,
438 3142 507 3196 ad
532 3157 666 3212 quos
690 3141 829 3197 fama
854 3142 919 3196 dc
942 3141 1227 3197 Caeciliano
1254 3153 1307 3199 et
1332 3143 1549 3213 collegis
1570 3142 1685 3213 ejus
1712 3158 1809 3213 po-

225 3232 317 3286 tuit
345 3234 650 3302 pervenire,
678 3242 785 3287 non
806 3233 1057 3288 debuisse
1082 3234 1478 3289 accusatoribus
1506 3235 1681 3300 victis,
1709 3236 1803 3290 sed

221 3323 601 3378 ecclesiasticis
641 3323 910 3390 judicibus
956 3322 1219 3378 credere:
1264 3324 1352 3377 ubi
1406 3324 1547 3378 enim
1599 3324 1809 3393 judices

221 3426 403 3467 omnes
427 3426 553 3467 esse
578 3427 682 3465 non
713 3427 993 3480 possumus
1013 3454 1028 3481 ,
1078 3414 1268 3469 melius
1298 3413 1382 3469 his
1418 3415 1506 3485 qui
1557 3429 1676 3471 esse
1706 3432 1806 3487 po-

225 3510 439 3557 tuerunt
471 3500 738 3570 judicibus
761 3502 1027 3557 credimus
1046 3544 1062 3570 ,
1090 3518 1248 3573 quam
1276 3504 1545 3560 credendo
1567 3506 1800 3576 litigatoi-

222 3592 363 3647 ribus
390 3591 551 3646 victis
570 3632 585 3658 ,
614 3607 835 3662 quorum
864 3607 983 3648 esse
1002 3593 1212 3662 judices
1246 3609 1351 3649 non
1382 3598 1649 3665 potuimus
1668 3637 1685 3663 ,
1736 3597 1804 3654 de

224 3682 343 3752 ipsis
362 3680 609 3751 judicare
628 3681 893 3750 judicibus
920 3684 1231 3738 audeamus.

242 3834 252 3842 ο
284 3770 516 3827 CAPUT
547 3771 705 3826 LXII.
733 3801 807 3813 -—-
831 3772 919 3827 68.
946 3772 1173 3827 Proinde
1196 3815 1213 3838 ,
1240 3775 1491 3843 quoniam
1513 3775 1590 3828 illi
1613 3775 1805 3844 quibus

221 3863 593 3917 accusantibus
619 3877 858 3933 praesens
886 3863 1160 3917 absolutus
1187 3872 1270 3918 est
1297 3864 1609 3918 Cmcilianus
1626 3906 1642 3928 ,
1694 3881 1801 3918 non

220 3955 385 4009 solum
408 3969 506 4009 eos
527 3969 553 4006 a
580 3955 771 4025 quibus
800 3953 1077 4009 absolutus
1105 3962 1187 4010 est
1208 3956 1258 4019 ',
1288 3970 1469 4010 verum
1496 3955 1656 4011 etiam
1682 3970 1800 4009 om-

223 4058 311 4097 nes
353 4044 695 4098 Christianos
748 4041 1038 4098 catholicos
1083 4044 1136 4097 in
1184 4043 1508 4113 quibuslibet
1555 4044 1801 4116 gentibus

220 4137 570 4199 constitutos,
609 4135 699 4204 qui
725 4135 809 4189 vel
836 4135 979 4189 illam
1009 4134 1400 4191 dissensionem
1432 4136 1680 4191 Afrorum
1703 4150 1799 4206 pe-

224 4226 355 4281 nitus
382 4227 693 4282 nescierunt
716 4268 730 4289 ,
758 4228 845 4282 vel
868 4226 921 4280 in
943 4241 1004 4281 ea
1032 4227 1300 4296 judicibus
1323 4269 1338 4294 ,
1372 4228 1507 4282 sicut
1526 4228 1604 4282 eis
1628 4229 1798 4282 visum

222 4329 327 4383 est,
360 4333 461 4373 suo
494 4318 729 4387 periculo
751 4318 1243 4387 pronuntiantibus,
1275 4334 1431 4388 quam
1460 4319 1614 4373 victis
1647 4334 1802 4374 accu-

223 4407 486 4461 satoribus
524 4407 744 4462 credere
789 4407 1127 4474 maluerunt,
1169 4408 1437 4463 Caeciliani
1491 4409 1802 4465 criminibus

224 4496 301 4551 vel
322 4498 484 4561 lictis,
516 4497 599 4550 vel
622 4504 769 4551 certe
794 4512 901 4551 non
929 4498 1184 4567 probatis,
1211 4497 1529 4567 perfundere
1556 4498 1800 4554 audacis-

223 4586 346 4640 sima
374 4587 719 4657 improbitate
743 4589 919 4643 conati
959 4596 1114 4655 sunt,
1158 4597 1212 4643 et
1248 4602 1435 4644 omnes
1466 4604 1660 4660 negare
1680 4605 1801 4646 esse

225 4676 539 4732 christianos
572 4695 585 4730 :
612 4678 774 4731 missa
797 4686 880 4732 est
904 4677 1058 4732 vobis
1089 4676 1299 4732 tandem
1330 4678 1614 4748 aliquando
1641 4678 1806 4733 Maxi—

224 4768 574 4823 mianensium
600 4783 791 4833 causa,
824 4769 876 4822 in
905 4784 1006 4837 qua
1058 4768 1155 4837 ipsi
1194 4770 1539 4833 damnarent,
1572 4770 1669 4839 ipsi
1721 4770 1807 4824 da.

224 4873 427 4917 mnatos
459 4871 929 4931 persequerentur,
953 4860 1051 4930 ipsi
1085 4872 1395 4929 persecutos
1415 4862 1468 4915 in
1491 4862 1677 4916 eodem
1709 4862 1803 4915 lio—

225 4967 349 5008 nore
375 4956 679 5023 reciperent
701 4994 716 5017 ,
745 4952 840 5020 ipsi
870 4952 1195 5021 Baptismum
1236 4952 1606 5007 damnatorum
1658 4968 1803 5007 acce-

225 5052 466 5111 ptareut;
499 5050 557 5096 ut
584 5042 672 5111 qui
700 5042 1011 5095 innocentes
1046 5041 1161 5094 ausi
1192 5049 1315 5095 sunt
1352 5054 1625 5103 accusare,
1645 5041 1801 5097 inno-

224 5141 400 5187 centes
436 5140 759 5202 cogerentur
801 5131 1116 5198 absolvere;
1149 5146 1256 5186 non
1309 5148 1444 5202 quos
1490 5134 1803 5189 innocentes

282 5287 298 5318 ¹
324 5287 397 5353 sic
416 5285 601 5354 aliquot
633 5292 739 5354 Mss.
763 5290 829 5354 At_
863 5283 1002 5354 editi,
1042 5282 1169 5347 ipsos
1190 5280 1251 5332 ab
1273 5281 1341 5333 eis
1364 5278 1571 5333 leon’bus
1590 5297 1701 5335 eum
1723 5298 1804 5336 ca-

219 5344 739 5413 ltaimiarues'consumi
757 5344 1034 5413 voluerunt._
1062 5344 1071 5347 ’
1117 5404 1130 5413 _
1700 5404 1710 5413 .

282 5409 301 5439 ³
326 5414 425 5454 Huc
446 5406 691 5456 nonnullis
715 5420 777 5455 ex
800 5413 905 5455 Mss.
932 5407 1083 5455 verba
1117 5404 1221 5454 haec
1242 5417 1541 5462 revocamus,
1582 5404 1801 5455 ancilia-

223 5478 323 5524 πω,
349 5480 446 5517 non
465 5467 632 5530 solum
651 5480 731 5517 eos
754 5479 785 5515 a
806 5467 974 5530 quibus
985 5464 1235 5530 absolutus
1264 5472 1334 5515 est
1362 5477 1379 5513 :
1402 5478 1605 5530 quorum
1624 5467 1729 5515 loco
1750 5468 1801 5530 in

225 5529 570 5590 posterioribus
592 5526 774 5590 aliquot
797 5526 1107 5590 e'ditionibus,
1132 5535 1262 5587 ante,
1292 5526 1458 5576 verum
1477 5526 1621 5576 etiam
1634 5540 1652 5585 ;
1687 5529 1803 5577 sub-

224 5588 438 5637 stitutum
461 5588 639 5647 fuerat,
660 5588 753 5638 non
774 5588 925 5638 solum
948 5602 1048 5638 nos.

282 5649 354 5718 (a_)
376 5656 520 5699 Forte
553 5647 797 5718 glossema
822 5663 885 5701 ex
924 5650 1142 5713 margine
1181 5647 1479 5713 profectum;
1524 5647 1602 5700 vel
1626 5648 1703 5699 hic
1720 5648 1799 5699 ad-

225 5707 449 5771 dendum,
473 5724 503 5759 a
525 5707 710 5763 auibus.

1574 324 1774 381 LIBER
1813 324 2124 382 TERTIUS.

3404 341 3504 398 55b

1923 453 2040 492 esse
2060 438 2427 506 crediderant,
2460 442 2552 497 sed
2584 461 2735 513 quos,
2772 454 2826 499 ut
2855 444 3064 513 dicunt,
3102 447 3192 501 Dei
3238 453 3500 514 γυναικώδη-

1920 531 1984 584 tis
2012 531 2250 597 arbitrio,
2280 534 2496 588 veridico
2523 535 2739 604 plenarii
2771 538 2971 590 concilii
2998 540 3076 591 sui
3108 556 3191 593 ore
3229 542 3501 597 damnnue-
3560 549 3568 595 ε

1918 629 2056 675 runt.
2087 620 2215 690 Quis
2238 626 2483 692 cuiquam
2523 625 2656 680 dixit
2694 626 3007 697 aliquando,
3048 629 3315 696 Quoniam
3336 633 3499 701 judici

1916 711 2208 766 absolventi
2253 714 2429 782 potius
2475 730 2631 785 quam
2671 717 2800 772 mihi
2856 723 3122 775 accusanti
3169 723 3444 778 credidisti
3475 767 3490 790 ,

1916 816 2039 855 rcus
2059 817 2116 857 es
2142 817 2260 857 cum
2294 804 2423 874 ipsis
2450 820 2584 875 quos
2620 809 2908 863 accusavi?
2953 810 3017 865 Et
3045 810 3145 866 hoc
3175 821 3349 867 tamen
3376 814 3495 869 orbi

1916 891 2207 947 christiano
2232 893 2424 949 dicitur
2451 913 2465 950 :
2489 896 2699 966 quodsi
2730 898 2817 952 uni
2844 898 3044 953 homini
3069 900 3359 964 diceretur,
3390 918 3497 958 non

1915 981 2036 1036 dico
2079 983 2500 1052 iniquissimum,
2534 985 2627 1040 sed
2677 987 3073 1044 insanissimum
3120 990 3406 1045 videretur.
3454 992 3501 1047 0

1915 1087 2027 1127 rem
2056 1072 2368 1129 mirabiliter
2394 1074 2660 1145 indignam
2689 1076 2702 1131 i
2733 1077 3065 1132 Accusaruut
3085 1079 3243 1135 Afros
3271 1082 3497 1136 crimine

1916 1162 2254 1230 traditionis,
2286 1176 2564 1219 accusatos
2612 1167 2953 1221 transmarini
2998 1168 3205 1237 judices
3250 1171 3498 1225 absolve-

1914 1261 2069 1318 runt,
2101 1262 2155 1309 et
2181 1253 2461 1310 traditorcs
2504 1254 2631 1312 facti
2674 1266 2800 1312 sunt
2837 1258 3016 1329 populi
3052 1260 3289 1329 gentium
3311 1301 3326 1325 ,
3371 1262 3491 1331 quia

1910 1340 2181 1412 judicibus
2226 1343 2626 1401 absolventibus
2675 1347 2851 1416 potius
2898 1361 3055 1417 quam
3101 1350 3497 1405 accusatoribus

1912 1431 2313 1487 criminantibus
2338 1432 2716 1490 crediderunt!

1983 1521 2209 1577 CAPUT
2235 1522 2417 1578 LXIII.
2438 1554 2510 1563 —
2528 1524 2617 1581 69.
2646 1525 2835 1582 Merito
2855 1527 2952 1582 tibi
2978 1537 3091 1594 est,
3119 1544 3242 1600 pars
3269 1529 3455 1585 Donati
3477 1573 3490 1595 ,

1913 1609 2408 1665 Maximiauensium
2439 1627 2598 1668 causa
2628 1615 2927 1684 propinata.
2983 1617 3113 1672 Bibe
3160 1618 3379 1673 calicem
3429 1619 3498 1674 de

1912 1717 2070 1757 manu
2100 1702 2673 1774 Dominicorripientis
2699 1716 2752 1761 et
2776 1707 3132 1764 admonentis.
3162 1710 3219 1764 Si
3242 1711 3494 1780 intelligis

1910 1801 1964 1847 et
1989 1792 2310 1862 acquiescis,
2356 1794 2718 1851 misericordia
2748 1806 2832 1852 est
2870 1798 2969 1852 ista
3015 1799 3385 1865 emendantis,
3430 1815 3499 1855 ne

1912 1881 2116 1937 incidas
2142 1883 2194 1937 in
2233 1882 2495 1952 judicium
2522 1886 2813 1955 punientis.
2844 1887 2964 1942 Tibi
2991 1888 3186 1944 dicitur
3208 1931 3224 1956 ,
3256 1889 3495 1958 Superba

1912 1980 1966 2028 et
1989 1971 2121 2027 dura
2141 1973 2379 2039 cervice,
2410 1974 2761 2031 reconciliare
2786 1976 3095 2031 cbristianis
3120 1992 3501 2049 usquequaque

1890 2061 2121 2132 populis
2144 2078 2173 2116 a
2197 2070 2248 2117 te
2269 2062 2448 2133 inique
2474 2065 2736 2120 accusatis
2760 2105 2775 2129 ,
2807 2066 2997 2121 saltem
3020 2066 3131 2137 jam
3159 2069 3262 2122 tuis
3297 2083 3493 2122 recon-

1910 2153 2085 2207 ciliata
2119 2154 2136 2186 ί
2167 2153 2451 2209 damnatis.
2484 2154 2622 2222 Quid
2650 2156 2910 2211 rescindis
2934 2158 3201 2227 Baptisma
3224 2159 3418 2215 Christi
3443 2159 3495 2213 in

1911 2242 2018 2297 illis
2045 2242 2127 2297 vel
2156 2258 2223 2297 ex
2249 2243 2353 2298 illis
2377 2242 2655 2312 Ecclesiis,
2685 2259 2819 2316 quas
2848 2247 3087 2316 Apostoli
3110 2246 3497 2303 fundaverunt?

1911 2331 2028 2387 Jam
2056 2331 2323 2401 Baptisma
2353 2333 2622 2403 recepisti,
2640 2334 2793 2404 quod
2815 2335 2888 2390 tui
2913 2335 3183 2402 damnati,
3210 2346 3499 2406 antequam
3565 2398 3589 2418 ο

1913 2421 2005 2477 tibi
2029 2422 2502 2478 reConciliarentur
2522 2465 2538 2490 ,
2555 2423 2838 2480 dederunt.
2866 2424 3004 2493 Quid
3032 2425 3100 2481 de
3122 2427 3496 2496 persecutione

1910 2528 2069 2584 quam
2098 2514 2297 2584 pateris
2320 2555 2335 2579 ,
2358 2515 2603 2585 gloriaris
2623 2514 2730 2572 νυνδὶ
2755 2516 2973 2586 iustitia:
2997 2518 3206 2589 signum
3266 2527 3349 2573 est
3370 2561 3387 2587 ,
3411 2518 3500 2591 ju-

1912 2602 2049 2657 stior
2067 2611 2151 2658 est
2178 2618 2301 2672 pars
2328 2603 2654 2659 Maximiani.
2674 2605 2805 2661 Nam
2826 2615 2888 2661 'et
2912 2623 2942 2663 a
2986 2617 3037 2662 te
3069 2622 3225 2679 passa
3266 2618 3345 2663 est
3373 2650 3389 2676 ,
3443 2619 3499 2665 et

1914 2694 2111 2762 patitur
2138 2711 2151 2747 :
2182 2703 2237 2748 et
2260 2708 2381 2749 cum
2404 2710 2471 2751 eo
2488 2697 2510 2729 ⁸
2528 2697 2715 2752 "audite
2735 2698 3003 2753 Psalmum
3027 2699 3291 2764 divinum,
3322 2699 3497 2755 Nolite

1911 2801 2019 2838 esse
2040 2785 2170 2839 sicut
2192 2802 2345 2854 equus
2360 2796 2407 2842 et
2426 2789 2594 2842 mulus
2614 2805 2717 2842 non
2736 2782 3294 2845 habentesintelledum
3320 2790 3493 2861 (Psal.

1914 2888 2045 2928 usi
2069 2916 2084 2939 ,
2107 2873 2184 2946 9).
2208 2874 2584 2931 Persecutores
2606 2878 2746 2933 enim
2776 2888 2985 2934 vestros
3012 2894 3111 2934 nos
3144 2879 3340 2946 dicitis,
3370 2895 3493 2936 cum

1913 2977 2008 3017 vos
2031 2964 2208 3018 salvos
2234 2964 2346 3019 fieri
2362 2967 2659 3036 cupientes,
2678 2975 2850 3026 vestra
2876 2983 2995 3038 quze
3022 2969 3198 3024 sanari
3224 2970 3491 3035 volumus,

1913 3053 2139 3109 vulnera
2162 3053 2183 3085 ³
2205 3054 2593 3110 medicinaliter
2612 3071 2996 3127 persequamur
3022 3076 3035 3112 :
3063 3058 3203 3113 unde
3231 3074 3261 3113 a
3280 3059 3497 3116 clericis

1914 3141 2546 3211 et-Circumcellionibus,
2586 3152 2837 3216 tanquam
2880 3146 3129 3202 dentibus
3165 3156 3220 3203 et
3258 3148 3493 3204 calcibus

1912 3232 2105 3287 vestris
2122 3273 2138 3300 ,
2167 3234 2400 3303 graviter
2420 3274 2437 3300 ,
2469 3234 2594 3289 dum
2616 3250 2712 3291 vos
2739 3250 3019 3303 curamus,
3041 3236 3347 3308 afﬂigimur.
3376 3238 3490 3294 No.

1913 3321 2006 3376 lite
2025 3336 2144 3377 esse
2170 3322 2363 3392 ingrati
2394 3324 2485 3378 tali
2512 3324 2789 3380 medicinae
2809 3367 2824 3391 ,
2850 3341 3006 3396 quam
3038 3328 3167 3382 estis
3190 3328 3398 3382 imitati.
3423 3329 3491 3383 Et

1913 3424 2007 3465 vos
2038 3409 2358 3466 Felicianum
2403 3421 2457 3467 et
2485 3413 2861 3469 Practextatum
2889 3416 3344 3487 persecutionibus
3369 3431 3489 3471 cor-

1912 3501 2126 3556 resistis
2161 3520 2173 3556 :
2208 3510 2368 3572 atque
2395 3503 2598 3558 utinam
2647 3512 2817 3560 totum
2846 3506 3216 3576 corrigeretis;
3264 3515 3320 3561 et
3356 3506 3499 3561 sicut

1912 3592 1988 3646 illi
2018 3592 2085 3648 ad
2115 3607 2243 3660 vos,
2275 3594 2346 3649 ita
2372 3594 2449 3650 illi
2476 3604 2531 3650 et
2571 3610 2667 3652 vos
2696 3596 2767 3652 ad
2787 3606 3011 3656 matrem
3044 3597 3373 3654 Catholicam
3405 3613 3489 3653 re-

1908 3679 2094 3736 diretis
2112 3682 2130 3734 l

1984 3770 2073 3824 70.
2102 3770 2301 3825 Contra
2336 3786 2516 3840 quam,
2544 3770 2707 3826 frater
2733 3772 3005 3836 Cresconi,
3039 3782 3180 3827 tanta
3208 3789 3267 3829 es
3318 3774 3491 3829 elatus

1910 3856 2150 3921 audacia,
2196 3866 2323 3910 uta
2373 3872 2458 3911 me
2503 3869 2915 3913 commemorata
2966 3863 3127 3915 etiam
3173 3862 3259 3915 illa
3306 3861 3484 3916 divina

1911 3945 2214 4000 testimonia
2242 3943 2488 4001 refellere
2516 3948 2787 4001 conareris
2806 3987 2822 4012 ,
2845 3957 2901 4003 et
2928 3949 3240 4019 obstrepere
3270 3951 3362 4006 Dei
3391 3967 3486 4004 vn—

1910 4037 2078 4092 eibus.
2111 4037 2223 4092 Hoc
2252 4037 2394 4092 enim
2443 4037 2594 4109 posui
2646 4039 2699 4093 in
2731 4038 2818 4094 illa
2844 4039 3088 4108 epistola,
3120 4050 3307 4096 contra
3329 4057 3487 4112 quam

1908 4128 2141 4199 loqueris
2164 4127 2303 4198 (Lib.
2334 4131 2360 4184 I
2395 4138 2571 4183 contra
2596 4128 2812 4184 Litteras
2830 4129 3093 4199 Petiliani,
3120 4149 3170 4186 n.
3200 4131 3318 4200 25),
3345 4132 3488 4202 quod

1909 4220 1962 4274 in
1993 4227 2176 4273 sancto
2197 4218 2356 4273 Libro
2385 4227 2468 4273 est
2495 4218 2561 4273 de
2588 4219 2793 4274 semine
2831 4218 3081 4282 Abrahae.
3110 4220 3176 4275 ad
3205 4220 3350 4275 illum
3391 4235 3485 4291 pa-

1908 4316 2042 4363 trem
2076 4315 2312 4362 nostrum
2346 4307 2454 4363 Deo
2479 4308 2709 4375 dicente,
2725 4307 2791 4363 In
2817 4310 3005 4364 semine
3032 4320 3118 4364 tuo
3138 4311 3489 4366 benedicentur

1908 4414 2079 4453 omnes
2104 4407 2273 4468 gentes
2299 4397 2453 4468 (Gen.
2487 4414 2621 4465 χχιι,
2650 4399 2760 4467 18).
2808 4399 2957 4467 Quod
2991 4409 3364 4456 testamentum
3390 4418 3488 4471 ap~

1908 4490 2071 4561 pellat
2091 4490 2400 4559 Apostolus,
2424 4488 2609 4545 dicens
2633 4508 2647 4544 :
2677 4489 2908 4555 Fratres,
2937 4491 3214 4545 secundum
3235 4490 3487 4544 hominem

1908 4580 2042 4646 dico,
2097 4588 2262 4633 tamen
2308 4579 2524 4631 hominis
2566 4579 2917 4646 conﬁrmatum
2968 4588 3316 4633 testamentum
3344 4596 3488 4632 nemo

1906 4669 2106 4722 irritum
2132 4669 2265 4739 facit
2281 4678 2368 4721 aut
2391 4667 2765 4736 superordinat.
2805 4667 3023 4721 Abrahae
3041 4668 3189 4722 dieue
3215 4679 3331 4722 sunt
3362 4685 3482 4737 pro-

1911 4759 2173 4813 missiones
2198 4767 2242 4811 et
2262 4757 2438 4810 semini
2458 4757 2590 4828 ejus.
2625 4755 2744 4811 Non
2772 4757 2912 4824 dicit,
2944 4755 3013 4810 Et
3052 4757 3341 4822 seminibus,
3375 4767 3487 4812 tan-

1908 4850 2132 4919 quamin
2161 4848 2368 4912 multis;
2416 4848 2506 4902 sed
2541 4858 2778 4918 tanquam
2803 4848 2858 4901 in
2900 4862 3020 4913 uno,
3044 4846 3112 4901 Et
3154 4850 3331 4902 semini
3374 4858 3481 4915 tuo,

1908 4940 2042 5007 quod
2067 4948 2136 4991 est
2157 4937 2385 4992 Christus
2412 4936 2606 5010 (Colat.
2637 4952 2714 5002 ιιι,
2762 4938 2851 5003 15,
2899 4936 3014 5007 16).
3047 4936 3215 5006 Hujus
3264 4937 3485 4991 seminis

1907 5027 2201 5083 fecunditas
2231 5037 2335 5083 tam
2364 5028 2578 5097 copiosa
2604 5027 2859 5096 promissa
2889 5036 2989 5094 est,
3035 5036 3092 5082 ut
3116 5025 3383 5082 diceretur
3412 5028 3479 5089 ei,

1908 5119 1998 5172 Sic
2040 5118 2131 5171 erit
2175 5134 2340 5171 semen
2370 5128 2508 5171 tuum
2534 5117 2658 5170 sicut
2707 5116 2863 5171 stella
2900 5117 3033 5183 caeli,
3063 5126 3111 5170 et
3159 5117 3289 5172 sicut
3329 5131 3482 5169 arena

1907 5210 2061 5262 maris
2086 5225 2199 5280 qua:
2224 5225 2322 5262 non
2350 5216 2506 5279 potest
2532 5207 2839 5261 dinumerari
2868 5206 3018 5279 (Gen.
3051 5222 3177 5273 χιιι,
3208 5206 3319 5276 Π).
3350 5204 3481 5261 Huic

1906 5307 1962 5351 tu
1988 5297 2406 5366 multiplicationi
2431 5305 2588 5366 atque
2618 5295 2843 5351 ubertati
2870 5295 2893 5328 ⁵
2922 5296 3197 5362 Ecclesiae,
3222 5308 3343 5366 qua:
3369 5301 3480 5350 toto

1969 5471 1983 5500 ι
2008 5475 2055 5517 ιη
2076 5471 2284 5528 excusis,
2303 5467 2611 5519 reconciliare
2639 5480 2657 5519 :
2681 5468 2933 5520 mendose.

1968 5532 1987 5561 ²
2013 5530 2229 5579 Nonnulli
2255 5539 2355 5579 MSS.
2381 5533 2623 5583 omittunt.
2648 5542 2758 5578 cum
2773 5543 2846 5580 eo.

1969 5591 1990 5621 ³
2013 5592 2086 5640 sic
2106 5593 2322 5652 potiores
2340 5600 2441 5640 Mss.
2470 5597 2526 5641 At
2543 5591 2674 5651 editi,
2704 5596 2955 5652 vestraque.
2972 5587 3147 5643 sanari.
3168 5587 3369 5640 miculas
3386 5587 3485 5640 vui.-

1904 5663 2130 5763 ηεξαιὲιιιιι
2156 5719 2206 5762 et
2229 5720 2352 5775 Mss,
2376 5710 2612 5787 libertati;
2642 5719 2691 5762 et
2709 5710 2849 5777 paulo
2870 5718 2995 5774 post,
3018 5722 3094 5761 vos
3119 5708 3205 5763 soli
3224 5715 3482 5763 renatum.

3561 540 3571 573 ό
