4024 6196
494 290 599 343 $35

497 399 626 453 orbe
676 396 925 452 dilatatur
950 432 968 460 ,
1011 405 1129 461 qua:
1173 385 1487 457 prophetata
1536 384 1614 437 sic
1660 380 1895 437 creditur
1923 420 1938 442 ,
1990 378 2068 431 sic

501 488 736 543 omnium
766 485 925 540 etiam
948 478 1240 536 inﬁdelium
1265 477 1432 531 oculis
1456 473 1760 538 exhibetur,
1791 480 1846 525 ut
1865 468 2079 523 claudat

502 579 660 632 etiam
686 589 780 630 ora
822 574 1172 643 Paganorum.
1204 567 1290 636 qui
1320 566 1577 622 adversus
1600 577 1718 618 eam
1774 556 2078 629 paucissimi

500 672 892 727 remanserunt,
926 668 1128 730 partem
1150 656 1337 717 Donati
1357 655 1521 710 audes
1540 663 1873 722 praeponere,
1894 648 2080 703 dicens

498 746 640 829 quod
670 766 724 812 et
758 766 955 827 praeter
978 752 1210 808 Africam
1241 748 1421 805 nescio
1444 761 1578 817 quos
1607 742 1865 806 habeatis,
1887 740 2079 810 quibus
2112 803 2115 806 ,

503 857 678 901 tamen
713 860 817 899 non
846 840 1246 913 apparentibus,
1273 854 1339 893 ex
1366 836 1541 892 Africa
1565 848 1659 889 vos
1683 832 2079 888 soleremittere

496 937 791 1006 episcopos
811 948 918 989 nou
947 932 1171 1003 negatis,
1205 944 1389 992 unum,
1421 935 1512 982 aut
1536 926 1830 989 duos,.aut
1855 932 1910 976 ut
1940 921 2079 976 mul-

503 1040 613 1086 tum
646 1034 754 1079 tres
788 1041 800 1076 :
834 1033 888 1077 et
913 1020 1297 1092 argumentaris
1324 1017 1551 1071 inaniter
1581 1023 1764 1069 contra
1789 1011 2080 1067 evidentis-

504 1115 689 1168 simam
706 1113 1007 1175 veritatem,
1025 1108 1165 1180 quod
1182 1109 1304 1165 ideo
1322 1106 1473 1161 nobis
1491 1121 1597 1159 non
1620 1111 1763 1156 totus
1779 1100 1923 1155 orbis
1935 1114 2082 1154 com-

504 1205 763 1269 municet,
794 1204 916 1272 quia
942 1201 1027 1257 vel
1052 1201 1225 1255 adhuc
1253 1198 1429 1252 multa:
1460 1204 1583 1250 sunt
1623 1196 1860 1263 gentium
1888 1189 2080 1245 barba-

450 1292 453 1297 ί
505 1311 684 1350 rarum
707 1311 823 1365 qua:
846 1295 899 1348 in
921 1292 1187 1347 Christum
1214 1289 1447 1345 nondum
1478 1286 1840 1348 crediderunt,
1868 1283 1951 1337 vel
1981 1281 2081 1335 sub

506 1384 720 1438 nomine
744 1382 937 1438 Christi
965 1383 1196 1435 haereses
1225 1378 1404 1432 multa:
1430 1392 1458 1429 a
1488 1374 1860 1430 communione
1885 1382 2081 1425 nostra:

503 1474 775 1527 societatis
812 1472 1018 1525 alienae.

574 1563 802 1619 CAPUT
826 1561 1007 1616 LXIV.
1030 1590 1103 1603 -—-
1130 1560 1220 1614 71.
1252 1559 1361 1614 Nec
1389 1557 1642 1623 attendis,
1681 1572 1778 1612 nec
1803 1557 1989 1611 saltem
2015 1556 2083 1611 ab

504 1652 796 1709 scientibus
819 1652 1031 1722 quaeris,
1061 1666 1220 1721 quam
1246 1650 1426 1704 multa:
1473 1649 1706 1718 ipsarum
1736 1648 2080 1701 barbararum

504 1746 737 1816 gentium
790 1760 924 1815 quas
970 1741 1435 1805 commemorasti,
1476 1738 1674 1794 Christi
1726 1738 1835 1807 jam
1882 1737 2083 1792 nomini

507 1836 819 1905 mancipatae
847 1834 973 1900 sint,
1000 1843 1055 1888 et
1094 1830 1545 1901 quemadmodum
1572 1830 1625 1882 in
1653 1838 1876 1884 caeteras
1904 1826 2082 1881 Evan-

504 1926 703 1994 gelium
734 1923 1026 1980 crescendo
1075 1922 1395 1977 fructiﬁcare
1439 1935 1545 1975 non
1595 1927 1790 1984 cesset,
1821 1918 1991 1971 donec
2028 1916 2083 1971 in

504 2017 751 2071 omnibus
773 2032 891 2070 cum
914 2014 1073 2069 fuerit
1094 2013 1457 2083 praedicatum,
1476 2011 1650 2065 veniat
1676 2010 1815 2064 linis.
1836 2009 1923 2064 Sic
1940 2009 2082 2063 enim

508 2108 761 2162 Dominus
794 2107 867 2160 ait
894 2124 908 2161 :
943 2105 1008 2159 Et
1036 2102 1391 2174 predicabitur
1411 2101 1505 2155 hoc
1535 2099 1869 2170 Evangelium
1893 2100 1945 2153 in
1969 2100 2085 2152 uui-

504 2212 642 2251 serso
669 2198 816 2261 orbe,
858 2197 911 2249 in
939 2195 1277 2249 testimonium
1308 2186 1546 2245 omnibus
1585 2191 1844 2262 gentibus;
1894 2200 1939 2243 et
1967 2201 2083 2243 tunc

506 2288 662 2341 veniet
688 2288 805 2356 ﬁnis
831 2285 1043 2359 (Matth.
1065 2300 1212 2349 xxrv,
1241 2283 1352 2354 14).
1383 2282 1494 2337 Nisi
1525 2282 1661 2337 forte
1698 2283 1857 2336 etiam
1882 2281 1934 2335 iu
1964 2289 2082 2334 tan-

506 2387 615 2431 tum
643 2391 741 2431 vos
773 2376 1063 2445 praecipitat
1084 2376 1267 2430 insana
1294 2372 1562 2442 superbia,
1595 2382 1651 2426 ut
1679 2372 1779 2427 hoc
1799 2371 1935 2441 quod
1952 2388 2089 2442 prae-

506 2468 704 2523 dictum
734 2477 837 2530 est,
864 2466 929 2521 de
956 2476 1103 2535 parte
1128 2464 1315 2520 Donati
1346 2464 1541 2533 putetis
1568 2462 1946 2532 incipiendum,
1977 2477 2082 2517 nou

507 2572 575 2611 cx
598 2557 702 2611 illis
731 2556 986 2611 Ecclesiis
1014 2569 1147 2624 quas
1190 2553 1428 2623 Apostoli
1458 2553 1845 2622 plautaverunt,
1894 2551 2084 2620 quibus

507 2660 611 2699 non
637 2644 994 2701 communicat
1026 2659 1148 2714 pars
1175 2642 1386 2697 Donati.
1407 2643 1487 2696 An
1509 2649 1564 2696 et
1584 2641 1725 2709 ipsas
1751 2652 1805 2694 ut
1828 2641 2083 2697 mundum

506 2734 725 2804 impleat
770 2733 1101 2802 rebaptizare
1150 2732 1428 2787 conabitur
1457 2772 1472 2795 ,
1521 2746 1643 2785 cum
1684 2731 1954 2786 Catholica
1993 2747 2086 2801 per

504 2832 692 2878 cuncta
713 2832 1006 2891 crescente,
1040 2823 1128 2878 illa
1159 2832 1211 2878 et
1246 2822 1300 2876 in
1340 2821 1453 2890 ipsa
1480 2821 1659 2876 Africa
1703 2822 1939 2891 quotidie
1982 2822 2083 2875 mi-

505 2916 734 2970 nuatur?
772 2913 817 2970 Ο
850 2930 1045 2970 vesana
1086 2913 1409 2983 perversitas
1448 2912 1751 2967 hominum!
1783 2912 2005 2967 Laudari
2035 2920 2086 2967 te

503 3005 699 3069 credis,
726 3005 795 3060 de
816 3005 1031 3059 Christo
1056 3004 1323 3058 credendo
1363 3003 1505 3073 quod
1550 3018 1657 3057 non
1700 3003 1884 3068 vides;
1914 3013 1967 3058 et
1990 3003 2086 3058 da-

506 3098 675 3155 tnnari
707 3107 758 3152 te
786 3113 889 3151 non
915 3097 1109 3160 credis,
1130 3096 1195 3150 de
1208 3096 1443 3150 Ecclesia
1462 3096 1702 3165 negando
1730 3096 1871 3164 quod
1901 3096 2082 3160 vides;

506 3202 627 3243 cum
661 3187 786 3242 illud
817 3196 974 3256 caput
1001 3187 1053 3240 in
1078 3186 1214 3242 caelo
1239 3187 1342 3251 sit,
1376 3186 1477 3240 hoc
1500 3202 1693 3255 corpus
1723 3187 1775 3240 in
1806 3188 1981 3241 terra?

576 3279 665 3334 72.
710 3280 965 3348 Agnoscis
994 3276 1264 3333 Christum
1302 3278 1355 3331 iu
1391 3292 1459 3332 eo
1498 3278 1637 3346 quod
1684 3280 1939 3346 scriptum
1981 3287 2083 3347 est,

510 3369 754 3424 Exaltare
780 3386 934 3438 super
975 3369 1126 3423 caelos
1145 3402 1162 3427 ,
1194 3367 1329 3421 Deus
1357 3384 1376 3422 :
1404 3377 1460 3423 et
1497 3383 1600 3422 non
1630 3369 1873 3437 agnoscis
1900 3368 2083 3424 Eccle-

509 3459 642 3513 siam
670 3459 721 3512 in
749 3474 814 3513 eo
840 3458 981 3528 quod
1010 3458 1266 3527 sequitur,
1298 3455 1361 3513 Et
1381 3474 1529 3527 super
1549 3474 1744 3510 omnem
1769 3467 1950 3511 terram
1974 3459 2087 3528 glo-

510 3547 589 3601 ria
617 3557 704 3601 tua
735 3546 903 3620 (Psal.
926 3563 1056 3610 cvu,
1081 3547 1177 3616 6)?
1206 3547 1462 3613 Agnoscis
1486 3546 1751 3601 Christum
1779 3547 1831 3601 iu
1859 3563 1924 3601 eo
1948 3547 2089 3617 quod

511 3637 763 3705 scriptum
790 3647 893 3702 est,
920 3636 968 3690 F
969 3636 1182 3689 oderunt
1209 3652 1388 3689 manus
1412 3652 1547 3688 meas
1570 3646 1615 3689 et
1640 3636 1789 3707 pedes
1815 3654 1949 3690 meos
1968 3677 1982 3699 ,
2011 3639 2089 3690 di-

510 3735 895 3784 numerauerunt
925 3727 1093 3780 omnia
1120 3741 1235 3780 ossa
1268 3741 1414 3790 mea;
1452 3726 1551 3795 ipsi
1587 3743 1701 3780 vero
1739 3728 2089 3781 considerate.

510 3825 628 3871 runt
649 3826 695 3871 et
715 3824 1078 3885 conspexerunt
1104 3831 1183 3868 me
1206 3832 1219 3867 :
1243 3814 1512 3869 diviserunt
1530 3815 1625 3870 sibi
1651 3817 1934 3869 vestimenta
1957 3834 2086 3881 ritca,

511 3917 558 3961 et
575 3923 729 3976 super
749 3916 926 3962 vestem
952 3922 1111 3960 meam
1137 3906 1377 3959 miserunt
1400 3915 1581 3960 sortem
1605 3923 1623 3960 :
1647 3916 1827 3963 etnon
1848 3911 2092 3978 agnoscis

514 3996 806 4050 Ecclesium
834 3997 886 4050 in
911 4010 977 4051 eo
1000 3995 1141 4066 quod
1172 3996 1330 4065 paulo
1359 4005 1479 4063 post
1497 3998 1752 4064 sequitur,
1777 3999 2087 4054 Commemo-

508 4087 755 4144 rabuntur
796 4097 843 4142 et
886 4096 1232 4145 convertentur
1272 4085 1341 4139 ad
1384 4085 1655 4139 Dominum
1702 4090 1920 4143 universi
1965 4091 2092 4157 ﬁnes

511 4186 693 4239 terris;
728 4185 774 4229 et
801 4175 1086 4230 adorabunt
1114 4176 1167 4228 in
1194 4185 1460 4246 conspectu
1487 4176 1597 4246 ejus
1635 4176 1880 4233 universa:
1914 4181 2094 4248 patriae

508 4265 732 4333 gentium
754 4266 770 4295 ⁸
799 4263 969 4335 (Psal.
998 4280 1086 4319 xx:
1107 4305 1122 4330 ,
1150 4265 1248 4327 17,
1274 4265 1361 4329 18,
1386 4264 1472 4329 19,
1495 4264 1629 4334 28)?
1656 4269 1913 4335 Agnoscis
1936 4270 2091 4327 Chri-

508 4360 649 4405 stum
680 4353 732 4406 in
762 4367 827 4406 eo
856 4352 996 4421 quod
1027 4354 1281 4421 scriptum
1310 4366 1427 4420 est,
1461 4353 1630 4421 Deus,
1665 4356 1921 4426 judicium
1950 4369 2093 4416 tuum

509 4440 613 4507 regi
644 4439 730 4503 da,
762 4448 807 4493 et
827 4440 1081 4509 justitiam
1112 4451 1246 4492 tuam
1274 4442 1381 4509 filio
1408 4444 1540 4512 regis
1567 4460 1586 4497 :
1615 4455 1669 4498 et
1709 4461 1812 4500 non
1851 4451 2094 4515 agnoscis

512 4526 801 4585 Ecclesium
830 4530 883 4583 in
908 4544 974 4584 eo
1000 4529 1141 4599 quod
1168 4530 1410 4585 Psalmus
1438 4533 1551 4601 ipse
1574 4543 1816 4599 teSIatur,
1845 4535 2092 4592 Domina-

509 4617 643 4671 bitur
665 4633 697 4671 a
724 4619 854 4675 mari
882 4635 1038 4688 usque
1064 4621 1131 4673 ad
1158 4637 1328 4686 mare,
1354 4630 1400 4674 et
1428 4638 1459 4673 a
1482 4623 1691 4691 ﬂumine
1714 4641 1870 4694 usque
1893 4628 1961 4681 ad
1989 4638 2091 4681 ter-

508 4708 671 4761 minos
710 4696 843 4762 orbis
883 4718 1078 4767 terrae:
1112 4726 1283 4766 coram
1321 4711 1412 4764 illo
1458 4712 1685 4766 deciderit
1712 4712 2016 4786 zEtliiopes,
2048 4730 2092 4772 et

507 4797 699 4851 inimici
722 4799 828 4869 ejus
849 4808 1035 4855 terram
1056 4801 1263 4870 lingent.
1289 4800 1451 4871 Reges
1471 4799 1682 4856 Tharsis
1703 4813 1750 4857 et
1774 4805 1955 4860 insula:
1977 4824 2091 4861 mu-

509 4902 630 4940 nera
658 4886 888 4955 oferent,
917 4905 1058 4960 reges
1087 4889 1309 4947 Arabum
1337 4902 1386 4946 et
1412 4891 1552 4946 Saba
1578 4894 1711 4947 dona
1738 4896 2024 4961 adducent;
2048 4908 2093 4953 et

510 4974 789 5030 adorabunt
814 4993 927 5030 eum
951 4993 1121 5032 omnes
1144 4995 1284 5049 reges
1309 4991 1475 5047 terrae,
1502 4998 1672 5036 omnes
1697 4995 1863 5054 gentes
1883 4987 2092 5042 servient

513 5065 560 5119 ei
588 5064 760 5137 (Psal.
789 5081 912 5122 uxr
932 5108 946 5130 ,
976 5065 1040 5133 2,
1068 5068 1123 5133 8,
1153 5068 1278 5139 ll)?
1303 5071 1565 5139 Agnoscis
1591 5072 1857 5128 Christum
1894 5077 1980 5133 ubi
2006 5077 2091 5131 di-

512 5154 650 5209 eitur
675 5154 742 5209 ad
764 5154 978 5210 Iudaeos
996 5196 1012 5221 ,
1048 5156 1169 5211 Non
1198 5169 1270 5212 est
1299 5160 1422 5213 mihi
1448 5161 1676 5215 voluntas
1706 5164 1757 5217 in
1783 5166 1946 5231 vobis,
1971 5168 2092 5221 dicit

507 5247 758 5302 Dominus
785 5249 1098 5317 omnipotens
1117 5290 1131 5307 .
1163 5266 1253 5304 nec
1282 5253 1529 5320 accipiam
1554 5255 1804 5322 sacrificia
1833 5258 1895 5311 de
1922 5261 2087 5315 maniv

508 5444 970 5554 Zetenwttggaverlt
994 5445 1260 5507 legendum
1282 5447 1377 5507 hic,
1402 5450 1639 5513 ubertati;
1677 5463 1728 5503 et
1760 5454 1897 5513 infra,
1922 5470 2001 5509 vos
2018 5472 2089 5509 so-

535 5566 584 5637 fut
745 5566 938 5637 quidam
962 5564 1053 5633 hoc
1071 5564 1179 5637 loco
1201 5567 1381 5637 addunt
1405 5606 1419 5625 .
1460 5574 1683 5633 quoniam
1707 5578 1896 5629 Domini
1918 5586 1986 5630 est
2009 5594 2087 5630 re-

505 5634 671 5688 illum,
686 5632 731 5677 ct
752 5626 854 5691 ipse
872 5626 1192 5681 dominabitur
1208 5630 1433 5694 genuum.
1473 5626 1483 5633 '
1672 5626 1675 5627 ν
1702 5648 1707 5655 .

1230 275 1500 334 comas
1540 228 1972 328 casscoxwu
2014 264 2467 330 DONA'l‘lSTAM,
2509 265 2564 319 s.
2607 266 2969 322 aucusmt

3658 268 3768 321 5'56

2180 378 2271 432 bus
2298 380 2507 442 vestris;
2544 378 2665 448 quia
2698 380 2876 449 utique
2900 378 3094 433 Christi
3135 377 3396 432 adventus
3423 379 3641 433 abstulit
3674 379 3763 434 illa

2181 468 2357 520 omnia
2398 467 2654 522 sacriﬁcia
2679 466 2983 522 Judaeorum
3014 484 3028 518 ε
3058 477 3112 521 et
3142 481 3249 521 non
3290 469 3533 536 agnoscis
3576 468 3767 524 EOCIC!

2182 558 2315 613 siam
2342 559 2393 613 in
2417 574 2483 613 eo
2507 558 2649 629 quod
2674 560 2934 628 sequitur,
2964 559 3216 626 Quoniam
3239 557 3302 612 ab
3324 570 3437 613 ortu
3465 560 3587 613 solis
3612 576 3771 627 usque

2182 650 2251 703 ad
2269 666 2521 715 occasum,
2551 649 2889 721 gloriﬁcatum
2912 660 2982 703 est
3006 666 3187 704 nomen
3208 666 3374 703 nicum
3397 650 3448 703 in
3469 650 3701 721 gentibus
3724 653 3767 715 ',

2183 742 2304 795 dicit
2336 741 2583 797 Dominus
2610 742 2922 814 omnipotens
2951 740 3205 810 (Malach.
3231 758 3277 807 t,
3308 743 3393 809 10,
3426 744 3514 812 ll)
3539 744 3563 797 ?
3594 745 3773 812 Agno-

2183 832 2290 887 scis
2311 831 2581 888 Christum
2610 832 2660 887 in
2687 847 2753 887 eo
2781 831 2919 901 quod
2946 831 3075 886 dicit
3102 831 3380 900 propheta,
3403 830 3548 885 Sicut
3573 834 3679 885 ovis
3702 833 3771 884 ad

2183 924 2548 977 immolandum
2573 924 2753 978 ductus
2781 932 2851 978 est
2884 922 3034 994 (Isui.
3065 939 3185 986 LIII,
3215 924 3303 993 7),
3332 932 3385 979 et
3421 934 3613 987 cetera
3649 940 3771 993 qua:

2184 1013 2257 1067 ibi
2302 1013 2369 1069 de
2409 1013 2500 1067 illo
2541 1022 2791 1083 tauquam
2827 1014 2880 1067 in
2919 1013 3208 1083 Evangelia
3250 1014 3497 1084 leguntur
3526 1033 3540 1069 :
3567 1024 3619 1068 et
3663 1030 3763 1069 non

2184 1105 2431 1174 agnoscis
2463 1104 2753 1159 Ecclesium
2785 1104 2836 1158 in
2862 1118 2927 1158 eo
2963 1104 3105 1174 quod
3144 1103 3300 1172 paulo
3328 1112 3447 1172 post
3470 1103 3625 1167 dicit,
3653 1104 3768 1158 ιω-

2187 1204 2311 1259 tare,
2337 1194 2544 1260 sterilis,
2568 1210 2680 1264 gnte
2705 1211 2804 1247 non
2833 1195 3007 1261 paris;
3033 1210 3236 1264 erumpe
3259 1203 3307 1248 et
3332 1196 3516 1258 clama,
3539 1192 3653 1263 qua
3672 1212 3772 1248 non

2188 1285 2407 1353 parturis
2431 1300 2450 1337 :
2475 1285 2711 1352 quoniam
2740 1285 2885 1337 multi
2914 1285 3010 1353 ﬁlii
3033 1285 3261 1348 desertis,
3295 1285 3454 1355 magis
3482 1302 3633 1355 quam
3660 1287 3773 1354 ejus

2186 1388 2300 1440 qua
2324 1373 2470 1426 habet
2496 1374 2676 1427 virum.
2714 1372 2855 1427 Dixit
2883 1375 3019 1428 enim
3048 1372 3296 1428 Dominus
3337 1389 3355 1427 :
3395 1372 3569 1427 Dilata
3608 1376 3773 1428 locum

2188 1465 2494 1518 tabernaculi
2517 1465 2625 1529 tui,
2655 1474 2701 1518 et
2724 1466 2869 1518 aulas
2894 1475 3005 1519 tuas
3028 1464 3260 1535 conﬁge;
3283 1481 3383 1518 non
3405 1475 3474 1518 est
3495 1465 3631 1533 quod
3653 1482 3771 1534 par-

2187 1571 2307 1619 cas,
2339 1556 2541 1626 porrige
2565 1556 2766 1627 longius
2795 1556 3047 1625 funiculos
3065 1597 3081 1622 ,
3114 1558 3257 1626 palos
3284 1556 3478 1609 validos
3504 1556 3770 1624 conﬁrma,

2188 1647 2340 1699 etiam
2367 1655 2519 1724 atque
2541 1647 2692 1700 etiam
2730 1646 2782 1699 in
2819 1647 3077 1700 dexteram
3118 1656 3265 1715 atque
3305 1647 3560 1722 sinistram
3599 1659 3770 1699 exten-

2188 1738 2331 1792 dens.
2361 1737 2546 1793 Semen
2571 1738 2704 1791 enim
2733 1748 2874 1790 tuum
2899 1737 3214 1791 Itazreditabit
3242 1749 3447 1806 gentes;
3477 1747 3524 1791 et
3552 1738 3775 1793 ciuitates

2186 1843 2301 1899 quas
2335 1828 2541 1882 desertis
2576 1837 2749 1895 erant,
2781 1827 3101 1881 inltabitabis.
3135 1825 3257 1880 Non
3286 1836 3358 1881 est
3386 1827 3520 1895 quod
3544 1838 3773 1887 metuas;

2189 1918 2477 1985 prtevalebis
2498 1918 2630 1972 enim
2654 1933 2779 1971 :nec
2803 1918 3063 1971 erubescas
3091 1916 3224 1986 quod
3250 1916 3552 1970 detestabilis
3578 1918 3773 1985 fueris;

2188 2009 2536 2077 confusionem
2560 2009 2693 2063 enim
2721 2008 2773 2061 in
2805 2018 3095 2079 perpetuum
3123 2007 3456 2070 Oblivisceris,
3484 2008 3775 2077 ignominiae

2189 2098 2448 2151 viduitatis
2476 2108 2575 2153 tua:
2601 2115 2702 2152 non
2738 2098 2836 2153 eris
2865 2112 3093 2151 memor:
3118 2097 3354 2167 quoniam
3391 2114 3483 2167 ego
3521 2114 3636 2151 sum
3665 2096 3774 2151 Do-

2189 2188 2355 2241 minus
2383 2188 2469 2256 qui
2494 2188 2626 2256 facio
2656 2196 2702 2241 te
2720 2227 2736 2251 ,
2768 2185 3016 2240 Dominus
3045 2203 3224 2240 nomen
3248 2186 3294 2239 ei
3311 2202 3329 2249 ;
3362 2197 3407 2238 et
3436 2186 3520 2254 qui
3548 2187 3677 2239 eruit
3707 2197 3771 2250 te,

2189 2277 2456 2349 ipseDeus
2479 2277 2644 2332 Israel
2665 2278 2908 2331 universa:
2927 2286 3071 2330 terra:
3092 2277 3347 2330 vocabitur
3368 2274 3478 2345 (Id.
3502 2292 3605 2341 Ltv,
3636 2276 3774 2346 1-5).

2261 2368 2487 2424 CAPUT
2526 2367 2686 2423 LXV.
2723 2398 2793 2408 —
2823 2370 2912 2423 73.
2942 2368 2996 2421 lu
3024 2367 3109 2421 his
3142 2376 3290 2422 certe
3326 2367 3540 2421 Litteris
3576 2369 3777 2422 sanctis

2194 2460 2486 2516 Ecclesiam
2516 2462 2643 2517 dicit
2670 2462 2999 2534 Cyprianus,
3032 2472 3091 2516 ut
3126 2462 3330 2517 diceret
3363 2479 3377 2515 :
3420 2461 3510 2517 Sic
3546 2460 3777 2515 Ecclesia

2193 2550 2398 2605 Domini
2421 2553 2532 2606 luce
2556 2556 2791 2621 perfusa,
2822 2569 2910 2620 per
2936 2553 3105 2606 orbem
3129 2561 3288 2605 totum
3319 2551 3491 2605 radios
3514 2568 3633 2606 suos
3658 2569 3778 2621 por-

2190 2643 2321 2695 rexit
2341 2680 2356 2703 ,
2386 2657 2554 2695 ramos
2582 2658 2699 2695 suos
2740 2657 2829 2709 per
2852 2642 3131 2696 universam
3157 2652 3341 2694 terram
3369 2643 3516 2710 copia
3539 2643 3781 2695 ubertatis

2191 2733 2413 2787 extendit
2444 2732 2579 2805 (Lib.
2609 2733 2673 2786 de
2698 2732 3037 2800 Simplicitate
3064 2732 3425 2797 Prtelatorum,
3452 2751 3537 2788 seu
3564 2735 3628 2787 de
3651 2733 3781 2787 Uni-

2193 2834 2293 2877 tate.
2322 2823 2608 2896 Ecclesiae).
2644 2824 2776 2879 Huic
2796 2864 2811 2889 ,
2852 2825 3135 2888 Cresconi,
3167 2834 3327 2879 tanta:
3366 2820 3779 2881 manifestationi

2191 2912 2493 2968 divinorum
2520 2914 2852 2984 eloquiorum
2878 2916 3217 2970 calumniaris
3238 2956 3252 2980 ,
3281 2916 3537 2972 intuendo
3564 2917 3781 2971 residua

2191 3004 2431 3072 gentium
2448 3045 2464 3068 ,
2498 3020 2618 3073 qua:
2644 3004 2878 3059 nondum
2905 3006 3183 3073 occupavit
3201 3006 3473 3071 Ecclesia;
3499 3014 3555 3061 et
3581 3017 3780 3075 quanta

2192 3095 2561 3162 occupaverit,
2590 3095 2732 3151 unde
2772 3095 2839 3150 ad
2884 3097 3093 3152 residua
3136 3098 3362 3153 tenenda
3403 3099 3642 3168 quotidie
3672 3099 3784 3154 dii-

2193 3184 2447 3251 lunditur,
2481 3202 2584 3239 non
2614 3186 2861 3241 attendis.
2895 3187 3173 3255 Quomodo
3202 3189 3346 3245 enim
3378 3188 3783 3259 prophetiarnm

2194 3274 2412 3329 istarum
2444 3274 2670 3330 futuram
2698 3277 3078 3345 perfectionem
3107 3293 3210 3333 non
3240 3294 3398 3348 negas
3419 3320 3432 3339 ,
3455 3280 3546 3350 qui
3574 3290 3782 3334 tantum

2197 3375 2504 3433 provectum
2529 3405 2543 3429 ,
2585 3366 2669 3419 cui
2712 3366 2937 3421 debetur
2977 3367 3086 3436 ipsa
3129 3368 3419 3437 perfectio,
3449 3386 3643 3439 negare
3674 3388 3785 3426 non

2193 3454 2402 3509 dubitas
2421 3496 2434 3520 ,
2465 3471 2569 3509 non
2595 3455 2715 3509 dico
2742 3455 2999 3511 adversus
3028 3473 3185 3514 voces
3207 3458 3417 3512 divinas
3436 3500 3451 3523 ,
3476 3461 3568 3513 sed
3592 3461 3703 3529 jam
3732 3471 3787 3515 ct

2194 3543 2449 3597 adversus
2480 3545 2635 3598 tuas?
2659 3544 2791 3599 Nam
2816 3554 2869 3600 et
2890 3546 2958 3601 de
2985 3555 3036 3601 te
3062 3547 3113 3601 vi
3140 3564 3327 3616 magna
3356 3549 3521 3616 ipsius
3544 3550 3786 3603 veritatis

2195 3648 2507 3701 expressum
2534 3645 2635 3696 est,
2666 3645 2721 3688 ut
2741 3636 2948 3691 diceres
2977 3639 3241 3700 nesciens,
3267 3640 3340 3692 vel
3372 3655 3474 3693 non
3499 3642 3787 3695 attendens

2196 3725 2321 3792 quid
2362 3724 2591 3788 dixeris,
2622 3726 2763 3795 quod
2808 3727 2860 3779 in
2895 3725 3236 3781 Christianum
3276 3746 3455 3782 nomen
3486 3740 3620 3784 totus
3654 3747 3788 3801 quo.

2197 3816 2318 3869 tidie
2344 3817 2561 3869 vertitur
2590 3818 2822 3871 mundus.
2864 3820 2970 3873 Cur
2997 3834 3127 3888 ergo
3168 3820 3291 3876 huic
3329 3821 3587 3875 Ecclesia:
3608 3865 3637 3891 ,ν
3666 3840 3786 3892 qtun

2199 3916 2308 3961 toto
2356 3908 2555 3962 mundo
2600 3909 2891 3964 crescendo
2938 3911 3221 3977 dilatatur,
3274 3929 3378 3967 non
3426 3916 3787 3969 communicat

2198 4016 2320 4068 pars
2349 4001 2575 4056 Donati?
2613 4001 2871 4057 Videlicet
2916 4019 2982 4058 ne
3019 4019 3052 4058 a
3088 4006 3456 4073 peccatoribus
3496 4008 3786 4073 polluatur.

2200 4092 2265 4146 Et
2290 4092 2375 4146 ubi
2403 4103 2487 4147 est
2510 4094 2651 4161 quod
2682 4108 2785 4147 non
2816 4094 2967 4148 istam
2995 4105 3247 4159 vestram,
3271 4112 3387 4163 quae
3419 4098 3469 4150 in
3491 4096 3669 4151 Africa
3699 4114 3788 4153 re.

2199 4196 2422 4236 manens
2460 4182 2576 4236 orbi
2619 4191 2880 4238 terrarum
2914 4184 3296 4247 calumniatur,
3323 4196 3411 4239 aut
3438 4203 3504 4241 ex
3529 4188 3703 4241 Africa
3736 4190 3788 4244 in

2200 4271 2381 4339 paucis
2411 4272 2696 4326 latentibus
2727 4274 3097 4341 peregrinatur
3116 4315 3130 4337 ,
3161 4275 3256 4329 sed
3288 4276 3429 4331 illum
3457 4293 3578 4345 quae
3607 4294 3792 4333 ramos

2198 4375 2324 4414 suos
2360 4377 2453 4429 per
2490 4362 2790 4416 universam
2834 4372 3029 4417 terram
3058 4366 3210 4433 copia
3241 4366 3495 4419 ubertatis
3522 4369 3787 4430 extendit,

2200 4452 2366 4504 uoluit
2388 4451 2560 4507 deseri
2590 4451 2885 4522 Cyprianus
2903 4494 2919 4519 ,
2946 4455 3152 4508 etiamsi
3184 4456 3235 4509 in
3260 4455 3374 4524 ejus
3398 4458 3784 4512 communiunt:

2199 4556 2304 4594 non
2329 4550 2530 4593 tantum
2554 4542 2679 4608 sint,
2708 4558 2887 4597 verum
2910 4556 3203 4614 appareant
3224 4555 3550 4615 peccatores,
3575 4546 3791 4613 dicens,

2199 4630 2339 4684 Nam
2377 4632 2469 4685 etsi
2506 4632 2737 4686 videntur
2762 4634 2815 4688 in
2844 4634 3068 4689 Ecclesia
3097 4652 3202 4690 esse
3229 4637 3456 4701 sisania,
3487 4654 3587 4690 non
3617 4648 3793 4691 tamen

2197 4721 2431 4788 impediri
2454 4721 2594 4777 debet
2620 4724 2696 4777 vel
2720 4724 2867 4791 fides,
2894 4726 2970 4778 vel
2990 4726 3210 4781 charitas
3235 4736 3443 4790 nostra;
3467 4737 3521 4779 ut
3545 4729 3793 4795 quoniam

2198 4813 2395 4865 zizania
2421 4829 2528 4867 esse
2555 4814 2606 4868 in
2637 4814 2866 4869 Ecclesia
2895 4818 3145 4871 cernimus
3165 4856 3179 4880 ,
3222 4818 3322 4886 ipsi
3354 4819 3419 4871 de
3443 4816 3674 4873 Ecclesia
3706 4838 3793 4875 re-

2198 4903 2434 4956 cedamus
2463 4902 2553 4972 (ln
2586 4903 2750 4971 Epist.
2782 4906 2849 4958 ad
2877 4904 3206 4976 Maximum).

2267 4992 2494 5050 CAPUT
2524 4993 2706 5048 LXVI.
2733 5024 2804 5036 -—
2828 4996 2916 5049 74.
2947 4995 3045 5049 llic
3084 5005 3140 5051 et
3178 5006 3234 5051 tu
3274 4997 3575 5067 responde,
3606 4998 3652 5053 si
3696 4998 3793 5052 tibi

2198 5079 2371 5152 placet
2395 5084 2506 5139 veri
2527 5083 2723 5153 aliquid
2745 5085 3089 5154 respondere,
3113 5097 3166 5142 et
3186 5088 3455 5157 quomodo
3476 5089 3795 5159 implebitur

2197 5172 2335 5240 quod
2366 5174 2618 5242 scriptum
2646 5183 2759 5237 est.
2796 5174 2959 5229 Filius
2989 5178 3151 5229 malus
3178 5179 3288 5245 ipse
3315 5194 3369 5231 se
3396 5179 3602 5247 justum
3641 5180 3791 5246 dicit,

2197 5265 2382 5318 exitum
2402 5276 2568 5317 autem
2591 5282 2738 5318 suum
2762 5284 2859 5319 non
2880 5267 3036 5320 abluit
3062 5267 3239 5336 (Prov.
3260 5284 3403 5334 xxrv,
3423 5269 3561 5339 apud
3580 5270 3750 5342 LXX)
3770 5277 3792 5325 ?

2196 5352 2272 5406 Da
2314 5369 2440 5423 ergo
2480 5354 2643 5407 lilium
2687 5357 2955 5424 malum',
2997 5358 3441 5414 Maximiancnses
3481 5361 3705 5415 damnet
3736 5373 3790 5416 ct

2261 5466 2275 5492 ι
2306 5460 2491 5529 Addunt
2507 5462 2583 5529 hic
2616 5464 2760 5512 iidem
2783 5471 2911 5529 Mss,
2928 5474 2981 5529 (et
2998 5467 3045 5515 in
3067 5466 3195 5516 omni
3218 5467 3321 5517 loco
3342 5467 3586 5518 incensum
3624 5470 3790 5519 adole-

2198 5522 3112 5597 bitunnomini_‘nu'o,letuliostia_pura
3146 5541 3158 5553 ο
3181 5541 3410 5597 magnum
3445 5529 3576 5579 enim
3614 5544 3787 5580 nomen

2195 5595 2353 5631 meum
2375 5586 2673 5645 ingentibus,
2693 5586 2809 5635 dicit
2835 5588 3063 5638 Dominus
3083 5586 3391 5645 omnipo'tens.

2261 5647 2277 5677 ³
2306 5655 2402 5692 am.
2431 5652 2481 5693 et
2498 5660 2668 5696 curuos
2690 5654 2793 5699 Mss.
2815 5662 2826 5699 ε
2851 5656 2926 5699 Da
2948 5662 3062 5713 ergo
3092 5652 3157 5701 ad
3193 5647 3350 5715 ﬁlium
3372 5650 3552 5703 nmium
3581 5666 3598 5703 .'
3624 5652 3752 5703 forte
3770 5686 3785 5715 ,
