4024 6196
286 291 381 346 551

289 413 651 479 persequatur,
673 398 936 455 damnatis
957 406 1012 453 et
1032 394 1322 466 persecutis
1346 388 1748 450 reconcilietur;
1778 384 1861 439 vel

289 476 363 551 sic
388 496 729 550 convincatur
748 533 763 553 ,
793 490 875 544 vel
901 490 978 544 sic
1006 485 1385 547 confundatur,
1417 480 1502 535 vel
1528 480 1607 534 sic
1634 476 1865 543 corrige.

292 600 391 642 tur.
421 584 688 650 Quomodo
710 623 725 646 ,
754 580 927 649 inquis
945 621 960 643 ,
1003 588 1135 632 totus
1171 576 1305 631 orbis
1336 571 1685 627 communione
1707 577 1871 621 vestra

293 680 471 746 plenus
497 682 567 727 est
587 715 602 737 ,
632 672 716 726 ubi
748 679 849 723 tam
885 668 1057 722 multa:
1079 677 1194 721 sunt
1224 665 1434 718 hereses
1453 703 1466 724 ,
1494 675 1712 729 quarum
1738 657 1872 710 vobis

294 766 433 818 nulla
458 760 831 816 communicat?
860 760 971 812 lmo
1000 772 1103 811 non
1136 764 1339 810 tantum
1369 750 1630 806 hmrcticis
1648 790 1663 815 ,
1693 762 1875 802 verum

295 856 453 909 etiam
485 850 695 905 caeteris
738 847 1040 901 hominibus
1079 843 1232 898 malis
1275 842 1462 911 plenus
1498 850 1581 895 est
1621 837 1796 900 orbis,
1825 844 1879 889 et

298 943 494 998 sanctis
525 957 585 995 ac
614 939 857 994 Iidelibus
883 938 974 991 Dei
1007 937 1175 991 servis
1216 933 1404 1002 plenus
1430 940 1511 985 cst
1540 929 1685 983 orbis
1716 945 1729 981 :
1758 926 1879 995 quia

298 1043 353 1088 et
381 1049 527 1086 mare
566 1030 781 1100 plenum
820 1037 903 1083 est
931 1025 1124 1082 amaris
1155 1022 1399 1078 [luctibus
1418 1061 1433 1088 ,
1466 1021 1679 1090 plenum
1718 1027 1799 1071 est
1828 1026 1883 1071 et

300 1123 541 1178 dulcibus
571 1118 823 1191 piscibus.

372 1215 461 1268 75.
502 1210 570 1275 In
597 1211 770 1283 paucis
790 1251 805 1274 ,
838 1208 1031 1278 inquis,
1065 1208 1348 1277 frequenter
1371 1211 1441 1256 est
1469 1200 1687 1263 veritas;
1716 1213 1884 1252 errare

304 1306 572 1357 multorum
598 1313 688 1354 est.
725 1300 787 1354 Et
814 1315 880 1354 ne
906 1297 1081 1353 verbis
1108 1297 1209 1350 tuis
1235 1303 1394 1349 tanta:
1420 1292 1560 1346 illius
1585 1288 1784 1344 sterilis
1811 1288 1885 1340 fe-

304 1393 559 1448 cunditati
585 1389 951 1445 contradicere
979 1386 1237 1441 videreris
1261 1384 1345 1438 cui
1375 1382 1571 1437 dictum
1599 1390 1699 1442 est,
1731 1377 1885 1432 Multi

307 1486 397 1552 ﬁlii
424 1484 635 1537 deserta
652 1523 667 1547 ,
694 1481 856 1550 magis
883 1495 1035 1549 quam
1062 1479 1171 1547 ejus
1196 1490 1311 1546 qute
1340 1473 1481 1527 habet
1509 1473 1669 1525 virum
1692 1486 1710 1524 :
1731 1469 1884 1523 adhi-

309 1574 463 1629 buisti
490 1590 554 1627 ex
580 1572 866 1640 Evangelio
893 1568 1275 1630 teStimouium,
1316 1565 1568 1631 Quoniam
1597 1561 1745 1633 pauci
1773 1568 1888 1615 sunt

305 1665 391 1734 qui
412 1665 671 1718 salvantur
700 1660 849 1734 (Luc.
880 1676 969 1714 xm
988 1699 1004 1724 ,
1034 1657 1147 1727 εδ).
1177 1657 1338 1727 Solve
1361 1670 1489 1725 ergo
1517 1652 1885 1722 quaestionem,

307 1754 573 1825 quomodo
605 1754 718 1823 ipse
747 1752 1001 1805 Dominus
1032 1749 1207 1813 dicat,
1251 1746 1416 1811 Quam
1440 1753 1580 1797 arcta
1607 1752 1651 1795 et
1677 1750 1890 1810 angusta

305 1859 375 1902 est
409 1851 488 1900 cia
525 1861 636 1916 qua:
661 1844 797 1898 ducit
826 1843 892 1895 ad
926 1843 1109 1904 vitam,
1141 1850 1185 1894 et
1212 1839 1359 1910 pauci
1383 1846 1497 1890 sunt
1525 1835 1610 1906 qui
1635 1833 1889 1886 inveniunt

306 1955 416 1991 eam
443 1936 658 2007 (Matth.
688 1932 783 2001 v'n,
813 1932 935 2005 M)!
980 1942 1034 1986 et
1064 1930 1201 1985 idem
1233 1929 1347 1998 ipse
1376 1926 1500 1980 alibi
1530 1925 1703 1987 dicat,
1738 1921 1889 1975 Multi

303 2029 367 2081 ab
394 2034 585 2081 oriente
612 2036 656 2080 et
683 2024 935 2078 occidente
964 2021 1179 2081 venient,
1211 2029 1255 2072 et
1282 2016 1561 2071 recumbent
1586 2030 1699 2085 cum
1725 2011 1890 2065 Abra-

309 2121 424 2170 ham
453 2126 501 2171 et
526 2115 678 2170 Isaac
702 2125 747 2168 et
773 2112 933 2167 Jacob
957 2112 1010 2165 in
1036 2126 1189 2180 regno
1215 2109 1455 2161 cazlorum
1481 2103 1590 2174 (Id.
1618 2118 1731 2167 vut,
1761 2099 1847 2171 ii)
1872 2117 1886 2164 ;

307 2207 577 2279 quomodo
622 2206 782 2262 etiam
830 2206 883 2259 in
924 2201 1238 2272 Apocalypsi
1277 2198 1670 2252 demonstretur
1706 2206 1889 2247 eorum

310 2298 622 2362 multitudo,
655 2311 811 2367 quam
859 2307 1143 2349 munerare
1190 2303 1345 2343 nemo
1390 2293 1595 2355 poterat
1639 2299 1703 2338 ex
1748 2281 1891 2335 onmi

305 2400 465 2458 gente
493 2398 546 2444 et
572 2389 710 2443 tribu
742 2395 795 2440 et
819 2386 1017 2455 lingua,
1052 2380 1358 2437 habentium
1389 2377 1554 2430 stolas
1582 2375 1749 2435 albas,
1783 2373 1892 2442 pal-

308 2497 530 2551 masque
560 2479 864 2541 ferentium,
892 2477 978 2546 qui
1008 2487 1283 2545 pressurus
1310 2479 1525 2539 propter
1554 2467 1707 2520 Iidem
1735 2464 1893 2519 Chri-

305 2573 375 2626 sti
406 2570 768 2625 sustinuerant
808 2566 990 2640 (Apoc.
1027 2580 1126 2625 vit,
1159 2562 1214 2635 9)
1246 2580 1257 2614 :
1287 2558 1550 2630 quoruodn
1590 2555 1748 2609 iidem
1788 2554 1896 2608 sint

306 2665 462 2734 pauci
506 2664 594 2732 qui
636 2661 807 2715 multi.
836 2658 1016 2727 Neque
1042 2655 1183 2709 enim
1216 2654 1439 2705 alterunt
1467 2649 1654 2703 harum
1690 2656 1771 2700 est
1807 2660 1896 2699 vc-

307 2770 450 2820 rum,
480 2753 701 2806 alterum
732 2749 955 2810 falsum,
984 2761 1103 2800 cmn
1135 2743 1199 2796 sit
1232 2751 1513 2807 utrumque
1538 2738 1711 2790 divina
1744 2734 1893 2788 Veri-

306 2854 419 2898 tate
449 2843 729 2912 prolatum,
764 2839 863 2893 nisi
895 2837 1016 2907 quia
1048 2833 1203 2888 iidem
1231 2831 1327 2900 ipsi
1356 2829 1479 2883 boni
1508 2827 1725 2894 verique
1745 2823 1899 2877 Chri-

303 2936 501 2999 stiani,
529 2935 617 3003 qui
649 2947 740 3002 per
770 2946 830 2986 se
870 2930 1015 2998 ipsos
1055 2925 1202 2979 multi
1239 2930 1395 2983 sunt,
1424 2920 1475 2973 in
1501 2916 1897 2984 comparatione

302 3026 572 3079 malorum
614 3022 971 3087 falsorumque
1014 3015 1193 3070 itidem
1233 3012 1383 3083 pauci
1420 3020 1562 3064 sunt.
1605 3007 1696 3062 Sic
1735 3004 1898 3060 multa

300 3131 475 3185 grana
507 3114 699 3182 quibus
726 3111 918 3165 horrea
947 3123 1132 3177 magna
1160 3104 1523 3172 complentur,
1561 3113 1725 3170 pauca
1764 3097 1899 3153 dici-

300 3222 432 3259 mus
459 3206 510 3258 iu
537 3201 933 3271 comparatione
963 3198 1253 3267 palearum.
1282 3194 1369 3247 Sic
1400 3194 1555 3245 etiam
1574 3231 1587 3255 ,
1612 3202 1667 3242 ut
1693 3189 1758 3242 de
1785 3188 1901 3255 ipso

301 3295 403 3348 Dei
437 3300 759 3348 testamento
787 3288 993 3349 dicam,
1026 3281 1167 3353 quod
1206 3283 1397 3334 factum
1433 3289 1512 3332 est
1539 3278 1604 3332 ad
1633 3276 1901 3330 Abraham

293 3388 367 3441 de
402 3384 618 3438 semine
647 3381 762 3447 ejus
790 3376 930 3448 quod
960 3383 1039 3429 est
1062 3374 1306 3427 Christus
1325 3413 1340 3438 ,
1371 3371 1549 3425 multa:
1578 3376 1702 3423 sunt
1737 3366 1904 3421 stella:

291 3491 448 3547 quas
489 3485 774 3526 numerare
818 3483 922 3522 non
964 3479 1281 3537 possumus,
1326 3462 1518 3532 quibus
1558 3472 1661 3515 tam
1703 3458 1903 3529 grande

290 3567 512 3624 «mlum
556 3561 783 3629 undique
822 3556 1217 3625 circumfulgct,
1258 3561 1311 3607 et
1353 3566 1545 3621 paucas
1586 3550 1810 3605 dicimus
1850 3549 1901 3601 in

295 3652 720 3724 comparatione
747 3663 924 3703 arena:
952 3645 1134 3700 maris.
1179 3642 1335 3697 Forte
1366 3642 1535 3696 stella:
1569 3640 1901 3710 signiﬁcave-

298 3754 438 3797 runt
475 3738 781 3811 spirituales
818 3736 1178 3797 Christianos,
1208 3733 1367 3785 maris
1395 3740 1569 3784 autem
1600 3743 1760 3782 arena
1784 3742 1904 3780 car-

299 3835 462 3889 nales
481 3874 495 3895 ,
526 3846 620 3901 per
646 3844 780 3898 quos
806 3837 860 3883 et
892 3841 958 3882 ex
985 3825 1177 3894 quibus
1202 3823 1361 3876 etiam
1404 3820 1638 3873 haereses
1678 3828 1733 3872 et
1762 3817 1904 3871 schi-

296 3932 489 3979 smata
520 3927 650 3975 liunt
678 3938 693 3975 :
724 3929 946 3986 utroque
987 3925 1161 3969 tamen
1200 3926 1396 3981 genere
1423 3910 1608 3978 plenus
1633 3917 1714 3962 est
1756 3921 1907 3960 mun-

297 4019 411 4070 dus
435 4055 449 4077 ,
478 4013 601 4083 quia
644 4011 782 4066 idem
816 4008 1071 4063 Dominus
1099 4003 1256 4067 dicit,
1285 4002 1417 4070 Ager
1445 4009 1516 4053 est
1544 3998 1625 4052 hic
1654 3997 1906 4061 mundus;

298 4117 358 4163 et
394 4116 457 4160 tu
486 4106 601 4173 ipse
628 4102 721 4157 tibi
752 4100 973 4156 veritate
1014 4102 1361 4163 extorquente
1393 4091 1602 4157 dixisti,
1636 4089 1703 4143 In
1728 4105 1907 4142 nomen

297 4196 655 4251 christianum
692 4201 824 4245 totus
861 4186 1083 4259 quotidie
1110 4186 1313 4237 vertitur
1342 4180 1578 4233 mundus.
1614 4180 1714 4233 Per
1739 4188 1905 4233 totum

300 4288 481 4357 igitur
508 4294 715 4353 agrum,
746 4281 848 4334 hoc
872 4286 974 4342 est,
1006 4291 1102 4345 per
1132 4284 1299 4327 totum
1330 4270 1583 4325 mundum
1621 4267 1906 4333 frumenta,

302 4393 411 4447 per
441 4384 616 4429 tutum
642 4372 877 4435 zizania;
907 4369 1027 4439 quia
1052 4366 1121 4421 de
1140 4374 1367 4435 utroque
1396 4362 1528 4417 dixit
1557 4362 1644 4434 qui
1673 4360 1779 4415 falli
1806 4372 1910 4415 non

302 4476 520 4540 potest,
546 4465 708 4520 Sinite
728 4468 1177 4534 utraque’Cresccre
1202 4473 1355 4526 usque
1378 4456 1445 4508 ad
1466 4450 1671 4507 messem
1699 4450 1911 4524 (Matth.

304 4575 411 4615 xm
436 4601 455 4625 ,
485 4556 578 4622 '68,
611 4553 724 4624 50).

379 4649 624 4707 CAPUT
662 4645 867 4704 LXVII.
897 4675 969 4685 —
1018 4644 1085 4699 76
1137 4640 1433 4697 Cohibeant
1479 4638 1655 4707 itaque
1699 4653 1758 4693 se
1800 4635 1913 4691 fru-

301 4756 629 4801 mentorum
662 4757 755 4810 per
802 4748 968 4793 totum
1015 4735 1269 4791 mundum
1317 4742 1461 4785 tanta
1515 4732 1756 4785 ubertate
1797 4745 1916 4784 cre-

300 4835 592 4891 sccntium
623 4833 766 4901 impii
798 4830 1098 4884 desertores
1122 4868 1137 4891 ,
1188 4835 1240 4880 et
1287 4839 1391 4876 non
1421 4822 1648 4875 audeant
1692 4820 1759 4874 de
1786 4835 1919 4887 quo-

300 4923 574 4980 rumdam
616 4922 936 4974 zizaniorum
969 4924 1333 4985 separatorum
1381 4910 1642 4981 paucitate
1678 4908 1914 4978 gloriari.

298 5013 481 5089 Quod
524 5012 566 5065 si
596 5012 889 5081 gloriantur
908 5050 922 5071 ,
953 5009 1112 5061 etiam
1144 5006 1196 5059 in
1224 5005 1324 5057 hoc
1351 5002 1465 5071 ipso
1492 5000 1783 5070 procedunt
1818 4999 1917 5053 ad-

302 5118 520 5160 versus
545 5118 637 5156 eos
663 5101 820 5155 iidem
851 5099 923 5153 illi
950 5097 1406 5156 Maximiancnses,
1438 5092 1637 5161 judicio
1662 5092 1676 5121 ¹
1701 5091 1879 5144 divino
1898 5131 1914 5157 ,

296 5197 372 5251 ad
408 5208 519 5249 eos
550 5193 600 5245 in
632 5192 878 5244 oiimibus
898 5184 1297 5243 confundendos
1320 5225 1332 5247 ,
1361 5194 1443 5245 et,
1475 5183 1519 5236 si
1547 5182 1771 5250 sapiant,
1796 5197 1919 5236 cur-

298 5284 583 5358 rigcndos
608 5281 832 5353 appositi
868 5299 881 5336 :
912 5294 1044 5350 quos
1072 5276 1239 5331 multo
1271 5274 1547 5343 pauciores
1591 5272 1919 5342 praetidentia

296 5455 400 5505 pro
423 5476 469 5505 ,_
504 5436 1010 5505 ad,_repetendn_2n,
1056 5429 1317 5505 da.'t’at_tlo
1362 5437 1467 5491 post
1491 5430 1632 5505 nediti
1675 5429 1916 5499 ferebant,

298 5489 384 5555 ἱέι
414 5489 469 5549 si
496 5489 822 5557 cmtcincatrtr,
862 5494 945 5557 vet
966 5489 1009 5557 si
1048 5489 1389 5555 confundatur,
1430 5489 1501 5540 vel
1538 5491 1582 5542 si
1623 5490 1917 5555 corrigatur.

296 5560 716 5630 meliusit‘uidam
732 5555 859 5630 htssﬂ
878 5555 947 5630 vel
967 5555 1053 5630 sic.

375 5629 393 5657 ι
429 5614 579 5676 Editi,
604 5619 654 5669 in
668 5614 872 5683 judicio.
901 5616 1162 5676 ttcduadat,
1188 5614 1264 5671 iu,
1292 5627 1385 5663 nec
1408 5616 1455 5664 in
1480 5614 1699 5666 omnbus
1724 5621 1800 5663 est
1824 5627 1922 5662 ma-

294 5683 606 5744 inscriptis.

1645 265 1849 326 LIBER
1889 262 2200 320 TERTIUS.

3455 276 3559 330 558

1981 380 2329 435 multitudinis
2355 398 2464 437 sua:
2506 384 2767 453 persecuti
2804 394 2957 450 sunt,
2998 398 3051 441 et
3088 393 3456 461 persequendo
3495 397 3561 450 ad

1980 485 2129 522 suam
2174 472 2599 528 communionem
2629 475 2834 544 aliquos
2858 492 3040 530 eorum
3074 478 3250 533 denuo
3284 492 3565 538 converte-

1966 568 2139 625 'ruut,
2179 574 2244 613 ac
2279 561 2357 615 sic
2393 572 2619 618 cancros
2640 563 2996 633 justissimos,
3025 584 3130 637 quo
3159 571 3177 601 ί
3217 572 3565 639 paucissimos

1984 650 2331 720 reliquerunt.

2055 742 2143 795 77.
2181 740 2336 808 Non,
2366 745 2570 814 inquis,
2611 750 2943 803 communicat
2990 751 3172 806 Oriens
3213 754 3435 825 Africae,
3476 772 3566 808 nec

1984 835 2161 906 Africa
2186 835 2401 891 Orienti.
2439 838 2555 893 Non
2584 854 2713 894 sane
2732 880 2747 906 ,
2790 843 2884 895 sed
2914 842 2964 897 in
3005 844 3171 913 paleis
3201 844 3466 901 haereticis
3501 848 3569 901 ab

1985 940 2109 981 area
2147 925 2412 982 dominica
2439 931 2698 998 separatis
2726 950 2738 984 :
2768 933 2818 986 in
2848 932 3125 989 frumentis
3146 946 3324 990 autem
3353 938 3570 991 catholi-

1987 1019 2064 1074 cis
2092 1028 2148 1073 et
2188 1019 2524 1074 interioribus
2554 1021 2719 1089 paleis
2756 1024 2972 1077 omnino
2997 1027 3355 1081 communicat
3378 1027 3570 1084 Oriens

1989 1109 2214 1172 Africa,
2244 1120 2298 1164 et
2336 1110 2510 1165 Africa
2552 1111 2777 1168 Orienti.
2806 1113 2906 1167 Alii
2946 1116 3140 1183 quippe
3168 1116 3282 1184 hic,
3322 1118 3411 1170 alii
3444 1134 3570 1173 vero

1989 1199 2114 1253 alibi
2142 1211 2299 1270 atque
2329 1202 2454 1256 alibi
2485 1201 2718 1257 ha'rctici
2746 1218 2867 1257 cum
2890 1204 3077 1258 diﬂusa
3102 1206 3293 1275 ubique
3313 1210 3570 1263 catholica

1992 1290 2190 1343 unitate
2224 1291 2530 1361 conﬂigunt.
2573 1293 2776 1363 Ubique
2802 1305 2882 1348 est
2906 1296 3047 1350 enim
3074 1297 3161 1349 illa
3192 1296 3257 1350 de
3281 1313 3383 1365 qua
3425 1299 3571 1351 exie-

1992 1392 2133 1448 runt,
2160 1384 2390 1453 quiesse
2417 1385 2609 1454 ubique
2633 1388 2850 1439 minime
2890 1396 3197 1455 potuerunt,
3226 1388 3465 1442 dicentes
3490 1404 3576 1442 se-

1990 1474 2221 1527 cundum
2251 1476 2300 1529 id
2328 1476 2466 1545 quod
2495 1478 2560 1531 de
2600 1478 2701 1530 illis
2729 1477 3036 1545 pra-dictum
3062 1488 3178 1542 est,
3217 1479 3345 1533 Ecce
3382 1482 3465 1534 hic
3505 1492 3575 1533 ρει

1993 1567 2239 1632 Christus,
2263 1586 2375 1622 ecce
2402 1571 2507 1623 illic
2524 1568 2738 1637 (Matth.
2764 1586 2911 1635 sxw,
2936 1568 3027 1639 ‘25)
3050 1589 3060 1623 :
3081 1571 3166 1623 alii
3192 1570 3293 1625 hoc
3313 1572 3450 1637 loco,
3470 1573 3575 1625 alio

1992 1659 2077 1712 alii
2108 1660 2369 1714 variarum
2407 1662 2897 1729 pra-sumptionum,
2941 1663 3019 1716 vel
3062 1664 3235 1731 potius
3259 1664 3577 1731 amputatio-

1994 1764 2117 1801 num
2149 1751 2387 1817 proprias
2409 1751 2690 1817 particalas
2720 1751 3064 1803 ostendentes
3080 1791 3094 1814 ,
3118 1762 3275 1819 atque
3300 1752 3459 1820 impia
3482 1768 3573 1806 su-

1994 1840 2176 1908 perbia
2225 1839 2454 1895 radicem
2506 1840 2645 1893 unde
2693 1841 2840 1894 fracti
2893 1849 3017 1893 sunt
3057 1840 3398 1909 almcgantes.
3447 1842 3576 1896 lluic

1993 1944 2121 2000 ergo
2149 1929 2420 1992 Ecclesiw,
2450 1944 2567 1997 qua:
2596 1930 2827 1997 copiosis
2849 1930 3215 1995 successibus,
3248 1946 3368 1983 cum
3389 1931 3578 1986 dilata-
3624 1977 3628 1981 .

1995 2028 2079 2075 tur
2107 2029 2218 2075 toto
2245 2019 2376 2075 orbe
2404 2032 2663 2074 terrarum
2682 2061 2697 2086 ,
2726 2037 2791 2075 ex
2820 2021 2962 2074 omni
2989 2031 3146 2089 gente
3172 2063 3185 2086 ,
3229 2022 3368 2075 tribu
3394 2030 3446 2077 et
3473 2023 3575 2077 lin-

1992 2128 2114 2183 gua,
2144 2114 2277 2182 parit
2299 2113 2686 2181 multitudinem
2710 2114 3107 2168 candidatorum
3125 2124 3178 2169 et
3206 2116 3413 2183 palmatt
3436 2132 3575 2183 rum,

1994 2206 2130 2259 sicut
2150 2206 2203 2259 in
2237 2206 2554 2276 Apocalypsi
2583 2206 2835 2274 scriptum
2866 2215 2946 2261 est
2969 2248 2982 2271 ,
3021 2221 3178 2273 quam
3211 2222 3368 2260 nemo
3394 2223 3579 2263 nume-

1994 2312 2115 2351 rare
2147 2306 2320 2365 potest
2349 2315 2361 2350 :
2387 2296 2537 2361 huic,
2573 2297 2816 2365 inquam,
2843 2296 3095 2351 Ecclesia:
3120 2298 3203 2351 cui
3233 2307 3433 2366 partem
3478 2300 3579 2353 Do-

1996 2389 2102 2442 nati
2132 2404 2238 2442 non
2266 2388 2661 2442 communicare
2689 2387 3022 2441 manifestum
3066 2397 3176 2451 est,
3217 2386 3449 2459 'majores
3485 2406 3578 2445 ve-
3644 2413 3647 2417 ⁴

1996 2478 2092 2532 stri
2123 2477 2348 2547 probare
2376 2477 2706 2542 debuerunt,
2742 2490 3090 2545 quacumque
3119 2493 3241 2530 vera
3263 2478 3580 2532 documenta

1996 2569 2063 2622 de
2096 2569 2438 2623 traditoribus
2470 2568 2785 2622 habuerunt.
2816 2567 2965 2634 Quod
3004 2568 3049 2621 si
3092 2566 3372 2635 fecissent,
3403 2569 3499 2638 ipsi
3530 2570 3580 2622 iu

1999 2658 2084 2711 illa
2127 2668 2341 2721 esseut,
2381 2669 2530 2712 extra
2580 2658 2720 2711 illam
2751 2674 2877 2712 vero
2904 2658 2976 2711 illi
3023 2674 3160 2728 quos
3194 2669 3531 2714 accusasseut
3565 2678 3583 2716 :

1999 2763 2142 2802 nunc
2169 2758 2343 2802 autem
2371 2766 2491 2803 cum
2536 2759 2811 2803 accusatos
2859 2749 2909 2802 iu
2961 2749 3048 2802 illa
3100 2753 3456 2819 permansisse
3499 2753 3580 2805 vi-

1998 2841 2239 2900 deamus.
2265 2840 2387 2908 quid
2417 2841 2537 2894 boni
2565 2841 2631 2895 de
2654 2842 3050 2895 accusatoribus
3076 2844 3272 2896 sentire
3302 2844 3579 2901 debemus.

2000 2944 2133 2999 quos
2160 2941 2309 2983 extra
2338 2931 2481 2984 illam
2512 2930 2795 2984 videmus?
2826 2933 2902 2984 Ac
2929 2946 3022 3000 per
3049 2932 3147 2986 hoc
3170 2934 3221 2986 in
3245 2933 3327 2986 illa
3363 2934 3583 3003 quaer

2002 3022 2193 3090 partita
2236 3021 2637 3083 disnributione,
2672 3022 2758 3075 ubi
2798 3022 2937 3085 dixi,
2969 3038 3090 3075 cum
3136 3023 3203 3077 de
3244 3024 3585 3079 traditoribus

2003 3112 2343 3181 proferuntur
2365 3128 2430 3166 ex
2459 3123 2679 3181 utraque
2709 3123 2857 3182 parte
2877 3114 3214 3179 documenta,
3247 3125 3333 3170 aut
3364 3128 3585 3184 utraque

2002 3218 2126 3257 vera
2155 3218 2273 3257 esse
2293 3243 2308 3268 ,
2340 3210 2429 3257 aut
2451 3213 2670 3271 utraque
2691 3203 2841 3267 falsa,
2870 3214 2958 3257 aut
2987 3214 3165 3259 nostra
3193 3220 3317 3260 vera
3338 3215 3391 3261 et
3411 3217 3585 3263 vestra

2004 3295 2168 3359 falsa,
2198 3305 2290 3349 aut
2331 3306 2511 3349 nostra
2541 3296 2669 3349 falsa
2699 3305 2753 3349 et
2782 3304 2954 3349 vestra
2988 3312 3109 3350 vera
3157 3296 3291 3366 (Lib.
3342 3298 3362 3350 1
3413 3308 3587 3351 contra

2006 3385 2220 3440 Litteras
2252 3386 2516 3455 Petiliani,
2547 3405 2598 3440 n.
2625 3387 2740 3458 23);
2765 3403 2885 3441 cum
2911 3388 3119 3441 videres
3142 3390 3191 3441 in
3226 3390 3589 3457 superioribus

2006 3479 2173 3533 tribus
2204 3494 2295 3533 vos
2325 3478 2575 3533 facillime
2607 3480 2878 3547 superari,
2909 3480 3102 3535 frustra
3143 3481 3235 3535 tibi
3266 3481 3368 3536 hoc
3409 3491 3591 3537 extre-

2008 3587 2187 3637 mum,
2224 3572 2376 3641 quasi
2417 3587 2519 3641 qua
2557 3572 2813 3626 evadercs
2838 3614 2852 3637 ,
2897 3573 3123 3643 el~gisti.
3170 3562 3421 3640 Quamvis
3448 3576 3591 3628 enim

2005 3678 2162 3732 quam
2208 3662 2547 3729 impudenter
2572 3664 2781 3717 dicatur
2822 3663 3104 3726 advertas;
3152 3674 3325 3717 tamen
3373 3679 3435 3718 ea
3479 3665 3593 3731 ipsa

2007 3769 2130 3807 vera
2157 3765 2331 3807 vestra
2352 3794 2366 3816 ,
2400 3753 2443 3805 si
2483 3768 2585 3820 qua
2616 3762 2794 3807 essent
2837 3752 3066 3805 humana
3111 3753 3424 3807 documenta
3452 3796 3467 3819 ,
3519 3754 3593 3807 illi

2011 3846 2264 3900 Ecclesia:
2317 3844 2527 3912 probari
2576 3843 2911 3909 debuerunt,
2963 3859 3121 3912 quam
3164 3844 3388 3912 probant
3431 3844 3567 3899 docu

2011 3946 2187 3991 menta
2216 3936 2414 3989 divina.

2078 4026 2304 4081 CAPUT
2344 4024 2572 4079 vam.
2596 4010 2774 4081 —'7s.
2807 4024 2897 4078 Die
2925 4023 3088 4088 mihi,
3122 4022 3349 4079 obsecro
3390 4033 3469 4088 ως
3500 4024 3592 4077 sed

2010 4118 2118 4171 noli
2159 4116 2434 4171 oii'uudcre
2474 4116 2697 4171 nebulas
2737 4114 3024 4184 imperitis,
3058 4124 3114 4169 ut
3139 4113 3387 4183 quoniam
3426 4113 3592 4167 tradi-

2013 4220 2156 4264 torcs
2184 4219 2459 4263 accusatos
2480 4224 2583 4262 non
2610 4209 2755 4262 vales
2782 4206 3119 4271 convincere,
3147 4203 3435 4259 identidem
3463 4204 3596 4258 velis
3631 4246 3639 4252 .

2012 4308 2154 4355 artes
2178 4299 2482 4354 dialecticas
2518 4312 2770 4352 accusare
2804 4315 2818 4351 :
2860 4296 2946 4350 dic
2970 4310 3097 4365 ergo
3116 4337 3130 4359 ,
3164 4309 3294 4363 rogo
3322 4303 3374 4348 te
3394 4334 3408 4356 ,
3437 4308 3594 4347 causa

2014 4392 2114 4446 ista
2146 4401 2318 4445 vestra
2340 4405 2460 4445 cum
2485 4390 2621 4443 veris
2646 4387 2981 4444 documentis
3007 4386 3199 4441 vestris
3229 4384 3482 4454 perducta
3517 4394 3599 4439 est

1927 4537 1933 4543 .
2013 4484 2080 4539 ad
2103 4483 2351 4552 indicium
2378 4481 2848 4535 transmarinarum
2870 4478 3226 4533 Ecclesiarum
3257 4476 3440 4530 labore
3467 4491 3596 4544 apo-

2016 4579 2204 4632 stolico
2230 4575 2583 4637 fundatarum,
2608 4588 2675 4627 an
2706 4587 2810 4627 non
2841 4580 2924 4626 est
2951 4569 3243 4640 perducta?
3266 4566 3320 4622 Si
3347 4566 3596 4636 perducta

2017 4679 2119 4731 est,
2148 4668 2346 4723 vicistis
2377 4668 2428 4720 in
2453 4682 2518 4720 eo
2538 4664 2757 4735 judicio,
2781 4677 2847 4717 au
2876 4662 2995 4716 victi
3017 4660 3183 4717 esus?
3208 4659 3265 4714 Si
3291 4658 3483 4712 vicisse
3507 4671 3601 4709 vos
3668 4658 3675 4663 '

2018 4762 2192 4816 dicitis
2212 4803 2225 4825 ,
2257 4776 2351 4817 cur
2378 4760 2455 4814 eis
2485 4757 2734 4813 Ecclesiis
2756 4797 2772 4822 ,
2814 4756 2867 4809 in
2894 4768 3115 4823 quarum
3142 4751 3335 4822 judicio
3360 4749 3559 4804 vicistis
3584 4791 3598 4808 ,

2021 4868 2126 4907 non
2166 4847 2604 4906 communicatis?
2626 4846 2684 4902 Si
2708 4854 2885 4900 autem
2917 4843 3079 4914 (quod
3106 4842 3233 4896 satis
3261 4842 3373 4909 ipsa
3405 4839 3600 4895 indicat

2021 4944 2088 4998 ab
2109 4944 2185 4997 eis
2212 4942 2439 4997 alienata
2466 4950 2644 4994 vestra
2672 4933 2997 5005 communio)
3031 4934 3152 4988 victi
3179 4933 3326 4994 estis,
3358 4930 3483 5000 quid
3511 4944 3604 4982 uo-

2022 5038 2227 5091 biscum
2261 5036 2342 5089 vel
2383 5033 2519 5087 mala
2550 5031 2631 5085 vel
2660 5031 2797 5084 bona
2824 5043 2983 5082 causa
3028 5025 3231 5095 perdita
3268 5024 3482 5092 litigatis
3507 5062 3520 5085 ,
3554 5021 3602 5075 id

2026 5130 2282 5184 habentes
2309 5127 2594 5180 maximum
2616 5124 2838 5186 crimen,
2874 5119 3014 5189 quod
3038 5118 3259 5172 crimine
3289 5115 3602 5169 traditarum

2024 5237 2158 5295 quos
2202 5220 2255 5274 in
2296 5216 2492 5288 judicio
2534 5213 3003 5269 transmarinarum
3044 5207 3399 5263 EccleSiarum
3443 5203 3607 5257 etiam

2024 5329 2148 5369 veta
2184 5312 2499 5366 documenta
2534 5308 2866 5378 proiereutes
2891 5301 3210 5357 convincere
3257 5295 3473 5350 minime
3508 5306 3606 5360 po-

2028 5408 2203 5463 tuistis
2228 5447 2243 5471 ,
2284 5406 2467 5459 orbem
2506 5399 2853 5455 christianum
2902 5392 3216 5465 perfunditis
3241 5431 3254 5453 ,
3285 5388 3404 5457 quia
3451 5387 3503 5438 in
3543 5397 3605 5436 ca

2028 5515 2185 5555 causa
2226 5499 2275 5551 in
2314 5510 2415 5565 qua
2446 5495 2705 5548 interesse
2748 5503 2852 5544 non
2898 5486 3102 5555 potuit,
3147 5480 3306 5551 elegit
3342 5476 3609 5549 iudicibus

2097 5664 2122 5705 ί
2139 5676 2212 5721 Er.
2239 5677 2291 5721 et
2312 5676 2443 5730 Low,
2466 5679 2598 5741 quos.
2627 5664 2791 5716 Melius
2813 5670 2912 5712 Αω.
2940 5663 3132 5718 etMss.,
3160 5667 3267 5717 quo.
