4024 6196
409 319 508 372 639

411 435 630 487 cru-dore
653 469 668 493 ,
703 442 804 481 non
835 415 1228 476 accusatoribus
1257 408 1445 464 victis?
1488 405 1601 460 Non
1648 404 1824 470 itaque
1868 392 1988 493 ideo

415 526 487 578 r--i
519 489 680 581 estis,
709 516 828 586 quia
871 513 1059 565 bonam
1087 516 1300 560 causam
1327 542 1340 566 ,
1388 508 1443 551 ut
1468 494 1760 552 secundum
1787 506 1879 586 vos
1907 489 1990 586 lo-

413 628 584 682 quar,
627 579 677 661 in
720 579 1300 682 irattsmariuojudicio
1345 586 1648 682 perdidistis
1685 602 1698 637 :
1737 581 1829 682 sed
1871 579 1992 682 quia

417 673 615 756 crimen
648 674 860 752 reorum
882 734 896 757 ,
928 701 1106 761 atque,
1148 695 1202 740 ut
1233 684 1450 738 nimium
1484 678 1633 733 vobis
1656 673 1879 729 cedatur
1899 710 1911 732 .
1941 677 1997 723 et

418 794 646 866 jmliwm
666 833 681 854 ,
713 797 787 843 tot
819 781 1188 840 innocentibus
1216 775 1423 846 populis
1458 768 1761 866 christianis
1904 771 2001 866 .tot

419 855 604 954 gentes
634 883 786 948 longe
814 878 1022 944 lateque
1048 871 1273 932 dill'usis,
1297 866 1528 935 objicere
1551 861 1768 916 minime
1794 855 2003 954 dubita-

423 947 507 1030 ἧς.
550 947 784 1041 Quorum
815 964 1170 1024 communioni
1200 974 1448 1030 tanquam
1475 952 1753 1011 frumentis
1777 947 2003 1004 domini-

423 1068 498 1120 cis
529 1061 865 1126 coluerendo,
893 1069 945 1111 et
969 1058 1085 1110 illos
1110 1054 1272 1118 viros,
1307 1051 1443 1104 sicut
1465 1047 1658 1110 dicitis,
1684 1043 1964 1099 tradilores
1986 1080 2002 1104 ,

426 1163 476 1207 et
507 1153 624 1206 illos
665 1151 860 1214 malos,
887 1149 1023 1200 sicut
1049 1140 1376 1198 arbitramini
1401 1181 1413 1202 ,
1437 1137 1643 1207 judices
1663 1178 1677 1200 ,
1715 1131 2007 1188 secundum

429 1244 762 1312 evangelicas
789 1240 1035 1303 Litteras,
1067 1236 1223 1289 etiam
1253 1237 1503 1285 monente
1530 1227 1813 1298 Cypriane,
1841 1236 2006 1290 usque

435 1335 502 1386 ad
552 1344 758 1400 tempus
797 1327 1183 1390 ventilationis,
1229 1334 1476 1391 tanquam
1523 1318 1726 1387 paleam
1783 1314 2012 1368 tolerare

432 1421 727 1484 debuistis,
758 1434 824 1473 ne
861 1432 1037 1470 aream
1081 1412 1377 1468 deserendo
1421 1406 1682 1477 periretis.
1732 1403 1786 1459 Si
1835 1409 2012 1454 autem

436 1529 592 1566 causa
628 1512 713 1564 illa
743 1520 913 1564 vestra
941 1521 1058 1560 cum
1098 1505 1236 1557 veris
1260 1543 1274 1566 ,
1307 1499 1444 1569 quod
1474 1499 1560 1552 tibi
1592 1495 1792 1565 elcgisti
1815 1537 1828 1558 ,
1859 1492 2018 1546 docu-

439 1602 630 1656 mentis
656 1601 763 1654 suis
785 1599 848 1651 ad
874 1596 1127 1666 judicium
1159 1590 1629 1646 transmarinarum
1658 1584 2015 1640 Ecclesiarum

442 1710 544 1746 non
572 1700 654 1745 est
687 1689 956 1758 perducta;
985 1683 1250 1754 quomodo
1277 1683 1342 1735 ab
1367 1682 1443 1734 eis
1475 1685 1757 1747 potuerunt
1788 1686 1861 1728 tot
1905 1674 2020 1742 epi-

442 1783 587 1850 scopi
621 1782 671 1833 itt
702 1779 810 1832 suis
851 1775 1090 1846 plebibus
1118 1771 1386 1827 constituti
1418 1785 1574 1823 causa
1622 1767 1884 1833 incognita
1905 1805 1920 1830 ,
1966 1771 2021 1816 et

446 1873 510 1925 ad
553 1887 610 1926 se
653 1870 866 1922 omnino
897 1884 998 1920 non
1031 1865 1199 1918 delata
1223 1904 1234 1921 ,
1261 1862 1380 1928 jure
1410 1859 1644 1912 damnari
1671 1857 1694 1909 ?
1733 1857 1836 1908 Aut
1883 1869 2018 1922 quo-

449 1960 605 2014 modo
631 1959 919 2012 debuerunt
950 1955 1056 2006 Afri
1081 1951 1362 2006 Christiani
1390 1992 1402 2014 ,
1433 1965 1534 2000 non
1572 1947 1690 2000 dico
1718 1945 1790 1997 illi
1818 1943 1906 2012 qui
1929 1956 2023 1996 eos

452 2059 762 2118 putaverunt
810 2047 1147 2102 innocentes,
1195 2055 1375 2092 verum
1421 2038 1578 2090 etiatn
1621 2035 1695 2088 illi
1739 2034 1781 2086 si
1813 2033 1900 2101 qui
1931 2046 2025 2084 eos

452 2148 703 2194 noverant
731 2137 1008 2190 tradituros
1028 2177 1041 2196 ,
1090 2142 1303 2202 propter
1339 2130 1536 2183 zizania
1562 2144 1680 2196 quac
1709 2128 1758 2179 in
1790 2125 2026 2180 Ecclesia

449 2246 569 2284 esse
603 2227 924 2289 cernebant,
972 2239 1000 2278 a
1047 2223 1430 2277 frumentorum
1472 2228 1576 2272 tam
1619 2218 1777 2286 longe
1821 2217 2028 2283 lateque

450 2316 822 2380 crescentium,
847 2325 898 2369 et
923 2313 1021 2367 hos
1052 2311 1420 2381 ignorantium,
1446 2316 1550 2361 tam
1577 2306 1850 2361 manifesta
1879 2305 2030 2358 inno-

452 2409 623 2463 centia
654 2405 922 2473 separari,
950 2412 1005 2458 ut
1030 2411 1242 2472 iropter
1267 2400 1467 2454 crimen
1507 2398 1736 2452 alienum
1758 2436 1772 2460 ,
1801 2409 1908 2464 quo
1936 2407 2031 2462 pro

457 2500 655 2553 unitate
677 2497 898 2551 tolerato
927 2511 1028 2547 non
1056 2491 1466 2557 maculareutur,
1495 2488 1700 2542 violata:
1726 2487 1888 2557 ipsius
1915 2486 2033 2540 uui-

458 2593 577 2645 tatis
600 2589 820 2642 crimine
848 2584 1260 2640 damnarentur?
1924 2571 1928 2574 ’

527 2678 748 2735 CAPUT
792 2675 976 2732 LXIX.
1005 2705 1076 2716 —
1101 2676 1196 2730 79.
1237 2673 1372 2740 Quid
1405 2673 1494 2728 tibi
1539 2688 1665 2742 ergo
1707 2671 1771 2726 ad
1820 2685 2032 2725 causam

459 2771 704 2840 prodest,
736 2769 836 2824 hoc
859 2784 926 2824 ex
962 2769 1068 2822 illis
1105 2775 1330 2838 quatuor
1357 2765 1639 2836 propositis
1675 2764 1935 2834 elegisse,
1979 2771 2036 2817 ut

460 2870 632 2915 vestra
677 2860 990 2914 documenta
1037 2857 1142 2911 sint
1180 2871 1336 2920 vera,
1386 2865 1567 2910 contra
1613 2863 1817 2909 vestros
1860 2862 2036 2907 autem

459 2968 577 3021 qmc
620 2949 962 3019 proferimus,
1009 2947 1136 3002 falsa
1181 2962 1300 3002 esse
1337 2946 1671 3014 deputentur.
1705 2946 1842 3000 Ecce
1869 2955 1922 2999 et
1953 2943 2040 2998 hic

463 3041 722 3103 vinceris;
752 3039 997 3108 quoniam
1026 3037 1165 3091 veris
1201 3053 1318 3106 qua:
1349 3044 1501 3103 putas
1539 3035 1871 3090 documentis
1899 3035 2035 3101 tuis,

466 3147 570 3186 non
602 3137 916 3200 potuerunt,
949 3127 1035 3181 ubi
1077 3127 1404 3189 debuerunt,
1434 3126 1674 3180 convinci
1719 3125 2037 3192 traditorcs;

465 3224 578 3278 sive
604 3238 635 3276 a
663 3223 852 3276 vestris
878 3219 1062 3274 eadem
1089 3218 1402 3273 docmnenta
1423 3218 1625 3270 occulta
1653 3217 1778 3280 sint,
1803 3217 1916 3272 sive
1942 3217 2041 3286 ipsi

469 3312 747 3367 traditores
775 3309 1006 3380 qualibet
1034 3308 1224 3363 astutia
1251 3322 1310 3362 se
1331 3307 1596 3377 judicibus
1624 3307 2006 3362 occultaverint
2024 3347 2040 3371 ,

465 3405 578 3459 sive
607 3403 672 3456 ab
699 3401 824 3470 ipsis
854 3399 1028 3468 pravis
1066 3397 1331 3468 iudicibus
1369 3397 1616 3452 occultati
1647 3399 1752 3452 sint
1777 3399 1816 3451 ¹.
1847 3397 2043 3452 Semen

469 3493 695 3546 Abt-aha:
724 3491 955 3557 respice,
984 3489 1121 3556 quod
1162 3489 1213 3541 in
1245 3497 1557 3543 testamento
1586 3488 1679 3542 Dci
1725 3504 1820 3557 per
1858 3503 2044 3543 omnes

469 3591 654 3651 gentes
681 3580 873 3634 crescit
894 3579 1028 3632 sicut
1053 3578 1220 3632 stella:
1247 3578 1364 3633 ω)ιί
1385 3618 1400 3644 ,
1431 3585 1486 3633 et
1522 3578 1661 3632 sicut
1683 3593 1843 3632 arena
1884 3579 2045 3633 maris

471 3671 624 3740 (Gen.
650 3687 786 3738 mi,
823 3670 909 3738 l7)
934 3687 948 3734 ;
981 3677 1033 3723 ct
1061 3679 1232 3722 utrum
1259 3679 1474 3738 prepter
1501 3669 1759 3723 occultata
1785 3669 2047 3739 quibusli-

474 3765 560 3818 bet
597 3763 769 3817 causis
795 3761 972 3816 nescio
996 3774 1099 3829 qua
1129 3757 1374 3813 Africana
1409 3759 1608 3814 zizania
1629 3801 1643 3825 ,
1682 3770 1786 3814 tam
1831 3760 2082 3830 copiosa-

473 3855 660 3910 messis
700 3868 793 3922 per
817 3866 1001 3922 agrum
1023 3849 1276 3904 mundum
1307 3849 1481 3918 perire
1512 3851 1771 3919 potuerit,
1803 3852 1939 3904 aude
1964 3850 2048 3904 di-

471 3963 623 4012 cere,
653 3945 788 4000 aude
809 3943 1046 4010 credere,
1070 3942 1226 4007 audc,
1249 3943 1293 3997 si
1322 3941 1460 3996 ullus
1486 3941 1537 3994 in
1562 3949 1610 3995 te
1637 3941 1729 3995 Dei
1763 3941 1918 3996 timor
1941 3950 2046 4008 est,

471 4038 721 4109 cogitare.
1357 4089 1362 4093 _

544 4131 633 4183 80.
668 4129 964 4198 Exaggeras
1005 4123 1404 4195 persecutiones
1430 4138 1562 4193 quas
1587 4137 1682 4177 vos
1712 4124 1818 4193 pati
1843 4122 2046 4188 dicitis,

474 4224 666 4293 quibus
690 4223 742 4274 in
770 4229 876 4275 tam
912 4219 1163 4288 sacrilega
1189 4226 1243 4272 et
1265 4216 1541 4271 manifesta
1579 4215 1933 4271 obstinatione
1960 4215 2054 4270 ad-

479 4326 664 4366 versus
692 4325 872 4378 pacem
911 4316 1108 4363 sauctze
1143 4307 1396 4361 Ecclesia:
1423 4306 1798 4360 rebellantibus
1823 4305 2052 4360 mirabili

479 4399 881 4456 mansuetudine
919 4397 1190 4468 parcitur:
1231 4406 1280 4452 et
1324 4395 1458 4450 dicis
1505 4398 1558 4450 in
1598 4395 1786 4466 primis
1815 4395 2052 4463 partibus

479 4490 717 4560 epistola:
751 4499 882 4556 tute,
911 4486 1051 4558 quod
1080 4487 1386 4558 imperatori
1428 4486 1752 4540 Constantino
1797 4484 2054 4539 Ceeciliani

477 4586 665 4638 crimen
688 4597 800 4636 cum
829 4582 968 4650 ﬁeret
997 4580 1336 4649 manifestum,
1361 4579 1466 4648 ipse
1488 4594 1683 4648 quoque
1708 4594 1843 4644 eum,
1866 4587 1919 4630 ut
1937 4576 2058 4630 Bri-

477 4679 578 4731 xiae
601 4678 621 4707 ’
650 4676 704 4728 in
731 4674 904 4729 exsilio
931 4673 1154 4743 degeret,
1195 4687 1289 4726 sua
1314 4671 1556 4725 sententia
1592 4669 1956 4723 condemnavit.
1996 4667 2054 4722 In

478 4781 582 4832 quo
610 4773 661 4820 te
685 4765 801 4835 quis
821 4763 1023 4818 dubitet
1042 4763 1122 4818 vel
1146 4761 1274 4828 falli,
1299 4761 1380 4816 vel
1405 4760 1606 4825 fallere;
1637 4759 1847 4829 quando
1871 4769 1924 4814 et
1952 4759 2056 4813 Fe-

483 4860 636 4913 licem
661 4858 1058 4927 Aptuguensem
1080 4852 1508 4909 commemorasti
1534 4854 1585 4906 in
1612 4851 1811 4920 judicio
1833 4865 2060 4921 procon-

479 4951 610 5005 sulis
631 4965 659 5003 a
683 4950 956 5004 Vincentio
978 4947 1158 5003 nescio
1183 4960 1289 5016 quo
1316 4944 1382 4998 de
1409 4943 1690 4999 traditione
1714 4941 2057 4997 convictum?

548 5039 773 5095 CAPUT
818 5037 981 5092 LXX.
1027 5067 1098 5076 -—
1155 5037 1293 5091 Ecce
1351 5050 1451 5104 ego
1509 5035 1685 5087 insero
1739 5032 2056 5087 sententiam

484 5133 678 5189 IEIiani
701 5128 1052 5200 proconsulis,
1084 5143 1183 5197 qua
1216 5137 1467 5196 purgatus
1490 5135 1648 5194 atque
1672 5122 1944 5176 absolutus
1974 5132 2058 5177 est

486 5227 652 5282 Felix.
683 5224 735 5279 Si
770 5229 874 5277 tota
904 5229 1051 5289 gesta
1083 5222 1162 5273 vis
1198 5221 1404 5288 legere,
1447 5233 1512 5270 ex
1539 5214 1751 5268 arcltivo
1779 5227 2060 5282 proconsu-

483 5320 548 5373 lis
589 5313 790 5382 accipe.
840 5309 1084 5365 zElianus
1125 5308 1392 5378 proconsul
1437 5307 1561 5359 dixit
1589 5320 1606 5356 :
1636 5305 1716 5357 Ex
1751 5304 2058 5372 professione

483 5406 760 5470 Ca'cilz'ani,
788 5403 874 5472 qui
896 5412 1007 5454 acta
1033 5400 1166 5468 falsa
1192 5399 1212 5430 ³
1235 5413 1342 5452 esse
1367 5397 1505 5462 dicit,
1532 5404 1678 5465 atque
1698 5392 1921 5463 epistola:
1941 5392 2059 5460 plu-

550 5522 566 5551 ι
594 5528 692 5566 Am.
714 5523 788 5565 Er.
815 5522 866 5565 et
902 5513 1052 5564 nostri
1076 5525 1246 5562 omnes
1268 5506 1632 5568 Mss.,occultati
1653 5518 1744 5555 non
1762 5505 1874 5555 sint.

551 5583 573 5611 ι
594 5589 694 5628 uss.
720 5584 1014 5632 constanter,
1042 5574 1220 5624 Brixia.
1239 5577 1311 5622 sic
1328 5575 1472 5622 etiam
1509 5581 1612 5632 Am.
1634 5576 1682 5632 et
1709 5574 1780 5614 Er.

487 5641 570 5748 ω’
591 5625 800 5751 Libelllqs
828 5625 1079 5687 Gestorum
1121 5633 1548 5698 proconsularium,
1585 5629 1772 5692 falsata.
1803 5627 1913 5676 \ide
1937 5625 2057 5676 infra

561 5708 719 5751 At'ttcu
753 5703 844 5750 'ce.

561 5703 844 5759 Appcudice.

1113 295 1381 352 CONTRA
1424 279 1849 344 CllESCONIUM
1894 272 2348 338 DONATISTML
2393 276 2447 329 S.
2493 273 2855 329 Al'GUSTlNI

2098 389 2229 442 rima
2251 391 2425 444 addita
2447 433 2460 456 ,
2491 395 2809 465 manifestum
2831 406 2900 448 est
2929 413 3025 465 quo
3057 399 3310 453 voluntate
3340 401 3445 455 [nec
3471 412 3680 474 gesserit

2099 480 2396 550 lngentius;
2421 493 2467 536 et
2504 485 2616 538 ideo
2640 488 2906 556 recipietur
2943 490 2993 541 in
3016 508 3262 547 carcerem
3291 510 3312 548 :
3330 507 3402 550 est
3435 501 3566 553 enim
3594 519 3681 554 ar-

2099 573 2244 628 ctiori
2291 575 2671 644 interrogationi
2717 582 3027 634 necessarius
3099 582 3319 637 Felicem
3359 600 3524 642 autem
3560 594 3680 645 reli.

2101 667 2294 737 giosunt
2320 668 2606 738 episcopum
2634 669 2840 724 liberum
2871 689 2975 726 esse
2995 676 3058 728 ab
3086 678 3345 733 exustione
3363 679 3686 738 Instrumen-

3571 291 3674 345 5H)

2105 766 2269 812 torum
2289 759 2581 829 deiﬁcorum
2602 763 2921 834 manifestum
2947 775 3042 832 est;
3072 785 3184 821 cum
3212 787 3356 825 nemo
3384 775 3436 828 in
3456 793 3568 828 eum
3591 780 3690 830 ali-

2105 851 2226 920 quid
2253 851 2462 920 probare
2489 855 2723 922 potuerit,
2752 856 2888 925 quod
2915 859 3174 930 religiosas
3202 863 3498 934 Scripturas
3528 870 3690 922 tradi-

2109 941 2237 995 derit
2255 984 2270 1008 ,
2310 944 2389 997 vel
2416 947 2682 1000 exusserit.
2733 947 2971 1003 Omnium
3010 953 3140 1005 enim
3185 955 3508 1028 interrogatio
3533 979 3692 1031 supra

2109 1032 2297 1100 scripta
2319 1035 2582 1101 manifesta
2609 1047 2711 1100 est,
2741 1039 2912 1094 nullas
2951 1041 3243 1114 Scripturas
3281 1048 3486 1116 deificas
3517 1053 3592 1105 vel
3614 1054 3696 1106 in-

2111 1131 2315 1184 ventas,
2353 1127 2430 1177 vel
2469 1137 2768 1196 corruptas,
2809 1131 2886 1183 vel
2927 1132 3154 1187 incensas
3196 1136 3370 1203 fuisse.
3422 1139 3532 1194 lloc
3567 1145 3700 1198 actis

2114 1217 2395 1269 continetur
2413 1259 2427 1282 ,
2456 1220 2590 1288 quod
2621 1219 2769 1274 Felix
2788 1223 3052 1294 episcopus
3081 1228 3346 1297 religiosus
3371 1232 3471 1286 illis
3499 1245 3696 1305 tenipo-

2115 1305 2252 1358 ribus
2271 1323 2363 1360 nec
2391 1325 2608 1377 pra‘sens
2635 1310 2814 1380 fuerit,
2841 1330 2994 1384 neque
3022 1319 3378 1374 conscientiam
3406 1326 3697 1378 commoda-

2117 1397 2268 1461 verit,
2301 1413 2457 1466 neque
2474 1401 2574 1452 tale
2591 1400 2784 1471 aliquid
2812 1404 2925 1472 ﬁeri
2933 1407 3162 1474 jusserit.

2190 1487 2278 1542 8|.
2307 1487 2490 1544 lnscro
2515 1491 2674 1545 etiam
2718 1494 3027 1564 rescriptum
3073 1497 3405 1568 imperatoris
3434 1504 3698 1562 Constan-

2122 1578 2214 1631 tini
2243 1577 2306 1631 ad
2340 1578 2654 1634 Probianum
2691 1582 2918 1652 idipsmu
2948 1590 3280 1655 attestantis,
3318 1602 3371 1647 et
3397 1609 3552 1664 quam
3584 1613 3700 1650 mo-

2123 1667 2240 1722 lesti
2270 1669 2407 1738 apud
2442 1686 2563 1724 eum
2610 1673 2840 1742 majores
2875 1679 3034 1731 vestri
3074 1692 3409 1738 accusatores
3451 1686 3704 1742 innocen-

2127 1759 2255 1813 tium
2290 1759 2500 1826 fuerint,
2525 1763 2870 1818 ostendentis.
2894 1764 3235 1836 Imperatores
3259 1771 3482 1829 Ctesares
3513 1775 3703 1842 Flavii,

2127 1849 2485 1906 Constantinus
2507 1893 2522 1919 ,
2573 1864 2618 1906 et
2664 1855 3008 1912 Maximianus
3035 1861 3050 1892 ¹
3073 1901 3088 1926 ,
3120 1871 3167 1914 et
3211 1861 3440 1920 Valerius
3481 1867 3707 1924 Licinia-

2127 1957 2220 1994 nus
2241 1939 2466 1996 Licinius
2493 1945 2560 1996 ad
2586 1943 2894 2000 Probianum
2915 1953 3258 2016 proconsulem
3296 1955 3504 2025 Africw.
3533 1958 3711 2013 zElia-

2128 2049 2224 2085 nus
2253 2035 2589 2102 praedecessor
2617 2044 2754 2098 tuus,
2803 2040 2998 2104 merito,
3027 2057 3143 2094 cum
3167 2043 3242 2096 vir
3269 2048 3664 2116 perfectissimi:
3692 2093 3710 2114 ,

2144 2122 2300 2178 Verus
2323 2168 2337 2190 ,
2360 2126 2576 2180 vicarius
2604 2131 2953 2198 prtefectorum
2979 2143 3096 2186 tunc
3122 2151 3210 2203 per
3237 2135 3464 2204 Africam
3488 2152 3714 2195 nostram

2131 2218 2445 2272 incommoda
2484 2220 2765 2275 valetudine
2789 2232 3064 2289 teneretur,
3093 2227 3316 2296 ejusdem
3345 2230 3570 2300 partibus
3594 2237 3717 2305 fun-

2133 2319 2240 2361 ctus
2277 2310 2405 2363 inter
2429 2320 2606 2365 cratera
2633 2313 2778 2365 etiam
2813 2314 2868 2366 id
2904 2317 3184 2384 negotium,
3226 2320 3303 2373 vel
3330 2321 3569 2376 invidiam
3601 2341 3720 2394 qua

2135 2403 2198 2456 de
2235 2401 2504 2457 Cteciliano
2546 2406 2810 2476 episwpo,
2842 2419 2889 2461 et
2931 2408 3160 2464 Ecclesia
3199 2413 3447 2467 catholica
3474 2417 3496 2447 ’
3520 2417 3720 2470 videtur

2135 2511 2240 2548 esse
2262 2508 2509 2548 commota
2529 2538 2543 2560 ,
2570 2498 2638 2550 ad
2669 2515 2879 2553 examen
2903 2518 3049 2555 suum
3072 2517 3222 2572 atque
3246 2506 3527 2574 jussionem
3553 2511 3723 2562 credi-

2138 2587 2212 2639 dit
2235 2604 2342 2642 esse
2362 2591 2713 2642 revocandam.
2741 2589 2939 2644 Etenim
2963 2610 3077 2646 cum
3101 2611 3214 2664 1am
3240 2596 3518 2666 Superium
3547 2579 3721 2653 centu-

2137 2676 2330 2729 rionem
2355 2676 2396 2743 ³,
2427 2687 2473 2731 et
2497 2677 2822 2733 Ca'cilianum
2849 2683 3197 2752 magistratum
3217 2685 3679 2756 Aptugnitanorum
3699 2730 3718 2756 ,

2140 2778 2186 2822 et
2227 2769 2564 2824 Saturninum
2605 2783 2978 2840 excuratorem,
3010 2785 3057 2828 et
3096 2775 3346 2831 Calibinm
3375 2779 3398 2809 ⁵
3424 2781 3720 2849 juniorem,

2141 2863 2366 2931 ejusdem
2404 2863 2618 2917 civitatis
2659 2875 2969 2933 curatorem,
3011 2877 3161 2938 atque
3200 2868 3440 2925 Salonem
3466 2872 3489 2904 ⁵
3523 2888 3725 2928 servum

2143 2956 2399 3026 publicum
2439 2974 2596 3026 supra
2633 2959 2835 3028 scripta:
2860 2960 3107 3030 civitatis,
3148 2974 3414 3032 praesentes
3442 2982 3545 3020 esse
3573 2968 3726 3038 fecis-

2143 3058 2216 3102 set
2239 3089 2253 3112 ,
2299 3047 2604 3104 audientiam
2637 3052 2858 3121 praebuit
2897 3066 3254 3124 competentem
3284 3074 3304 3112 :
3329 3059 3454 3113 adeo
3478 3069 3562 3124 ut,
3605 3076 3728 3113 cum

2145 3139 2414 3194 Caeciliano
2448 3142 2624 3210 [uisset
2657 3143 2900 3214 objectum
2929 3147 3066 3214 quod
3089 3163 3121 3200 a
3150 3147 3322 3202 Felice
3343 3148 3501 3202 eidem
3527 3151 3734 3219 episco-

2146 3241 2296 3302 patus
2334 3232 2580 3286 videretur
2611 3251 2716 3288 esse
2741 3236 2940 3290 delatus
2957 3276 2973 3303 ,
3005 3238 3086 3290 cui
3113 3238 3394 3292 divinarum
3423 3238 3734 3309 Scriptura-

2146 3339 2259 3376 rum
2287 3323 2504 3393 proditio
2533 3332 2680 3394 atque
2718 3327 2912 3380 exustio
2941 3327 3191 3381 videretur
3216 3328 3408 3401 objecta
3425 3369 3442 3396 ,
3484 3331 3734 3385 innocen-

2149 3423 2247 3469 tem
2262 3415 2325 3468 de
2343 3432 2400 3469 eo
2421 3413 2642 3470 Felicem
2667 3417 2824 3487 fuisse
2845 3419 3136 3472 constiterit.
3163 3417 3391 3490 Denique
3415 3437 3530 3473 cum
3557 3420 3735 3476 Maxi—

2150 3525 2260 3562 mus
2293 3506 2582 3579 lugentium
2610 3509 2927 3563 decurionem
2947 3510 3272 3581 Ziquensium
3300 3513 3514 3567 civitatis
3538 3514 3735 3584 episto-

2151 3598 2253 3651 lam
2282 3597 2536 3652 (ἐωξὶιὶαηὶ
2557 3599 2874 3654 exduumviri
2895 3601 3109 3670 falsasse
3125 3604 3472 3670 contenderet,
3500 3605 3738 3660 eumdem

2149 3692 2316 3763 ipsum
2346 3693 2629 3762 lugentium
2657 3709 2951 3764 suspensum
2974 3696 3097 3749 actis
3119 3713 3230 3763 quia
3253 3698 3485 3750 suberant
3510 3699 3740 3767 pervidi-

2153 3799 2302 3850 mus,
2333 3792 2380 3837 et
2405 3784 2515 3838 ideo
2537 3785 2740 3839 minime
2771 3796 2956 3840 tortum
2975 3827 2990 3851 ,
3017 3788 3153 3856 quod
3195 3805 3248 3842 se
3293 3789 3606 3842 decurionem
3634 3789 3737 3843 Zi-

2153 3877 2415 3944 qnensium
2457 3878 2670 3932 civitatis
2727 3895 2833 3932 esse
2877 3881 3248 3933 asseveraverit.
3304 3879 3452 3935 Unde
3505 3883 3742 3935 volumus

2156 3967 2382 4022 eumdem
2422 3970 2586 4038 ipsum
2615 3969 2902 4039 lugentium
2937 3972 3031 4024 sub
3058 3969 3243 4023 idonea
3286 3972 3628 4039 prosecutione
3665 3972 3743 4023 ad

2156 4063 2446 4113 comitatum
2486 4077 2650 4114 meum
2692 4059 3006 4116 Constantini
3044 4059 3256 4130 Augusti
3299 4063 3499 4126 mittas,
3537 4072 3591 4114 ut
3631 4064 3744 4116 illis

2155 4153 2241 4222 qui
2267 4153 2321 4205 in
2354 4152 2734 4221 praesentiarum
2766 4159 2950 4222 agunt,
2979 4161 3130 4220 atque
3148 4153 3397 4205 diuturnis
3416 4152 3588 4206 diebus
3608 4151 3628 4181 ⁸
3658 4153 3749 4204 in-

2159 4242 2425 4311 terpellare
2447 4258 2548 4295 non
2568 4241 2830 4308 desinunt,
2856 4240 3174 4294 audientibus
3195 4281 3210 4304 ,
3241 4252 3284 4294 et
3305 4257 3474 4294 coram
3494 4241 3747 4294 assisten-

2159 4333 2288 4385 tibus
2320 4347 2567 4401 apparere
2593 4343 2637 4384 et
2664 4331 2888 4385 intimari
2911 4331 3102 4400 possit,
3137 4335 3329 4401 [rustra
3354 4348 3438 4385 eos
3467 4330 3750 4384 Caeciliano

2159 4424 2391 4492 episcopo
2416 4422 2655 4474 invidiam
2697 4437 2991 4490 comparare
3009 4463 3024 4487 ,
3056 4431 3206 4489 atque
3227 4421 3463 4476 adversus
3489 4437 3598 4473 eum
3628 4421 3751 4472 vio-

2161 4513 2317 4566 lenter
2336 4514 2592 4582 insurgere
2616 4511 2848 4566 voluisse.
2881 4510 2964 4564 Ita
2983 4513 3114 4566 enim
3145 4513 3231 4580 [iet
3260 4523 3311 4564 ut
3335 4512 3562 4573 omissis,
3593 4511 3753 4564 sicuti

2161 4614 2385 4673 oportet,
2428 4604 2675 4674 ejusmodi
2702 4603 3097 4657 contentionibus
3116 4643 3129 4667 ,
3162 4603 3379 4672 papulas
3407 4602 3513 4656 sine
3548 4601 3759 4653 dissen-

2160 4696 2300 4750 sione
2327 4695 2498 4767 aliqua
2516 4735 2531 4759 ,
2575 4693 2807 4767 religioni
2843 4695 3064 4765 propriae
3090 4711 3202 4748 cum
3229 4694 3391 4747 debita
3431 4693 3760 4746 veneratione

2163 4787 2430 4843 deserviat.

2229 4953 2246 4984 ί
2275 4958 2321 4999 In
2339 4955 2468 5007 Mss,
2493 4943 2796 4997 Maximinus.
2831 4953 2895 5007 Ac
2914 4944 3057 5007 paulo
3079 4951 3202 5007 post,
3248 4956 3359 4992 cum
3403 4941 3766 5007 defectimimos

2164 5011 2289 5061 viros
2305 5023 2322 5070 ;
2340 5011 2418 5059 vel
2437 5005 2462 5067 ,'
2475 5020 2593 5070 cum,
2607 5008 2668 5057 de
2689 5005 3053 5070 perfectissimos
3070 5005 3209 5056 viros.
3231 5012 3337 5070 am.
3364 5011 3417 5070 et
3436 5012 3528 5070 ΕΙ),
3544 5015 3664 5070 gon
3694 5006 3767 5070 rte

2163 5063 2520 5137 perfectissimis
2549 5063 2700 5119 viris."
2727 5063 2787 5117 Δι’
2814 5075 2933 5137 Lov._
2961 5080 3023 5137 ei;
3047 5067 3295 5137 augustiui
3323 5063 3524 5137 cpistola
3621 5097 3638 5123 ,
3681 5067 3770 5137 vir

2166 5125 2721 5243 pilarrgctiissinmqlt’erus.
2738 5137 2806 5178 De
2817 5125 3145 5192 perfectissimi
3157 5127 3294 5177 titulo
3305 5127 3414 5176 vide
3426 5125 3530 5175 eod.
3542 5126 3610 5173 'l‘h
3616 5129 3717 5175 eod
3729 5165 3740 5174 .
3748 5162 3767 5185 ,

2188 5210 2251 5242 l).
2318 5230 2333 5243 .
2379 5208 2459 5243 e2.
2485 5207 2516 5242 u
2559 5203 2666 5240 ima.

2188 5194 2261 5242 il);
2276 5196 2333 5242 6.
2360 5194 2459 5242 leg.
2485 5194 2666 5242 ultima.

2230 5215 2251 5288 ζ
2485 5208 2777 5304 ἓέιὲἓὲιέεἰω
2794 5249 3058 5311 catholicae.
3087 5257 3135 5297 In
3155 5249 3297 5309 epist.
3320 5246 3383 5296 88
3407 5247 3657 5309 Augustini
3687 5247 3774 5296 le-

2167 5319 2313 5380 gitur,
2341 5309 2570 5380 episcopa
2581 5312 2802 5362 Ecclesiae
2821 5309 3069 5380 catholica:
3085 5323 3101 5370 ;
3122 5310 3404 5380 omissoaet.

2232 5381 2251 5410 ³
2275 5367 2591 5436 δίειιιίιςετὶἰ.ιί,
2617 5387 2724 5423 cum
2761 5381 2860 5436 tam
2881 5367 3129 5434 Superium
3150 5370 3489 5419 centurionem.
3515 5367 3622 5415 sola
3647 5369 3768 5417 edi-

2167 5441 2236 5488 tio
2258 5447 2387 5494 Lov.,
2413 5433 2664 5498 Super-ium
2682 5433 2988 5484 saturianunt
3008 5444 3026 5479 :
3049 5439 3296 5500 corrupte:

2230 5501 2251 5531 δ
2274 5503 2346 5549 sic
2371 5491 2566 5546 AmfFr.
2595 5505 2646 5546 et
2668 5503 2774 5546 Mss.
2793 5503 2848 5544 At
2870 5501 2999 5554 Lov.,
3025 5491 3298 5543 Callidium.

2229 5563 2249 5594 ⁸
2277 5573 2373 5609 Am.
2400 5567 2472 5607 Er.
2495 5567 2545 5607 et
2565 5567 2688 5616 uss,
2712 5555 2887 5606 solum.
3337 5614 3346 5616 _
3467 5612 3493 5616 η
3603 5612 3609 5616 ,
3685 5606 3716 5616 _.

2171 5685 2197 5734 ὁ
2232 5624 2251 5652 ⁸
2275 5631 2452 5672 Omnes
2477 5631 2580 5673 MSS.
2605 5612 2711 5674 cuin
2755 5632 2852 5672 Ain.
2880 5629 2931 5672 et
2967 5627 3039 5670 Er.
3077 5619 3154 5668 ltic
3188 5627 3238 5669 et
3277 5614 3416 5674 inira,
3443 5612 3632 5662 (ἤδει-κίε
3658 5612 3770 5658 (tir-

2202 5699 2272 5734 ns.

2202 5699 2272 5735 ns.
