4024 6196
312 315 404 368 6M

380 449 608 506 CAPUT
649 450 834 505 LXXI.
861 482 930 491 —
955 453 1043 508 82.
1080 453 1259 508 lnscro
1283 453 1457 508 adhuc
1481 462 1534 508 et
1560 452 1718 508 verba
1737 451 1882 507 Con-

312 541 527 594 stantini
556 556 619 595 ex
657 541 846 596 litteris
866 543 980 612 ejus
1004 545 1069 597 ad
1102 545 1396 598 Eumalium
1432 545 1448 575 ⁸
1484 543 1762 610 vicarium,
1795 544 1883 597 ubi

309 647 368 685 se
396 643 536 686 inter
557 645 734 702 partes
761 636 1092 704 cognovisse,
1109 646 1161 690 et
1193 637 1531 691 innocentem
1545 634 1882 689 Carcilianum

305 725 634 793 comperisse
662 735 902 780 testatur.
934 727 1066 782 Cum
1094 731 1234 782 enim
1265 737 1532 784 narrasset
1578 731 1631 782 in
1658 729 1740 783 his
1765 743 1882 798 qua:

307 831 465 882 supra
514 815 720 870 locutus
763 829 862 882 est,
911 820 1354 886 quemadmodum
1380 821 1445 875 ad
1477 821 1733 890 judicium
1764 821 1882 889 ejus

309 915 426 971 post
468 907 787 975 episcopalia
807 908 1000 976 judicia
1033 921 1209 973 partes
1239 911 1508 980 perducta:
1547 911 1779 966 fuerint:
1813 909 1879 965 In

301 1011 401 1061 quo
429 996 637 1064 pervidi,
667 997 854 1065 inquit,
887 998 1212 1052 chilianum
1239 1001 1401 1053 virum
1429 1003 1565 1054 omni
1592 1001 1877 1054 innocentia

305 1085 595 1150 prteditum,
622 1101 684 1138 ac
727 1087 892 1140 debila
943 1089 1198 1158 religionis
1225 1105 1334 1143 sua:
1355 1090 1529 1160 officia
1574 1098 1873 1155 servantem,

302 1178 444 1244 eique
457 1177 528 1228 ita
553 1185 611 1230 ut
633 1179 856 1246 oportuit
899 1180 1186 1232 servientem
1205 1195 1223 1232 :
1247 1196 1336 1234 nec
1361 1180 1518 1234 ullum
1541 1180 1592 1232 in
1613 1195 1672 1234 eo
1689 1180 1876 1234 crimen

299 1269 513 1334 reperiri
555 1271 799 1339 potuisse,
827 1271 986 1324 eidem
1036 1272 1292 1339 apparuit,
1319 1273 1448 1324 sicut
1492 1271 1686 1323 absenti
1707 1273 1876 1341 fuerat

298 1359 700 1413 (adversariorum
724 1376 927 1414 suorum
970 1361 1286 1414 simulatione
1312 1361 1668 1428 compositum.

367 1452 455 1505 85.
485 1451 564 1505 Tu
580 1467 744 1521 quare
775 1467 877 1506 non
909 1451 1176 1506 inseruisti
1215 1452 1530 1506 sententiam
1557 1449 1867 1505 Constanti—

297 1543 370 1605 ni,
392 1557 493 1612 qua
521 1558 641 1596 eum
675 1542 808 1596 dicis
834 1557 952 1597 esse
981 1543 1308 1604 damnatum,
1336 1551 1390 1597 et
1408 1541 1604 1596 Brixiae
1630 1542 1680 1595 in
1712 1542 1861 1596 exsi-

295 1634 365 1686 li.)
407 1633 774 1696 constitutum,
799 1633 882 1687 vir
906 1632 1257 1687 disertissime
1283 1631 1308 1684 ‘t
1333 1633 1541 1698 Quanto
1565 1645 1868 1700 congruen-

294 1727 397 1779 tius
422 1725 559 1778 hanc
582 1724 919 1789 inseruisses,
947 1739 1106 1792 quam
1134 1725 1312 1778 nescio
1331 1722 1458 1794 quid
1484 1722 1552 1777 de
1583 1721 1866 1777 Sardicen-

290 1820 337 1870 si
363 1817 608 1882 concilio,
627 1816 768 1886 quod
794 1831 891 1870 nec
929 1815 994 1872 ad
1024 1831 1135 1881 vos,
1179 1831 1276 1870 nec
1301 1816 1366 1871 ad
1398 1830 1614 1872 causam
1641 1831 1760 1885 qua:
1781 1815 1865 1869 in-

291 1919 374 1962 ter
398 1921 496 1961 nos
521 1917 600 1961 est
643 1916 697 1961 et
761 1922 877 1972 vos,
935 1907 1154 1962 omnino
1191 1907 1457 1976 pertinere
1494 1905 1865 1961 monstratur?

285 1999 396 2052 (Zur
411 2001 550 2053 enim
569 1997 724 2051 fuerit
741 1998 932 2052 Brixia:
953 1996 1284 2063 Caecilianus,
1305 1998 1442 2068 quod
1464 2014 1558 2053 vos
1578 1997 1866 2052 cnlumnio-

286 2087 496 2141 sissime
522 2087 798 2156 appellatis
827 2087 1095 2151 exsilium,
1145 2103 1264 2142 cum
1310 2102 1460 2142 suam
1513 2087 1850 2157 prmsentiam

285 2178 470 2230 maluit
496 2177 748 2232 Ecclesire
776 2179 964 2233 deesse
976 2193 1133 2248 quam
1163 2192 1369 2248 pacem,
1414 2178 1538 2248 quid
1559 2193 1590 2232 a
1612 2193 1698 2234 me
1723 2193 1860 2248 opus

282 2277 368 2320 est
412 2265 561 2332 dici;
603 2282 723 2321 cum
793 2277 846 2320 tu
902 2269 1111 2322 interim
1172 2269 1474 2323 damnantis
1523 2268 1859 2337 imperatoris

280 2361 600 2413 sententiam
650 2358 847 2412 nullam
873 2361 1083 2422 recitas,
1110 2368 1164 2413 et
1203 2359 1505 2413 damnatum
1536 2359 1604 2414 ab
1629 2359 1857 2428 impera-

280 2459 400 2503 tore
439 2447 774 2504 Caecilianum
821 2457 924 2502 tam
958 2458 1178 2511 temere,
1225 2463 1331 2502 non
1358 2448 1477 2502 dico
1531 2447 1853 2502 audiendum

277 2539 364 2592 vel
392 2537 695 2601 dicendum,
724 2538 819 2593 sed
846 2538 1005 2593 etiam
1026 2537 1368 2593 scribendum
1397 2538 1593 2606 putas?
1625 2536 1853 2590 Verum-

275 2639 456 2684 tamen
506 2628 796 2683 secundum
845 2629 1006 2683 verba
1061 2637 1168 2693 tua,
1200 2643 1328 2683 ecce
1372 2629 1423 2682 iu
1478 2628 1667 2682 exsilio
1697 2627 1853 2682 video

269 2717 613 2772 thecilianum
647 2719 968 2789 imperatore
1018 2718 1322 2782 damnante,
1373 2718 1561 2772 saltem
1589 2717 1851 2787 responde

270 2822 382 2876 quo
401 2817 685 2864 accusante
717 2825 732 2863 :
760 2817 812 2863 et
858 2809 1016 2863 modo
1063 2824 1149 2864 me
1179 2809 1464 2878 interroga,
1493 2809 1632 2878 quod
1660 2809 1711 2863 in
1731 2809 1847 2878 epi-

267 2897 408 2951 stola
430 2906 517 2952 tua
547 2907 666 2968 post
709 2900 872 2954 multa
925 2899 1168 2954 similiter
1218 2899 1376 2954 inane
1400 2901 1422 2931 '
1449 2899 1688 2968 posuisti,
1723 2899 1847 2966 Quis

265 2990 470 3058 prolato
500 2999 790 3045 testamento
819 2992 984 3046 minus
1021 2991 1299 3054 consentit,
1336 2991 1424 3060 qui
1449 2991 1844 3060 persecutionem

265 3079 484 3146 patitur,
501 3096 566 3134 an
590 3081 675 3150 qui
700 3081 864 3151 facit?
894 3081 1017 3135 llmc
1039 3089 1185 3136 certe
1205 3079 1372 3134 verba
1391 3090 1477 3134 tua
1505 3088 1650 3134 sunt.
1680 3080 1844 3149 Aspi-

255 3185 334 3223 ce
361 3184 489 3238 ergo
509 3169 844 3224 Circilianum
869 3171 1291 3238 persecutionem
1325 3184 1557 3238 passum,
1587 3179 1673 3235 et,
1707 3171 1845 3224 sicut

257 3262 382 3326 ipse
411 3259 611 3324 dixisti,
641 3261 692 3313 in
729 3260 917 3312 exsilio
949 3259 1312 3313 constitutum.
1338 3261 1530 3326 Aspice
1555 3260 1714 3313 etiam
1741 3275 1838 3313 ve-

251 3362 432 3418 stros,
481 3355 618 3404 sicut
645 3352 758 3404 suis
799 3351 974 3404 verbis
1002 3350 1288 3419 imperator
1315 3351 1428 3418 ipse
1473 3361 1713 3416 testatur,
1745 3352 1838 3406 ad-

253 3455 457 3494 versus
493 3437 829 3492 Cincilianum
868 3438 1118 3491 diuturnis
1164 3439 1336 3492 diebus
1377 3440 1699 3510 interpellare
1734 3458 1836 3494 non

249 3531 559 3584 ilcsisteutes
582 3545 602 3583 :
629 3539 684 3584 et
710 3529 909 3583 eisdem
951 3528 1080 3596 ipsis
1108 3529 1283 3582 verbis
1333 3528 1438 3582 tuis
1492 3530 1839 3600 interroganti

250 3619 392 3674 mihi
423 3618 706 3688 reSponde,
733 3619 858 3685 Quis
882 3620 1046 3671 minus
1071 3628 1362 3672 testamento
1400 3626 1597 3687 prolato
1625 3637 1838 3674 consen-

248 3714 322 3766 tit
343 3749 360 3775 ,
390 3711 474 3779 qui
516 3711 906 3780 persecutionem
954 3711 1162 3778 patitur,
1189 3726 1256 3762 an
1280 3709 1368 3777 qui
1397 3711 1565 3777 facit?
1605 3711 1838 3780 Diligen-

247 3817 344 3858 ter
358 3813 533 3857 autem
582 3801 832 3874 perlectis
873 3802 1140 3864 omnibus,
1174 3801 1411 3856 invenies
1437 3801 1780 3856 Cascilianum
1807 3818 1837 3857 a

248 3894 452 3949 vestris
486 3893 644 3948 etiam
671 3893 811 3962 apud
861 3893 1233 3962 imperatorem
1266 3895 1685 3961 persecutionem
1719 3909 1838 3962 pas-

248 3984 528 4040 sumzsed
578 3999 680 4039 non
731 3984 968 4038 invenies
1013 3983 1082 4038 ab
1132 3983 1450 4053 imperatore
1503 3982 1835 4052 damnatum,

249 4076 370 4128 imo
398 4075 554 4129 etiam
583 4075 822 4128 invenies
851 4073 1173 4127 absolutum.

329 4165 554 4221 CAPUT
591 4165 800 4219 LXXII.
829 4165 1008 4220 -84.
1039 4165 1225 4225 Porro.
1253 4165 1295 4218 si
1313 4165 1452 4235 quod
1481 4166 1571 4221 tibi
1597 4181 1692 4236 pro
1717 4181 1836 4222 ma-

250 4271 366 4326 gno
389 4256 611 4325 elogisti,
644 4263 701 4310 ut
737 4255 804 4310 de
840 4255 1148 4310 criminibus
1198 4255 1512 4310 traditurum
1543 4257 1564 4289 ³
1593 4273 1710 4327 quae
1739 4273 1834 4313 vos

253 4345 506 4413 profertis
536 4347 852 4401 documenta
883 4362 1005 4401 vera
1060 4348 1187 4412 sint,
1218 4363 1337 4417 qua:
1383 4359 1558 4404 autem
1587 4364 1684 4404 nos
1709 4365 1835 4419 pro-

254 4437 498 4489 ferimus.
521 4435 650 4489 falsa
676 4437 781 4490 sint
809 4452 824 4501 ;
853 4437 1010 4492 etiam
1044 4438 1093 4489 in
1120 4452 1186 4491 eo
1210 4452 1304 4491 vos
1332 4439 1526 4493 veritas
1555 4439 1647 4494 Dei
1669 4455 1832 4509 supe-

254 4535 360 4590 rat,
390 4540 506 4595 qua:
531 4525 666 4580 sicut
695 4525 954 4595 prtedixit,
1004 4526 1072 4580 ita
1105 4527 1276 4580 reddit
1310 4527 1598 4582 Ecclesiam
1631 4530 1680 4584 in
1710 4531 1831 4584 uni-

256 4630 415 4670 verso
432 4617 631 4670 mundo
675 4616 1076 4672 fructificantem
1112 4627 1271 4685 atque
1317 4630 1678 4673 crescentem:
1707 4621 1829 4689 quia

255 4706 386 4760 nihil
423 4708 471 4761 ei
500 4707 843 4777 pra-judicant
893 4708 1190 4763 alienorum
1237 4709 1517 4763 criminum
1550 4711 1676 4766 licet
1703 4729 1828 4767 vera

253 4800 571 4854 documenta
592 4841 606 4864 ,
634 4817 751 4870 quae
793 4800 1252 4870 propinquioribus
1281 4801 1544 4871 episcopis
1573 4812 1830 4860 transma-

254 4889 407 4954 rinis,
448 4905 545 4960 per
564 4906 697 4959 quos
726 4891 776 4944 in
829 4891 1224 4960 longinquiores
1245 4899 1445 4960 partes,
1491 4893 1605 4947 sive
1635 4896 1826 4950 transit

249 4980 435 5033 talium
459 4995 634 5035 rerum
665 4979 822 5044 fama,
857 4981 968 5034 sive
1003 4996 1106 5035 non
1160 4981 1368 5047 transit,
1420 4991 1512 5036 aut
1548 4999 1652 5036 non
1704 4993 1830 5039 sunt

245 5072 612 5125 demonstrata
659 5071 796 5125 sicut
840 5071 1157 5136 debuerunt,
1188 5081 1281 5126 aut
1314 5088 1418 5126 non
1457 5083 1580 5128 sunt
1626 5075 1825 5129 credita

246 5161 443 5229 quibus
468 5160 822 5216 demonstrari
847 5171 1144 5231 potuerunt,
1173 5173 1264 5216 aut
1290 5163 1489 5218 credita
1513 5175 1568 5218 et
1595 5166 1828 5220 occulta-

251 5259 299 5304 ta
331 5265 663 5321 nequaquam
707 5251 774 5306 ad
821 5251 951 5306 alios
994 5261 1383 5320 pervenerunt;
1409 5269 1506 5308 nec
1548 5255 1824 5326 quisquam

251 5342 331 5397 vel
361 5358 497 5398 unus
535 5344 718 5411 homo,
755 5352 952 5414 quanto
981 5344 1155 5398 minus
1186 5352 1363 5399 tantus
1397 5345 1820 5404 Christianorum

313 5521 330 5551 ⁸
359 5526 455 5568 Am.
474 5526 526 5569 et
548 5526 641 5577 εει,
665 5514 731 5578 ad
753 5517 918 5568 alium.
937 5527 1064 5578 Mss,
1086 5517 1152 5568 ad
1171 5517 1456 5570 annalium.

324 5581 404 5652 ’ta
428 5581 649 5638 excusis,
693 5577 915 5631 inaniter.
961 5588 1017 5632 Αι
1049 5581 1096 5630 in
1133 5588 1236 5631 Mss.
1255 5616 1270 5643 ,
1308 5580 1465 5632 inane.
1489 5581 1710 5652 Refertur
1729 5581 1821 5646 ad,

312 5673 405 5751 iiii
426 5706 554 5763 κει,
583 5700 910 5754 traditionum.

1689 317 1887 372 LIBLR
1929 319 2236 382 'I'lill'l'lIIS.

3465 351 3568 404 5-H

1994 450 2246 495 numerus
2276 442 2326 496 in
2355 454 2429 499 tot
2470 448 2712 516 gentibus
2735 451 3070 520 constitutus,
3111 471 3234 512 reus
3260 470 3430 527 potest
3449 478 3568 516 esse

1991 529 2284 597 participati
2323 533 2540 589 sceleris
2564 537 2741 601 alieni,
2760 539 2871 594 sive
2899 543 2976 595 vel
3001 544 3140 596 nulla
3171 545 3286 613 ejus
3313 563 3436 602 vera
3465 551 3562 602 do-

1988 630 2231 672 cumenta
2253 626 2577 691 cognoverit,
2607 628 2689 681 vel
2714 642 2834 682 eum
2853 631 3096 685 simulata
3119 627 3414 689 innocentia
3449 640 3552 691 fal-

1986 708 2060 760 sis
2080 707 2410 768 documentis
2456 716 2678 786 quisque
2705 718 2947 776 fefellerit
2973 727 3009 774 '.
3039 724 3095 778 Si
3121 740 3269 796 ergo,
3302 738 3358 782 ut
3382 728 3563 786 dicere

1985 810 2271 864 ceperam,
2297 801 2347 854 in
2372 802 2471 858 hoc
2497 807 2634 874 quod
2663 808 2755 862 tibi
2778 826 2873 878 pro
2889 827 3080 882 magno
3109 816 3337 886 elegisti,
3359 829 3416 872 ut
3435 836 3553 887 quze

1985 902 2079 942 vos
2106 889 2173 945 de
2226 893 2564 951 traditoribus
2595 900 2892 955 testimonia
2949 905 3214 972 profertis,
3271 924 3395 963 vera
3423 912 3549 975 sint,

1983 995 2102 1048 qua:
2141 992 2314 1037 autem
2345 987 2679 1054 proferuntur
2726 1003 2908 1048 contra
2957 1011 3069 1060 vos,
3101 998 3227 1052 falsa
3254 1001 3377 1064 sint,
3426 1003 3556 1056 nillil

1983 1069 2167 1124 valetis
2213 1073 2466 1129 adversus
2498 1077 2787 1135 Ecclesiam
2814 1084 3128 1140 catholicam
3157 1097 3267 1142 toto
3291 1100 3555 1145 terrarum

1981 1159 2110 1251 orbe
2157 1161 2421 1231 diffusam,
2453 1178 2505 1220 et
2533 1169 2786 1225 adversus
2838 1175 3219 1242 providentiam
3247 1180 3358 1244 Dei,
3380 1198 3480 1251 qua
3503 1184 3557 1236 in

1979 1249 2306 1305 christianum
2326 1271 2524 1320 nomen,
2559 1267 2613 1311 ut
2641 1261 2740 1314 tuis
2787 1263 2965 1317 verbis
3005 1273 3143 1328 utar,
3169 1275 3302 1320 totus
3329 1249 3551 1335 quotidie

1978 1342 2183 1394 vertitur
2221 1345 2436 1400 mundus
2467 1365 2480 1400 :
2512 1358 2708 1417 quanto
2757 1353 2924 1421 magis
2944 1353 3168 1410 delicitis
3191 1359 3210 1388 ⁸
3235 1359 3286 1411 in
3333 1373 3552 1413 accusa-

1976 1433 2210 1487 tionibus
2236 1438 2448 1500 vestris,
2484 1455 2604 1494 cum
2632 1443 2761 1496 hanc
2804 1444 2966 1512 ipsam
3010 1449 3348 1514 traditionem,
3391 1451 3542 1519 cujus

1975 1539 2167 1580 nomen
2193 1528 2339 1582 velut
2367 1529 2648 1587 horrentes
2684 1535 2773 1604 qui
2821 1535 2924 1590 hoc
2974 1539 3205 1594 schisma
3237 1539 3492 1605 fecerunt,
3517 1558 3548 1597 θ

1973 1616 2166 1673 Christi
2186 1635 2409 1690 corpore
2428 1634 2700 1694 separatos
2715 1642 2775 1683 se
2791 1628 2933 1698 ipsos
2957 1629 3170 1684 diabolo
3193 1632 3541 1697 tradiderunt.

1971 1711 2141 1765 multo
2187 1712 2512 1782 probabilius,
2543 1719 2678 1771 sicut
2722 1719 2773 1773 in
2803 1720 2910 1774 illis
2937 1721 3127 1775 litteris
3174 1723 3303 1788 dixi,
3328 1733 3382 1778 et
3405 1742 3546 1778 nunc

1969 1802 2090 1856 dico
2109 1845 2124 1870 ,
2154 1821 2246 1858 nos
2271 1807 2406 1861 vobis
2434 1809 2696 1875 obiicimus
2726 1810 2744 1881 (
2775 1810 2885 1864 Lib.
2913 1814 2934 1865 1
2970 1823 3144 1866 contra
3163 1814 3377 1868 Litteras
3409 1815 3551 1868 Peti-

1969 1892 2110 1957 liaui,
2145 1911 2197 1947 η.
2220 1895 2291 1949 25
2315 1896 2359 1966 ),
2388 1914 2416 1950 a
2443 1899 2634 1967 quibus
2662 1902 2872 1954 nomina
2896 1912 2948 1955 et
2976 1903 3196 1957 crimina
3230 1906 3540 1960 traditurum

1967 1983 2066 2038 dici
2100 1989 2463 2042 tantummodo
2483 1989 2742 2055 audimus,
2775 2008 2872 2047 nos
2895 2005 3072 2048 autem
3095 2008 3148 2050 et
3171 2009 3319 2066 gesxa
3363 2001 3535 2054 eccle~

1964 2076 2173 2130 siastica
2200 2079 2389 2148 quibus
2409 2080 2476 2134 de
2524 2097 2584 2138 se
2635 2083 2738 2152 ipsi
2781 2086 3009 2140 confessi
3036 2098 3159 2142 sunt
3190 2089 3290 2156 (a),
3315 2101 3364 2145 et
3393 2102 3539 2161 gesta

1965 2169 2304 2239 municipalia
2332 2171 2522 2242 quibus
2549 2172 2650 2229 hoc
2679 2173 2866 2231 fecisse
2905 2177 3150 2248 leguntur
3183 2181 3279 2251 (b),
3299 2183 3537 2237 ostendi-

1961 2258 2120 2313 mus?

2031 2347 2258 2404 CAPUT
2297 2350 2528 2406 LXXIII.
2558 2355 2728 2410 —85.
2785 2356 2866 2410 Tu
2897 2373 3024 2411 vero
3071 2359 3292 2415 callidus
3331 2363 3536 2415 exami-

1961 2450 2115 2494 nator
2159 2457 2526 2514 appensorque
2568 2446 2870 2514 verberum,
2899 2449 3060 2504 doces
3089 2466 3186 2505 nos
3213 2453 3339 2520 quid
3361 2453 3538 2508 valeat

1959 2534 2352 2601 comparativus
2397 2536 2615 2606 gradus,
2663 2548 2716 2594 et
2758 2548 3001 2609 tanquam
3058 2543 3227 2596 victor
3279 2545 3535 2608 exsultas.

1957 2623 2097 2692 quod
2127 2641 2230 2678 non
2268 2641 2478 2695 possem
2505 2629 2703 2695 dicere,
2755 2633 3074 2686 traditionem
3114 2635 3419 2704 probabilius
3446 2653 3537 2690 nos

1956 2713 2091 2766 vobis
2115 2713 2399 2783 objirimus,
2444 2718 2546 2772 nisi
2578 2734 2670 2774 vos
2700 2721 2852 2774 nobis
2880 2737 2996 2775 eam
3022 2723 3368 2791 probabiliter
3391 2726 3530 2793 obji-

1954 2815 2078 2855 cere
2102 2803 2405 2858 cnnflterer.
2436 2804 2499 2859 Si
2541 2807 2671 2860 enim
2692 2824 2798 2872 vos,
2849 2810 3041 2879 inquis,
3077 2811 3402 2878 probabilius,
3431 2831 3525 2868 nos

1954 2905 2073 2960 ergo
2103 2892 2445 2960 probabiliter.
2479 2895 2545 2949 Et
2572 2895 2671 2951 hoc
2700 2897 2881 2960 doces,
2913 2901 3028 2967 quia
3049 2901 3120 2954 sic
3134 2911 3206 2954 est
3249 2901 3526 2970 probabili-

1953 2988 2028 3032 ter
2055 2989 2102 3032 et
2127 2981 2452 3050 probabilius,
2483 2993 2537 3037 ut
2571 2986 2618 3038 si
2665 2986 2826 3053 dicas,
2871 2987 2998 3043 Vere
3041 3001 3086 3043 et
3112 2992 3310 3056 verius;
3337 3001 3382 3046 et
3409 2994 3529 3062 quia

1950 3070 2140 3139 gradus
2155 3072 2248 3124 iste
2287 3073 2422 3142 quod
2449 3084 2566 3128 ante
2591 3077 2812 3145 positum
2833 3088 2905 3131 est
2933 3090 3102 3151 auget,
3136 3098 3234 3135 non
3251 3086 3386 3152 quod
3412 3095 3530 3138 ante

1951 3161 2140 3214 dictum
2165 3170 2235 3215 est
2262 3163 2528 3232 improbat.
2575 3166 2835 3236 Adjungis
2860 3169 2959 3221 alia
3001 3171 3183 3234 verba,
3212 3173 3406 3240 quibus
3431 3175 3531 3229 hoc

1950 3252 2246 3305 evidentius
2286 3254 2677 3325 intelligamus;
2717 3273 2780 3312 ac
2809 3257 2961 3322 dicis,
2987 3260 3076 3314 Sic
3103 3273 3174 3314 est
3205 3263 3326 3316 bene
3350 3274 3396 3317 ct
3422 3283 3530 3318 me-

1948 3341 2066 3405 lius,
2093 3343 2224 3396 ntale
2249 3354 2296 3396 et
2321 3347 2488 3414 pejus,
2542 3348 2847 3402 Itorribiliter
2875 3358 2920 3403 et
2955 3350 3244 3406 horribilius
3269 3369 3285 3406 :
3314 3355 3390 3408 sic
3411 3370 3530 3409 esse

1947 3433 2234 3487 ostendens
2245 3435 2566 3504 probabiliter
2588 3450 2636 3492 et
2649 3439 2970 3507 probabilius.
2987 3439 3138 3496 Unde
3153 3443 3325 3511 colligi
3354 3454 3524 3513 putas,

1945 3522 2068 3592 quia
2097 3524 2140 3576 si
2167 3539 2266 3594 ego
2312 3527 2638 3594 probabilius
2678 3531 2816 3600 quod
2850 3530 3035 3585 falsum
3075 3543 3160 3587 est
3190 3533 3412 3601 objicio,
3440 3550 3529 3590 su-

1944 3623 2122 3681 perest
2151 3625 2206 3668 ut
2233 3631 2326 3669 vos
2375 3619 2716 3687 probabiliter
2736 3623 2876 3691 quod
2909 3639 3091 3678 verum
3143 3635 3224 3680 est
3265 3627 3526 3696 objecisse

1943 3703 2248 3757 confirmes.
2273 3706 2370 3760 Hic
2399 3723 2497 3775 ego
2519 3712 2772 3778 numquid
2789 3712 2934 3776 dico,
2959 3715 3100 3782 quod
3148 3717 3198 3768 in
3224 3719 3520 3784 qumstione

1943 3793 2026 3845 Vel
2050 3793 2404 3860 disputatione
2433 3798 2792 3852 ecclesiastica
2812 3815 2908 3853 nos
2930 3803 3221 3856 artificialia
3248 3820 3520 3872 gramma-

1944 3886 2063 3939 lica).
2091 3885 2112 3916 ⁸
2133 3885 2327 3940 docere
2353 3887 2584 3952 conaris,
2607 3888 2733 3956 quid
2759 3891 2940 3944 avaleat
2980 3896 3370 3962 comparativus
3395 3912 3518 3966 gra-

1942 3973 2064 4037 dus,
2090 3974 2208 4044 quia
2228 3974 2282 4026 id
2301 3975 2435 4043 quod
2461 3985 2578 4030 ante
2599 3978 2812 4044 positum
2839 3988 2912 4032 est
2933 3991 3100 4050 auget,
3130 3999 3230 4035 non
3247 3985 3380 4052 quod
3406 3996 3522 4040 ante

1943 4065 2133 4118 dictum
2161 4074 2232 4119 est
2258 4066 2550 4134 improbat?
2573 4067 2739 4147 Video
2765 4069 2905 4122 enim
2922 4086 3080 4139 quam
3112 4077 3211 4128 hoc
3241 4075 3420 4142 inepte
3453 4079 3520 4130 ti-

1941 4155 1996 4210 bi
2041 4155 2285 4224 objiciam
2320 4172 2334 4209 :
2377 4156 2520 4226 quod
2569 4165 2625 4211 tu
2652 4157 2831 4212 videre
2861 4161 3095 4226 noluisti,
3149 4164 3361 4232 quando
3385 4166 3516 4220 mihi

1941 4247 2370 4316 anticategoriam
2400 4248 2546 4312 velut
2586 4265 2650 4303 ex
2697 4259 2813 4304 arte
2841 4249 3112 4306 rhetorica
3164 4253 3516 4322 objicicndam

1938 4338 2132 4412 putasti
2167 4357 2180 4392 :
2227 4342 2367 4411 quod
2405 4357 2572 4412 genus
2615 4344 2926 4413 qumstionis
2951 4384 2969 4410 ,
3019 4345 3108 4400 ubi
3152 4347 3367 4411 dicitur,
3397 4347 3512 4402 Non

1937 4450 2036 4505 ego
2060 4433 2179 4497 feci,
2205 4434 2294 4486 sed
2318 4443 2370 4487 tu
2397 4435 2584 4501 fecisti,
2633 4435 2790 4488 etiam
2822 4435 2873 4489 in
2899 4437 3214 4492 auctoritate
3237 4439 3514 4508 propheti-

1935 4541 1998 4581 ca
2024 4525 2378 4581 demonstravi
2405 4525 2635 4597 (Supra,
2665 4543 2716 4580 n.
2747 4527 2818 4581 29
2841 4527 2881 4598 ).

2006 4617 2232 4672 CAPUT
2271 4616 2666 4678 LXXJV.—86.
2686 4616 2974 4673 Considera
2996 4627 3170 4674 tamen
3187 4618 3514 4689 diligentius,

1935 4726 2004 4766 ne
2029 4709 2163 4764 forte
2185 4709 2421 4763 invenias
2443 4709 2494 4762 in
2531 4709 3008 4764 latinmloculionis
3045 4712 3369 4775 auctoribus,
3391 4713 3514 4781 qui-

1937 4801 2036 4854 bus
2053 4799 2518 4869 grammaticorum
2553 4797 2846 4852 artificialia
2873 4799 3131 4864 serviunt,
3165 4815 3269 4854 non
3297 4816 3512 4870 semper

1937 4889 2094 4944 istum
2139 4889 2361 4958 gradum
2411 4888 2549 4958 quod
2597 4875 2719 4942 ante
2750 4888 2977 4956 positum
3028 4898 3110 4942 est
3151 4904 3370 4958 augere,
3413 4891 3506 4944 sed

1934 4981 2219 5051 aliquando
2234 4981 2500 5035 contrario
2520 4978 2827 5048 superferri.
2851 4978 3013 5048 Cujus
3029 4980 3309 5035 locutionis
3329 4996 3509 5034 exem-

1934 5072 2076 5141 plum
2096 5070 2304 5124 interim
2329 5069 2538 5124 mihiex
2553 5068 2792 5138 Apostoli
2817 5068 3050 5136 Epistola
3071 5070 3324 5133 occurrit,
3349 5085 3504 5136 quam

1934 5163 2147 5231 scripsit
2171 5160 2238 5215 ad
2265 5160 2538 5215 Hebrinos.
2567 5159 2697 5212 Cum
2725 5158 2867 5212 enim
2897 5158 3201 5226 loqueretur
3245 5157 3312 5211 de
3343 5158 3505 5210 bene-

1933 5253 2164 5308 dictione
2196 5262 2386 5318 terrae,
2420 5263 2539 5319 qua:
2583 5256 2799 5316 accepta
2837 5247 3012 5317 pluvia
3049 5245 3279 5301 fructum
3309 5245 3505 5312 reddit,

1996 5441 2013 5474 ³
2039 5442 2156 5491 Fditi
2174 5476 2188 5500 ,
2229 5439 2477 5501 refellerit.
2518 5439 2838 5501 Emendantur
2869 5452 2947 5501 ex
2971 5438 3323 5500 manuscriptis.

1996 5441 2013 5474 ³
2039 5442 2188 5500 Fditi,
2229 5454 2283 5490 re
2305 5440 2477 5501 exuerit.
2518 5440 2838 5488 Emendantur
2882 5452 2947 5488 ex
2971 5440 3276 5500 manuscripti

1995 5505 2016 5570 ξ
2049 5503 2185 5570 Editi,
2205 5440 2497 5570 deficientes.
2525 5508 2580 5550 Αι
2600 5507 2708 5570 Mss.
2734 5498 3000 5570 deficias.“
3244 5557 3276 5570 Δ,

1996 5565 2018 5598 ³
2039 5565 2111 5614 sic
2133 5559 2366 5615 meliores
2385 5569 2490 5613 Mss.
2517 5570 2570 5612 At
2593 5561 2728 5621 editi,
2755 5559 3000 5624 artiﬁciali
3019 5559 3352 5623 grammatica.

1995 5645 2067 5751 (αξ
2089 5651 2230 5694 Gesta
2252 5643 2435 5692 concilii
2457 5642 2703 5699 Cirtensis,
2723 5653 2885 5702 supra,
2902 5654 2950 5691 n.
2979 5642 3055 5692 50.

1997 5703 2046 5751 Ib
2090 5713 2230 5751 Gesta
2251 5704 2374 5751 amid
2391 5703 2657 5751 Zenonbit..
2677 5713 2783 5751 can.
2808 5701 2889 5751 29.

1997 5701 2067 5754 lbi
2090 5713 2230 5756 Gesta
2251 5704 2374 5768 apud
2391 5703 2657 5766 ZenOpbil.,
2677 5701 2793 5763 cap.
2808 5701 2889 5752 29.
