4024 6196
521 352 625 405 545
659 392 672 412 .

519 465 713 517 deinde
766 464 989 530 subjecit
1020 481 1033 515 :
1068 462 1338 532 Proferens
1384 474 1549 516 autent
1578 463 1751 530 spinas
1779 472 1826 515 et
1856 462 2089 527 tribulos,

522 557 730 623 reprobo
751 565 796 607 et
823 556 1161 608 maledictioni
1178 556 1409 623 proxima
1435 565 1538 619 est;
1562 556 1707 614 cuius
1728 555 1845 622 ﬁnis
1870 553 1921 606 in
1944 553 2099 607 ustio-

521 659 651 696 nent.
668 644 818 709 Quod
842 658 909 699 ne
933 645 1037 699 illis
1062 646 1252 715 quibus
1300 646 1611 715 loquebatur
1636 654 1850 713 optasse
1878 643 2092 698 videre-

518 744 641 788 tur:
671 731 859 802 Con/isi
908 752 1083 789 sumus
1110 737 1127 767 ¹
1150 746 1338 801 autem,
1386 738 1572 805 inquit,
1618 736 1680 789 de
1703 736 1858 801 vobis,
1912 740 2096 807 fratres

516 825 821 893 charissimi,
854 829 1061 882 meliora
1107 838 1153 882 et
1179 829 1421 882 haerentia
1465 829 1618 882 saluti
1647 827 1829 900 (Hebr.
1854 842 1924 891 Vt,
1947 826 2093 899 7-9).

516 918 759 973 Attendis
805 929 949 976 certe
993 920 1262 990 quomodo
1300 921 1385 976 hic
1428 920 1658 985 dixerit,
1712 920 1920 974 meliora
1946 934 1965 973 :
1993 934 2096 974 non

514 1014 636 1077 quia
666 1008 806 1064 bona
827 1019 982 1065 erant
1032 1027 1151 1081 qua:
1180 1026 1339 1081 supra
1368 1011 1595 1075 dixerat,
1639 1009 1880 1080 proferre
1914 1010 2097 1080 Spinas

513 1113 567 1158 et
599 1102 843 1169 tribulos,
874 1110 929 1157 et
955 1104 1215 1158 ustionem
1239 1104 1431 1158 mereri
1459 1118 1474 1168 ;
1505 1102 1601 1158 sed
1626 1103 1795 1173 magis
1833 1102 1955 1172 quia
1978 1115 2094 1154 ma-

516 1188 561 1241 Ia
592 1200 762 1253 erant,
795 1199 848 1246 ut
881 1191 982 1247 illis
1006 1192 1252 1247 devitatis
1304 1193 1522 1247 meliora
1560 1193 1818 1262 eligerent
1852 1200 1905 1246 et
1934 1200 2093 1259 opta-

516 1290 656 1345 rent,
687 1281 785 1334 hoc
800 1290 899 1347 est,
935 1282 1070 1336 bona
1107 1283 1267 1338 tantis
1311 1282 1466 1337 malis
1507 1283 1791 1337 contraria.
1821 1281 1925 1337 Sed
1957 1281 2095 1335 forte

517 1371 828 1439 Apostolum
852 1373 928 1427 sic
957 1373 1275 1428 audiendum
1316 1390 1437 1429 esse
1490 1374 1785 1440 arbitraris,
1834 1372 2092 1443 quemad-

516 1461 734 1516 modum
764 1462 830 1518 de
873 1478 932 1518 se
981 1463 1095 1532 ipse
1147 1464 1293 1529 dicit,
1353 1474 1599 1533 tanquam
1648 1464 1939 1527 hominem,
1969 1462 2095 1518 etsi

514 1552 813 1618 imperitum
840 1568 1107 1620 sermone,
1150 1554 1243 1608 sed
1269 1570 1375 1608 non
1404 1555 1622 1610 scientia
1652 1554 1852 1624 (llCor.
1886 1570 1961 1618 xt,
1986 1554 2043 1621 6)
2077 1572 2090 1608 :

510 1649 567 1694 et
591 1640 714 1695 ideo
744 1655 849 1695 non
879 1644 1160 1698 verborum
1187 1645 1242 1697 in
1263 1658 1350 1710 eo,
1380 1644 1474 1699 sed
1501 1660 1679 1698 rerum
1707 1652 1864 1714 atque
1885 1653 2095 1699 sentcn-

513 1732 700 1786 tiarum
729 1734 1099 1788 auctoritatem
1128 1743 1283 1805 putas
1314 1750 1433 1790 esse
1455 1735 1783 1801 sectandam,
1812 1737 1947 1789 bona
1967 1735 2090 1804 poni

510 1821 760 1878 debuisse
789 1825 1138 1890 contendens,
1181 1826 1270 1881 ubi
1324 1827 1503 1895 posuit
1530 1827 1644 1896 ipse
1690 1827 1919 1880 meliora.
1952 1826 2090 1893 Quid

513 1912 558 1965 si
585 1921 640 1966 et
665 1913 889 1981 egojam
946 1914 1030 1968 bis
1084 1915 1277 1970 litteris
1318 1916 1669 1982 assuefactus,
1701 1924 1755 1970 et
1802 1917 1916 1970 illas
1958 1929 2093 1986 quas

514 2016 645 2067 puer
685 2002 845 2057 didici
908 2002 1125 2070 oblitus,
1151 2004 1228 2058 sic
1271 2005 1402 2072 dixi,
1454 2004 1685 2074 Objicitis
1740 2006 2087 2073 traditionem,

512 2092 640 2145 Italic
662 2094 823 2162 ipsam
849 2094 1006 2147 multo
1025 2093 1333 2162 probabilius
1361 2112 1453 2149 nos
1478 2096 1613 2150 vobis
1637 2096 1901 2161 obiicimus
1928 2112 1947 2149 :
1977 2106 2093 2149 tan-

490 2170 669 2252 quam
695 2184 951 2247 dicerem,
982 2185 1355 2253 Probabiliter,
1383 2189 1802 2255 comparativum
1831 2202 1926 2256 pro
1946 2188 2089 2257 posi-

511 2273 619 2327 tivo
674 2289 901 2343 ponens,
958 2292 1064 2329 non
1106 2276 1226 2346 quia
1250 2290 1343 2330 vos
1383 2277 1746 2345 probabiliter,
1805 2275 1898 2331 sed
1925 2276 2091 2345 magis

508 2364 629 2432 quia
674 2364 1096 2434 improbabiliter
1122 2384 1137 2433 ;
1168 2368 1304 2422 sicut
1334 2368 1425 2423 ille
1454 2370 1681 2433 meliora,
1732 2383 1835 2421 non
1857 2369 1977 2438 quia
2001 2368 2090 2422 illa

506 2464 658 2509 erant
688 2458 844 2521 bona,
877 2457 969 2511 sed
1004 2459 1171 2529 magis
1220 2460 1342 2528 quia
1378 2460 1559 2513 mala:
1594 2469 1646 2513 tu
1680 2472 1845 2528 quare
1887 2468 1991 2513 tam
2014 2469 2091 2514 te-

508 2561 654 2600 mere
682 2546 957 2601 concludis
977 2563 1041 2602 ex
1090 2550 1188 2602 hoc
1212 2549 1557 2604 confirmasse
1587 2564 1691 2613 me,
1725 2563 1818 2604 vos
1844 2549 2091 2619 probabi-

496 2632 647 2709 liter,
680 2639 798 2706 quia
831 2638 937 2692 dixi
963 2656 1058 2693 nos
1085 2640 1406 2707 probabilius
1434 2640 1457 2692 ?

575 2727 800 2782 CAPUT
847 2728 1053 2783 LXXV.
1082 2759 1154 2770 —-
1196 2730 1285 2785 87.
1316 2729 1624 2797 Quanquam
1661 2746 1759 2785 nec
1798 2731 2088 2786 secundum

503 2818 874 2885 grammaticos
900 2820 950 2872 in
974 2819 1135 2873 verbo
1148 2834 1232 2873 me
1244 2834 1451 2875 errasse
1469 2820 1905 2891 reprehenderes,
1921 2821 1964 2874 si
1987 2822 2090 2875 sal-

506 2915 610 2961 tem
642 2910 918 2963 verborum
972 2910 1205 2979 ipsorum
1252 2920 1496 2965 auctores
1543 2914 1625 2966 vel
1654 2921 1855 2967 attente
1884 2914 2082 2983 legere,

503 3000 584 3052 vel
621 3000 927 3053 memoriter
950 3002 1186 3055 recolere
1213 3002 1490 3056 voluisses.
1533 3002 1766 3056 Pueriles
1809 3003 1949 3057 enim
1989 3002 2085 3056 ba-

504 3088 625 3141 bent
646 3089 852 3153 litterze,
884 3090 977 3143 sed
1003 3107 1106 3143 non
1132 3106 1161 3143 a
1190 3106 1352 3159 puero
1381 3092 1626 3159 imperito
1652 3093 1871 3160 dictum,

625 3202 677 3263 οι
698 3199 895 3263 meliora
908 3197 958 3261 pi
965 3198 1020 3258 is,
1034 3214 1360 3263 erroremque
1384 3203 1602 3251 hostibus
1625 3203 1782 3254 illum!

625 3261 850 3309 Dlscissos
871 3263 1012 3310 nudis
1031 3262 1269 3311 laniabant
1282 3261 1514 3312 dentibus
1527 3272 1676 3314 artus.

926 3320 1122 3387 (I‘irgtl.
1148 3331 1314 3388 Georg.
1338 3323 1417 3374 lib.
1444 3326 1492 3385 3,
1520 3338 1640 3377 vers.
1665 3327 1773 3387 515,
1796 3326 1931 3392 514.)

509 3422 786 3489 Quomodo
808 3441 936 3494 ergo
967 3426 1175 3480 meliora
1201 3429 1318 3498 piis,
1378 3430 1527 3498 quasi
1556 3429 1694 3484 bona
1738 3440 1919 3486 essent
1942 3432 2081 3500 istis,

500 3526 563 3565 ac
590 3528 692 3565 non
714 3515 884 3580 potius
918 3532 1103 3584 magna
1152 3520 1308 3582 mala,
1342 3520 1430 3587 qui
1463 3520 1705 3575 discissos
1743 3522 1893 3575 nudis
1912 3523 2082 3576 lania-

503 3602 621 3653 bant
650 3602 877 3656 dentibus
901 3616 1041 3659 artus
1072 3607 1097 3659 ?
1122 3606 1240 3661 Jam
1273 3609 1418 3663 vides
1467 3621 1631 3673 certe,
1664 3612 1787 3680 quia
1815 3612 1953 3667 sicut
1981 3614 2083 3669 iste

503 3689 605 3759 piis
636 3692 805 3759 potuit
833 3704 1020 3762 Optare
1071 3696 1313 3761 meliora,
1356 3698 1597 3767 quamvis
1638 3701 1725 3755 illa
1757 3700 1809 3755 in
1852 3717 2079 3772 quorum

500 3783 902 3849 comparatione
932 3785 1167 3854 optabat,
1197 3802 1302 3841 non
1356 3800 1535 3842 essent
1578 3790 1712 3845 bona
1738 3809 1753 3857 ;
1794 3792 1874 3847 sic
1897 3800 1950 3847 et
1978 3808 2079 3863 ego

502 3872 647 3939 potui
683 3871 881 3939 dicere,
915 3875 1233 3931 traditionem
1264 3878 1571 3947 probabilius
1611 3882 1747 3935 vobis
1789 3883 2076 3953 objicimus,

497 3965 739 4031 quamvis
762 3981 878 4019 eam
912 3982 1005 4021 vos
1034 3968 1188 4022 nobis
1214 3984 1318 4023 non
1363 3970 1705 4038 probabiliter
1752 3973 2076 4042 objiceretis.

500 4052 569 4108 l't
595 4056 836 4109 omittam
864 4057 985 4126 quia
1030 4068 1084 4113 et
1130 4060 1399 4128 probabile
1452 4062 1661 4129 quando
1702 4063 1911 4130 dicitur,
1972 4082 2077 4121 non

497 4156 885 4215 consequenter
913 4157 994 4202 est
1034 4164 1257 4217 verum;
1288 4166 1407 4205 cum
1437 4167 1499 4205 ea
1530 4151 1779 4213 dicuntur
1822 4171 1941 4224 qua:
1964 4156 2077 4211 lieri

500 4244 722 4303 possunt
749 4252 811 4291 ac
830 4239 1021 4303 solent,
1047 4248 1102 4294 et
1132 4240 1251 4295 ideo
1280 4243 1588 4311 probantur,
1622 4242 1724 4299 hoc
1743 4253 1860 4311 est,
1883 4260 2078 4317 appro-

498 4322 692 4378 bantur
735 4333 789 4378 et
839 4326 1151 4393 creduntur,
1178 4330 1386 4384 etiamsi
1435 4330 1570 4386 facta
1610 4348 1715 4386 non
1751 4333 1860 4389 sint
1893 4335 2076 4404 :quod

496 4420 674 4466 autem
700 4428 882 4469 verum
913 4424 1015 4481 est,
1041 4433 1163 4471 cum
1203 4420 1518 4484 ostenditur,
1553 4424 1855 4477 necessario
1886 4427 2079 4494 proba-

498 4500 602 4555 bile
628 4509 730 4566 est,
754 4511 808 4555 et
837 4504 927 4558 illo
959 4507 1138 4575 utique
1180 4509 1523 4577 probabilius.
1582 4512 1778 4569 Recole
1806 4514 1969 4569 libros
1992 4517 2077 4571 ubi

498 4592 654 4647 verba
726 4593 957 4651 didicisti
1011 4614 1025 4653 :
1075 4613 1235 4669 quam
1309 4611 1359 4657 te
1431 4618 1538 4658 non
1581 4603 1788 4673 fallam,
1838 4608 2077 4678 profecto

496 4697 748 4750 reperies.

569 4772 794 4830 CAPUT
836 4777 1068 4834 LXXVI.
1092 4810 1163 4821 —-
1191 4781 1343 4838 Unde
1366 4785 1573 4840 etiamsi
1602 4798 1807 4843 vestros
1828 4792 2076 4861 probabi-

495 4866 615 4921 liter
643 4870 842 4924 nostris
887 4872 1225 4929 traditionem
1247 4876 1507 4945 objecisse
1550 4881 1899 4938 concederem
1924 4901 1941 4951 ;
1970 4900 2074 4939 non

434 4990 435 4993 η
482 4960 615 5041 ideo
648 4977 832 5019 verum
859 4966 1155 5033 objecisse,
1185 4970 1589 5038 contenderem,
1620 4984 1673 5029 et
1700 4986 1845 5032 recte
1870 4993 1967 5032 nos
1988 4980 2073 5032 di-

492 5066 671 5107 cerem
722 5056 1048 5124 probabilius
1097 5058 1235 5114 hanc
1286 5061 1519 5129 objiccre
1548 5082 1560 5116 :
1591 5066 2019 5137 quandoquidem
2045 5085 2074 5123 a

495 5142 645 5197 vobis
668 5146 929 5199 nominari
958 5156 1160 5201 tantum
1181 5149 1463 5205 traditores
1488 5153 1722 5208 solemus
1738 5157 1941 5221 audire,
1966 5159 2074 5210 nul-

493 5232 555 5284 lis
575 5243 754 5287 autem
782 5235 947 5303 gestis
967 5237 1050 5291 vel
1071 5239 1463 5305 ecclesiasticis,
1498 5244 1577 5298 vel
1604 5245 1849 5313 publicis,
1878 5250 2072 5301 recita-

494 5336 538 5373 rt
562 5323 1019 5394 demonstrarique
1058 5328 1360 5391 confessos;
1389 5346 1417 5383 a
1452 5331 1601 5386 nobis
1643 5344 1819 5388 autem
1847 5337 2070 5404 proferri

494 5420 547 5462 et
576 5423 720 5480 gesta
747 5414 953 5483 publica
987 5416 1073 5471 ubi
1123 5419 1288 5472 vestri
1341 5420 1693 5486 tradiderunt,
1726 5433 1780 5477 et
1822 5425 2073 5480 ecclesia-

495 5501 625 5554 stica
651 5504 733 5555 ubi
780 5502 1007 5557 Confessi
1038 5506 1146 5558 Deo
1170 5508 1332 5574 judici
1364 5509 1601 5565 derelicti
1631 5520 1772 5565 sunt.

561 5593 785 5649 CAPUT
816 5593 1070 5649 LXXVII.
1087 5598 1255 5652 —88.
1277 5599 1380 5654 Sed
1400 5616 1501 5656 non
1524 5602 1710 5657 omitto
1729 5614 1831 5658 tam
1850 5607 2073 5664 manife-

558 5724 575 5752 ⁸
600 5731 669 5774 ωε
694 5733 795 5781 διδ.
822 5728 955 5789 Editi,
975 5725 1276 5790 conﬁdimus.

1260 350 1523 403 CONTRA
1567 347 1990 403 CBESCONIUM
2034 347 2484 413 DONATIS’I‘AJI,
2528 348 2581 401 S.
2628 349 2986 405 AUGUSI‘INI

3684 359 3791 412 5H

2210 470 2353 516 stum
2365 462 2563 530 adjutot
2577 463 2682 516 ium
2707 474 2870 528 tuum,
2899 482 3005 533 quo
3019 466 3171 521 nobis
3181 467 3339 522 etiam
3356 469 3603 525 nesciens
3622 474 3794 541 pluri-

2203 568 2350 605 num
2375 553 2538 617 faves,
2555 552 2793 607 docendo
2808 557 3019 625 regulas
3038 559 3379 627 comparativi
3400 560 3595 630 gradus
3614 578 3629 615 :
3654 560 3794 629 Quia

2199 644 2257 697 id
2278 644 2414 713 quod
2438 656 2556 698 ante
2581 646 2799 714 positum
2828 656 2898 700 est
2918 657 3088 717 auget,
3126 666 3225 703 non
3276 652 3412 718 quod
3454 662 3572 707 ante
3596 654 3792 707 dictum

2203 743 2276 787 est
2296 734 2571 803 improbat.
2597 735 2896 790 Secundum
2916 736 3059 792 enim
3081 736 3218 793 hanc
3234 741 3467 808 regulam
3496 752 3661 808 tuam,
3692 758 3786 797 se-

2203 823 2435 877 cundum
2477 824 2719 894 quaedam
2744 825 2909 880 verba
2936 837 3023 880 tua
3072 828 3122 881 in
3167 828 3390 897 epistola
3418 839 3526 891 tua.
3556 832 3675 886 sine
3700 832 3786 885 ul—

2204 915 2253 970 la
2278 915 2590 972 difﬁcultate
2634 916 2960 972 obtinuimus
2998 931 3210 971 causam
3243 927 3500 974 nostram.
3532 920 3609 975 Tu
3640 923 3785 976 enim

2202 1006 2381 1063 dixisti
2408 1007 2460 1061 in
2501 1007 2687 1079 primis
2736 1009 2974 1077 partibus
3027 1008 3320 1063 litterarum
3366 1020 3595 1075 tuarum,
3640 1013 3786 1068 velut

2200 1104 2438 1151 nostram
2466 1098 2808 1167 pertinaciam
2834 1098 3190 1166 criminando,
3223 1110 3293 1154 tot
3314 1101 3615 1157 documenta
3642 1105 3782 1174 lega-

2201 1188 2289 1253 lia,
2319 1189 2456 1259 quod
2492 1190 2669 1244 melius
2702 1200 2752 1245 et
2799 1190 2968 1244 verius
2993 1200 3084 1256 est,
3134 1190 3275 1246 nobis
3319 1196 3621 1262 persuadere
3677 1212 3781 1250 non

2202 1294 2363 1347 posse.
2390 1278 2490 1333 Ubi
2533 1294 2633 1349 ego
2662 1278 2924 1334 concludo
2970 1280 3264 1334 secundum
3313 1283 3606 1338 artificialia
3664 1295 3778 1347 tua,

2194 1369 2304 1439 jam
2332 1384 2430 1425 nos
2470 1386 2653 1425 verum
2695 1380 2751 1426 et
2794 1370 2990 1425 bonum
3024 1380 3224 1437 tenere,
3269 1374 3313 1427 si
3358 1374 3498 1442 quod
3522 1375 3699 1429 verius
3724 1387 3781 1430 et

2200 1459 2392 1514 melius
2420 1469 2522 1526 est,
2566 1460 2718 1514 nobis
2770 1460 3079 1530 persuaderi
3108 1476 3213 1515 non
3245 1471 3439 1531 potest.
3472 1463 3606 1518 Cum
3649 1481 3778 1534 ergo

2200 1562 2299 1602 nos
2320 1562 2425 1603 non
2452 1535 2836 1614 rescindamus,
2871 1557 2929 1602 ut
2956 1548 3247 1604 secundum
3280 1560 3331 1605 te
3360 1551 3566 1621 loquar.
3599 1554 3779 1607 verius

2198 1650 2253 1694 et
2282 1639 2471 1694 melius
2522 1640 2785 1710 Baptisma
2831 1648 3085 1706 vestrum,
3128 1656 3294 1710 quare
3337 1657 3432 1697 vos
3480 1644 3780 1699 rescinditis

2198 1746 2381 1786 verum
2423 1740 2478 1785 et
2506 1732 2703 1786 bonum
2728 1730 3009 1785 nostrum?
3038 1729 3170 1785 Item
3222 1747 3343 1785 cum
3379 1732 3627 1797 dixisses,
3664 1732 3775 1786 Hoc

2197 1831 2244 1875 et
2261 1837 2351 1875 nos
2373 1820 2625 1885 volumus,
2663 1830 2715 1874 ut
2734 1819 2959 1874 Christus
2984 1822 3047 1874 sit
3066 1822 3229 1891 origo.
3258 1833 3302 1875 et
3329 1822 3498 1883 radix,
3525 1836 3777 1893 caputque

2197 1912 2457 1967 christiani
2476 1928 2494 1965 :
2518 1911 2772 1965 continuo
2788 1910 3081 1978 subjecisti,
3106 1911 3194 1965 sed
3216 1910 3485 1981 quierimu's
3514 1930 3605 1981 per
3630 1930 3779 1982 quem

2197 1999 2291 2054 hoc
2310 2000 2488 2054 melius
2515 2000 2623 2066 fiat.
2649 1998 2799 2067 Quod
2847 2000 3072 2055 dicendo
3128 2000 3307 2070 utique
3355 2004 3692 2067 concessisti,
3725 2014 3780 2058 et

2198 2105 2291 2161 per
2319 2091 2514 2145 malum
2541 2091 2843 2146 ministrum
2860 2092 2997 2147 bene
3040 2092 3175 2157 fieri,
3210 2094 3302 2148 sed
3331 2095 3521 2148 melius
3553 2111 3648 2163 per
3679 2096 3777 2149 bo-

2197 2196 2343 2235 num.
2360 2180 2686 2251 Cumitaque
2736 2196 2835 2236 nos
2878 2198 2982 2235 non
3023 2183 3377 2237 rescindimus
3420 2184 3770 2255 Raptis-mum,

2195 2286 2353 2341 quem
2393 2287 2487 2340 per
2535 2280 2771 2327 vestrum
2804 2282 3052 2343 tanquam
3094 2289 3188 2342 per
3219 2274 3417 2329 bonum
3465 2276 3773 2333 ministrum

2194 2362 2308 2417 dari
2335 2362 2517 2417 dicitis
2540 2381 2553 2417 :
2576 2378 2743 2433 quare
2767 2377 2862 2417 vos
2905 2364 3207 2418 rescinditis
3236 2365 3590 2434 Baptismum,
3619 2384 3776 2437 quem

2195 2469 2290 2523 per
2315 2464 2553 2509 nostrum
2576 2464 2824 2525 tanquam
2855 2471 2949 2525 per
2992 2456 3187 2510 malum
3245 2458 3547 2512 ministrum
3591 2460 3775 2513 datum

2193 2558 2314 2599 esse
2332 2544 2690 2599 contenditis?
2710 2544 2789 2598 'l‘u
2810 2544 2952 2599 enim
2974 2544 3174 2611 dixisti,
3206 2546 3494 2613 Quaerimus
3515 2565 3604 2617 per
3626 2564 3771 2617 quens

2194 2635 2373 2690 melius
2389 2637 2496 2705 fiat.
2524 2637 2588 2691 Et
2609 2645 2697 2691 tua
2741 2637 2919 2706 regula
2969 2645 3075 2701 est,
3105 2635 3238 2704 Quia
3261 2639 3451 2708 gradus
3493 2640 3586 2692 iste
3639 2640 3777 2708 quod

2192 2738 2309 2782 ante
2334 2729 2553 2797 positum
2573 2737 2644 2782 est
2673 2737 2839 2798 auget.
2864 2727 3017 2783 Unde
3032 2728 3077 2782 si
3100 2744 3197 2797 per
3220 2739 3479 2795 vestrum,
3507 2731 3645 2785 sicut
3672 2746 3776 2800 pu-

2196 2828 2296 2883 tas,
2316 2816 2504 2872 melius
2531 2816 2627 2882 lit;
2657 2832 2785 2887 ergo
2805 2825 2858 2871 et
2879 2831 2975 2886 per
3028 2825 3267 2872 nostrum
3302 2819 3438 2874 bene
3463 2819 3540 2873 lit.
3572 2820 3650 2874 Ac
3679 2835 3778 2889 per

2194 2907 2296 2962 hoc
2311 2908 2521 2977 quando
2538 2922 2634 2977 per
2666 2922 2764 2962 nos
2797 2907 3120 2976 baptizatum
3162 2909 3522 2978 rebaptizatis,
3552 2909 3606 2964 id
3626 2912 3773 2981 quod

2191 3014 2259 3055 ex
2284 3000 2383 3055 ista
2411 3008 2499 3054 tua
2529 3000 2708 3069 regula
2733 2999 2869 3054 bene
2898 3000 3091 3055 factum
3120 3015 3241 3057 esse
3271 3001 3581 3068 conceditis,
3604 3004 3769 3058 sacri-
3860 3006 3865 3011 ’

2191 3088 2305 3157 lega
2330 3090 2741 3159 praesumptione
2782 3088 3104 3143 rescinditis.

2261 3178 2487 3235 CAPUT
2525 3178 2804 3234 LXXVIII.
2826 3208 2900 3219 —
2924 3179 3012 3235 89.
3041 3179 3244 3235 Vereor
3269 3195 3335 3235 ne
3366 3180 3524 3235 nimis
3550 3197 3777 3251 urgeam

2191 3269 2565 3325 verecundiam
2622 3278 2800 3333 tuam,
2846 3269 2893 3324 si
2935 3269 3215 3325 ostendam
3271 3285 3424 3339 quam
3470 3270 3666 3325 leviter
3721 3284 3777 3327 et

2188 3362 2483 3417 scurriliter
2509 3361 2749 3431 quaedam
2786 3363 2944 3417 etiam
2975 3362 3135 3416 verba
3184 3376 3324 3427 mea,
3352 3378 3471 3432 qua:
3514 3364 3779 3419 translate

2192 3454 2361 3523 posui,
2407 3454 2632 3523 frontem
2661 3470 2757 3523 pro
2800 3453 3020 3522 pudore,
3048 3468 3110 3508 os
3135 3468 3231 3522 pro
3255 3468 3524 3516 sermone,
3567 3454 3777 3508 tridens

2190 3522 2350 3602 telum
2381 3562 2477 3616 pro
2513 3522 2774 3615 iripartita
2800 3546 3065 3611 oratione,
3097 3543 3379 3612 tricipitem
3420 3545 3642 3599 bestiam
3673 3561 3777 3614 pro

2185 3650 2369 3692 errore
2411 3636 2579 3690 tribus
2620 3635 2901 3690 calumniis
2929 3634 3186 3689 adversus
3231 3642 3306 3688 tot
3335 3635 3656 3704 populorum
3686 3636 3773 3689 in-

2185 3727 2484 3782 nocentiam
2540 3728 2792 3783 saeviente
2841 3726 2993 3800 (Lib.
3039 3728 3064 3780 1
3129 3733 3304 3780 contra
3354 3724 3572 3779 Litteras
3630 3725 3778 3781 Peti-

2184 3816 2341 3883 liani,
2392 3832 2447 3869 η.
2496 3815 2636 3885 29),
2685 3816 2837 3887 quasi
2888 3815 3123 3871 urbanus
3174 3825 3229 3871 et
3258 3815 3409 3869 dicax
3452 3816 3775 3886 exagitanda

2188 3909 2475 3978 putaveris.
2526 3908 2689 3965 Serva
2719 3910 2894 3979 potius
2924 3909 3146 3979 puerilia
3177 3910 3374 3979 pueris.
3404 3909 3589 3980 Neque
3625 3912 3775 3965 enim

2160 4012 2271 4052 -me
2319 4008 2498 4054 movet
2538 3998 2680 4068 quod
2726 3998 3044 4069 Neptunium
3094 3999 3255 4054 telum
3305 4008 3521 4069 propter
3570 3999 3779 4055 triden-

2185 4094 2290 4141 tem
2315 4086 2448 4141 dicis
2477 4088 2781 4158 episcopum
2810 4104 2915 4143 non
2940 4089 3156 4156 decere,
3200 4104 3323 4144 cum
3352 4090 3421 4143 sit
3444 4099 3498 4143 et
3537 4090 3779 4160 piscato-

2183 4176 2321 4230 rium
2341 4177 2381 4244 ⁸,
2408 4190 2471 4231 ac
2498 4192 2594 4247 per
2618 4176 2720 4232 hoc
2747 4178 3120 4248 apostolicum,
3165 4192 3299 4248 quos
3338 4193 3464 4233 suos
3486 4179 3781 4247 Apostolus

2184 4264 2441 4323 Dominus
2482 4268 2769 4336 piscatores
2816 4267 3087 4322 hominum
3135 4268 3259 4322 fecit
3303 4266 3517 4339 (Matth.
3548 4283 3621 4330 tv,
3655 4267 3776 4337 l9).

2182 4353 2315 4409 Nam
2340 4366 2394 4409 et
2434 4356 2599 4410 Deum
2626 4365 2866 4410 nostrum
2889 4356 3163 4425 Scriptura
3191 4356 3320 4411 dicit
3343 4366 3398 4411 et
3434 4356 3546 4410 alas
3566 4355 3778 4411 habere

2185 4443 2357 4515 (Psal.
2386 4462 2496 4512 xvi,
2526 4447 2579 4510 8,
2612 4456 2661 4500 et
2685 4464 2851 4513 xxxv,
2881 4448 2935 4517 8)
2962 4457 3017 4504 et
3039 4449 3256 4518 sagittas
3282 4447 3454 4519 (Psal.
3487 4464 3616 4515 xvn,
3652 4450 3775 4521 l5),

2183 4553 2284 4593 nec
2310 4546 2488 4592 tamen
2517 4538 2827 4607 Cupidinem
2854 4539 3099 4594 colimus.

2254 4626 2344 4682 90.
2372 4626 2510 4692 Quin
2535 4628 2694 4683 etiam
2723 4644 2808 4682 me
2834 4629 3148 4697 promissam
3174 4629 3227 4683 io
3252 4629 3471 4684 exordio
3494 4630 3780 4685 lenitatem

2185 4734 2294 4773 non
2336 4733 2580 4775 servasse
2635 4719 3005 4788 reprehendis,
3057 4734 3123 4775 eo
3173 4718 3315 4790 quod
3355 4720 3780 4775 Manichaeorum

2184 4812 2318 4866 facta
2348 4812 2618 4866 mentione
2648 4822 2919 4882 permotus
2957 4811 3208 4876 dixerim,
3243 4811 3386 4865 Sicut
3421 4828 3524 4865 non
3568 4820 3738 4878 potest
3760 4854 3777 4876 ,

2182 4901 2317 4973 quod
2355 4900 2607 4956 Dominus
2630 4902 2721 4963 ait,
2750 4912 2956 4956 satanas
2978 4911 3212 4956 satanam
3248 4900 3512 4955 excludere
3551 4900 3778 4969 (Matth.

2185 5008 2281 5056 xu,
2314 4992 2427 5059 26),
2456 4993 2527 5045 ita
2555 5009 2655 5046 non
2686 5000 2847 5061 potest
2868 5009 3009 5046 error
3046 4991 3447 5046 Haniclueorum
3470 4990 3785 5046 Donatista—

2183 5100 2297 5137 rum
2321 5100 2535 5138 errorem
2558 5093 2772 5138 euertere
2799 5082 2932 5154 (Lib.
2965 5085 2989 5139 i
3022 5095 3199 5137 contra
3229 5083 3444 5139 Litteras
3486 5084 3735 5141 Petiliani
3763 5129 3781 5152 ,

2185 5190 2238 5227 ιι.
2283 5173 2374 5239 28)
2410 5190 2422 5225 :
2455 5173 2603 5242 quasi
2647 5173 2963 5227 Petilianum
2994 5183 3195 5227 satana:
3223 5173 3673 5241 comparaverim,
3712 5190 3787 5227 ac

2184 5278 2289 5317 non
2315 5279 2577 5329 errorem,
2601 5264 2753 5333 cujus
2774 5280 2894 5320 eum
2923 5265 3079 5331 cupio
3104 5263 3307 5333 laqueis
3333 5264 3591 5333 expediri.
3622 5264 3787 5322 Bene

2182 5354 2323 5425 quod
2355 5356 2640 5424 Apostolus
2686 5371 2785 5410 nos
2812 5356 3067 5409 adversus
3100 5356 3234 5409 tales
3277 5354 3571 5410 calumnias
3615 5370 3785 5409 coni-

2184 5446 2401 5499 munivit
2450 5462 2514 5500 eo
2560 5445 2673 5515 ipso
2719 5447 2857 5511 loco,
2908 5445 2996 5501 ubi
3039 5461 3135 5500 nos
3166 5447 3342 5512 mites,
3396 5447 3684 5516 patientes,
3723 5459 3784 5502 ct

2184 5535 2453 5589 modestos
2494 5551 2615 5590 esse
2639 5535 2912 5602 admonet,
2940 5535 3150 5605 quando
3176 5537 3410 5607 aliquem
3441 5536 3780 5591 dissentien-

2187 5636 2290 5681 tem
2334 5627 2667 5695 corripimus.
2716 5630 2849 5683 Cmn
2882 5630 3024 5683 enim
3052 5628 3292 5696 dixisset,
3341 5630 3555 5685 Servum
3595 5642 3780 5685 autem

2251 5740 2263 5768 ¹
2288 5743 2357 5786 Er.
2386 5738 2530 5801 Lugd.
2561 5746 2697 5799 νειμ,
2725 5739 3032 5801 piscatorum.
3100 5746 3157 5787 at.
