4024 6196
187 341 277 399 535

188 459 379 513 Domini
420 459 619 530 litigare
646 475 746 514 non
775 467 988 530 Oportet,
1015 457 1105 512 sed
1128 474 1233 513 esse
1261 454 1427 511 mitem
1468 457 1536 511 ad
1561 472 1751 522 omnes,

182 553 456 616 docibilem,
484 552 772 621 patientem,
809 552 862 604 in
891 550 1132 604 modestia
1176 549 1524 619 corripientem
1564 548 1761 600 diversa

178 645 435 698 sentientes
458 660 477 696 :
497 642 751 696 continuo
792 641 1083 710 subjnnxit,
1116 639 1201 694 Ne
1229 642 1358 710 forte
1389 639 1472 692 det
1494 638 1596 691 illis
1621 635 1760 690 Deos

182 732 515 801 penitentiam
543 731 612 785 ad
653 729 1025 801 agnoscendam
1053 731 1330 795 veritatem,
1370 737 1415 782 et
1461 728 1759 797 resipiscam

179 824 235 877 de
258 823 445 876 diaboli
476 821 698 891 laqueis,
749 821 989 890 captivati
1029 820 1090 873 ab
1130 821 1242 889 ipso
1278 818 1551 873 secundum
1597 818 1758 887 ipsius

178 916 472 968 voluntatem
501 912 575 983 (ll
605 911 736 965 Tim.
779 927 837 972 ιι,
864 910 1074 979 24-26).
1105 910 1245 964 Ecce
1270 909 1562 977 apostolica
1603 922 1756 960 man-

177 1004 394 1059 suetudo
427 1021 439 1057 :
469 1018 591 1057 cum
620 1002 813 1073 quibus
841 1001 1068 1071 placide.
1094 1000 1376 1069 patienter,
1412 998 1756 1067 modesteque

176 1099 252 1166 agi
294 1097 567 1166 pnnccpit,
617 1110 712 1150 eos
744 1096 889 1165 ipsos
937 1093 1066 1149 dicit
1094 1107 1124 1148 a
1153 1092 1368 1146 diabolo
1412 1092 1751 1162 captivatos;

177 1204 268 1243 nec
308 1199 483 1243 tamen
526 1202 685 1257 quam
716 1184 1143 1251 commendabat,
1190 1182 1367 1237 amisit
1395 1182 1667 1237 lenitatem
1697 1183 1749 1246 ⁸,

176 1281 290 1349 quia
358 1294 476 1335 eam
540 1292 699 1348 quam
766 1276 1029 1341 docebat,
1086 1284 1265 1331 tacere
1328 1274 1497 1330 noluit
1555 1273 1751 1328 verita~

178 1379 296 1423 tem.

238 1458 462 1513 CAPUT
500 1457 736 1512 LXXIX.
781 1488 850 1499 —
882 1457 974 1513 9|.
1027 1456 1134 1514 Sed
1180 1459 1295 1528 ipse
1356 1455 1554 1511 videris
1599 1455 1751 1525 cujus

179 1562 348 1617 partes
389 1564 535 1619 agas,
568 1550 655 1618 qui
685 1564 801 1603 mea
832 1549 991 1603 verba
1038 1549 1181 1604 velut
1207 1548 1497 1604 convitiosa
1525 1555 1578 1601 et
1607 1560 1749 1601 saeva

175 1641 517 1699 criminando.
545 1654 639 1692 eos
664 1653 797 1707 (ιιιος
824 1638 891 1692 ad
915 1639 1290 1707 disputandum
1319 1638 1611 1692 convenire
1640 1652 1747 1692 non

174 1731 264 1793 vis,
293 1730 356 1783 ad
383 1729 692 1797 litigandum
724 1730 905 1783 niteris
934 1729 1186 1783 excitare.
1213 1728 1347 1782 Nolo
1377 1729 1516 1782 enim
1542 1727 1743 1794 dicere,

171 1823 284 1889 quia
322 1830 375 1874 ct
404 1831 454 1875 te
492 1820 696 1888 litigare
740 1819 985 1873 delectat.
1019 1819 1237 1873 Parcius
1275 1818 1470 1889 quippe
1497 1832 1561 1872 ac
1587 1833 1745 1873 verc-

172 1910 410 1971 cundius,
443 1910 535 1963 sed
566 1909 715 1979 quasi
757 1924 820 1963 ex
860 1909 1077 1979 obliquo
1116 1908 1245 1962 mihi
1288 1908 1497 1978 objicis,
1529 1923 1646 1977 qua:
1676 1906 1745 1961 ad

171 2016 250 2055 me
294 2000 514 2055 omnino
544 2015 648 2053 non
698 1998 984 2068 pertinent.
1033 1998 1169 2066 Quid
1214 1999 1355 2053 enim
1393 1998 1627 2067 judicem
1678 1997 1746 2051 de

170 2092 571 2146 Maniclueorum
600 2091 1111 2160 pestilentiosissima
1136 2097 1191 2145 et
1214 2088 1528 2145 Christianis
1567 2088 1742 2142 omni-

167 2183 261 2241 bus
289 2184 677 2239 anathemanda
701 2184 950 2245 vanitate,
976 2184 1020 2236 si
1053 2192 1253 2236 tantum
1281 2181 1459 2235 dicere
1487 2180 1742 2244 solerem,

164 2292 226 2333 ac
244 2292 350 2331 non
371 2276 532 2330 etiam
557 2275 872 2344 conscriptis
890 2274 1038 2328 libris
1060 2273 1241 2328 multis
1263 2272 1745 2340 multiplicibusque

164 2376 430 2433 testarer;
477 2383 555 2421 ne-
596 2366 675 2421 sic
719 2365 934 2435 quidem
978 2376 1121 2419 esset
1168 2364 1426 2418 adversus
1454 2379 1558 2417 'me
1606 2364 1744 2417 ullus

163 2458 443 2512 calumnia:
488 2464 680 2511 vestrae
721 2454 890 2508 locus.
940 2452 1122 2522 Neque
1160 2454 1301 2507 enim
1348 2467 1433 2506 me
1475 2451 1745 2506 Catholica

165 2546 339 2601 l’alsoa
369 2545 523 2599 vobis
542 2544 689 2616 argui
718 2544 1019 2609 miraretur,
1054 2558 1082 2597 a
1113 2543 1306 2612 quibus
1332 2551 1474 2596 totus
1498 2542 1745 2596 christia-

162 2651 260 2691 nus
290 2636 437 2691 orbis
462 2651 581 2691 cum
612 2645 688 2689 tot
710 2627 964 2690 Ecclesiis
992 2635 1149 2688 etiam
1179 2633 1283 2686 illis
1309 2633 1493 2702 primis
1523 2641 1744 2701 aposto-

162 2727 260 2782 lico
309 2727 493 2781 labore
537 2727 858 2796 propagatis,
893 2724 1040 2779 falsis
1087 2725 1397 2778 criminibus
1441 2733 1741 2777 accusatur.

160 2804 292 2873 cum
322 2834 449 2873 vero
473 2828 657 2874 contra
688 2817 1031 2883 Manichacs,
1063 2819 1151 2885 qui
1181 2832 1264 2870 me
1291 2816 1743 2870 adolescentulum
1792 2856 1793 2859 η

162 2908 449 2979 aliquando
476 2908 817 2976 deceperant,
848 2922 964 2961 mea
992 2915 1133 2960 tanta
1175 2906 1369 2975 scripta
1400 2904 1489 2973 qui
1519 2905 1748 2959 voluerit

159 2999 342 3070 legere
372 3001 558 3068 possit,
586 3015 691 3054 non
719 3014 886 3069 usque
909 2998 1044 3054 adeo
1068 2997 1282 3066 desipit,
1323 3005 1382 3051 ut
1405 2997 1473 3051 de
1514 3012 1599 3050 me
1624 3012 1747 3051 cre-

154 3088 243 3145 dat
295 3090 476 3160 potius
520 3089 696 3146 verbis
739 3089 949 3156 vestris,
997 3104 1156 3160 quam
1200 3088 1369 3144 oculis
1418 3096 1474 3143 et
1502 3088 1747 3142 sensibus

153 3183 286 3237 suis.
1492 3226 1500 3230 -
1681 3238 1686 3243 .

218 3271 460 3328 CAPUT
509 3271 724 3327 LXXX.
767 3299 837 3310 —
881 3269 969 3324 9‘2.
1028 3268 1135 3325 Sed
1184 3269 1479 3336 epistolam,
1530 3268 1745 3337 inquis,

127 3364 405 3432 ‘principis
454 3363 625 3428 restri,
672 3378 773 3429 qua
816 3362 979 3414 nescio
1026 3360 1149 3431 quid
1194 3360 1258 3413 de
1300 3369 1346 3413 te
1390 3360 1611 3428 scripsit,
1635 3376 1752 3414 cum

153 3465 197 3507 te
257 3454 500 3509 ardinari
570 3452 758 3516 nollet,
823 3460 988 3505 tenent
1049 3466 1151 3505 non
1216 3452 1365 3521 pauci
1439 3460 1744 3505 nostrorum.

157 3544 299 3599 Illam
325 3557 461 3599 vero
487 3542 704 3597 minime
731 3557 995 3606 curarem,
1016 3557 1113 3597 nec
1138 3542 1183 3596 si
1209 3541 1326 3611 ejus
1350 3556 1380 3595 a
1408 3556 1514 3611 quo
1546 3543 1742 3611 scripta

152 3633 370 3697 dicitur,
407 3646 514 3686 non
546 3632 820 3699 perspicua
860 3645 957 3701 pro
981 3632 1133 3686 nobis
1157 3632 1425 3687 sententia
1458 3634 1742 3703 legeretur,

154 3724 301 3779 illam
332 3723 649 3778 calumniam
679 3723 1067 3794 falsitatemque
1109 3724 1473 3779 condemnans
1501 3741 1514 3777 :
1545 3734 1745 3793 quanto

154 3814 338 3867 minus
380 3826 499 3866 eam
543 3821 691 3865 curat
736 3811 995 3868 catholica
1045 3812 1305 3876 Ecclesia,
1336 3813 1488 3881 cujus
1528 3827 1743 3867 causam

154 3912 345 3958 contra
374 3916 469 3957 vos
496 3902 722 3972 agimus,
750 3903 833 3957 cui
879 3911 955 3957 tot
978 3902 1176 3957 divinis
1216 3903 1531 3958 testimoniis
1562 3904 1745 3972 praesi-

154 3992 303 4048 denti
337 3994 383 4059 ’,
416 3992 556 4045 nulla
594 3991 822 4045 humana
849 3990 917 4046 de
945 4007 1209 4061 quoquam
1256 3992 1468 4048 homine
1507 3992 1747 4048 testimo-

156 4084 238 4135 nia
262 4097 363 4137 seu
387 4096 511 4137 vera
532 4097 627 4137 seu
649 4080 802 4147 falsa,
824 4096 926 4151 qua
947 4082 1142 4151 gaudet
1160 4080 1403 4136 auferunt
1432 4082 1745 4138 veritatem?

156 4171 354 4227 Desine
400 4171 632 4227 talibus:
656 4186 791 4225 unus
828 4171 987 4225 homo
1016 4186 1154 4237 sum,
1198 4171 1450 4227 Ecclesia:
1479 4173 1618 4228 inter
1647 4187 1744 4228 nos

153 4263 334 4333 agitur
374 4277 557 4329 eausa,
605 4278 708 4316 non
741 4277 891 4328 mea;
923 4262 1198 4329 Ecclesia),
1244 4263 1483 4333 inquam,
1529 4280 1647 4334 qua:
1690 4265 1743 4318 in

154 4354 308 4407 nullo
332 4352 549 4407 homine
574 4368 724 4423 spem
757 4368 953 4422 ponere
981 4367 1011 4407 a
1040 4367 1138 4407 suo
1162 4352 1346 4408 didicit
1367 4354 1742 4424 Redemptore.

150 4441 473 4513 Quanquam
507 4457 605 4497 nec
628 4442 696 4497 de
724 4458 811 4497 me
836 4443 954 4511 ipso
980 4442 1151 4509 vobis,
1183 4444 1390 4499 etiamsi
1418 4459 1589 4499 meam
1617 4459 1744 4498 con-

151 4535 517 4589 versationem
545 4536 792 4597 nossetis,
819 4544 967 4589 recte
991 4534 1301 4590 crederetur
1330 4535 1558 4590 inimicis
1589 4534 1740 4590 mihi.

150 4624 238 4679 Ad
282 4624 733 4679 existimationem
776 4624 1046 4679 hominum
1078 4641 1266 4696 magna
1300 4627 1510 4681 testium
1538 4627 1626 4698 qui
1659 4643 1745 4683 me

150 4722 443 4778 noverunt,
489 4715 721 4784 suppetit
766 4715 956 4784 copia;
1001 4715 1066 4769 ad
1101 4715 1192 4771 Dei
1234 4731 1362 4771 vero
1400 4726 1744 4786 conspectum

146 4805 271 4861 sola
302 4806 647 4871 conscientia,
674 4822 834 4875 quam
878 4815 1062 4862 contra
1103 4814 1309 4873 vestras
1347 4808 1747 4866 criminationes

146 4912 281 4949 cum
333 4894 647 4965 intrepidam
688 4912 893 4966 geram,
938 4912 1041 4951 non
1093 4912 1180 4952 me
1221 4903 1397 4953 tamen
1434 4899 1536 4954 sub
1577 4898 1749 4959 oculis

145 4987 552 5058 Omnipotentis
584 4988 878 5059 justiticare
916 4987 1107 5055 audeo,
1137 4989 1409 5060 magisque
1453 4990 1521 5044 ab
1547 4990 1640 5046 illo
1667 4981 1749 5048 ai;

148 5082 414 5138 Iuentem
436 5080 817 5138 misericordia:
845 5081 1164 5153 largitatem,
1186 5098 1344 5153 quam
1366 5083 1549 5154 judicii
1596 5099 1746 5140 sum-

213 5256 233 5322 ξ
265 5262 368 5322 Am.
394 5256 471 5301 Et.
498 5259 550 5302 et
691 5252 938 5322 omittunt,
961 5251 1237 5318 lenitatem;
1259 5258 1373 5320 quia
1394 5256 1582 5312 scilicet
1602 5257 1749 5322 paulo

146 5320 273 5364 ante
298 5321 396 5372 est,
418 5313 749 5363 mmuuetudo.

213 5377 242 5406 ⁸
264 5379 345 5423 ετ.
369 5375 517 5437 Lugd.
543 5383 682 5436 Ven.1
699 5371 990 5440 prcﬁdenti.
1055 5383 1111 5427 ι.

1538 342 1734 399 LIBER
1774 341 2085 403 TERTIUS.

3343 360 3443 416 546

1867 473 2010 512 mum
2039 475 2260 516 examen
2291 472 2575 533 exspecto;
2607 466 2846 537 cogitans
2872 469 3013 540 quod
3056 471 3309 541 scriptum
3337 486 3440 536 est.

1865 544 1990 600 Cum
2028 565 2117 602 rea:
2135 551 2305 618 justus
2335 554 2515 607 sederit
2552 554 2605 608 in
2642 557 2842 622 throno,
2887 561 2998 628 quis
3025 560 3322 631 gloriabitur
3358 581 3444 616 ca-

1862 648 1995 691 stum
2036 656 2091 692 se
2132 641 2312 695 habere
2347 645 2475 697 cor?
2502 655 2589 699 aut
2631 648 2742 715 quis
2781 649 3079 718 gloriabitur
3122 654 3365 707 mundum
3390 672 3439 707 se

1862 742 1969 780 esse
1990 745 2020 779 a
2041 741 2241 797 peccato
2279 731 2456 801 (Prov.
2486 751 2577 800 xx,
2605 736 2660 801 8,
2692 736 2769 805 9).

1934 817 2159 875 CAPUT
2208 821 2438 876 LXXXI.
2477 854 2550 865 --
2577 825 2663 881 93.
2719 827 2821 881 Sed
2853 828 2978 898 quid
3024 829 3088 883 ad
3135 844 3244 885 rem
3289 833 3431 901 cujus

1862 907 1999 962 inter
2023 924 2120 963 nos
2162 912 2383 966 vertitur
2423 916 2666 983 quaestio,
2698 918 2867 986 qualis
2915 921 3164 995 ipse‘sim
3186 925 3209 975 ?
3235 941 3354 977 cum
3388 943 3437 978 ltt

1860 1010 1984 1052 area
2009 999 2272 1054 dominica
2303 1002 2403 1057 sim
2431 1005 2644 1073 stipula,
2678 1008 2723 1060 si
2754 1008 2961 1071 malus;
2993 1026 3236 1079 granum,
3266 1015 3309 1066 si
3343 1015 3436 1067 bo-

1860 1101 1981 1142 nus.
2012 1088 2117 1144 Vos
2147 1100 2319 1147 tamen
2349 1094 2391 1147 si
2416 1110 2579 1164 grana
2606 1098 2815 1164 essetis,
2841 1100 3043 1168 paleam
3072 1105 3435 1165 commixtam.

1857 1180 1995 1234 sicut
2034 1182 2283 1239 admonet
2332 1187 2492 1240 etiam
2549 1188 2660 1256 ipse
2699 1190 3013 1261 Cyprianus,
3066 1204 3190 1251 ante
3234 1206 3440 1266 tempus

1856 1272 2215 1328 ventilationis
2257 1289 2361 1329 non
2410 1276 2742 1349 refugeretis.
2790 1281 3017 1337 Proinde
3048 1299 3164 1348 nos,
3208 1288 3250 1340 si
3281 1303 3436 1357 quem
3490 1340 3513 1357 κ

1857 1360 2151 1427 reperimus
2198 1363 2249 1417 in
2299 1364 2448 1419 vobis
2494 1378 2678 1422 notum
2711 1367 2979 1425 hominem
3021 1375 3241 1441 malum,
3292 1390 3439 1432 recte

1854 1448 2005 1503 vobis
2030 1450 2326 1520 objicimus.
2374 1454 2448 1509 lbi
2492 1458 2633 1512 enim
2678 1468 2785 1513 tota
2832 1461 3069 1517 defensio
3097 1476 3268 1520 vestra
3308 1482 3437 1521 con-

1854 1539 2013 1605 sistit,
2058 1543 2179 1611 quia
2224 1556 2506 1615 propterea
2550 1564 2645 1603 vos
2693 1554 3000 1621 separastis,
3034 1571 3099 1610 ne
3141 1557 3436 1615 alienorum

1854 1640 2190 1699 peccatorum
2215 1638 2527 1706 contagione
2554 1642 2800 1710 periretis
2826 1661 2840 1697 :
2864 1643 3003 1719 unde
3046 1662 3238 1701 novum
3268 1665 3435 1718 genus

1851 1736 1993 1779 areae
2023 1740 2116 1780 vos
2154 1725 2341 1781 fecisse
2379 1730 2699 1798 gloriamini,
2731 1743 2822 1787 aut
2858 1751 2974 1804 quze
3001 1738 3173 1791 solum
3203 1740 3433 1794 triticum

1852 1810 2065 1880 habeat,
2094 1827 2184 1869 aut
2230 1817 2281 1870 in
2309 1833 2409 1887 qua
2440 1820 2610 1873 solum
2654 1823 2883 1878 triticum
2913 1839 3185 1895 appareat,
3216 1830 3301 1883 cui
3329 1845 3433 1885 non

1850 1902 1922 1956 sit
1952 1906 2285 1959 necessarius
2328 1909 2632 1974 ventilator,
2679 1911 2773 1965 sed
2814 1925 3191 1981 perscrutator.
3222 1917 3353 1973 Nam
3381 1930 3436 1974 et

1850 1991 2233 2049 Parmenianus
2279 2006 2455 2052 vester
2501 2000 2806 2066 praeclaram
2838 2011 3071 2057 vestram
3120 2008 3432 2064 munditiam

1847 2084 1995 2138 velut
2024 2085 2373 2141 immunditize
2403 2099 2599 2144 llOSll'iB
2627 2106 2656 2144 a
2685 2095 2954 2147 contrario
2980 2111 3315 2165 comparans,
3342 2115 3434 2155 au-

1848 2186 1939 2226 sus
1982 2182 2064 2227 est
2114 2174 2453 2244 interponere
2500 2181 2817 2234 sententiam
2866 2184 3138 2252 prophetae
3188 2185 3433 2241 Ieremia:

1852 2263 1988 2334 (Lib.
2024 2266 2058 2319 3
2083 2277 2258 2319 contra
2299 2268 2581 2337 Epistolam
2611 2269 2962 2337 Parmenioni,
2988 2291 3038 2327 η.
3070 2276 3182 2345 17),
3220 2278 3305 2331 ubi
3332 2279 3430 2341 ait,

1851 2352 1987 2417 Quid
2019 2355 2179 2424 palea:
2205 2357 2221 2386 ¹
2246 2373 2358 2409 cum
2403 2358 2567 2411 tritico
2598 2358 2809 2431 (Jerem.
2837 2378 2987 2429 xxm,
3012 2363 3142 2432 98)?
3171 2366 3320 2432 Quod
3348 2367 3433 2420 ille

1848 2442 2001 2511 dixit,
2035 2455 2093 2499 ut
2138 2446 2250 2516 ipsa
2283 2448 2482 2502 indicat
2510 2449 2689 2516 lectio,
2717 2451 2974 2506 adversus
3004 2469 3096 2507 eos
3125 2458 3213 2524 qui
3239 2456 3433 2513 divinis

1848 2538 2077 2593 oraculis
2107 2553 2201 2593 sua
2249 2530 2452 2595 somnia
2483 2544 2848 2611 coaequabant.
2891 2545 3205 2614 Arrogantia
3254 2556 3433 2603 tamen

1850 2637 2026 2681 vestra
2056 2638 2109 2682 et
2141 2630 2400 2684 horrenda
2449 2633 2699 2701 superbia
2749 2634 3080 2688 l’armcniani
3125 2638 3312 2693 litteris
3338 2638 3431 2695 de-

1848 2717 2099 2784 claratur,
2128 2719 2215 2772 ubi
2252 2735 2344 2774 vos
2372 2732 2554 2776 contra
2583 2723 2886 2791 Scripturas
2911 2726 3138 2792 divinas,
3169 2737 3222 2781 et
3248 2739 3431 2783 contra

1850 2810 2047 2863 monita
2074 2810 2342 2880 Cypriani,
2384 2821 2510 2868 ante
2554 2814 2793 2868 ultimam
2830 2816 3232 2871 ventilationem
3275 2834 3435 2887 quam

1850 2898 2078 2953 mundus
2107 2910 2377 2968 chpectat
2397 2942 2414 2967 ,
2451 2912 2697 2972 tanquam
2731 2913 3011 2974 purgatum
3041 2920 3071 2958 a
3102 2907 3251 2975 palea
3294 2909 3431 2963 triti-

1849 3004 1968 3045 cum
2000 2991 2327 3058 prtedicavit.

1918 3078 2147 3135 CAPUT
2183 3080 2609 3137 LXXXll.—-94.
2632 3083 2769 3150 Quid
2795 3099 2920 3155 ergo
2941 3085 3153 3157 dignius
3176 3087 3436 3146 adversus

1851 3170 1987 3226 hanc
2015 3170 2407 3227 iallacissimam
2447 3175 2753 3240 elationem,
2780 3192 2942 3245 quam
2971 3193 3132 3232 causa
3164 3179 3436 3234 Maximino

1851 3263 2117 3326 ncusium,
2147 3264 2296 3318 vobis
2324 3266 2490 3332 potuit
2518 3268 2838 3334 procurari?
2866 3268 3225 3340 Qumcomque
3256 3273 3307 3326 in
3334 3287 3439 3327 nos

1851 3350 2027 3406 dicere
2059 3363 2304 3421 tanquam
2338 3354 2388 3406 in
2420 3356 2703 3411 traditorcs
2732 3358 2937 3422 soletis,
2970 3359 3021 3412 in
3049 3359 3431 3416 Maximianen-

1849 3456 1956 3505 ses,
1982 3456 2116 3512 quos
2141 3445 2417 3513 recepistis
2445 3445 2741 3513 damnatos,
2772 3449 2986 3519 quando
3022 3450 3257 3507 damnati
3288 3462 3433 3516 sunt.

1848 3534 2092 3603 graviora
2136 3534 2363 3590 dixistis.
2420 3537 2491 3592 De
2536 3538 2947 3609 imperatoribus
2994 3544 3151 3598 nobis
3184 3552 3436 3616 tanquam

1848 3624 2277 3692 persecutoribus
2327 3625 2497 3680 facitis
2525 3627 2789 3683 invidiam
2818 3648 2832 3685 :
2861 3647 2956 3687 vos
3004 3635 3141 3701 apud
3184 3634 3393 3703 judices
3416 3676 3433 3700 .

1848 3728 1982 3781 quos
2033 3714 2130 3782 ipsi
2187 3716 2535 3784 imperatores
2585 3720 2880 3786 miserunt,
2932 3725 3436 3780 Maximiauensibus

1848 3806 2272 3870 persecutionem
2339 3804 2560 3859 fecistis.
2606 3808 2961 3883 ,Baptismum
3014 3814 3264 3866 Ecclesia:
3318 3813 3435 3869 dari

1848 3902 1995 3945 extra
2038 3892 2328 3947 Ecclesiam
2381 3908 2484 3948 non
2532 3910 2690 3965 posse
2730 3899 3049 3954 contenditis
3084 3919 3096 3954 :
3131 3916 3226 3956 vos
3254 3902 3433 3971 Bapti-

1848 3995 2044 4048 smnm,
2072 3998 2227 4053 quem
2277 3983 2329 4037 in
2370 3984 2592 4040 crimine
2636 3986 2939 4041 schismatis
2984 3989 3469 4049 Maximiancnses.

1848 4070 2132 4137 dederunt,
2178 4072 2229 4125 in
2275 4074 2503 4143 receptis
2531 4076 2609 4129 eis
2652 4077 2844 4146 quibus
2889 4078 3170 4145 dederunt,
3210 4095 3315 4133 non
3348 4096 3436 4135 re-

1846 4161 2100 4217 scidistis.
2131 4162 2184 4218 Si
2215 4163 2329 4219 hare
2378 4181 2473 4233 pro
2516 4181 2648 4235 pace
2687 4168 2902 4224 unitatis
2932 4170 3046 4225 ﬁeri
3092 4170 3430 4238 debuerunt,

1849 4256 1991 4310 unde
2029 4271 2126 4310 nos
2167 4258 2428 4312 accusetis
2456 4273 2561 4313 non
2603 4259 2850 4314 invenitis
2881 4278 2895 4315 :
2927 4261 2972 4316 si
2997 4271 3173 4317 autem
3202 4278 3306 4316 non
3335 4263 3433 4318 dc-

1848 4347 2096 4412 huerunt,
2125 4363 2228 4401 non
2272 4363 2371 4404 nos
2410 4352 2674 4406 accusetis
2703 4353 2748 4419 ',
2778 4353 2876 4407 nisi
2920 4369 3014 4408 vos
3044 4355 3188 4424 ipsos
3213 4354 3434 4409 damna-

1848 4439 2051 4494 veritis.
2098 4439 2231 4494 Nolo
2278 4450 2328 4495 te
2374 4455 2469 4510 per
2515 4443 2676 4496 multa
2716 4443 3027 4510 distendas;
3073 4460 3194 4498 nam
3238 4454 3292 4500 et
3332 4461 3437 4515 ego

1850 4546 2060 4601 possem
2090 4531 2316 4586 breviter
2340 4544 2400 4584 ea
2440 4548 2559 4602 qua:
2587 4544 2772 4588 contra
2799 4544 2850 4589 te
2876 4535 3013 4590 dicta
3042 4547 3185 4599 sunt,
3233 4538 3282 4591 in
3315 4553 3432 4593 me-

1850 4621 2071 4676 moriam
2102 4636 2350 4675 revocare
2385 4639 2397 4675 :
2428 4623 2523 4677 sed
2569 4622 2696 4680 hinc
2728 4624 2899 4678 solum
2928 4627 3117 4695 cogita,
3172 4626 3436 4681 Maximia-

1849 4715 2095 4768 nensium
2143 4728 2362 4768 causam
2408 4714 2502 4769 tibi
2530 4726 2654 4771 ante
2688 4716 2871 4771 oculos
2900 4731 3039 4786 pone
3068 4717 3091 4748 ⁸
3114 4734 3128 4783 ;
3158 4718 3207 4773 si
3238 4718 3305 4774 de
3337 4719 3438 4776 hac

1850 4807 2005 4861 nobis
2017 4805 2340 4874 respondere
2355 4807 2609 4874 potueris,
2625 4808 2914 4878 aggredere
2933 4817 3125 4863 czetcra
3144 4826 3160 4874 ;
3187 4810 3230 4863 si
3249 4819 3431 4865 autem

1850 4910 1955 4949 non
1982 4895 2237 4963 potueris,
2279 4895 2466 4950 melius
2491 4896 2733 4966 quiescas
2768 4913 2926 4969 quam
2974 4899 3151 4954 calces
3178 4898 3438 4957 adversus

1853 4985 2122 5039 stimulum
2144 4985 2331 5054 jacias.

1916 5136 1934 5201 ξ
1961 5143 2059 5184 Am.
2084 5140 2157 5183 Er.
2187 5141 2238 5184 et
2252 5141 2388 5201 Mss,
2409 5132 2566 5201 palen.
3246 5199 3257 5201 _
3286 5199 3295 5201 _
3421 5190 3438 5201 .

1914 5198 1934 5227 ¹
1958 5204 2067 5245 Haec
2089 5209 2216 5245 nunc
2238 5198 2389 5246 verba
2410 5199 2733 5247 restituuntur
2750 5211 2812 5248 ex
2836 5207 2962 5257 πίει..
2985 5212 3077 5250 non
3101 5199 3317 5251 iurantis
3347 5212 3359 5249 :
3389 5198 3438 5245 Si

1848 5265 2008 5330 autem
2028 5270 2120 5330 non
2142 5256 2529 5330 debuerwzt,_nos
2552 5272 2644 5309 non
2666 5262 2918 5330 accusetis'.

1876 5321 2029 5388 “fsic
2046 5327 2149 5367 Mss.
2175 5327 2227 5388 at
2253 5325 2327 5369 Er.
2355 5327 2407 5368 et
2427 5327 2557 5382 Lov.,
2585 5320 2738 5385 cogito
2774 5320 3218 5374 Maaimianemium
3235 5333 3434 5371 (uiuam

1848 5380 1933 5431 tibi
1952 5387 2061 5430 ante
2077 5380 2241 5433 oculos
2257 5392 2452 5444 ponere.

1606 5545 1991 5632 Κῦρε»
