4024 6196
2098 188 2162 200 ,μου

526 376 627 432 5ιῖ

1301 363 1571 421 CONTRA
1615 357 2047 416 CllESCONIUM
2090 352 2535 419 DONATISTAM,
2580 352 2636 410 S.
2679 353 3042 412 AUGUSTINI

3650 354 3801 434 ~seu;

527 485 3756 526 ΝΜ

1462 567 1932 677 LIBER
2017 560 2459 688 QUﬂR
2479 561 2792 668 TUS‘.

526 769 588 818 Ad
612 775 782 818 omnes
798 772 989 811 rursum
1013 764 1063 820 Ει
1080 753 1233 807 istola:
1249 754 1484 802 Crescouii
1510 758 1675 813 [artes
1695 742 2469 856 res;.ondetéao&2::tgpéhegnipsius
2492 747 2543 790 et
2564 740 2827 791 calumnias
2848 741 3128 806 singillatim
3145 756 3207 793 ex
3232 743 3337 794 sola
3362 746 3804 799 Mavimiaacnsina

2006 907 2320 962 ᾶιάίζξεεεεῷ)

599 1039 823 1095 CAPUT
863 1034 1144 1093 PRIMUM.
1172 1063 1243 1073 —-
1279 1033 1327 1085 l.
1358 1028 1605 1096 Quamvis
1643 1026 1747 1095 jam
1796 1023 1962 1077 tribus
2005 1037 2103 1076 nec

528 1132 705 1205 parvis
731 1130 1084 1185 voluminibus
1110 1124 1347 1195 epistola:
1378 1132 1500 1184 tuae,
1529 1118 1801 1182 Crescoui,
1830 1116 2105 1184 diligenter

528 1218 764 1291 satisque
806 1218 1200 1288 responderim,
1244 1230 1345 1283 qua
1393 1209 1633 1266 Petiliaui
1678 1210 1877 1261 litteras
1924 1215 2104 1258 contra

531 1329 647 1368 mea
682 1313 874 1381 scripta
897 1351 910 1374 ,
942 1309 1131 1379 quibus
1163 1304 1572 1363 refellebantur,
1616 1297 1972 1353 defendendas
2013 1312 2108 1364 pu-

530 1405 653 1458 tasti
684 1421 694 1454 :
728 1410 900 1455 tamen
930 1400 1086 1453 etiam
1117 1396 1217 1449 huc
1239 1394 1464 1449 breviori
1493 1405 1653 1459 opere
1679 1386 1877 1442 institui
1909 1386 1972 1439 de
1994 1385 2106 1439 Sola

530 1510 688 1548 causa
728 1488 1217 1545 Maximiauensium
1265 1495 1435 1538 tecum
1481 1497 1671 1551 agere,
1704 1490 1753 1533 et
1783 1495 1848 1532 ex
1883 1479 1980 1530 hac
2007 1492 2107 1529 una

527 1583 812 1637 ostendere
839 1580 1014 1633 omnia
1055 1592 1171 1646 qure
1212 1576 1263 1629 in
1307 1575 1391 1628 illa
1420 1572 1640 1641 epistola
1674 1570 1923 1638 posuisti,
1952 1582 2107 1636 quam

532 1674 723 1727 frustra
746 1713 758 1733 ,
791 1684 946 1739 quam
980 1668 1205 1721 inaniter
1237 1665 1453 1719 dixeris.
1506 1662 1687 1731 Neque
1735 1661 1873 1713 enim
1923 1667 2110 1711 eonte-

529 1762 815 1817 mnemlum
843 1768 925 1813 est
954 1757 1268 1812 beneﬁcium
1302 1755 1415 1819 Dei,
1447 1752 1585 1822 quod
1607 1761 1658 1805 ct
1683 1750 1747 1803 ad
1776 1758 1970 1803 nostra:
1996 1747 2107 1801 dis-

534 1853 859 1924 pensationis
898 1849 1267 1917 compendium
1290 1888 1304 1909 ,
1333 1856 1382 1899 et
1430 1844 1495 1898 ad
1522 1854 1713 1897 vcstrre
1740 1841 2104 1902 correctionis,

530 1945 573 1997 si
619 1942 868 2010 sapiatis,
914 1938 1230 2006 adjutorium
1279 1944 1531 2004 prmstare
1577 1933 1822 2001 dignatus
1862 1941 1944 1985 est
1976 1947 1988 1983 :
2022 1930 2109 1999 qui

531 2031 887 2086 nescientibus
912 2029 1079 2089 vobis,
1115 2040 1288 2095 neque
1317 2024 1367 2078 id
1392 2023 1669 2093 agentibus
1697 2022 1866 2085 nobis,
1911 2023 1977 2073 ita
2015 2036 2109 2073 ve-

529 2131 760 2175 strorum
785 2121 1153 2188 episc0porum
1186 2114 1451 2169 mentibus
1474 2113 1774 2166 dominatus
1800 2121 1908 2177 est,
1944 2122 1997 2164 ut
2021 2111 2108 2180 qui

529 2212 711 2265 orbem
752 2210 1097 2263 christianum
1139 2222 1235 2277 per
1276 2204 1698 2259 communionem
1740 2202 2111 2256 Sacramento-

530 2316 644 2355 rutn
672 2298 990 2353 maculatum
1015 2296 1244 2365 peccatis
1266 2292 1678 2347 criminabantur
1698 2292 1903 2356 alienis,
1927 2306 2111 2358 quam-

528 2393 607 2446 vis
647 2392 805 2445 etiam
848 2389 975 2457 ipsis
1014 2386 1161 2441 falsis
1198 2396 1252 2440 ct
1290 2401 1395 2439 non
1428 2383 1694 2453 probatis,
1729 2382 1780 2436 in
1810 2382 2109 2435 Maximiani

527 2498 687 2537 causa
733 2490 1048 2551 cogerentur
1088 2478 1275 2544 fateri,
1306 2493 1490 2533 eorum
1532 2491 1664 2546 quos
1703 2474 2105 2540 damnaverunt,

530 2571 761 2642 peccatis
788 2586 892 2623 non
924 2569 1084 2624 fuisse
1111 2567 1403 2622 maculatos
1432 2565 1483 2619 in
1516 2580 1618 2618 una
1644 2564 2109 2619 Sacramentorum

527 2662 905 2716 communione
940 2659 1287 2723 constitutos,
1322 2670 1414 2710 eos
1447 2655 1637 2723 quibus
1675 2662 1923 2723 tanquam
1955 2654 2110 2708 iuno-

527 2752 772 2807 ccntibus
801 2750 867 2805 ad
898 2748 1269 2805 revertendum
1310 2746 1617 2801 dilationem
1660 2743 1953 2805 dederunt,
1987 2744 2109 2799 etsi

530 2859 635 2898 non
657 2841 1052 2898 ordinatoribus
1072 2838 1397 2902 Maximiani,
1414 2845 1594 2890 tamen
1616 2834 1667 2888 in
1690 2834 1804 2902 ejus
1823 2843 1972 2905 parte
1992 2849 2113 2888 con-

526 2935 725 2989 stitutis
769 2931 1168 2987 damnatoribus
1210 2927 1463 2983 Primiani
1502 2943 1516 2979 :
1557 2935 1610 2980 et
1652 2925 1740 2994 qui
1784 2924 2108 2994 Baptismum

527 3025 723 3081 Christi
752 3024 1000 3077 nolebant
1025 3034 1333 3089 agnoscere,
1361 3032 1459 3071 nec
1480 3017 1530 3069 in
1552 3017 1628 3069 eis
1650 3015 1903 3081 Ecelesiis
1927 3014 2109 3069 datum

526 3131 659 3187 quas
690 3114 1063 3183 Apostolorum
1110 3111 1259 3163 labor
1302 3107 1609 3177 pr0pagavit
1649 3115 1807 3174 atque
1850 3104 2107 3171 fundavit,

525 3206 911 3263 contendentes
940 3213 1087 3258 extra
1117 3216 1275 3254 unam
1307 3199 1598 3253 Ecclesiam
1631 3196 1954 3268 Baptismum
1994 3195 2111 3251 dari

529 3315 633 3353 non
662 3311 838 3367 posse,
869 3308 1072 3363 nosque
1100 3292 1374 3360 culpantes
1401 3288 1538 3359 quod
1571 3304 1665 3358 per
1688 3302 1781 3342 eos
1806 3287 1984 3341 datum
2014 3287 2113 3341 Ba-

529 3392 779 3460 ptismum
806 3403 912 3441 non
936 3383 1382 3448 rescinderemus,
1405 3396 1541 3451 quos
1564 3395 1683 3434 esse
1704 3379 1758 3433 in
1782 3395 1904 3434 vera
1931 3380 2111 3435 Eccle—

527 3484 606 3537 sia
649 3493 998 3549 negaremus,
1043 3478 1375 3545 susciperent
1416 3475 1467 3527 in
1509 3472 1809 3528 Maximiani
1853 3472 2112 3539 sacrilego

528 3568 813 3624 schismate
842 3567 1132 3635 baptizatos
1152 3605 1167 3630 ,
1195 3572 1250 3619 et
1274 3565 1325 3617 in
1349 3563 1427 3617 eis
1454 3562 1777 3630 Baptismum
1809 3560 2111 3615 rescindere

529 3676 635 3716 non
678 3659 975 3714 auderent:
1004 3666 1057 3711 et
1096 3657 1184 3726 qui
1227 3656 1292 3709 de
1331 3654 1532 3725 legibus
1570 3653 1978 3707 christianorum
2009 3653 2109 3705 im-

528 3762 851 3823 peratorum,
880 3748 1072 3819 quibus
1095 3763 1276 3803 eorum
1305 3745 1624 3815 perversitas
1643 3744 1950 3815 corrigenda
1979 3760 2113 3813 prm-

527 3845 742 3913 eipitur,
778 3857 873 3895 nos
904 3849 1151 3909 tanquam
1181 3838 1401 3891 crimine
1430 3838 1813 3906 persecutionis
1837 3844 2107 3899 accusant,

527 3936 736 3989 adirent
759 3932 964 4003 judices
992 3930 1059 3985 ab
1086 3929 1216 3999 ipsis
1240 3929 1650 3997 imperatoribus
1678 3928 1896 3992 missos,
1928 3936 1980 3980 et
2006 3926 2110 3978 Ma-

526 4010 813 4081 ximiauum
835 4038 897 4079 ac
921 4023 1095 4079 socios
1117 4021 1231 4091 ejus
1253 4020 1389 4090 apud
1410 4034 1504 4074 eos
1530 4019 1763 4088 graviter
1779 4026 2105 4083 accusarent,

526 4126 581 4173 et
606 4116 888 4173 concilium
920 4128 1024 4183 quo
1062 4127 1156 4168 eos
1186 4112 1597 4173 damnaverunt,
1628 4109 1790 4177 gestis
1819 4123 2109 4178 proconsu-

526 4207 730 4262 laribus
773 4205 1096 4274 allegarent,
1134 4216 1198 4255 ac
1235 4200 1501 4270 jussiones
1544 4199 1738 4268 quibus
1777 4198 1851 4251 illi
1894 4198 2110 4254 sedibus

525 4296 854 4365 pellerentur
873 4334 889 4360 ,
921 4290 1320 4347 efﬁcacissimas
1351 4291 1712 4358 impetrarent.
1744 4287 1836 4341 llis
1863 4288 2109 4343 omnibus

526 4399 555 4437 a
588 4398 647 4438 se
674 4383 866 4453 gestis,
896 4380 1067 4433 adhuc
1096 4379 1316 4433 nebulas
1346 4378 1604 4447 imperitis
1633 4386 1891 4431 conantur
1933 4377 2107 4431 offun-

526 4476 654 4529 dere
680 4495 691 4528 :
719 4489 823 4527 non
854 4472 1025 4527 solum
1052 4472 1338 4541 Scripturis
1359 4474 1574 4537 sanctis,
1598 4479 1651 4525 et
1671 4470 1905 4539 priorum
1929 4485 2105 4525 rerum

526 4575 795 4636 gestarum
837 4561 1047 4633 quando
1088 4578 1147 4617 se
1188 4561 1254 4616 ab
1293 4561 1491 4615 unitate
1521 4569 1900 4631 separaverunt
1929 4560 2108 4614 multis

528 4657 792 4725 certisque
813 4654 1164 4716 documentis,
1194 4667 1378 4706 verum
1406 4652 1565 4706 etiam
1594 4649 1971 4705 recentissimis
1996 4650 2106 4703 suis

527 4746 680 4801 factis
709 4756 761 4801 et
789 4745 1047 4815 exemplis
1073 4742 1466 4798 cvidentissime
1496 4741 1747 4810 superati.

597 4838 820 4895 CAPUT
863 4837 920 4891 ll.
944 4866 1016 4877 ——
1041 4837 1095 4890 ‘2.
1126 4835 1259 4890 llinc
1286 4849 1413 4904 ergo
1441 4842 1641 4887 tantum
1671 4848 1821 4903 agam
1844 4874 1858 4898 ,
1888 4831 2013 4887 hinc
2040 4831 2105 4886 ad

525 4945 712 4986 omnes
737 4930 973 5000 epistola:
997 4936 1101 4980 tua:
1124 4934 1319 4995 partes,
1347 4934 1599 4993 quantum
1626 4922 1877 4977 Dominus
1904 4936 1990 4975 me
2013 4922 2108 4975 ad-

521 5023 689 5093 juvat,
721 5022 835 5075 sine
867 5020 972 5073 ulla
1000 5017 1326 5079 difficultate,
1359 5014 1467 5068 imo
1495 5028 1615 5067 cum
1643 5027 1827 5083 magna
1857 5010 2105 5065 facilitate

524 5110 896 5181 respondeam.
925 5110 1002 5162 Ac
1029 5107 1199 5177 primo
1228 5105 1355 5161 illud
1381 5105 1519 5175 quod
1548 5104 1639 5158 tibi
1669 5104 1781 5173 ipse
1807 5103 2105 5158 contrarius

524 5202 835 5275 eloquenter
858 5200 1215 5268 eloquentiam
1243 5200 1546 5268 vituperare
1575 5197 1820 5259 voluisti,
1856 5204 2102 5265 tanquam

523 5305 665 5353 esset
691 5292 925 5348 veritatis
956 5289 1189 5355 inimica,
1222 5297 1274 5343 et
1300 5299 1521 5358 patrona
1549 5286 1722 5356 potius
1753 5284 2013 5349 falsitatis,
2047 5293 2104 5338 ut

523 5403 588 5441 eo
614 5385 774 5441 modo
801 5397 885 5437 me
925 5381 1075 5450 quasi
1114 5381 1450 5449 eloquentem
1492 5377 1784 5433 cavendum
1827 5386 1984 5445 atque
2019 5376 2103 5429 fu-

522 5476 769 5548 giendum
798 5470 1114 5529 ostenderes
1142 5471 1399 5540 imperitis
1431 5488 1442 5523 :
1472 5470 1515 5523 si
1554 5484 1738 5524 revera
1782 5477 1920 5521 tanta
1961 5475 2103 5521 esset

523 5567 820 5636 eloquentia
849 5578 988 5628 mea,
1018 5571 1267 5633 quautam
1293 5560 1424 5615 mihi
1441 5600 1457 5627 ,
1484 5560 1727 5631 quamvis
1755 5557 2098 5619 accusatorie.

524 5659 711 5712 tribuis
732 5661 787 5722 ¹;
818 5670 995 5712 nonne
1034 5654 1255 5710 recitato
1293 5653 1507 5708 decreto
1541 5650 1748 5707 concilii
1776 5645 2093 5719 Bagaicnsis,

589 5767 609 5797 ⁸
635 5766 818 5828 Aliquot
843 5777 967 5829 περὶ,
991 5765 1205 5830 qumvis
1227 5756 1472 5816 adﬁrmator
1492 5760 1724 5814 attribu’s.

2213 1037 2351 1091 quo,
2384 1023 2519 1077 sicut
2545 1022 2616 1077 ibi
2646 1021 2897 1091 scriptum
2929 1027 3008 1073 est
3034 1061 3048 1087 ,
3081 1018 3448 1074 Maximianum
3490 1022 3610 1089 ﬁJei
3637 1040 3792 1077 (Emu-

2213 1115 2355 1177 lum,
2402 1114 2622 1166 veritatis
2665 1112 2980 1173 adulterum,
3028 1109 3270 1163 Ecclesia!
3309 1113 3484 1165 matris
3517 1114 3796 1177 inimicum,

2217 1202 2430 1266 Dat/ma,
2460 1200 2653 1266 Chore,
2686 1214 2732 1255 et
2758 1203 2945 1255 Abiron
2983 1201 3301 1263 ministrum,
3335 1203 3398 1254 de
3437 1206 3573 1269 pacis
3607 1208 3799 1272 gremio

2214 1294 2470 1347 sententitv
2497 1292 2689 1363 {utntcn
2716 1291 2963 1355 excussit,
2997 1291 3212 1345 laudare
3242 1291 3599 1361 eloquentiam
3635 1310 3798 1364 euge-

2216 1384 2386 1436 reris?
2414 1383 2579 1436 Porro
2599 1383 2643 1435 si
2669 1381 2797 1435 mihi
2820 1381 3067 1435 materies
3096 1381 3181 1434 illa
3205 1393 3608 1450 proponeretur,
3632 1402 3799 1453 quau-

2216 1471 2285 1525 do
2317 1486 2523 1540 possem
2552 1471 2758 1534 dicere,
2788 1470 2922 1524 Licet
2949 1471 3133 1539 viperei
3166 1472 3370 1524 seminis
3407 1475 3584 1527 noxios
3626 1489 3799 1544 partus

2216 1564 2444 1617 venenati
2464 1564 2594 1616 uteri
2619 1564 2788 1616 alveus
2815 1563 2903 1615 diu
2928 1564 3124 1626 texerit,
3151 1572 3196 1615 et
3222 1569 3448 1634 concepti
3471 1569 3671 1622 sceleris
3697 1574 3798 1623 uda

2217 1660 2430 1729 coagula
2468 1660 2519 1713 in
2554 1661 2786 1730 aspidum
2826 1661 3045 1714 membra
3089 1662 3236 1715 tardo
3274 1679 3328 1716 se
3365 1664 3533 1717 calore
3574 1678 3794 1733 vaporu-

2217 1754 2409 1817 verint;
2450 1763 2616 1806 tanien
2654 1763 2946 1823 conceptum
2985 1754 3120 1807 virus
3162 1767 3478 1808 evanescente
3502 1757 3797 1808 umbraculo

2218 1843 2461 1895 occultari
2480 1858 2577 1895 non
2599 1844 2777 1913 potuit.
2804 1842 2940 1895 Nam
2967 1844 3057 1896 etsi
3081 1859 3190 1897 sero
3210 1884 3224 1908 ,
3253 1844 3503 1914 publicum
3530 1845 3727 1914 {acinus
3752 1856 3799 1897 et

2217 1934 2544 2003 parricidium
2565 1951 2709 1987 suum
2732 1935 2832 2003 feta
2857 1937 3095 1988 scelerum
3123 1945 3236 1987 vota
3262 1938 3597 2005 pepererunt?
3620 1936 3799 2005 Quau-

2216 2025 2285 2077 do
2315 2040 2399 2079 me
2426 2025 2476 2077 in
2506 2026 2618 2079 ha-c
2654 2025 2811 2078 verba
2847 2025 3171 2094 exquirenda
3195 2028 3557 2080 coarctarem?
3585 2028 3796 2095 quando

2217 2114 2269 2167 in
2312 2114 2655 2184 exprimenda
2703 2115 3108 2184 provolverem?
3140 2116 3351 2186 quando
3390 2126 3535 2170 tanto
3573 2118 3793 2185 impetu,

2218 2216 2363 2262 tanto
2391 2208 2567 2262 sonitu
2600 2210 2650 2262 in
2681 2207 2859 2262 odium
2889 2210 3165 2263 noxiorum
3197 2209 3406 2263 lectoris
3431 2208 3513 2263 vel
3540 2210 3795 2263 auditaris

2215 2300 2448 2352 animum
2470 2298 2831 2353 concitarem?
2852 2298 2985 2352 Num
3005 2298 3122 2353 ideo
3140 2298 3254 2353 htcc
3271 2299 3321 2351 in
3340 2314 3470 2369 quos
3490 2300 3626 2353 dicta
3649 2314 3792 2363 sunt,

2216 2388 2391 2442 minus
2415 2388 2673 2443 veraciter
2696 2387 2837 2441 dicta
2864 2388 3024 2443 sunt?
3050 2387 3186 2443 Num
3216 2388 3314 2443 hac
3338 2389 3636 2458 eloquentia
3665 2391 3795 2444 tanti

2215 2479 2426 2533 concilii
2473 2479 2602 2533 ﬁdes
2636 2479 2926 2546 minuitur,
2956 2480 3041 2535 vel
3085 2479 3432 2535 labefactatur
3472 2482 3796 2535 auctoritas?

2214 2568 2420 2638 Nempe
2461 2569 2590 2624 illud
2629 2585 2734 2640 quo
2770 2571 2939 2625 visum
2970 2580 3053 2626 est
3080 2572 3442 2641 eloquentius,
3471 2588 3536 2627 eo
3576 2575 3794 2643 potissi—

2218 2676 2359 2715 mum
2382 2660 2607 2716 electum
2633 2672 2734 2729 est,
2763 2663 2903 2733 quod
2926 2678 3112 2718 omnes
3130 2679 3251 2719 esse
3271 2679 3426 2718 suum
3447 2666 3665 2731 vellent,
3689 2684 3797 2734 quo

2218 2766 2322 2804 uno
2355 2760 2708 2807 trecentorum
2747 2763 2799 2808 et
2834 2754 3017 2809 decem
3049 2769 3139 2808 ora
3173 2755 3396 2809 tacentia
3427 2770 3792 2825 personarent.

2217 2841 2356 2896 Ecce
2398 2842 2699 2911 eloquentia
2728 2858 2886 2912 quam
2917 2844 3224 2912 vituperasti
3248 2886 3261 2906 ,
3294 2861 3449 2913 quam
3480 2847 3619 2900 velut
3648 2849 3798 2902 sedi-

2217 2933 2441 2998 tiosam,
2472 2944 2526 2988 et
2564 2950 2738 3003 graeco
2778 2936 2936 2988 etiam
2980 2936 3195 2991 nomine
3238 2936 3498 2992 malitiose
3539 2940 3801 2994 artiﬁcio—

2215 3037 2327 3076 sam
2354 3023 2393 3087 ¹,
2424 3022 2820 3091 detestandam,
2852 3024 3225 3095 vitandamque
3264 3027 3547 3091 monuisti,
3589 3038 3801 3083 tantum

2216 3112 2494 3180 permulsit
2523 3121 2598 3165 tot
2628 3113 2905 3183 episcopos
2935 3122 3054 3168 tuos
3073 3155 3089 3181 ,
3127 3122 3184 3168 ut
3214 3115 3266 3169 in
3296 3116 3535 3184 plenario
3567 3120 3804 3172 (‘Ottcilin

2216 3214 2313 3254 suo
2356 3201 2521 3255 nollet
2563 3216 2713 3255 suam
2760 3203 2983 3272 quisque
3028 3203 3265 3273 proferre
3306 3208 3659 3273 sententiam,
3703 3212 3801 3262 sed

2216 3305 2373 3344 unam
2405 3306 2522 3361 qua:
2550 3291 2616 3345 ab
2647 3307 2752 3346 uno
2790 3292 2893 3347 dici
2931 3293 3182 3348 disertius
3221 3296 3562 3366 ornatiusque
3599 3301 3798 3368 putuit,

2216 3397 2334 3435 eam
2381 3383 2556 3436 cuncti
2602 3382 2838 3439 facerent
2879 3399 3051 3438 suam.
3084 3385 3265 3439 Liceat
3300 3387 3455 3458 igitur
3497 3390 3647 3445 nobis
3680 3392 3803 3444 sine.

2217 3473 2410 3526 invidia
2442 3490 2545 3528 nou
2579 3490 2953 3545 usquequaque
2986 3476 3221 3546 impolita
3246 3490 3433 3533 contra
3458 3497 3668 3536 errores
3700 3483 3803 3537 lm—

2217 3562 2416 3614 minum
2444 3562 2743 3631 disputare,
2777 3564 2820 3618 si
2851 3564 2995 3619 licuit
3024 3573 3100 3619 tot
3126 3580 3188 3620 ac
3216 3568 3373 3621 tantis
3402 3569 3665 3638 episcopis
3700 3586 3802 3625 ve—

2215 3650 2343 3703 stris
2386 3651 2531 3719 ipsos
2561 3651 2801 3706 homines
2828 3662 2934 3707 tam
2966 3653 3162 3709 diserte
3190 3665 3476 3727 ornateque
3513 3659 3798 3715 damnare.

2286 3740 2508 3796 CAPUT
2548 3742 2632 3797 Ill.
2665 3772 2740 3784 —-
2777 3744 2829 3799 3.
2864 3744 2995 3798 Illud
3039 3746 3197 3800 etiam
3242 3750 3381 3817 quod
3422 3750 3655 3804 studium
3702 3770 3806 3822 pro

2214 3832 2436 3887 veritate
2479 3833 2749 3899 certandi,
2792 3836 2912 3903 quia
2952 3849 3095 3905 srcpe
3137 3836 3402 3893 voluimus
3443 3855 3562 3894 cum
3603 3850 3806 3896 Vestris

2215 3920 2498 3988 conferre,
2540 3932 2598 3976 ut
2625 3938 2810 3978 errore
2847 3924 3090 3991 sublato,
3120 3925 3349 3981 fraterna
3386 3928 3614 3985 charitas
3649 3936 3807 4001 pavi!

2214 4010 2426 4065 vinculo
2456 4020 2757 4066 necteretur
2784 4014 2826 4077 ⁸,
2855 4016 3210 4069 contentionis
3248 4024 3303 4071 et
3340 4019 3686 4074 animositatis
3715 4025 3769 4074 vi
3790 4053 3807 4061 -

2218 4101 2353 4155 tioso
2380 4101 2594 4156 nomine
2618 4102 2967 4172 reprehendis
2992 4122 3005 4159 :
3030 4119 3207 4160 nonne
3233 4108 3442 4171 melius,
3470 4109 3693 4165 obsecro
3723 4123 3807 4175 te,

2216 4207 2374 4247 causa
2404 4194 2644 4249 veritatis
2670 4203 2724 4249 et
2753 4196 2967 4250 unitatis
3008 4198 3242 4266 paciﬁcis
3269 4200 3447 4254 verbis
3475 4211 3529 4256 et
3557 4206 3810 4271 meatio-

2213 4284 2360 4339 ribus
2390 4285 2521 4341 locis
2550 4287 2687 4341 inter
2711 4288 2987 4357 episcOpos
3014 4298 3277 4358 ageretur.
3311 4306 3465 4361 quam
3500 4293 3549 4346 in
3582 4292 3702 4348 foro
3734 4300 3811 4349 ah

2214 4378 2478 4447 episcopis
2518 4394 2613 4447 per
2651 4378 2935 4435 advocatos
2974 4380 3306 4451 litigaretur?
3332 4384 3470 4452 quod
3500 4398 3528 4437 a
3556 4387 3812 4453 partibus

2214 4466 2465 4521 Primiani
2495 4466 2929 4538 Carthaginensis
2956 4469 3188 4540 episcopi
3216 4473 3376 4526 vestri
3405 4472 3661 4528 adversus
3689 4476 3814 4529 Ma-

2214 4559 2502 4613 ximianum
2526 4602 2540 4625 ,
2574 4568 2627 4614 et
2666 4561 2919 4616 adversus
2965 4577 3057 4615 eos
3098 4563 3187 4633 qui
3232 4579 3352 4619 cum
3398 4565 3485 4617 illo
3515 4566 3811 4636 Bagaie..si

2212 4647 2439 4701 concilio
2482 4648 2713 4703 damnati
2752 4660 2877 4705 sunt
2914 4652 3050 4720 apud
3092 4653 3317 4722 legatum
3347 4653 3718 4725 Carthaginis,
3753 4672 3816 4714 et

2211 4740 2348 4807 apud
2396 4752 2621 4809 quatuor
2670 4742 2751 4796 vel
2795 4743 3022 4811 amplius
3065 4747 3405 4813 proconsules
3449 4746 3640 4801 tactum
3690 4766 3813 4803 ess.

2210 4828 2369 4883 Certe
2398 4831 2449 4883 in
2480 4830 2762 4885 collatione
2790 4832 3162 4901 disputationis
3206 4834 3305 4891 hoc
3345 4837 3636 4891 cavendum
3688 4854 3813 4903 c~t,

2212 4934 2278 4989 ne
2305 4932 2682 4991 prorumpatur
2710 4922 2761 4977 in
2791 4924 2960 4986 litem,
2984 4934 3038 4978 et
3062 4927 3240 4980 caveri
3271 4943 3299 4980 a
3327 4929 3578 4983 modestis
3604 4945 3670 4984 ac
3701 4936 3820 4986 mi-

2213 5012 2352 5067 tibus
2380 5022 2433 5066 et
2459 5021 2653 5081 potest,
2678 5023 2732 5068 et
2756 5015 2894 5068 solet
2918 5034 2931 5068 :
2958 5030 3076 5069 cum
3102 5033 3229 5070 vero
3251 5017 3518 5073 advocatis
3541 5021 3820 5091 utrinque

2213 5104 2532 5160 luctantibus
2562 5106 2613 5158 in
2645 5105 2759 5161 foro
2786 5109 3145 5163 controversia
3177 5111 3428 5173 vertitur,
3457 5111 3563 5179 jam
3605 5120 3818 5181 proml

2210 5198 2370 5252 dubio
2398 5198 2649 5268 litigatur.
2683 5199 2865 5269 Neque
2900 5200 3001 5254 hoc
3039 5201 3089 5254 in
3130 5203 3320 5255 vestris
3350 5203 3692 5272 reprehendo
3715 5249 3733 5271 ,
3768 5211 3819 5261 si

2210 5289 2276 5345 ad
2310 5290 2410 5345 hoc
2448 5306 2551 5345 non
2582 5306 2765 5346 amore
2794 5292 3028 5360 litigandi
3048 5333 3062 5355 ,
3091 5292 3182 5345 sed
3211 5294 3520 5349 consulendi
3551 5300 3817 5353 accessi-

2211 5389 2318 5436 tate
2355 5382 2612 5451 compulsi
2640 5391 2766 5435 sunt
2801 5399 2815 5435 :
2852 5391 3215 5437 verumtamen
3252 5383 3514 5439 admoneo
3553 5394 3607 5439 te
3650 5386 3824 5445 ὺουο

2272 5580 2290 5647 ξ
2318 5570 2505 5638 Aliquot
2526 5582 2650 5635 Mss,
2669 5582 2714 5625 et
2735 5588 2896 5638 graeco
2915 5575 3059 5626 etiam
3080 5575 3266 5627 nomine
3301 5576 3591 5628 nutitiosam
3604 5586 3651 5628 et
3680 5594 3740 5629 α)
3757 5580 3831 5629 εἰ·

2207 5635 2491 5808 ἔξοὲξιᾘιὶε
2514 5704 2639 5756 διες..
2665 5694 2925 5747 uetaretur.
2950 5700 3021 5746 sic
3041 5699 3186 5748 etiam
3227 5701 3272 5748 in
3299 5703 3544 5763 .tugustmi
3584 5702 3829 5761 eptsto‘a
3868 5706 3875 5713 '

2274 5793 2288 5808 .
2314 5772 2361 5806 n.
2420 5795 2432 5807 .

2274 5772 2432 5811 .n.‘1.
