4024 6196
285 330 388 384 Β-ίο

283 536 550 606 intelligas
590 551 686 590 eos
727 537 815 606 qui
865 535 1129 593 forensem
1173 541 1450 610 strepitum
1495 550 1549 596 et
1587 541 1868 612 judiciaria

273 625 470 696 jurgia,
497 626 694 697 quibus
721 637 1000 683 accusatos
1027 631 1427 696 convincerent,
1456 641 1512 688 et
1537 635 1863 703 expellerent

277 732 412 786 quos
434 716 487 770 iu
509 716 736 771 concilio
751 716 861 786 jam
883 717 1285 787 damnaverant,
1310 737 1414 777 non
1435 722 1860 791 declinaverunt,

276 805 371 859 sed
401 814 750 874 susceperunt
777 816 830 860 et
858 819 1245 877 exercuerunt,
1280 811 1446 866 multo
1476 813 1750 868 nobiscum
1784 815 1862 869 fa-

275 897 430 952 cilius
457 896 674 966 pacilice
699 898 942 954 conferre
974 902 1208 969 potuisse
1226 943 1241 967 ,
1271 903 1370 958 nisi
1399 905 1619 961 mallent
1648 921 1862 962 causam

276 987 471 1041 malam
529 989 807 1058 cooperire
859 991 1239 1058 excusatione,
1294 1010 1452 1065 quam
1505 995 1863 1066 disputatione

197 1067 210 1074 ’
275 1076 446 1133 ﬁnire.
1343 1125 1376 1152 ον

342 1168 571 1225 CAPUT
607 1169 693 1224 IV.
719 1201 791 1212 ——
817 1174 869 1228 4.
903 1172 1020 1228 Jam
1048 1190 1172 1232 vero
1200 1178 1339 1247 quod
1367 1189 1646 1251 antequam
1677 1183 1860 1238 venias

271 1255 339 1311 ad
359 1272 664 1313 sermonem
689 1276 864 1316 meum
889 1279 996 1332 quo
1017 1267 1336 1335 reprehendi
1358 1269 1697 1339 Petiliauum,
1721 1287 1751 1326 a
1775 1289 1860 1330 me

271 1347 482 1402 interim
519 1351 714 1418 quaeris
741 1365 771 1404 a
798 1367 906 1421 quo
944 1361 996 1408 te
1038 1354 1292 1424 baptizari
1331 1361 1648 1430 conveniat,
1679 1373 1856 1418 utrum

268 1437 339 1491 ah
363 1453 431 1492 eo
459 1440 634 1508 potius
671 1456 828 1510 quem
867 1454 920 1499 et
953 1460 1052 1516 ego
1080 1446 1407 1516 Baptismqu
1433 1452 1630 1507 habere
1659 1456 1856 1510 contir-

271 1543 361 1582 mo
380 1569 394 1593 ,
425 1546 492 1582 an
522 1531 590 1585 ab
614 1546 679 1586 eo
704 1548 862 1603 quem
895 1544 1015 1590 tuus
1045 1537 1146 1593 hoc
1176 1555 1281 1595 nou
1321 1541 1517 1599 habere
1542 1546 1852 1600 contendit:

271 1617 386 1674 ha-c
407 1621 566 1674 etiam
587 1626 810 1691 qumstio
833 1641 928 1696 per
947 1627 1243 1684 Maximiani
1271 1647 1482 1687 causam
1508 1634 1576 1690 de
1602 1651 1731 1691 vana
1756 1638 1858 1692 im-

267 1709 559 1776 peritorum
599 1712 917 1782 loquacitate
955 1717 1158 1773 sublata
1201 1729 1316 1788 est,
1348 1732 1600 1792 quantmu
1640 1727 1853 1796 quidem

266 1798 333 1851 ad
363 1814 460 1854 vos
482 1801 704 1864 attinet;
733 1820 854 1858 nam
882 1806 1022 1875 apud
1050 1807 1196 1877 ipsos
1217 1810 1656 1871 Maximiancnses
1680 1817 1855 1874 adhuc

266 1898 467 1944 manet.
509 1891 680 1948 Vestri
723 1895 900 1962 enim,
953 1897 1205 1954 damnato
1257 1911 1473 1973 propter
1517 1907 1850 1977 sacrilegium

264 1982 569 2038 schismatis
593 1985 928 2054 Maximiano,
955 2005 1112 2060 quem
1138 1991 1418 2048 diaconum
1443 2011 1597 2052 suum
1627 1998 1852 2054 Primia-

265 2086 368 2125 nus
393 2071 771 2141 damnaverat,
803 2086 858 2132 et
889 2095 980 2147 per
1008 2096 1164 2151 quem
1203 2085 1627 2154 consliirantibus
1656 2089 1850 2144 θάνατε

265 2174 384 2216 sum
419 2175 478 2217 se
508 2163 749 2232 plurimis
777 2167 994 2238 collegis
1032 2171 1311 2228 daumatus
1351 2174 1553 2238 fuerat.
1597 2179 1851 2234 contiuuo

263 2267 384 2306 cum
416 2269 482 2309 eo
507 2255 784 2312 duodecim
810 2259 1146 2318 ordinatores
1171 2264 1410 2334 ejusdem
1433 2268 1729 2325 Maximiani
1755 2287 1849 2326 ea-

263 2341 384 2396 dem
425 2347 688 2402 sentcntia
727 2347 1132 2407 damnaverunt.
1163 2354 1242 2409 Ex
1271 2357 1465 2426 quibus
1493 2358 1660 2427 duos,
1704 2361 1848 2417 Prae-

264 2441 522 2490 textatum
553 2438 921 2497 Assuritanum
949 2452 1004 2499 et
1026 2444 1383 2512 Felicianum,
1412 2465 1534 2504 cum
1561 2466 1654 2508 eos
1684 2452 1734 2506 in
1757 2453 1849 2522 ju-

261 2523 405 2579 dicio
426 2530 786 2595 proconsulari
806 2545 1169 2600 accusassent,
1187 2552 1307 2592 cum
1329 2540 1600 2610 Bagaieusi
1621 2545 1849 2600 concilio

261 2614 540 2678 damnatos
569 2619 788 2690 allegata
821 2640 916 2694 per
939 2627 1224 2684 advocatos
1252 2631 1439 2686 eadem
1468 2635 1728 2689 sententia
1755 2636 1849 2692 de-

262 2718 684 2779 monstrassent,
712 2728 830 2768 cum
853 2715 1074 2786 jubente
1104 2723 1418 2788 proconsule
1444 2725 1574 2779 locis
1601 2741 1734 2796 quos
1765 2735 1848 2782 te-

261 2800 480 2859 nubunt,
515 2802 717 2870 pellere
742 2807 940 2873 conati,
972 2809 1191 2866 minime
1216 2813 1538 2880 valuissent;
1567 2816 1643 2870 sic
1665 2827 1845 2886 postea

260 2901 648 2960 susceperunt,
676 2903 732 2949 ut
758 2911 879 2952 cum
906 2899 984 2953 eis
1016 2898 1066 2953 in
1097 2899 1386 2958 honoribus
1416 2920 1600 2960 eorum
1630 2908 1847 2977 integris

259 2983 747 3054 coiinuuuicarcnt,
777 2999 829 3042 et
858 2988 1018 3044 simul
1057 2990 1110 3045 in
1147 3007 1331 3062 pacem
1372 2995 1599 3051 redactis
1637 2998 1845 3068 populis

258 3085 446 3125 eorum
466 3112 480 3136 ,
509 3087 575 3126 cx
604 3072 686 3129 his
710 3090 845 3146 quos
875 3079 930 3132 in
955 3078 1241 3137 schismate
1278 3082 1698 3154 baptisaveraut,
1727 3089 1850 3143 nul-

254 3159 368 3216 lum
398 3161 802 3232 rebaptisarent.

327 3254 384 3308 5.
427 3254 614 3311 Exstat
651 3257 922 3320 decretum
955 3260 1257 3332 Bagaiensis
1281 3267 1525 3330 concilii,
1557 3269 1841 3339 allegatum

252 3344 396 3414 apud
426 3347 822 3415 proconsulem,
847 3349 1103 3406 advocato
1131 3367 1487 3425 prosequente
1513 3359 1840 3428 Nummasio,

251 3448 376 3491 cum
414 3446 601 3505 ageret
643 3447 702 3492 ut
744 3438 994 3496 Primiani
1038 3447 1396 3502 communioni
1439 3449 1842 3511 Membresitana

250 3528 484 3583 ecclesia
519 3527 814 3584 traderetur
837 3533 1064 3600 expulso
1087 3535 1294 3602 Salvio,
1339 3539 1429 3608 qui
1467 3556 1585 3596 eam
1627 3545 1842 3601 tenebat

249 3617 581 3688 antiquitus,
611 3619 698 3674 ubi
738 3621 1097 3692 episcoliatum
1139 3641 1404 3684 meruerat
1443 3632 1494 3686 in
1539 3643 1688 3702 parte
1732 3637 1837 3690 Do-

250 3709 384 3763 nati.
429 3708 532 3764 Sed
579 3711 858 3780 pellendus
901 3728 1179 3785 propterea
1223 3721 1531 3789 petebatur,
1568 3727 1686 3794 quia
1716 3742 1836 3781 cum

248 3797 562 3853 damnatum
589 3800 859 3871 Bagaiensi
882 3807 1110 3861 concilio
1127 3801 1539 3866 recitabat-inter
1556 3814 1834 3870 duodecim

247 3887 552 3943 Maximiani
581 3893 934 3959 ordinatores,
965 3911 1098 3966 quos
1128 3898 1265 3953 idem
1294 3900 1632 3958 Nummasius
1663 3906 1712 3959 iu
1740 3924 1837 3960 nu-

244 3993 406 4032 mero
429 3995 614 4036 errans
642 3982 888 4038 undecim
915 3984 1064 4040 dicit.
1099 3986 1246 4044 lianc
1273 3988 1563 4046 Nuinmasii
1599 3995 1835 4063 postula-

243 4071 455 4124 tionem
491 4073 733 4128 recitavit
759 4087 943 4146 postea
975 4078 1243 4147 Titianus,
1285 4097 1536 4152 expresse
1574 4102 1636 4141 ac
1665 4089 1839 4144 nomi-

239 4161 415 4216 natim
471 4178 634 4235 agens
688 4169 828 4236 apud
885 4171 1130 4226 eumdem
1171 4178 1542 4242 proconsulem
1580 4180 1836 4238 adversus

243 4251 628 4310 Pmtextatum
651 4267 702 4311 et
722 4257 1046 4316 Felicianum
1075 4281 1087 4315 :
1117 4265 1268 4334 cujus
1293 4265 1532 4322 advocati
1555 4272 1712 4326 verba
1735 4272 1832 4328 ista

240 4350 391 4395 sunt.
423 4343 530 4398 Sed
556 4347 682 4413 suis,
715 4347 906 4418 inquit,
934 4352 1173 4409 institutis
1198 4356 1437 4426 iniquitas
1465 4360 1760 4428 delectatur,
1787 4373 1834 4418 et

240 4435 570 4503 semetipsum
600 4455 702 4493 non
726 4441 940 4508 deserit,
969 4459 1084 4496 cum
1106 4447 1259 4500 semel
1285 4451 1600 4520 prtecipltata
1631 4468 1832 4509 corrue-

238 4523 336 4576 rit.
363 4522 506 4579 Idem
533 4544 750 4598 namque
770 4530 1113 4590 Maximianus
1133 4547 1345 4607 captam
1364 4542 1519 4594 nutrit
1537 4544 1827 4613 audaciam,

238 4625 292 4667 et
318 4615 445 4671 alios
470 4619 666 4676 sibimet
693 4625 944 4678 consociat
972 4627 1040 4679 ad
1067 4629 1308 4696 furorem.
1344 4628 1487 4684 Inter
1521 4649 1646 4703 quos
1680 4637 1828 4690 etiam

213 4703 538 4764 'Felicianus
564 4713 768 4782 quidam
787 4755 802 4780 ,
840 4717 929 4787 qui
966 4719 1129 4790 primo
1155 4731 1289 4776 recta
1316 4733 1559 4788 sectatus,
1585 4727 1831 4798 deprava-

237 4801 396 4854 sionis
421 4801 574 4872 hujus
598 4806 980 4863 attaminatione
998 4810 1240 4879 fuscatur,
1264 4814 1316 4867 in
1341 4814 1394 4867 Μ
1400 4816 1617 4871 ustitana
1636 4819 1830 4888 positus

237 4890 461 4954 civitate,
483 4891 592 4948 Deo
618 4896 946 4967 onmipotenti
975 4901 1188 4969 parietes
1209 4915 1543 4972 consecratos,
1567 4909 1834 4964 ecclesiam

237 4985 578 5039 venerandam
617 4989 762 5058 quasi
799 4990 1020 5060 quadam
1047 4993 1329 5049 obsessione
1357 4998 1568 5052 credidit
1603 5001 1826 5056 retinen-

232 5076 380 5128 dam.
416 5074 571 5130 Hunc
602 5075 940 5136 Prctestatus
977 5083 1127 5137 etiam
1164 5085 1219 5139 in
1258 5086 1572 5144 Assuritanis
1596 5092 1826 5161 partibus

230 5163 482 5220 imitatur.
517 5167 624 5223 Sed
659 5185 772 5240 cum
813 5172 1065 5241 tequitatis
1105 5183 1206 5229 tute
1240 5176 1566 5236 innotesccret
1592 5184 1823 5251 potestati

231 5261 544 5314 consortium
570 5263 885 5319 sacerdotum
903 5307 916 5332 ,
936 5268 1158 5337 jussisti,
1191 5280 1410 5343 utsgesta
1442 5283 1706 5343 testantur,
1734 5295 1824 5333 ea:-

229 5350 380 5417 ploso
419 5352 558 5405 omni
593 5357 1004 5412 contradictionis
1031 5357 1210 5426 effectu
1229 5401 1245 5426 ,
1274 5365 1624 5422 sacratissimis
1653 5386 1822 5425 sacer-

227 5441 433 5494 dotibus
460 5459 492 5494 a
521 5446 750 5511 profanis
784 5448 1031 5503 mentibus
1071 5450 1306 5506 ecclesias
1346 5456 1623 5512 vindicatus
1663 5477 1818 5530 apor-

227 5543 337 5585 tere
373 5535 587 5588 restitui.
624 5537 825 5592 Deinde
866 5541 1021 5608 paulo
1059 5552 1210 5610 post,
1260 5554 1316 5597 ut
1355 5546 1493 5600 idem
1532 5549 1817 5607 advocatus

227 5625 477 5680 Ostendat
503 5627 624 5697 quid
650 5632 851 5697 jussum
876 5634 962 5698 sit,
988 5635 1173 5688 recitat
1194 5635 1483 5692 Nummasii
1511 5645 1813 5709 postulatio-

215 5729 354 5772 siem
398 5732 556 5789 quam
597 5733 756 5792 supra
801 5727 1254 5781 commemoravi:
1288 5729 1338 5782 in
1383 5745 1484 5801 qua
1531 5736 1810 5803 proconsul

1630 297 1827 392 manu
1866 337 2203 405 ausurus.

283 443 498 514 ingenio
530 441 807 512 praeditum
838 441 1007 498 virum
1026 484 1042 507 ,
1069 453 1125 498 ut
1162 444 1437 513 advertas,
1467 456 1518 502 ut
1549 449 1750 517 sentias
1771 491 1785 511 ,
1815 459 1874 505 ut

3465 369 3561 423 εἶθ

1981 449 2287 508 Nummasio
2330 471 2448 512 cum
2483 459 2735 530 dixisset,
2767 465 2900 539 Lege
2930 470 3214 542 episcopale
3230 474 3484 544 judicium
3509 482 3520 508 '
3545 521 3557 538 .

1978 540 2105 596 illud
2154 544 2439 614 Bagniensc
2488 553 2764 608 recitatum
2811 567 2920 626 cst,
2970 561 3019 614 iu
3065 540 3170 631 quo
3211 566 3561 625 Maximianus

1974 631 2259 690 damnatur
2287 638 2370 692 his
2399 643 2573 698 verbis
2601 663 2614 699 :
2647 639 3014 705 Maximianum
3042 655 3163 721 ﬁdei
3190 660 3447 726 wmulum,
3474 678 3559 715 ve-

1971 722 2134 776 ritatis
2163 726 2482 794 adulterum,
2527 732 2768 791 Ecclesia:
2804 742 2978 794 matris
3020 744 3304 812 inimicum,
3352 749 3554 819 Dat/nc,

1971 809 2152 876 Chore,
2183 825 2233 868 et
2260 816 2447 872 Abiron
2477 822 2791 888 ministrum,
2825 828 2887 882 de
2915 832 3052 896 pacis
3081 837 3270 903 gremio
3299 843 3558 894 sententite

1969 901 2160 971 fulmen
2187 908 2442 962 excussit:
2465 921 2509 963 et
2533 913 2670 982 quod
2691 916 2858 970 adhuc
2882 922 3108 975 eumdem
3134 924 3394 981 dehiscens
3423 939 3557 983 terra

1967 1009 2068 1048 non
2098 997 2289 1051 sorbuit
2321 999 2508 1070 (Num.
2548 1005 2670 1075 xw)
2691 1047 2706 1072 ,
2735 1009 2802 1061 ad
2832 1011 2997 1080 majus
3029 1016 3332 1085 supplicium
3355 1023 3554 1090 superis

1965 1089 2250 1142 reservavit.
2285 1090 2483 1162 Raptus
2511 1097 2640 1148 enim
2667 1114 2866 1165 poenam
2891 1119 3034 1155 suam
3062 1109 3356 1177 compendio
3382 1111 3552 1166 lucra-

1965 1188 2101 1230 vcrat
2120 1178 2350 1245 funeris;
2373 1199 2553 1237 usuras
2573 1202 2704 1240 nunc
2722 1191 2975 1258 graviores
2997 1195 3185 1266 colligit
3205 1201 3412 1268 fenoris,
3435 1219 3550 1255 cum

1964 1277 2190 1322 mortuus
2227 1271 2431 1326 interest
2468 1276 2606 1329 vivis.
2643 1278 2840 1333 Deinde
2871 1282 2920 1334 in
2950 1284 3068 1339 illos
3095 1286 3374 1365 duodecim
3407 1294 3549 1347 ordi-

1962 1367 2176 1413 natores
2204 1359 2320 1429 ejus
2359 1363 2430 1417 ita
2476 1366 2741 1434 profertur
2773 1371 3056 1442 Bagaitaua
3095 1359 3359 1435 sententia
3392 1399 3406 1435 :
3441 1383 3551 1438 Nec

1961 1445 2124 1498 solani
2149 1447 2284 1503 hunc
2302 1493 2318 1517 ,
2352 1452 2626 1523 inquiunt,
2653 1459 2853 1514 sceleris
2877 1465 2958 1516 sui
2984 1481 3117 1520 mors
3136 1469 3282 1537 justa
3307 1475 3549 1528 condem-

1960 1545 2082 1599 nat;
2106 1541 2258 1592 trahit
2277 1543 2426 1596 etiam
2445 1545 2514 1598 ad
2533 1550 2836 1604 consortium
2862 1553 3083 1609 criminis
3102 1558 3348 1627 plurimos
3370 1574 3548 1619 catena

1958 1625 2242 1695 sacrilegii,
2271 1629 2335 1683 de
2357 1631 2535 1701 quibus
2559 1639 2803 1707 scriptum
2834 1649 2905 1695 est
2923 1683 2938 1708 ,
2975 1660 2994 1694 ι
3033 1625 3288 1702 Venenum
3311 1654 3547 1722 aspiciunt

1956 1713 2046 1766 sub
2083 1714 2230 1771 labiis
2267 1735 2478 1788 eorum;
2503 1740 2714 1793 quorum
2743 1745 2798 1783 os
2825 1733 3174 1789 maledictione
3212 1749 3260 1792 et
3294 1747 3545 1799 amaritu-

1957 1806 2075 1862 dine
2101 1809 2303 1878 plenum
2329 1823 2436 1878 est,
2466 1817 2655 1871 veloces
2695 1821 2845 1887 pedes
2881 1840 3052 1878 eorum
3087 1828 3156 1880 ad
3183 1829 3545 1896 e/fundendum

1956 1900 2271 1968 sanguinem.
2305 1901 2668 1960 Contribulatio
2693 1921 2736 1963 et
2764 1913 3027 1969 calamitas
3053 1919 3104 1971 in
3131 1920 3223 1973 viis
3260 1938 3432 1977 eorum
3453 1967 3468 1990 ,
3497 1937 3545 1980 et

1953 1988 2086 2041 viam
2128 1990 2267 2058 pacis
2308 2009 2409 2046 non
2453 2009 2825 2067 cognoverunt;
2854 2019 2954 2056 non
2992 2015 3064 2059 est
3104 2009 3253 2063 timor
3295 2011 3389 2067 Dei
3425 2027 3545 2071 ante

1953 2079 2126 2132 oculos
2155 2096 2327 2135 eorum
2359 2101 2378 2134 ι
2417 2083 2585 2156 (Psal.
2616 2104 2706 2142 xm
2727 2131 2741 2154 ,
2771 2092 2846 2160 ὅ).
2889 2092 3159 2152 Nollemus
3187 2101 3389 2170 quidem
3424 2115 3539 2160 tan-

1951 2181 2104 2234 quam
2129 2184 2157 2221 e
2181 2172 2376 2239 prOprii
2401 2177 2628 2243 corporis
2649 2179 2894 2248 junctum
2922 2187 3167 2253 prwcidi;
3193 2191 3282 2244 sed
3304 2195 3542 2262 quoniam

1951 2256 2242 2312 tabescentis
2268 2261 2487 2316 vulneris
2513 2268 2724 2336 putredo
2753 2272 2992 2342 pestifera
3026 2277 3141 2344 plus
3177 2256 3326 2334 habet
3361 2283 3415 2337 in
3447 2286 3542 2338 ab-

1951 2347 2165 2404 scisione
2187 2350 2470 2422 salaminis,
2496 2372 2648 2426 quam
2675 2360 2728 2414 in
2753 2363 3044 2419 remissione
3062 2369 3428 2441 medicaminis,
3455 2376 3540 2429 in-

1950 2448 2097 2493 venta
2121 2451 2194 2495 est
2229 2459 2386 2499 causa
2415 2447 2668 2504 salubrior
2685 2493 2700 2518 ,
2727 2469 2792 2506 ne
2815 2473 2904 2524 per
2930 2467 3110 2513 cuncta
3137 2463 3357 2518 membra
3384 2469 3541 2537 pesti-

1951 2530 2059 2586 lens
2082 2533 2274 2604 irrepat
2301 2538 2456 2604 virus,
2485 2550 2540 2593 ut
2565 2546 2920 2614 compendiosa
2945 2548 3120 2606 dolore
3141 2563 3315 2610 natum
3341 2530 3542 2615 decidat

1949 2623 2150 2678 vulnus.
2180 2625 2394 2683 Famosi
2419 2648 2538 2701 ergo
2561 2634 2788 2689 criminis
2810 2654 2941 2706 reos,
2979 2639 3320 2700 Victorianum
3347 2647 3539 2704 Carca-

1949 2710 2254 2780 bianensem,
2284 2717 2598 2774 Martianum
2627 2723 2986 2795 Sullectinum,
3019 2730 3262 2788 Beianum
3287 2734 3541 2793 Baianen-

1949 2820 2051 2858 sem
2069 2846 2086 2870 ,
2115 2804 2347 2891 Salvium
2370 2807 2748 2881 Ausaphcnsem
2767 2858 2783 2880 ,
2819 2817 3137 2875 Theodorum
3171 2824 3472 2883 Usulcnscm
3493 2833 3534 2894 ’,

1955 2896 2208 2952 Donatum
2248 2887 2602 2958 Sabratensem
2623 2947 2638 2972 ,
2687 2907 2975 2979 Miggenem
3016 2887 3536 2988 Elephantariensem,

1950 2987 2318 3045 Praetextatum
2353 2993 2709 3051 Assuritanum
2733 3040 2749 3066 ,
2795 3000 3028 3056 Salvium
3073 2987 3534 3078 Membresitanum,

1957 3075 2214 3134 Valerium
2233 3080 2585 3148 Melzitanum,
2613 3085 2931 3144 Felicianum
2952 3091 3307 3164 Mustitanum,
3333 3109 3381 3153 et
3401 3075 3539 3155 Mar-

1947 3169 2118 3224 tialem
2146 3169 2498 3228 Pertusensem
2518 3215 2534 3237 ,
2564 3177 2652 3247 qui
2689 3180 2888 3249 funesto
2929 3198 3078 3249 opere
3119 3188 3416 3254 perditionis
3448 3207 3538 3246 vas

1946 3260 2208 3314 sordidum
2230 3263 2440 3317 collecta
2466 3265 2749 3334 fwculentia
2772 3270 3125 3339 glutinarunt;
3147 3276 3237 3328 sed
3259 3287 3305 3330 et
3325 3279 3532 3334 clericos

1947 3351 2216 3418 aliquando
2241 3352 2484 3409 Ecclesia:
2510 3355 2849 3428 Carthaginis,
2883 3363 2970 3430 qui
2995 3362 3114 3417 dum
3137 3365 3354 3433 facinori
3381 3370 3536 3424 inter-

1945 3451 2093 3509 sunt,
2121 3442 2296 3498 illicito
2322 3445 2531 3500 incestui
2559 3448 2862 3504 lenocinium
2890 3456 3243 3524 prtebuerunt;
3275 3457 3368 3513 Dei
3395 3479 3530 3531 pra:-

1942 3531 2152 3586 sidcntis
2180 3533 2418 3599 arbitrio,
2475 3537 2770 3594 universalis
2812 3544 3012 3597 concilii
3050 3561 3138 3600 ore
3175 3549 3390 3604 veridico
3427 3552 3531 3606 da-

1945 3631 2141 3676 mnatos
2170 3640 2278 3678 esse
2303 3629 2602 3696 cognoscite.
2635 3630 2763 3686 Post
2783 3633 3002 3688 istorum
3027 3635 3441 3707 damnationem,
3477 3646 3527 3699 in

1941 3711 2133 3780 quibus
2156 3712 2402 3782 leguntur
2421 3716 2771 3774 Praetextatus
2791 3723 3134 3780 Assuritanus
3156 3736 3209 3782 et
3231 3729 3530 3789 Feliciauus

1942 3799 2275 3865 Mustitanus,
2303 3816 2423 3855 cum
2449 3804 2662 3872 quibus,
2689 3816 2748 3861 ut
2770 3820 2895 3864 ante
2919 3811 3050 3877 dixi,
3079 3820 3410 3882 proconsulis
3434 3823 3528 3875 ad-

1941 3905 2129 3944 versus
2157 3905 2250 3944 cos
2280 3892 2556 3962 impetrata
2579 3894 2820 3963 jussioue
2858 3903 3314 3961 concordaveruut
3333 3909 3387 3973 ³;
3417 3925 3525 3965 car-

1943 3980 2070 4034 teris
2105 3979 2158 4034 in
2187 3980 2376 4036 eodem
2402 3981 2702 4040 Maximiani
2729 3988 3015 4045 schismate
3043 3995 3377 4065 constitutis,
3407 3999 3525 4056 Pri-

1940 4071 2101 4126 miani
2129 4073 2290 4127 etiam
2329 4073 2761 4143 damnatoribus,
2805 4088 3006 4135 tantum
3051 4085 3172 4152 quia
3215 4102 3320 4143 non
3361 4090 3526 4147 inter-

1940 4160 2490 4219 fuerantMaximiani
2528 4165 2881 4236 ordinationi,
2911 4170 3221 4228 dilationem
3262 4176 3526 4236 dederunt

1939 4252 1992 4306 in
2017 4253 2206 4308 eodem
2229 4253 2502 4324 Bagaiensi
2525 4258 2752 4313 concilio
2775 4268 2923 4315 certo
2950 4260 3054 4316 diei
3082 4265 3308 4321 termino
3333 4269 3526 4326 delini-

1937 4353 2067 4412 tam,
2091 4361 2209 4415 qua:
2228 4347 2530 4401 continetur
2557 4347 2639 4404 his
2660 4351 2834 4406 verbis
2859 4369 2872 4404 :
2903 4350 3009 4409 Eos
3033 4364 3224 4424 autem,
3254 4359 3518 4430 inquiunt,

1935 4453 2060 4507 quos
2086 4436 2318 4508 sacrilegi
2355 4438 2529 4493 sa’culi
2570 4456 2671 4494 non
2709 4443 2935 4511 polluere
2973 4445 3225 4514 plantaria
3245 4488 3261 4515 ,
3305 4453 3400 4506 hoc
3425 4464 3517 4519 est,

1935 4529 2022 4596 qui
2045 4545 2078 4580 a
2106 4527 2407 4584 Maximiani
2439 4531 2602 4600 capite
2628 4533 2860 4602 praprias
2889 4551 3068 4590 manus
3093 4542 3375 4596 verecundo.
3401 4544 3523 4612 ﬁdei

1937 4618 2132 4689 pudore
2173 4628 2489 4674 retraxerunt
2505 4661 2520 4685 ,
2551 4621 2620 4674 ad
2658 4633 2867 4678 matrem
2894 4623 3175 4681 Ecclesiam
3203 4631 3366 4686 redire
3401 4651 3520 4702 per-

1934 4709 2181 4764 misimus.
2216 4710 2471 4777 Quantum
2511 4712 2642 4766 enim
2682 4715 2748 4768 de
2783 4732 2984 4770 reorum
3023 4729 3181 4773 morte
3218 4739 3517 4793 purgamur,

1935 4809 2071 4854 tanto
2093 4801 2154 4854 de
2173 4801 2509 4855 innocentium
2530 4805 2695 4857 reditu
2713 4807 3050 4874 gratulamur.
3077 4809 3150 4864 Ac
3169 4828 3232 4865 ne
3248 4827 3518 4886 angustans

1930 4890 2253 4945 redeuntibus
2279 4901 2476 4961 tempus
2509 4909 2648 4963 spem
2687 4895 2867 4950 salutis
2905 4907 3112 4954 arctoae
3149 4901 3247 4955 dici
3287 4921 3518 4972 prcus-ra

1930 4982 2192 5049 subducat,
2221 4987 2604 5055 agnoscentibus
2627 4989 2804 5058 quibus
2833 4992 2965 5057 licet,
2999 4997 3313 5053 manentibus
3337 4999 3358 5030 ⁵
3386 5018 3523 5071 pra-

1929 5075 2214 5129 cedentibus
2258 5078 2492 5141 statutis,
2535 5080 2777 5134 universis
2819 5099 2978 5153 usque
3015 5087 3083 5139 ad
3117 5088 3249 5143 diem
3288 5101 3515 5145 actarum

1929 5169 2256 5223 colendarum
2271 5170 2501 5239 januarii
2527 5173 2754 5240 proxime
2779 5178 3068 5244 futurarum
3090 5182 3363 5251 agnitionis
3387 5200 3514 5252 pan-

1930 5261 2096 5314 dimus
2125 5261 2342 5331 januam
2360 5303 2375 5326 ,
2408 5273 2463 5315 ut
2491 5263 2670 5335 integri
2705 5265 2914 5322 honoris
2940 5285 3002 5322 ac
3027 5271 3150 5340 ﬁdei
3180 5275 3390 5342 regressi
3417 5276 3511 5327 ha-

1991 5375 2008 5404 ι
2037 5372 2225 5446 Aliquot
2245 5380 2371 5445 λξςδ..
2485 5377 2876 5446 φιφρῖοεοπδιιιὲ
2906 5391 2939 5429 a
2959 5382 3248 5442 It’ummasio,
3273 5397 3380 5434 cum
3403 5399 3514 5435 arc-

1923 5435 2067 5498 gisset
2092 5434 2184 5498 h'gi
2205 5435 2474 5498 episcopale
2481 5434 2744 5495 judicium.

1989 5499 2009 5529 ι
2035 5496 2160 5576 uss.)
2188 5496 2517 5576 .uusulenscnt.
2671 5561 2682 5576 .
2979 5563 2990 5574 .
3106 5572 3116 5576 _
3186 5573 3194 5576 Α
3288 5567 3298 5576 _
3389 5567 3397 5576 _

1988 5560 2009 5590 ³
2032 5560 2168 5628 mliti,
2213 5558 2574 5619 proconsulares
2616 5561 2849 5613 adversus
2869 5576 2948 5614 eos
2971 5563 3242 5621 impetrata:
3269 5567 3510 5628 jussiuttes

1923 5622 2674 5702 ‘0'.".‘.”.'.‘i.“‘°"."_"‘.‘:_.---_..._._-
3104 5700 3115 5702 -
3208 5701 3214 5702 ,
3269 5622 3284 5628 ⁷

1987 5683 2005 5711 ⁸
2031 5683 2165 5734 mliti.
2204 5680 2339 5752 longe
2377 5681 2690 5756 manentifns.
2735 5686 3510 5756 abesth‘lon‘qc,aﬁmauuswiptis,

1925 5747 2018 5794 imo
2044 5753 2088 5793 «ιι
2117 5744 2177 5789 ab
2201 5745 2232 5805 i1
2249 5745 2315 5791 sis
2341 5741 2484 5791 editis
2507 5746 2675 5794 aberat
2699 5759 2770 5808 su;
2791 5761 2860 5806 ra,
2884 5747 2964 5796 lib.
2989 5741 3036 5808 3,
3058 5741 3106 5797 ἡ.
3131 5749 3206 5799 60.
