4024 6196
428 333 525 390 551

422 472 563 521 beant
590 466 917 536 fundamenta
943 477 962 516 :
982 477 1129 530 quam
1156 461 1200 511 si
1222 459 1484 526 quisquam
1511 454 1706 525 ingredi
1732 451 1999 519 nequiverit

421 560 565 626 pigra
604 555 815 625 segnitia
835 594 849 615 ,
892 552 1016 605 sciat
1046 550 1139 602 sibi
1167 549 1233 600 ad
1263 564 1431 600 omnes
1474 544 1690 598 veniales
1718 544 1883 594 aditus
1911 558 2003 595 sua

421 650 672 701 voluntate
702 646 829 697 tiam
859 659 965 697 esse
989 641 1302 695 subductam.
1340 636 1561 690 Manebit
1589 636 1718 688 enim
1758 634 1890 685 circa
1920 648 2003 685 eos

419 741 554 790 diem
583 736 859 795 sententia,
893 742 936 786 et
978 742 1088 803 post
1132 730 1469 801 prwstitutum
1512 727 1643 780 diem
1686 724 2002 778 redeuntibus

419 831 527 896 ﬁxa
564 816 875 895 paenitentia.
1184 806 1193 815 λ

492 916 715 970 CAPI'T
760 914 894 966 V.—-
921 912 974 966 6.
1017 911 1093 965 Ex
1143 910 1225 964 his
1271 909 1429 980 igitur
1468 905 1718 961 omnibus
1748 904 1997 975 quoniam

420 1007 645 1061 rediisse
682 1005 886 1074 aliquos
927 1002 993 1057 ad
1036 1001 1465 1056 communionem
1491 1007 1723 1051 vestram
1770 1009 1869 1049 nec
1906 1009 2002 1048 vos

422 1100 645 1165 negatis,
677 1104 730 1148 et
757 1095 808 1147 in
841 1103 947 1147 tam
989 1091 1189 1146 recenti
1220 1090 1494 1153 memoria,
1525 1087 1697 1141 adhuc
1741 1086 1900 1140 etiam
1925 1085 2004 1153 vi,-

422 1187 668 1241 ventibns
692 1185 995 1239 hominibus
1025 1183 1090 1236 de
1111 1183 1299 1251 quibus
1320 1181 1490 1250 agitur
1510 1180 1549 1240 ί.
1578 1178 1928 1232 celeberrima
1953 1184 2007 1230 et

424 1278 564 1331 clara
610 1275 795 1333 notitia
823 1282 926 1333 est,
965 1288 1084 1327 cum
1134 1280 1189 1323 et
1231 1271 1301 1323 illi
1331 1268 1521 1339 quibus
1558 1267 1739 1320 dilatio
1764 1266 1885 1320 data
1926 1277 2009 1319 est

422 1364 875 1437 (quandoquidem
900 1363 1038 1417 sicut
1063 1361 1223 1416 verba
1255 1359 1466 1413 concilii
1504 1357 1742 1425 ejusdem
1772 1356 1900 1411 satis
1927 1355 2007 1408 in-

425 1459 624 1520 dicant,
664 1472 755 1511 eos
786 1455 848 1509 ad
891 1464 1113 1508 matrem
1156 1453 1444 1506 Ecclesium
1477 1452 1652 1505 redire
1679 1450 1920 1513 invitant,
1955 1458 2009 1501 et

424 1562 609 1599 eorum
642 1557 889 1613 tanquam
920 1544 987 1597 de
1028 1542 1386 1597 innocentium
1432 1541 1604 1595 reditu
1631 1540 2004 1609 gratulantur),

424 1646 479 1689 et
505 1637 573 1690 illi
605 1650 739 1704 quos
766 1650 885 1688 cum
909 1634 1225 1688 Maximiano
1253 1632 1395 1685 nulla
1422 1632 1725 1699 interposita
1754 1631 2007 1683 dilatione

426 1726 830 1788 dainnzn'eruut,
860 1735 1007 1777 extra
1047 1732 1277 1777 vestram
1302 1722 1596 1775 Ecclesiain
1628 1730 1738 1773 toto
1764 1722 1850 1773 illo
1878 1731 2011 1774 tcm-

432 1830 561 1882 pore
612 1814 995 1882 baptizaverint
1027 1830 1040 1865 :
1074 1812 1185 1865 sive
1232 1826 1399 1879 usque
1442 1811 1505 1861 ad
1556 1809 1695 1862 (liciti
1744 1809 2009 1862 dilationis

425 1906 642 1975 quando
676 1922 794 1959 cum
841 1904 1157 1957 Maximiano
1198 1902 1680 1964 communicabaut,
1721 1911 1774 1953 et
1804 1902 1854 1953 in
1894 1902 2008 1969 ejus

431 2007 583 2051 erant
627 1996 915 2050 schismate
956 1994 1248 2057 constituti,
1291 1992 1401 2046 sive
1439 1994 1596 2044 etiam
1639 2002 1902 2045 transacto
1931 1992 2011 2045 di-

432 2088 643 2142 latiOnis
681 2087 786 2149 die,
835 2085 1047 2154 quando
1090 2083 1659 2138 Titiannsadvocatus
1702 2083 2008 2136 nominatim

434 2179 805 2232 Phi-testatum
835 2186 890 2229 et
917 2176 1237 2229 Felicianntn
1273 2175 1394 2242 pelli
1423 2173 1488 2225 de
1512 2173 1742 2226 basilicis
1773 2172 2008 2240 postula-

434 2270 539 2332 bat,
574 2284 693 2322 cum
721 2267 910 2337 quibus
940 2267 989 2320 in
1022 2266 1225 2319 honore
1257 2266 1463 2332 integro
1502 2263 1802 2316 Pritnianus
1831 2271 2010 2329 prstea

433 2358 773 2413 concordavit
805 2357 1109 2427 :quomoilo
1148 2355 1355 2408 audetis
1375 2354 1483 2421 jam
1511 2352 1690 2406 dicere
1717 2367 1876 2404 unum
1911 2352 2011 2404 Ba-

434 2451 647 2519 ptisma,
679 2450 781 2503 nisi
809 2450 859 2501 in
890 2464 989 2501 una
1023 2447 1261 2501 Ecclesia
1303 2445 1414 2498 dari
1446 2460 1546 2496 non
1581 2457 1769 2510 posse;
1803 2458 1921 2494 cum
1946 2442 2014 2494 ab

435 2541 551 2595 istis
588 2540 767 2593 datum
816 2540 866 2593 in
910 2538 1166 2605 sacrilego
1209 2535 1497 2589 schismate
1537 2534 1859 2601 Baptismum
1899 2533 2015 2587 sine

437 2629 541 2682 ulla
587 2628 946 2682 controversia
990 2625 1365 2695 cognoveritis,
1411 2623 1772 2692 susceperitis,
1810 2622 2013 2675 rescin-

433 2718 561 2773 dere
590 2734 697 2772 non
738 2718 851 2772 ausi
892 2717 1132 2771 fueritis?
1174 2717 1281 2771 Nec
1312 2717 1524 2770 lamen'
1555 2715 1772 2783 potestis
1812 2714 2011 2780 dicere,

436 2809 566 2863 nihil
598 2823 692 2861 vos
728 2808 1041 2875 prrestitissc
1087 2807 1210 2872 illis,
1253 2821 1385 2874 quos
1429 2805 1478 2857 in
1519 2804 1703 2857 eodem
1747 2805 2016 2873 Baptismo

438 2896 765 2966 suscepistis.
798 2895 854 2950 Si
899 2910 1028 2965 ergo
1053 2910 1285 2965 quzeram
1315 2894 1439 2963 quid
1474 2893 1852 2961 prmstileritis;
1888 2908 2013 2962 pru-

435 2987 526 3040 cul
552 2986 715 3040 dubio
742 2986 1128 3054 respondebitis
1152 3003 1165 3038 :
1194 2984 1270 3037 Ne
1316 2985 1430 3051 ipso
1453 2983 1733 3051 sacrilegio
1761 2982 2017 3034 schisma-

436 3077 508 3128 tis
538 3075 799 3143 perirent;
827 3089 895 3128 ne
924 3073 1251 3142 Baptismum
1274 3072 1466 3125 Christi
1498 3087 1600 3125 non
1622 3072 1687 3125 ad
1718 3074 2011 3139 pra-mium,

436 3165 530 3218 sed
560 3163 627 3217 ad
650 3164 933 3233 judicium,
974 3177 1076 3216 non
1107 3162 1172 3215 ad
1200 3162 1447 3223 salutem,
1493 3161 1584 3214 sed
1611 3161 1675 3213 ad
1704 3162 2013 3229 perniciem,

438 3257 577 3312 sicut
597 3267 680 3311 est
706 3255 907 3310 militia:
929 3255 1204 3309 character
1233 3255 1282 3306 in
1312 3253 1694 3318 desertoribus,
1728 3252 2013 3307 haberent:

439 3349 780 3418 praestitimus
826 3361 1027 3417 pacem,
1070 3346 1410 3416 praestitimus
1457 3345 1732 3408 unitatem,
1775 3346 2020 3413 praestiti-

440 3454 558 3492 mus
588 3438 844 3493 Eeclesize
872 3437 1199 3499 societatem,
1231 3444 1287 3488 ut
1312 3450 1432 3488 eum
1460 3448 1556 3504 per
1591 3450 1748 3501 quem
1787 3433 2018 3488 charitas

437 3527 749 3581 diffunditur
777 3527 829 3579 in
858 3524 1108 3578 cordibus
1136 3525 1355 3586 nostris,
1382 3523 1638 3591 Spiritum
1667 3532 1906 3576 sanctum
1931 3537 2018 3577 ac-

438 3620 620 3689 cipere
661 3626 1014 3680 mererentur,
1057 3615 1172 3668 sine
1217 3629 1322 3684 quo
1362 3629 1519 3667 nemo
1545 3613 1784 3682 pervenit
1826 3613 1892 3667 ad
1936 3629 2022 3668 re-

437 3724 599 3777 gnum
627 3707 909 3770 ctelorum,
933 3705 1141 3760 etiamsi
1181 3703 1541 3759 Sacramentis
1569 3702 1814 3757 omnibus
1842 3703 2017 3773 legiti-

439 3800 542 3852 mis
568 3797 852 3851 imbuatur.
882 3796 1006 3850 lltec
1040 3794 1431 3863 responderetis
1461 3794 1739 3859 veraciter,
1766 3795 1809 3849 si
1837 3810 2015 3849 veram

441 3888 732 3942 Ecclesiam
773 3885 1047 3942 teneretis.
1088 3885 1466 3940 Verumtamen
1498 3885 1563 3939 ad
1602 3885 2017 3941 admonitionem

438 3992 670 4033 vestram
715 3977 934 4044 sufficit,
988 3985 1048 4030 ut
1086 3976 1187 4031 hoc
1230 3991 1326 4030 vos
1369 3985 1681 4044 accepturos
1718 3976 2019 4045 intelligetis

439 4070 491 4123 in
520 4084 644 4123 vera
684 4067 938 4131 Ecclesia,
967 4066 1106 4137 quod
1141 4080 1235 4120 cos
1263 4080 1396 4135 quos
1436 4065 1487 4119 in
1519 4065 1818 4119 Maximiani
1848 4066 2018 4120 sacri-

439 4158 558 4229 lego
602 4157 887 4213 schismate
916 4156 1250 4224 baptizarunt
1284 4154 1372 4224 qui
1413 4168 1533 4208 cum
1571 4154 1649 4208 eis
1678 4153 1744 4208 ad
1776 4170 1868 4208 vos
1897 4155 2020 4210 inde

376 4308 379 4309 ν
440 4248 734 4311 redierunt,
780 4246 833 4300 in
860 4254 1038 4300 vestra
1069 4245 1444 4299 communione
1483 4245 1754 4312 accepisse
1793 4245 2020 4300 credidi-

441 4339 577 4392 stis:
608 4346 767 4406 atque
807 4338 878 4390 ita
924 4349 1022 4390 vos
1061 4336 1222 4389 etiam
1264 4343 1484 4404 accepto
1522 4335 1791 4403 Baptismo
1827 4335 2021 4390 Christi

439 4443 561 4483 esse
596 4426 911 4497 puniendos,
936 4427 981 4479 si
1010 4426 1266 4481 unitatem
1309 4426 1585 4482 catholica:
1615 4426 1869 4482 Ecclesia:
1908 4443 2015 4483 non

446 4518 738 4580 tenueritis.
785 4516 922 4572 sicut
963 4516 1016 4571 in
1062 4516 1363 4571 Maximiani
1402 4517 1687 4573 schismate
1727 4515 2023 4586 baptizatos

446 4609 628 4678 procul
665 4607 828 4663 dubio
874 4605 1169 4678 puniendos
1213 4622 1318 4661 non
1358 4606 1694 4668 dubitaretis.
1741 4607 1785 4662 si
1832 4618 2023 4663 vestrae

448 4701 809 4755 communioni
839 4716 942 4755 non
971 4700 1368 4770 copularentur,
1400 4699 1451 4753 in
1477 4698 1668 4769 quibus
1686 4698 1754 4754 ad
1783 4710 1879 4753 vos
1901 4698 2024 4753 inde

448 4791 779 4847 venientibus
804 4806 910 4847 non
936 4789 1343 4847 rescindendum
1372 4790 1699 4858 Baptismum
1722 4789 2020 4860 judicastis.

447 4880 609 4938 Vides
645 4882 823 4952 itaque
850 4882 1011 4937 etiam
1049 4880 1175 4946 hoc,
1204 4880 1342 4950 quod
1373 4888 1425 4934 te
1469 4880 1717 4935 movebat
1737 4879 1806 4933 de
1841 4878 2026 4946 Bapti—

446 4972 548 5027 smi
585 4978 941 5039 sacramento,
984 4972 1036 5026 in
1065 4985 1226 5026 causa
1266 4969 1758 5024 Maximianensium
1781 4970 1891 5038 jam
1933 4981 2025 5022 so-

444 5064 632 5119 lutum.
1502 5104 1513 5111 ε

517 5154 743 5211 CAPUT
780 5152 869 5208 VI.
897 5183 963 5195 --
988 5154 1041 5207 7.
1082 5152 1200 5208 Jam
1228 5167 1369 5207 nunc
1394 5150 1480 5205 illa
1509 5150 1805 5213 videamus,
1835 5149 2027 5219 quibus

446 5248 722 5318 epistolam
763 5261 934 5301 meam
976 5256 1028 5300 te
1064 5244 1311 5300 refellere
1350 5241 1640 5298 credidisti.
1688 5240 1765 5295 Ac
1796 5241 2024 5311 primum

448 5338 589 5410 quod
634 5339 944 5407 interrogas,
993 5352 1148 5404 quare
1193 5344 1378 5388 vestros
1417 5332 1710 5387 Donatista:
1752 5330 2024 5400 appellem,

451 5430 763 5501 adiungens,
797 5426 931 5498 quod
960 5425 1187 5480 Donatus
1228 5442 1328 5479 non
1355 5434 1531 5479 auctor
1558 5431 1608 5475 et
1639 5422 1895 5477 instilutor
1928 5422 2023 5476 Ec-

516 5645 532 5674 ί
560 5642 693 5700 aditi,
723 5641 784 5691 de
812 5639 985 5702 quibus
1005 5636 1352 5698 celeberrima;
1375 5637 1569 5699 omisso,
1592 5633 1770 5701 agitur,
1794 5635 1923 5698 quod
1950 5635 2032 5685 ad-

451 5701 602 5750 ditum
626 5702 704 5750 hic
726 5711 804 5751 est
826 5701 889 5750 ex
915 5702 1263 5760 manuscriptis.

518 5763 538 5791 ι
562 5761 635 5806 sic
671 5769 771 5807 stas.
800 5771 854 5811 At
890 5762 1024 5817 editi,
1040 5760 1163 5821 janr.

1177 346 1445 419 CONTIU
1486 338 1909 402 CRESCONIUM
1951 338 2405 405 DONATISTAM.
2447 340 2501 399 S.
2546 339 2906 400 AliGUBTINl

3593 343 3695 399 5'42

2109 453 2275 505 clesiw
2301 468 2413 518 qna-
2436 462 2551 505 anle
2589 470 2688 505 non
2721 453 2902 519 fuerat,
2951 453 3042 506 sed
3084 469 3115 504 α
3158 454 3357 509 Christo
3397 456 3623 511 deducite
3651 471 3696 513 et

2105 544 2329 608 antiqua:
2366 559 2496 593 unus
2522 559 2584 594 ea:
2611 543 2859 609 episc0pis
2898 542 3047 612 fuerit
3070 558 3089 595 :
3117 558 3295 597 nonne
3322 546 3555 598 attendis
3596 549 3695 602 hoc

2106 630 2175 684 de
2217 645 2274 683 se
2325 632 2441 701 ipso
2483 642 2536 685 et
2575 630 2947 685 Maximiantnn
2984 632 3183 696 dicere,
3231 650 3299 687 cx
3334 636 3484 703 cujus
3520 646 3694 692 tamen

2112 723 2325 775 nomine
2378 724 2680 776 universam
2731 723 2847 792 ejus
2890 725 3322 778 communionem
3380 726 3697 795 appellatis?

2110 812 2295 882 Neque
2323 814 2555 867 schisma
2584 812 2726 882 quod
2765 814 2905 877 fecit,
2942 814 3049 868 ullo
3075 815 3334 869 vocabulo
3361 832 3391 869 a
3434 819 3588 871 vobis
3615 820 3695 871 vel

2108 903 2176 955 ab
2196 903 2313 955 aliis
2338 904 2500 957 sectis
2525 902 2849 966 discernitis,
2881 903 2982 957 nisi
3008 913 3099 957 aut
3134 903 3575 969 Maximianistas,
3606 918 3698 960 aut

2108 995 2574 1062 Maximianenses,
2598 1004 2689 1049 aut
2704 995 2976 1064 quodlibet
2997 996 3159 1060 aliud,
3180 997 3321 1066 quod
3342 1013 3372 1051 a
3394 999 3701 1054 Maximiani

2110 1087 2324 1139 nomine
2352 1086 2640 1151 derivetur,
2668 1096 2759 1141 aut
2786 1095 2932 1141 certe
2968 1087 3260 1155 simplicius
3285 1097 3340 1143 et
3363 1089 3479 1144 sine
3506 1090 3699 1144 timore

2109 1177 2569 1244 grammaticarnm
2608 1177 2915 1242 ferularum,
2952 1186 3155 1244 partem
3186 1177 3483 1232 Maximiani
3512 1182 3689 1233 nomi-

2111 1268 2266 1321 netis.
2296 1267 2556 1336 Numquid
2579 1267 2679 1321 hoc
2698 1266 2936 1321 dicturus
2959 1282 3038 1333 es,
3063 1268 3436 1322 Maximiannm
3458 1284 3489 1323 a
3517 1279 3696 1325 vestra

2109 1358 2484 1411 communione
2520 1357 2750 1411 schisma
2790 1358 3002 1421 fecisse,
3043 1360 3142 1411 hoc
3183 1367 3359 1413 autem
3399 1374 3428 1413 a
3458 1375 3699 1416 commu—

2110 1450 2271 1503 nione
2298 1449 2559 1503 catholica
2588 1464 2692 1502 non
2722 1447 2912 1503 fecisse
2944 1449 3248 1503 Donatum?
3290 1449 3397 1504 Sed
3428 1451 3699 1505 Maximia-

2111 1555 2212 1593 nus
2260 1555 2364 1592 non
2410 1539 2511 1593 hoc
2564 1538 2711 1601 dicit,
2757 1539 2845 1604 qui
2907 1539 3230 1594 Primianum
3288 1542 3462 1609 potius
3501 1550 3555 1595 et
3599 1557 3699 1597 vos

2109 1646 2297 1683 omnes
2323 1630 2550 1685 afﬁrmat
2570 1648 2598 1683 a
2626 1640 2775 1700 parte
2795 1632 3004 1695 Donati,
3029 1632 3079 1685 in
3109 1646 3211 1701 qua
3242 1633 3354 1703 ipse
3383 1635 3697 1703 permansit,

2111 1722 2337 1775 schisma
2372 1721 2579 1784 fecisse,
2623 1731 2676 1776 et
2706 1725 2894 1777 recitat
2924 1722 3136 1777 decreta
3169 1725 3555 1780 conciliorum:
3587 1726 3696 1795 pii-

2111 1829 2277 1875 mum,
2306 1814 2445 1882 quod
2486 1814 2623 1883 apud
2665 1814 3037 1883 Carthaginem
3075 1828 3105 1869 a
3135 1815 3484 1885 quadraginta
3524 1826 3580 1872 et
3610 1819 3698 1871 tri.

2113 1905 2211 1958 bus
2240 1904 2430 1959 factum
2458 1916 2560 1968 est,
2597 1920 2703 1975 quo
2731 1905 3120 1974 prmdamnatus
3148 1918 3230 1961 est
3255 1908 3585 1972 Primianus;
3615 1911 3715 1979 alo,

2115 2001 2306 2056 terum,
2351 1995 2492 2063 quod
2527 1996 2842 2049 Cebarsussi
2883 2007 3096 2050 centum
3134 1997 3214 2051 vel
3263 1998 3490 2066 amplius
3532 1999 3698 2053 vestri

2114 2096 2239 2140 tunc
2275 2087 2507 2155 episcopi
2556 2086 2928 2151 condiderunt,
2974 2102 3079 2155 quo
3108 2087 3342 2156 perfecte
3384 2088 3699 2157 pleniusque

2111 2178 2393 2231 damnatus
2438 2188 2539 2231 est.
2590 2180 2685 2232 Cui
2729 2180 2849 2231 talia
2880 2179 3201 2234 documenta
3253 2179 3541 2248 proferenti
3572 2181 3699 2249 quid

2114 2264 2483 2336 respondebis,
2527 2270 2625 2321 nisi
2659 2269 2874 2338 majoris
2898 2283 3017 2323 esse
3049 2270 3382 2324 auctoritatis
3412 2270 3703 2338 Brigaiensc

2113 2359 2418 2419 concilium,
2466 2359 2516 2411 in
2546 2372 2651 2427 quo
2682 2358 2899 2411 trecenti
2947 2368 3001 2412 et
3031 2358 3213 2412 decem
3259 2359 3504 2412 eumdem
3535 2359 3703 2411 Maxi-

2115 2451 2347 2502 mianum
2379 2458 2434 2502 et
2460 2450 2574 2517 ejus
2605 2450 2780 2503 socios
2802 2448 3205 2511 damnaverunt,
3238 2448 3451 2518 quando
3480 2448 3704 2501 Primia-

2115 2551 2215 2591 nus
2250 2552 2355 2591 non
2400 2537 2536 2607 apud
2570 2551 2663 2592 eos
2696 2548 2946 2606 tanquam
2987 2536 3291 2607 purgandus
3317 2537 3530 2592 dicebat
3571 2553 3703 2590 cau-

2116 2643 2253 2689 sam.
2298 2628 2392 2682 sed
2441 2642 2560 2682 cum
2613 2628 2691 2681 eis
2740 2638 2986 2696 tanquam
3026 2627 3186 2694 judex
3234 2626 3704 2682 innocentissimus

2115 2718 2444 2780 considebat,
2483 2717 2781 2787 proferebat
2826 2720 3143 2771 sententiam
3192 2727 3375 2771 contra
3421 2716 3698 2770 Maximia-

2117 2825 2242 2863 num
2284 2820 2339 2865 et
2392 2810 2672 2863 duodecim
2717 2810 2892 2863 socios
2943 2809 3058 2877 ejus
3109 2809 3307 2878 quibus
3351 2808 3703 2879 prarsentibus

2116 2900 2392 2953 ordinatus
2421 2910 2522 2960 est.
2566 2909 2621 2953 et
2655 2898 2777 2952 data
2811 2900 3063 2952 dilatione
3101 2910 3348 2967 tauquam
3392 2899 3704 2953 innocentes

2117 2992 2183 3045 ad
2216 3006 2398 3060 pacem
2429 2992 2696 3060 propriam
2736 2992 3018 3046 revocabat
3062 3000 3139 3045 tot
3182 3000 3409 3046 czeteros
3449 3007 3477 3044 a
3506 2990 3703 3061 quibus

2120 3081 2233 3150 ipse
2255 3080 2535 3134 damnatus
2563 3082 2677 3135 est?

2190 3171 2415 3227 CAPUT
2450 3172 2555 3225 νη.
2585 3202 2655 3212 ——
2684 3172 2736 3227 8.
2776 3171 2833 3226 ln
2864 3173 2963 3228 hac
2998 3181 3171 3227 vestra
3212 3172 3548 3228 conﬂictione
3573 3173 3704 3243 quid

2120 3264 2279 3317 vultis
2325 3273 2377 3317 ut
2429 3279 2529 3317 nos
2575 3264 2734 3317 medii
2774 3264 3093 3331 judicemus,
3137 3264 3562 3336 quandoquidem
3603 3281 3707 3321 nec

2119 3353 2442 3419 Maximiani,
2470 3369 2568 3408 nec
2592 3365 2762 3407 vestra
2787 3355 3161 3409 communione
3184 3355 3518 3410 dctinemnr?
3538 3355 3701 3423 Quid,

2121 3444 2356 3512 inquam,
2390 3444 2514 3498 hinc
2536 3444 2699 3498 vultis
2720 3444 3043 3513 judicemus,
3096 3445 3195 3498 nisi
3221 3455 3406 3499 contra
3445 3445 3549 3499 duo
3573 3460 3706 3499 con-

2118 3534 2239 3587 cilia
2265 3536 2455 3603 quibus
2474 3520 2751 3591 damnatus
2782 3545 2865 3589 est
2891 3535 3207 3602 Primianus,
3226 3552 3389 3590 unum
3413 3536 3706 3605 Bagaiense

2120 3627 2386 3695 posterius
2426 3641 2522 3695 pro
2567 3627 2659 3680 illo
2696 3628 2871 3682 valere
2914 3627 3112 3683 debere
3151 3644 3256 3697 quo
3294 3628 3577 3682 damnatus
3617 3638 3707 3683 est

2119 3716 2489 3782 Maximianus,
2529 3732 2593 3772 eo
2616 3717 2857 3772 videlicet
2888 3717 3091 3773 ﬁrmius
3119 3718 3169 3773 id
3210 3733 3328 3773 esse
3353 3718 3703 3784 arbitrantes,

2122 3823 2228 3877 quo
2256 3808 2520 3875 posterius
2566 3808 2729 3876 potuit
2775 3808 2844 3862 de
2884 3807 3151 3877 prioribus
3171 3808 3447 3878 judicare?
3478 3809 3615 3863 Ecce
3651 3810 3706 3863 in

2120 3898 2221 3953 hoc
2265 3898 2504 3953 favemus
2550 3899 2906 3954 vobis:alia‘
2955 3900 3112 3954 nobis
3149 3910 3231 3955 est
3265 3916 3386 3956 cum
3431 3901 3708 3955 Maximia-

2121 3990 2376 4056 nensibus
2401 4005 2582 4054 causa,
2614 3991 2659 4044 si
2688 3991 2802 4045 ausi
2825 3991 3019 4046 fuerint
3043 4007 3383 4046 succensere.
3422 3992 3705 4056 Favemns,

2121 4081 2359 4150 inquam,
2387 4080 2588 4150 judicio
2615 4083 2771 4136 tertio
2799 4082 3073 4153 Bagaiensi
3104 4082 3244 4153 quod
3287 4082 3480 4137 factum
3501 4091 3583 4137 est
3609 4098 3710 4151 pro

2122 4171 2389 4227 Primiano
2417 4182 2601 4227 contra
2638 4173 3012 4228 Maximianum
3056 4176 3278 4244 ejusque
3318 4176 3568 4245 collegas.
3596 4188 3711 4243 quo

2122 4262 2415 4330 posteriore
2438 4271 2722 4330 potuerunt
2744 4264 2932 4318 merito
2960 4264 3133 4332 priora
3162 4264 3350 4319 deleri.
3383 4268 3705 4333 Quanquam

2122 4366 2151 4403 a
2191 4350 2399 4406 duobus
2438 4352 2697 4421 prioribus
2722 4352 2935 4421 judiciis
2981 4352 3048 4407 ad
3089 4355 3301 4408 tertium
3347 4355 3544 4408 nullam
3578 4354 3706 4406 Pri-

2122 4441 2285 4495 miani
2309 4457 2492 4495 vocem
2514 4444 2908 4512 provocationis
2935 4444 3019 4498 vel
3050 4444 3294 4513 legimus,
3326 4445 3409 4498 vel
3434 4443 3709 4507 audimus.

2124 4531 2225 4585 nisi
2267 4530 2406 4600 quod
2454 4532 2649 4587 absens
2683 4533 2852 4601 primo
2900 4533 3311 4601 przedamnatus,
3362 4533 3713 4601 secundoque

2123 4623 2407 4678 damnatus
2446 4632 2549 4679 est.
2579 4624 2684 4679 Sed
2726 4625 2887 4679 etiam
2930 4624 2981 4678 in
3018 4625 3394 4679 Maximianum
3437 4635 3493 4679 et
3528 4626 3712 4681 socios

2126 4716 2243 4782 ejus
2278 4715 2525 4769 absentes
2552 4716 2755 4784 prolata
2796 4723 2880 4770 est
2906 4714 3254 4769 disertissima
3302 4715 3386 4770 illa
3419 4715 3713 4784 Bagaitana

2128 4807 2415 4862 sententia.
2458 4807 2524 4861 Et
2563 4806 2663 4862 hoc
2692 4806 2765 4861 illi
2792 4807 3139 4876 quadraginta
3180 4815 3234 4861 et
3267 4817 3378 4861 tres
3405 4807 3541 4874 apud
3572 4806 3713 4861 Car-

2127 4898 2396 4967 thaginem
2440 4898 2750 4963 modestius,
2781 4898 3009 4960 cautius,
3037 4897 3449 4966 diligentiusque
3484 4911 3545 4951 sc
3582 4911 3717 4965 ges-

2129 4991 2265 5046 sisse
2290 4990 2464 5046 testati
2496 4999 2640 5054 sunt,
2683 4990 2826 5061 quod
2856 4990 2920 5042 ad
2951 4989 3196 5044 eumdem
3235 4988 3561 5043 Primiannm
3601 5004 3716 5041 non

2130 5080 2321 5145 semel,
2352 5079 2448 5136 sed
2470 5082 2657 5135 iterum
2688 5094 2751 5134 ac
2771 5078 2929 5134 tertio
2954 5078 3158 5147 legatos
3181 5079 3463 5141 miserunt,
3496 5085 3556 5130 ut
3576 5077 3620 5129 si
3644 5077 3720 5130 ad

2130 5186 2226 5226 eos
2265 5171 2379 5241 ipse
2402 5171 2586 5226 venire
2611 5170 2795 5231 nollet,
2840 5171 2986 5240 ipsos
3027 5168 3095 5223 ad
3126 5184 3184 5223 se
3214 5168 3401 5221 venire
3440 5167 3721 5235 permitte-

2132 5272 2250 5318 ret:
2276 5278 2383 5333 quo
2424 5268 3030 5331 utrumquerecusante.
3073 5265 3208 5314 sicut
3237 5258 3497 5321 scribunt,
3538 5266 3595 5310 ct
3619 5272 3719 5310 eos

2132 5355 2220 5426 qui
2246 5353 2394 5409 missi
2432 5361 2576 5419 sunt,
2604 5353 2856 5423 iniuriosa
2883 5352 3184 5423 repulsione
3214 5359 3491 5410 tractante,
3522 5361 3737 5403 neces-'

2135 5448 2343 5502 sitatem
2387 5446 2486 5500 sibi
2528 5444 2830 5500 incubuisse
2880 5455 3161 5509 asserunt,
3214 5452 3272 5497 ut
3302 5442 3412 5511 jam
3461 5440 3722 5495 Ecclesia:

2137 5538 2518 5608 providerent;
2548 5546 2603 5593 et
2643 5537 2721 5592 sic
2750 5536 2997 5592 nondum
3012 5536 3269 5591 audentes
3307 5533 3552 5587 ultimum
3579 5545 3724 5604 pne-

2204 5760 2219 5789 ¹
2245 5766 2342 5805 Am.
2364 5765 2413 5806 et
2438 5764 2560 5816 nam,
2586 5754 2754 5805 aliena.
