4024 6196
369 263 471 327 533

368 386 583 454 eipitare
607 382 886 453 judicium,
915 382 1006 438 sed
1045 380 1272 452 quodam
1303 379 1609 450 prmjndicio
1653 377 1938 433 Consulen-

368 489 465 539 tes,
505 484 563 527 ut
606 475 677 536 ei,
707 475 750 526 si
779 488 954 528 causa:
994 487 1104 526 sum
1143 472 1348 536 fideret,
1378 471 1617 540 sequenti
1659 471 1938 524 celebriori

365 563 589 617 concilio
617 563 968 631 respondendi
999 577 1222 632 seseque
1253 561 1506 632 purgandi
1550 563 1941 631 relinqueretur

369 655 514 708 locus
544 672 556 707 :
586 669 690 722 quo
719 669 837 708 cum
869 653 1048 708 venire
1080 655 1350 715 noluisset,
1376 654 1482 721 jam
1515 653 1816 706 necessario
1849 667 1941 718 pu-

369 753 617 797 nverunt
642 758 760 798 esse
785 743 1139 797 damnandum
1173 743 1286 797 sine
1311 744 1414 796 ulla
1441 743 1788 811 suspensione
1819 755 1940 795 sen-

365 833 561 885 tcntiae.
609 835 678 886 At
717 846 845 886 vero
873 833 922 884 in
963 831 1178 886 decreto
1220 832 1525 900 Bagaicnsis
1551 831 1782 892 concilii,
1832 845 1937 884 non

363 926 532 977 solum
578 924 780 994 legatos
805 924 943 978 ullos
969 939 996 974 a
1030 923 1352 976 Maximiano
1382 922 1520 977 male
1551 930 1803 976 tractatos
1835 935 1939 974 non

364 1016 607 1082 legimus,
639 1012 731 1068 sed
763 1027 861 1067 nec
891 1013 1080 1066 missos
1100 1013 1322 1082 legimus
1349 1021 1406 1065 ut
1431 1013 1632 1065 veniret
1664 1011 1940 1066 :videmus

367 1119 540 1158 tamen
586 1105 815 1158 levatum
865 1112 1034 1158 attare
1073 1114 1258 1157 contra
1303 1103 1494 1165 altare,
1541 1112 1594 1157 et
1637 1102 1937 1156 ordinatum

363 1199 670 1266 episcopum
723 1205 906 1250 contra
951 1211 1071 1250 cum
1117 1195 1422 1264 episcopum
1463 1193 1551 1263 qui
1592 1194 1643 1247 in
1687 1193 1940 1247 cathedra

365 1289 448 1341 ubi
474 1287 643 1343 fuerat
676 1288 969 1349 ordinatus,
1003 1287 1072 1340 ita
1104 1286 1340 1347 sedebat,
1371 1293 1427 1336 ut
1448 1294 1712 1339 conventu
1738 1285 1818 1338 sui
1848 1299 1943 1352 po-

365 1386 472 1454 puli
505 1398 607 1435 non
641 1381 999 1443 desereretur,
1028 1393 1128 1431 nec
1165 1393 1193 1428 a
1225 1377 1430 1430 caneris
1467 1375 1701 1443 pluribus
1729 1375 1940 1444 episco-

365 1479 445 1546 pis
471 1472 772 1528 communio
799 1471 914 1539 ejus
939 1470 1295 1530 dirimeretur,
1343 1477 1538 1520 tantam
1591 1467 1942 1520 commovisse

367 1566 779 1637 indignationem
813 1561 1069 1631 sacrilego
1095 1560 1378 1614 schismate
1404 1567 1726 1626 perpetrato,
1760 1569 1814 1610 ut
1844 1572 1942 1609 nec

367 1658 529 1725 ipsius
576 1652 899 1716 Maximiani,
959 1666 1058 1704 nec
1095 1650 1456 1703 ordinatorum
1498 1647 1614 1717 ejus
1643 1647 1753 1717 jam
1799 1657 1940 1700 esset

365 1746 588 1799 ulterius
614 1742 903 1797 diil‘erenda
933 1740 1226 1794 dan-natio.

433 1837 484 1890 9.
526 1834 651 1889 II~.rc
674 1847 792 1886 cum
827 1833 892 1883 ita
917 1831 1022 1884 sint
1045 1872 1060 1895 ,
1085 1844 1190 1882 non
1214 1842 1307 1881 vos
1330 1835 1504 1880 tamen
1529 1839 1625 1892 pro
1653 1824 1942 1878 Cmciliano

365 1927 485 1980 talia
525 1931 830 1993 permovent
857 1961 874 1986 ,
911 1931 1094 1975 contra
1134 1935 1290 1990 quem
1335 1927 1637 1971 manentem
1664 1927 1717 1970 et
1749 1917 1942 1984 populo

364 2015 738 2085 przcsidcntem
763 2055 776 2075 ,
809 2020 986 2067 erecto
1014 2011 1164 2064 altari
1195 2017 1378 2064 contra
1422 2005 1588 2061 altare
1613 2048 1626 2067 ,
1669 2007 1944 2059 ordinatus

363 2113 444 2160 est
474 2103 776 2173 Majorinus.
809 2102 1003 2154 Contra
1035 2114 1190 2166 quem
1232 2113 1339 2151 non
1369 2111 1396 2148 a
1438 2095 1592 2148 vobis
1631 2095 1736 2148 duo
1764 2135 1778 2157 ,
1807 2097 1944 2148 sient

365 2206 550 2251 contra
604 2193 926 2248 Primiaonm
974 2206 1001 2243 a
1053 2187 1585 2246 Maximianensil-us,
1639 2184 1730 2237 sed
1781 2201 1943 2236 unum

369 2286 633 2357 profertur
657 2282 912 2353 judicium
941 2279 1218 2333 horrenda:
1259 2276 1568 2331 temeritatis
1608 2274 1944 2327 festinatione

364 2379 738 2433 acccleratum.
771 2372 872 2441 Qui
905 2387 1009 2426 non
1036 2413 1050 2433 ,
1081 2372 1214 2423 sicut
1242 2369 1539 2422 Primianns
1563 2407 1576 2427 ,
1605 2367 1773 2418 noluit
1796 2365 1859 2417 ad
1887 2379 1944 2418 se

363 2465 868 2533 venirc'eollcgas,
921 2462 1012 2514 sed
1060 2461 1294 2514 invitavit
1340 2458 1514 2525 potius
1562 2464 1619 2508 ut
1665 2455 1944 2518 venirent;

362 2555 502 2626 quod
533 2571 630 2609 nec
660 2554 756 2622 ipsi
789 2553 840 2605 in
890 2551 971 2604 sui
1015 2549 1224 2603 concilii
1272 2549 1488 2600 decreto
1511 2587 1526 2609 ,
1575 2545 1720 2613 quod
1758 2555 1941 2599 contra

359 2664 486 2701 cum
531 2646 917 2709 condiderunt,
969 2650 1144 2695 tacere
1187 2646 1490 2705 potuerunt.
1533 2635 1636 2690 Pro
1683 2652 1787 2704 quo
1838 2652 1942 2688 nou

364 2753 526 2790 unum
552 2778 567 2799 ,
598 2736 734 2789 sicut
764 2748 859 2802 pro
900 2732 1166 2786 Primiano
1191 2771 1205 2790 ,
1246 2728 1339 2781 Sed
1385 2735 1610 2796 quatuor
1652 2726 1939 2793 posteriora

363 2829 558 2898 judicia
614 2827 904 2882 recitantur
949 2823 1047 2892 (τι).
1099 2821 1264 2889 Ejus,
1312 2834 1416 2870 non
1470 2818 1762 2876 absentes.
1809 2818 1945 2868 sicut

368 2921 658 2982 Primiani,
689 2919 780 2973 scd
823 2925 1108 2986 praesentes
1143 2922 1266 2967 sunt
1306 2909 1598 2965 adversarii
1648 2907 1899 2962 confutali
1925 2949 1939 2969 ,

365 3011 505 3081 apud
535 3027 626 3064 eos
650 3011 856 3079 jndices
880 3050 892 3069 .
928 3008 978 3061 in
1007 3021 1138 3076 quos
1159 3004 1487 3074 judicaturos
1514 3007 1900 3053 consenserant
1927 3014 1940 3058 ;

364 3103 504 3171 apud
537 3103 706 3168 ipsum
739 3100 896 3154 etiam
929 3099 1300 3165 imperatorem
1332 3091 1736 3146 Constantinum
1758 3130 1771 3150 ,
1804 3088 1942 3155 apud

361 3207 520 3260 quem
552 3191 782 3260 primum
808 3186 1147 3239 Czecilianum
1179 3187 1595 3238 accusaverunt,
1621 3177 1757 3245 apud
1784 3191 1942 3245 quem

364 3289 548 3349 postea
597 3279 665 3331 de
706 3275 970 3342 judicibns
1017 3271 1317 3339 episcopis,
1347 3284 1375 3320 a
1417 3269 1604 3335 quibus
1646 3268 1731 3319 ille
1776 3265 1940 3329 ipsam

359 3385 580 3426 causam
603 3367 772 3420 voluit
790 3363 960 3416 audiri
984 3402 998 3424 ,
1026 3370 1272 3428 tanquam
1295 3373 1402 3410 non
1424 3369 1565 3410 reete
1586 3354 1944 3423 judicantibns

356 3461 537 3532 questi
567 3467 729 3520 sunt;
789 3455 851 3508 ad
897 3468 1052 3522 quem
1108 3464 1292 3503 rursus
1333 3449 1400 3502 ab
1449 3447 1617 3499 altero
1659 3445 1941 3514 episeepali

359 3550 564 3623 judicio
603 3553 954 3616 provocarunt
985 3545 1022 3602 ί,
1056 3551 1112 3593 ιιι
1158 3540 1270 3608 ipso
1310 3539 1466 3592 etiam
1519 3543 1638 3603 post
1684 3551 1844 3589 unum
1891 3546 1943 3586 ct

363 3644 592 3694 alterum
621 3635 923 3706 episcopale
943 3633 1196 3703 judicium
1229 3632 1364 3683 inter
1387 3641 1566 3698 partes
1589 3637 1942 3695 cognoscente

363 3739 784 3799 superarentur:
818 3741 1041 3795 quorum
1080 3739 1184 3775 non
1223 3722 1388 3774 defuit
1413 3721 1572 3771 etiam
1601 3729 1786 3785 quarta
1810 3732 1941 3767 con-

365 3823 547 3876 victio.
604 3821 734 3874 Nam
787 3833 908 3872 cum
955 3818 1006 3868 in
1053 3813 1317 3868 Caeciliani
1363 3810 1591 3878 propriis
1633 3808 1942 3860 criminibus

364 3912 773 3965 calumniatores
799 3906 999 3960 inventi
1027 3903 1252 3957 fuissent
1279 3941 1293 3961 ,
1323 3908 1375 3952 et
1395 3899 1444 3951 ei
1466 3898 1530 3949 de
1563 3896 1750 3948 Felieis
1781 3897 1944 3964 Apin—

365 4002 580 4068 gnensis
609 3997 930 4053 ordinatoris
959 3995 1075 4062 ejus
1106 3991 1384 4046 traditione
1413 3987 1758 4056 qumstionem
1803 3988 1941 4038 intu-

363 4092 554 4147 lissent
582 4132 595 4154 ,
626 4089 767 4142 Felix
798 4088 957 4140 etiam
999 4086 1111 4151 ipse
1159 4089 1410 4150 purgatus
1451 4087 1528 4131 est
1579 4076 1940 4145 proconsulari

363 4181 563 4252 judicio
586 4221 600 4242 ,
631 4178 816 4233 eodem
842 4178 956 4243 ipso
977 4172 1322 4227 Constantino
1341 4209 1354 4229 ,
1377 4178 1436 4222 ut
1455 4182 1610 4220 causa
1631 4167 1747 4233 ejus
1768 4165 1946 4218 discu-

364 4281 569 4327 teretur
593 4270 845 4340 .jnbente
869 4310 884 4330 ,
926 4281 1082 4336 quem
1124 4264 1196 4316 illi
1240 4261 1470 4316 assiduis
1509 4258 1947 4326 interpellationi-

366 4365 465 4417 bus
496 4362 796 4431 fatigabant.
827 4359 951 4412 “me
976 4355 1422 4410 Maximianenses
1441 4352 1696 4404 adversus
1723 4351 1943 4404 Primia-

365 4471 492 4508 num
521 4469 625 4506 non
657 4458 1014 4505 exercuerunt
1051 4446 1190 4500 mala
1215 4487 1228 4508 ,
1268 4444 1373 4499 nec
1417 4444 1575 4498 toties
1623 4443 1745 4494 victi
1780 4450 1902 4494 sunt
1925 4483 1940 4504 ,

367 4559 466 4600 nec
497 4551 788 4613 przrseutes
820 4539 944 4592 victi
972 4546 1097 4590 sunt
1121 4576 1133 4599 ,
1181 4550 1278 4588 nec
1319 4533 1457 4602 apud
1501 4547 1594 4586 eos
1619 4572 1633 4594 ,
1673 4545 1807 4600 quos
1843 4531 1944 4598 ipsi

368 4634 646 4704 elegerunt
669 4672 684 4697 ,
711 4631 918 4699 jndices
942 4628 1062 4680 victi
1095 4633 1218 4679 sunt
1245 4643 1258 4676 :
1291 4632 1344 4676 et
1377 4635 1570 4684 tamen,
1599 4620 1738 4690 quod
1772 4620 1942 4673 mani-

365 4724 560 4779 festum
593 4731 672 4776 est
694 4761 711 4786 ,
743 4721 839 4788 ipsi
869 4735 898 4772 a
929 4728 1101 4771 vestra
1131 4713 1504 4772 communione
1545 4710 1773 4764 scitisma
1803 4707 1944 4761 l’cce-

370 4825 524 4876 runt;
553 4822 606 4865 et
635 4811 735 4864 hoc
762 4819 968 4864 vestros
997 4822 1027 4859 a
1068 4804 1325 4859 catholica
1358 4800 1733 4855 communione
1759 4797 1947 4852 fecisse

369 4920 473 4958 non
505 4904 662 4957 vultis
691 4901 966 4954 advertere
989 4914 1005 4962 ;
1033 4913 1132 4966 qua
1161 4893 1483 4963 impudentia
1507 4891 1805 4944 vanissima:
1829 4891 1945 4943 ani-

435 5019 450 5048 ¹
477 5017 615 5074 Editi,
641 5015 705 5064 ad
724 5026 870 5077 quem?
887 5025 1054 5061 rursus
1071 5008 1274 5067 (illarum
1297 5003 1813 5077 episcoputejudicium
1837 5017 1947 5077 pro-

368 5067 668 5130 oecaocriuu.
695 5067 747 5126 t-it'
769 5076 909 5136 νιιιιιο
931 5082 1055 5136 post,
1079 5083 1281 5136 quorum
1302 5067 1397 5118 non
1419 5067 1570 5136 defuit
1595 5067 1947 5136 etutntuquarm

368 5127 598 5190 convictio
631 5127 892 5187 (mediani.
932 5127 1050 5184 λ’(ιηί
1081 5127 1190 5182 dum
1232 5129 1283 5192 in
1315 5127 1522 5192 propriis
1561 5127 1836 5192 ciiminilms
1869 5143 1949 5176 m-

372 5187 679 5251 Iuiiiriiatores
703 5196 877 5247 inventi
900 5195 1119 5258 fuissent,
1137 5199 1181 5258 et
1202 5191 1247 5241 ei
1291 5187 1610 5258 ,iptu'guenses
1645 5187 1947 5258 tardi-ultores

372 5260 517 5332 (νιειη
551 5259 833 5332 pugnemus
856 5252 1163 5332 ardirmtuiis)
1201 5264 1309 5332 eth:
1331 5252 1693 5332 deurit‘dnitiom
1721 5252 1942 5312 quwsu'o-

372 5313 780 5372 t‘tcm'iuinlis'sent.
809 5313 1214 5380 Euicndautur‘ex
1237 5313 1588 5380 manuscriptis.

433 5369 514 5444 (tot
525 5369 800 5431 Ca-ciliaims
823 5392 917 5427 uno
931 5377 1289 5444 carthaginensi
1315 5369 1721 5444 sebisniaticorum
1736 5369 1949 5444 concilio

369 5433 637 5502 damnatus,
661 5451 862 5505 quamet
887 5433 1234 5505 posterioribus
1251 5435 1440 5497 judiciis
1461 5441 1537 5482 est
1563 5433 1814 5505 absolutus
1827 5447 1842 5489 ;
1861 5433 1951 5502 sci-

372 5507 486 5555 licet
507 5493 858 5565 episcofmlibus
875 5493 1063 5561 Iudiciis
1092 5493 1536 5565 i,|wtbus,_ttontaito
1574 5501 1626 5565 et
1663 5493 1949 5565 Arelatensi,

373 5553 516 5636 tertio
525 5553 703 5636 judicio
717 5553 1017 5636 inspersimus
1037 5559 1322 5636 (bustaiitiiii
1339 5591 1354 5614 ,
1379 5564 1431 5605 et
1451 5561 1641 5636 quarto.
1658 5568 1670 5615 ι
1689 5553 1977 5636 ςιιιξοιιξιβιγ

374 5612 558 5683 ﬁliani,
581 5612 678 5687 quo
711 5612 837 5671 Felix
865 5624 1014 5684 ipsius
1035 5622 1274 5669 ordinatur
1300 5612 1530 5680 purgat-us
1561 5612 1669 5664 fuit:
1696 5615 1806 5663 \‘ide
1830 5612 1951 5665 infra

377 5689 424 5736 in
445 5687 732 5750 Appendice.
1099 5721 1103 5724 .

747 5757 1012 5814 PATROL.
1065 5753 1287 5813 XLIII.

1710 257 1909 319 LIBER
1950 259 2294 331 QUARTUS.

3533 271 3635 327 55!

2053 380 2314 434 mositatis
2337 421 2352 445 ,
2383 393 2600 449 prorsus
2627 380 2830 451 ignoro.
2863 381 2915 436 Si
2939 383 3079 437 enim
3111 381 3285 436 omnia
3311 397 3431 452 qum
3458 383 3634 438 dicitis

2051 468 2116 521 de
2146 468 2429 523 Ca‘ciliano
2455 479 2504 523 et
2539 469 2712 525 Felice
2734 472 3039 526 ordinatorc
3065 474 3180 540 ejus
3211 474 3329 526 ideo
3363 491 3482 528 vera
3514 491 3633 530 esse

2051 559 2246 624 vultis,
2293 559 2411 628 quia
2452 561 2782 630 septuaginta
2834 562 3000 616 ferme
3054 564 3284 632 episcopi
3320 565 3387 618 de
3431 565 3531 618 hac
3577 581 3636 617 ne

2044 648 2448 717 judicaverunt;
2480 665 2574 704 cur
2601 665 2704 703 non
2735 646 2905 705 vultis
2923 667 3045 706 vera
3075 668 3195 707 esse
3228 669 3347 722 qtne
3388 654 3637 708 dicuntur

2049 739 2116 792 de
2149 738 2413 791 Primiano
2441 780 2456 803 ,
2488 754 2607 793 cum
2640 751 2692 794 et
2725 740 2846 795 inde
2893 742 3066 809 primo
3105 743 3448 812 quadraginta
3490 753 3598 797 tres
3619 785 3633 803 .

2051 835 2232 895 postea
2262 835 2474 881 centum
2506 828 2740 897 episcopi
2766 829 3122 897 judicaverint
3144 871 3158 895 ,
3189 841 3240 885 et
3271 834 3414 901 prius
3445 834 3636 902 prznjn-

2049 916 2242 972 dicium
2286 919 2564 987 posteriori
2605 921 2806 988 judicio
2845 923 3318 977 confirmaverint?
3359 925 3414 979 Si
3456 935 3632 978 autem

2051 1017 2334 1078 propterea
2367 1009 2455 1064 illa
2485 1011 2704 1065 crimina
2743 1012 2992 1066 Primiani
3037 1012 3164 1068 falsa
3206 1028 3324 1068 esse
3366 1017 3630 1076 censetis.

2049 1099 2170 1169 quia
2198 1115 2295 1168 pro
2317 1100 2410 1153 illo
2435 1101 2699 1169 posterius
2723 1112 2906 1155 contra
2937 1102 3178 1156 inimicos
3203 1104 3318 1171 ejus
3346 1105 3634 1172 Bagaiense

2050 1190 2331 1242 Concilium
2371 1192 2661 1243 recitatur:
2707 1203 2803 1243 cur
2847 1206 2954 1244 non
3005 1192 3161 1245 vultis
3204 1194 3423 1246 crimina
3451 1235 3466 1259 ,
3514 1210 3639 1263 quin

2049 1281 2255 1349 objecta
2288 1288 2411 1333 sunt
2437 1281 2758 1347 Caeciliano,
2790 1281 3070 1336 falsissima
3095 1284 3335 1338 confiteri
3360 1325 3374 1350 ,
3409 1301 3504 1353 pro
3529 1301 3634 1354 quo

2052 1372 2344 1438 posteriora
2374 1378 2449 1424 tot
2467 1371 2665 1440 judicia
2691 1373 3024 1426 recitantur?
3045 1372 3100 1428 Si
3129 1374 3438 1428 Ca'cilianus
3461 1416 3474 1438 ,
3507 1390 3634 1430 con-

2051 1471 2128 1515 tra
2155 1478 2313 1531 quem
2343 1465 2505 1517 semel
2535 1463 2708 1518 fuerat
2727 1465 2793 1518 ab
2820 1465 2923 1518 illis
2951 1468 3278 1535 septuaginta
3303 1468 3593 1534 judicatum
3616 1511 3630 1534 ,

2052 1568 2156 1605 non
2187 1553 2370 1607 debuit
2396 1555 2504 1622 jam
2534 1555 2705 1608 locum
2744 1556 3070 1625 purgationis
3108 1557 3176 1611 ab
3219 1559 3336 1612 aliis
3369 1560 3634 1628 judicibus

2050 1645 2328 1700 invenire:
2375 1661 2472 1700 nec
2521 1646 2816 1701 Primianus
2856 1647 3079 1711 debuit,
3129 1666 3285 1717 quem
3329 1651 3436 1719 jam
3487 1660 3635 1707 tanto

2050 1734 2227 1803 plures
2270 1750 2426 1803 quam
2468 1735 2795 1805 septuaginta
2819 1777 2835 1801 ,
2867 1737 3033 1805 prima
3061 1739 3078 1768 ¹
3100 1737 3476 1794 confirmantes
3499 1781 3512 1804 ,
3545 1755 3630 1793 se-

2049 1824 2219 1878 cunda
2245 1824 2547 1892 cognitione
2571 1825 2972 1879 damnaverunt.
2996 1826 3048 1881 Si
3067 1837 3242 1880 autem
3265 1829 3345 1881 bis
3361 1830 3629 1892 damnato,

2053 1914 2264 1967 tertium
2297 1915 2435 1982 quod
2459 1914 2568 1982 jam
2595 1930 2692 1984 pro
2723 1916 2814 1968 ilio
2844 1917 3036 1970 factum
3079 1926 3160 1969 est
3190 1917 3447 1986 judicium
3479 1920 3630 1972 sum-

2049 2003 2377 2058 cientissime
2405 2003 2722 2074 suifragatnr
2751 2023 2765 2059 :
2791 2020 2887 2059 cur
2913 2006 3078 2059 semel
3107 2007 3357 2061 damnato
3387 2024 3492 2062 non
3521 2013 3634 2063 sui-

2054 2093 2211 2146 ficere
2228 2093 2291 2146 ad
2313 2094 2696 2147 absolutionem
2723 2095 3012 2149 secundum
3039 2137 3053 2160 ,
3079 2097 3291 2150 tertium
3319 2138 3332 2154 .
3357 2108 3598 2166 quartum
3617 2142 3629 2159 ,

2052 2185 2404 2251 quintumque
2456 2183 2752 2251 judicium,
2807 2184 2988 2238 nescio
3043 2198 3145 2252 qua
3201 2185 3374 2240 fronte
3423 2187 3628 2249 ferrea,

2051 2272 2417 2326 contenditis?
2459 2272 2610 2338 Quod
2659 2272 2702 2325 si
2733 2287 2826 2326 vos
2869 2271 3002 2326 forte
3046 2287 3298 2328 numerus
3331 2284 3544 2339 movet,
3577 2288 3634 2329 ιιι

2053 2364 2178 2418 ideo
2205 2375 2387 2418 contra
2415 2374 2628 2417 centum
2655 2405 2669 2426 ,
2698 2378 2726 2416 a
2752 2363 2942 2432 quibus
2979 2363 3258 2418 damnatus
3287 2377 3369 2420 est
3408 2367 3632 2420 Primia-

2052 2468 2152 2506 nus
2178 2494 2191 2515 ,
2240 2455 2417 2507 valere
2462 2454 2790 2507 arbitremini
2839 2453 3126 2519 Bagaicuse
3153 2457 3475 2518 concilium,
3507 2459 3630 2525 quia

2053 2544 2104 2596 in
2134 2558 2198 2598 eo
2229 2544 2446 2597 trecenti
2469 2543 2724 2596 ctdeccm
2753 2542 2964 2596 fuerunt
2994 2558 3124 2597 :cnr
3147 2545 3196 2597 in
3225 2553 3372 2598 tanto
3397 2548 3418 2578 '
3442 2546 3630 2614 majori

2051 2650 2272 2687 numero
2315 2635 2685 2703 episcoporum
2729 2633 2846 2688 orbi
2895 2643 3152 2688 terrarum
3183 2639 3488 2692 consentire
3527 2654 3633 2694 nea

2055 2724 2209 2776 vultis
2230 2723 2254 2775 ’ἒ

2121 2814 2346 2869 CAPUT
2381 2813 2510 2868 VIII.
2537 2842 2607 2854 --
2637 2815 2720 2870 I0,
2755 2815 2907 2882 Quod
2931 2825 3108 2869 autem
3141 2815 3328 2884 objicis
3352 2816 3634 2873 Cmciliano

2051 2916 2324 2975 precatum
2357 2907 2484 2959 illud
2518 2907 2836 2973 inexpiabile
2881 2908 2931 2960 in
2973 2906 3228 2975 Spiritum
3259 2920 3500 2963 sanctum
3523 2951 3537 2974 ,
3565 2912 3634 2964 de

2049 3012 2152 3062 quo
2186 2996 2444 3048 Dominus
2470 2995 2542 3048 ait
2574 3035 2588 3060 ,
2623 2993 2742 3049 Non
2770 2997 3045 3049 remittetur
3073 3012 3230 3064 neque
3258 2998 3338 3050 hic
3357 3038 3371 3062 ,
3403 3014 3562 3068 neque
3579 3000 3634 3052 in

2051 3088 2221 3155 futuro
2250 3085 2436 3137 steculo
2467 3086 2486 3148 (
2511 3084 2698 3137 Matth.
2729 3101 2802 3138 xu
2827 3127 2842 3149 ,
2876 3084 2944 3140 3?.
2968 3087 2986 3154 )
3012 3102 3024 3138 :
3053 3096 3106 3139 et
3135 3103 3232 3140 nos
3257 3103 3530 3156 possemus
3553 3089 3632 3144 di-

2049 3191 2170 3230 cere
2195 3219 2209 3238 ,
2234 3177 2505 3230 Feiiciano
2527 3177 2813 3232 Mustilano
2833 3219 2846 3240 ,
2870 3194 3025 3247 quem
3051 3179 3206 3233 hodie
3221 3194 3344 3234 cum
3371 3182 3633 3235 Primiano

2051 3267 2255 3322 habetis
2278 3270 2584 3338 episcopum
2605 3311 2620 3332 ,
2649 3285 2810 3322 unum
2834 3285 2899 3322 ex
2921 3270 3313 3324 ordinatoribus
3333 3271 3630 3330 Maximiani

2050 3358 2554 3428 damnatoribusque
2583 3360 3028 3426 ipsius-Primiani
3054 3402 3068 3423 ,
3119 3375 3148 3413 a
3182 3375 3289 3430 quo
3312 3361 3332 3393 ⁸
3373 3363 3536 3417 etiam
3577 3365 3632 3418 in

2050 3449 2308 3519 sacrilego
2329 3450 2614 3504 scbism‘ate
2639 3450 2926 3517 baptizatos
2949 3467 3055 3504 non
3077 3452 3444 3519 rebaptizastis
3464 3498 3478 3520 ,
3509 3471 3633 3524 pce—

2048 3547 2222 3591 Calttm
2252 3551 2346 3590 vos
2371 3538 2629 3604 objecisse
2665 3539 2805 3608 quod
2854 3539 2911 3591 fit
2955 3539 3005 3592 in
3050 3539 3304 3608 Spiritum
3350 3552 3623 3611 sanetum,

2048 3628 2130 3680 cui
2154 3627 2490 3694 sacrilegium
2512 3627 2812 3691 seliismatis
2832 3628 3062 3695 objicitis
3086 3627 3127 3694 ⁵,
3148 3630 3284 3684 sicut
3305 3630 3355 3683 in
3381 3631 3631 3700 Bagaien-

2049 3715 2123 3767 sis
2151 3715 2357 3766 concilii
2391 3715 2647 3766 sententia
2680 3717 3032 3769 declamatum
3063 3727 3169 3770 est.
3200 3719 3346 3772 Sicut
3367 3721 3508 3774 enim
3536 3739 3631 3775 vos

2051 3803 2170 3855 ideo
2198 3801 2392 3869 putatis
2424 3801 2516 3853 illo
2544 3801 2896 3855 irremissibili
2927 3813 3075 3856 reatu
3106 3820 3354 3872 peccasse
3380 3808 3429 3859 in
3460 3809 3630 3878 Spiri-

2051 3900 2160 3945 tum
2189 3899 2428 3943 sanctum
2456 3930 2469 3953 ,
2497 3905 2630 3958 quos
2659 3892 2918 3946 accusatis
2942 3893 3148 3947 divinas
3173 3894 3473 3964 Scriptores
3497 3913 3596 3952 exn
3619 3931 3630 3942 ε

2051 3981 2243 4036 rendas
2272 3981 2702 4050 persecutoribus
2731 3981 3012 4036 tradidisse
3035 4024 3051 4048 ,
3081 3984 3220 4052 quod
3248 3987 3460 4040 easdem
3485 3989 3626 4043 Scri-

2049 4082 2234 4141 pturas
2266 4071 2463 4139 Spiritu
2492 4081 2678 4125 sancto
2702 4073 2803 4125 acti
2834 4073 2990 4126 locuti
3014 4083 3139 4128 sunt
3169 4073 3411 4131 homines
3435 4078 3526 4131 Dei
3548 4078 3567 4151 (
3592 4080 3630 4132 II

2053 4164 2196 4219 Petr.
2229 4181 2246 4219 ι
2270 4208 2285 4228 ,
2314 4165 2377 4219 9-1
2406 4165 2423 4236 )
2455 4183 2467 4218 :
2498 4166 2565 4219 ita
2593 4165 2754 4220 etiam
2785 4179 2881 4218 nos
2909 4182 3011 4219 non
3035 4168 3206 4221 solum
3235 4169 3426 4223 veSIris
3457 4171 3630 4238 potius

2052 4259 2392 4313 traditoribus
2418 4273 2552 4328 quos
2576 4242 2722 4328 geSta
2750 4258 3076 4312 convincunt
3103 4299 3118 4322 ,
3151 4260 3250 4314 hoc
3278 4261 3480 4314 crimen
3510 4277 3630 4329 pos-

2051 4367 2229 4406 semus
2256 4351 2490 4420 objicerc
2517 4351 2558 4416 ³,
2591 4350 2684 4406 sed
2714 4361 2766 4404 et
2797 4349 3064 4404 Feliciano
3087 4392 3101 4416 ,
3133 4359 3190 4404 ut
3215 4350 3322 4404 dixi
3348 4392 3362 4414 ,
3411 4352 3510 4407 hoc
3537 4368 3630 4407 vos

2051 4444 2311 4512 objecisse
2340 4442 2390 4495 in
2421 4442 2642 4495 crimine
2667 4440 2908 4510 Sacrilegi
2943 4441 3248 4496 schismatis
3273 4441 3588 4496 doeeremus
3613 4463 3624 4502 ;

2051 4536 2171 4602 quia
2205 4534 2256 4586 in
2304 4531 2505 4601 Spiritu
2554 4539 2741 4584 sancto
2781 4538 3024 4584 servatur
3053 4532 3226 4586 unitas
3253 4530 3552 4587 dilectionis
3579 4547 3631 4584 et

2055 4623 2196 4690 pacis
2219 4662 2235 4686 ,
2266 4622 2474 4675 dicente
2503 4620 2757 4690 Apostolo
2779 4659 2793 4684 ,
2823 4618 3139 4674 Sustinentes
3166 4621 3375 4674 invii-em
3405 4623 3459 4674 in
3495 4622 3625 4674 ditc-

2052 4713 2248 4776 ctione,
2286 4711 2537 4764 studentes
2577 4725 2773 4762 servare
2815 4710 3056 4762 unitatem
3099 4710 3307 4778 spiritus
3343 4711 3395 4763 in
3431 4711 3630 4766 vinculo

2054 4805 2192 4874 pacis
2226 4803 2242 4874 (
2267 4800 2456 4870 Ephes.
2485 4816 2558 4865 tv,
2588 4799 2625 4852 2
2648 4841 2662 4863 ,
2695 4801 2729 4855 3
2749 4800 2794 4869 ).
2819 4799 2986 4867 Quam
3010 4800 3247 4868 profecto
3289 4801 3488 4865 violat,
3541 4804 3628 4872 qui

2054 4893 2282 4946 scitisma
2305 4891 2606 4944 cotmnittit.
2629 4890 2736 4944 Sed
2760 4891 2899 4944 hunc
2923 4898 3127 4943 reatum
3159 4890 3454 4944 insolubilis
3473 4903 3630 4945 aeter-

2054 4986 2212 5054 nique
2244 4983 2442 5052 peccati
2469 5022 2483 5047 ,
2511 4981 2650 5052 quod
2683 4985 2734 5034 in
2777 4981 3032 5049 Spiritum
3073 4990 3316 5035 sanctum
3344 4982 3630 5036 committi-

2057 5088 2141 5130 tur
2163 5116 2179 5142 ,
2208 5091 2306 5129 nec
2330 5063 2482 5128 vobis
2509 5074 2787 5143 objicimus
2812 5115 2826 5133 ,
2853 5086 2989 5144 quos
3013 5083 3289 5131 correctos,
3307 5089 3426 5127 cum
3454 5074 3628 5127 vivitis

2055 5165 2230 5219 sanari
2263 5180 2416 5233 posse
2446 5179 2549 5217 non
2577 5165 2922 5232 despcramus
2947 5179 2961 5226 ;
2993 5178 3091 5217 nec
3120 5164 3314 5218 vestris
3334 5203 3350 5227 ,
3383 5165 3478 5232 qui
3497 5179 3626 5219 sam-

2055 5267 2169 5311 ctos
2214 5255 2436 5310 Codices
2477 5255 2790 5310 cremandos
2845 5255 3052 5326 ignibus
3107 5255 3626 5320 tradiderunt,..uili

2121 5431 2136 5461 ι
2174 5435 2328 5491 Forte,
2353 5424 2579 5491 primum,
2596 5425 2779 5478 scilicet
2803 5427 3133 5491 cognitionem.

2121 5493 2140 5521 ‘
2167 5489 2452 5545 addidimus,
2480 5493 2624 5550 tanto,
2651 5503 2712 5537 ex
2739 5489 3088 5550 mantiscriptis.

2124 5552 2143 5582 ³
2167 5557 2296 5606 Lov.,
2321 5563 2455 5611 quos,
2481 5549 2646 5611 Melius
2661 5559 2822 5598 autem
2846 5549 3028 5605 Mssn'a
3049 5561 3164 5611 quo.

2122 5613 2143 5642 ι
2168 5609 2390 5667 verbum,
2411 5609 2632 5672 objicitis,
2656 5613 2797 5660 abest
2817 5612 2880 5672 ab
2900 5621 3001 5672 aut.
3024 5609 3074 5658 et
3109 5622 3135 5657 a
3161 5613 3514 5672 ιιιιιιιιιδοτιριὶς,

2126 5674 2146 5704 ⁸
2171 5679 2294 5729 Mss,
2319 5673 2405 5719 hoc
2428 5670 2557 5720 idem
2579 5684 2816 5733 possemus
2829 5670 3051 5730 objirere.

2951 5763 2977 5828 (
2993 5751 3356 5829 Dim-ltuit.)
