4024 6194
340 329 443 390 555

339 443 480 515 quod
512 443 674 510 usque
703 434 941 491 iit-linem
972 411 1273 495 vitae-hujus
1299 423 1366 477 ab
1388 423 1592 486 unitate
1621 413 1870 515 disiuncti
1901 455 1914 478 ,

342 508 437 597 cor
460 508 798 602 impmnitens
829 521 1150 577 habuerunt.
1180 515 1287 570 Nec
1313 513 1580 568 Feliciano
1605 520 1659 562 et
1687 508 1922 562 Prmtex-

344 635 454 682 tato
481 601 581 678 hoc
605 633 702 674 vos
728 613 988 685 obiecisse
1014 606 1292 663 ostenditis
1320 645 1336 670 ,
1380 619 1499 684 cum
1528 601 1717 671 quibus
1740 606 1922 666 postea

343 710 814 776 communicastis,
844 705 936 778 qui
979 705 1030 758 in
1071 711 1258 756 catena
1297 694 1558 763 sacrilegii
1603 706 1724 746 cum
1757 689 1924 743 Maxi-

345 812 526 866 miano
548 804 614 860 ad
643 799 971 860 consortium
1001 793 1242 852 criminis
1273 787 1465 852 tracti,
1504 783 1723 856 pleuarii
1749 779 1928 835 conci-

348 901 403 955 lii
429 896 591 954 vestri
619 910 713 948 ore
742 889 981 946 veridico
1005 887 1253 954 leguntur
1280 893 1399 934 esse
1427 873 1661 930 damnati
1687 912 1703 938 ,
1731 880 1784 924 et
1809 876 1930 939 post

345 992 487 1046 diem
512 983 784 1043 dilationis
807 1021 824 1049 ,
855 993 964 1033 non
993 971 1207 1047 quidem
1240 970 1343 1024 illis
1367 967 1475 1037 jam
1504 962 1766 1019 damnatis
1790 1001 1805 1024 ,
1835 957 1928 1013 sed

346 1081 466 1136 aliis
495 1080 512 1112 ⁸
543 1088 795 1146 tanquam
821 1065 1195 1126 innocentibus
1223 1069 1560 1132 prorogatum
1588 1097 1602 1122 ,
1637 1053 1932 1124 probantur

348 1185 471 1226 esse
495 1163 750 1233 suscepti.

419 1229 762 1317 CAPUT-1X.
790 1281 861 1294 —-
882 1251 906 1305 l
924 1251 970 1304 ι.
1000 1244 1152 1313 Quod
1179 1249 1356 1298 autem
1383 1253 1487 1294 non
1517 1235 1609 1290 tibi
1639 1234 1809 1304 placet
1833 1229 1930 1284 de-

350 1351 540 1408 rivatio
570 1343 802 1401 nominis
827 1383 843 1409 ,
875 1347 940 1394 ut-
960 1354 991 1392 a
1022 1338 1223 1390 Donato
1255 1329 1542 1385 Donatista:
1565 1323 1932 1393 appellentur;

351 1451 407 1497 et
435 1450 623 1495 censes
670 1433 846 1487 latinae
897 1425 1077 1497 regula
1118 1419 1400 1476 locutionis
1447 1417 1623 1486 potius
1668 1411 1938 1466 declinau-

355 1533 480 1588 dum
505 1531 528 1562 '
554 1543 570 1592 ;
603 1540 708 1580 non
737 1533 996 1590 aSpernor
1021 1511 1437 1568 admonitionem
1471 1516 1610 1559 tuam
1637 1523 1649 1557 :
1674 1509 1938 1556 verumta-

356 1637 477 1676 men
518 1630 701 1690 quzcre
745 1606 1122 1682 grammaticos
1165 1596 1370 1673 judices
1396 1637 1410 1659 ,
1456 1594 1594 1666 apud
1643 1608 1777 1662 quos
1820 1603 1938 1645 cum

359 1689 862 1769 Maximianensibus
891 1700 959 1755 de
989 1697 1088 1751 hac
1114 1703 1230 1749 arte
1258 1689 1514 1758 eontligas
1537 1729 1551 1751 ,
1584 1699 1785 1754 eosque
1815 1697 1942 1736 con-

359 1805 556 1860 vincas.
587 1800 704 1854 lam
729 1795 871 1851 enim
902 1805 1000 1847 nec
1041 1789 1184 1857 ipsos
1218 1783 1338 1837 volo
1379 1778 1793 1834 Maximianistas
1841 1788 1941 1826 vo-

357 1909 519 1955 care,
579 1903 650 1944 ne
689 1883 954 1940 offendam
998 1888 1104 1933 tzim
1150 1874 1388 1930 eruditas
1437 1882 1592 1922 aures
1650 1876 1799 1927 tuas,
1853 1862 1941 1931 qui

357 1951 542 2042 certe,
590 1985 847 2047 quantum
889 1968 1174 2032 existimo,
1211 1977 1316 2016 non
1357 1967 1414 2014 ut
1458 1972 1558 2028 ego
1583 1998 1597 2020 ,
1642 1954 1739 2047 tibi
1791 1951 1945 2047 facile

359 2073 560 2131 cessuri
589 2043 713 2124 sunt
733 2103 752 2134 ,
783 2075 840 2120 ut
864 2059 1279 2117 Claudianenses
1296 2093 1312 2119 ,
1337 2052 1418 2105 vel
1445 2048 1572 2120 quid
1599 2045 1742 2101 aliud
1767 2043 1944 2114 appel-

360 2166 468 2219 lent
490 2207 504 2229 ,
529 2163 664 2232 quos
688 2152 1079 2212 Claudianistas
1111 2144 1514 2218 appellaverunt
1539 2136 1638 2210 (α),
1687 2151 1808 2190 cum
1835 2148 1946 2232 eos

363 2225 630 2313 Priona—no
674 2250 725 2304 iu
779 2241 1209 2302 communionem
1265 2242 1552 2304 receptos,
1613 2229 1750 2282 inter
1800 2225 1942 2288 alia,

359 2327 552 2416 quibus
594 2355 716 2396 eum
768 2347 824 2392 et
870 2331 1366 2404 prtedamnaveruut
1416 2330 1472 2376 et
1517 2319 1944 2416 damnaverunt,

365 2404 584 2491 crimina
615 2434 926 2501 posuerunt.
956 2422 1024 2476 Et
1051 2417 1205 2474 simul
1235 2426 1558 2482 recognosce
1603 2409 1740 2501 hanc
1778 2404 1944 2501 decli-

329 2555 342 2566 -
364 2525 596 2582 nationis
618 2496 858 2591 regulam
883 2557 898 2580 ,
931 2529 1036 2568 non
1067 2509 1196 2565 mibi
1227 2506 1360 2569 soli,
1396 2503 1534 2557 sicut
1560 2496 1941 2591 reprehendis,

366 2616 624 2687 placuisse
655 2588 790 2666 :sed
817 2606 1044 2661 fortasse
1070 2615 1154 2654 me
1183 2597 1356 2651 solum
1387 2592 1478 2647 tibi
1508 2591 1559 2644 in
1591 2588 1690 2643 hac
1715 2601 1772 2687 re
1792 2627 1806 2652 ,
1833 2601 1951 2655 qua:

363 2678 429 2763 ad
461 2718 676 2760 causam
708 2715 812 2754 non
846 2701 1112 2768 pertinet,
1145 2696 1287 2742 tanta
1319 2683 1567 2739 facilitate
1593 2678 1838 2734 cessisse.

433 2794 659 2854 CAPUT
686 2792 754 2849 Χ.
781 2819 853 2832 -ο
876 2786 961 2844 12.
990 2781 1143 2853 Quod
1172 2794 1299 2834 vero
1327 2790 1416 2831 me
1437 2773 1630 2846 putasti
1661 2769 1948 2824 vehemen-

367 2895 471 2949 tius
503 2885 831 2959 urguendum
859 2922 875 2946 ,
917 2876 1058 2949 quod
1095 2888 1214 2930 cum
1256 2867 1478 2924 dixerim
1504 2907 1519 2932 ,
1571 2860 1952 2917 Donatistarum

369 2954 713 3038 hereticorum
733 2973 1030 3042 sacrilegum
1050 2980 1268 3021 errorem
1295 3003 1310 3028 ,
1350 2958 1594 3014 haeresim
1635 2954 1904 3024 appellans
1933 2993 1949 3015 ,

369 3073 510 3145 quod
542 3084 596 3125 tu
619 3068 848 3125 scbisma
871 3062 1046 3132 potius
1069 3058 1147 3112 vis
1173 3054 1343 3124 putari
1369 3091 1382 3114 ,
1411 3066 1505 3106 eos
1534 3057 1713 3145 tamen
1740 3061 1768 3099 a
1792 3045 1954 3098 sacri-

369 3138 510 3233 legio
540 3175 644 3214 non
685 3155 925 3224 expiatos
963 3150 1015 3204 in
1050 3141 1476 3201 communionem
1513 3138 1828 3207 recipiamus
1859 3177 1870 3186 .
1902 3145 1954 3233 tu

379 3222 460 3325 pii
489 3264 588 3305 nos
617 3249 670 3302 in
700 3222 801 3301 hac
836 3255 995 3298 causa
1031 3247 1136 3292 tam
1171 3233 1402 3325 graviter
1442 3228 1659 3325 arguis“,
1693 3222 1986 3325 responde

372 3312 641 3412 quomodo
665 3330 992 3404 expiaverint
1033 3322 1196 3381 vestri
1240 3319 1574 3388 sacrilegium
1616 3312 1867 3370 Feliciani
1907 3319 1960 3364 et

375 3406 717 3490 Drmtextati,
764 3439 889 3480 cum
934 3419 1126 3490 quibus
1173 3423 1354 3484 postea
1398 3406 1957 3465 communicaverunt,

376 3526 656 3594 episcopos
683 3532 776 3572 eos
803 3513 905 3568 sibi
935 3511 1074 3564 sicut
1113 3515 1268 3560 antea
1307 3504 1514 3556 fuerant
1550 3496 1862 3594 copulantes
1882 3501 1961 3592 a't-

377 3581 483 3684 que
508 3581 833 3669 residentes,
877 3615 980 3654 nec
1021 3607 1341 3668 quemquam
1379 3603 1563 3684 eorum
1619 3599 1754 3684 quos
1793 3582 1866 3683 illi
1909 3581 1961 3635 in

378 3673 656 3770 sacrilegio
681 3691 984 3751 schismatis
1013 3686 1405 3756 baptizaverant
1428 3721 1443 3745 ,
1489 3677 1665 3770 denuo
1691 3673 1962 3770 baptizan-

381 3803 482 3848 tes.
514 3762 599 3845 An
639 3785 778 3842 forte
826 3797 930 3836 non
976 3785 1126 3832 erant
1173 3769 1454 3840 sacrilegio
1497 3765 1785 3829 maculati,
1828 3762 1968 3818 sicut

382 3882 594 3953 quidam
660 3885 892 3932 vestrum
956 3867 1262 3937 desipiunt,
1317 3861 1713 3953 dicentes
1761 3869 1857 3911 eos
1913 3853 1964 3907 in

383 3945 550 4030 Deum
580 4011 595 4032 ,
626 3965 719 4022 sed
750 3965 802 4018 in
823 3958 1093 4015 hominem
1113 3949 1450 4025 peccavisse;
1473 3945 1809 4014 sacrilegium
1840 3957 1969 3997 vero

385 4073 534 4122 tanto
587 4068 670 4115 cst
714 4054 926 4128 gravius
964 4055 1240 4119 peccatum
1265 4083 1281 4109 ,
1329 4046 1528 4109 quanto
1568 4033 1828 4090 committi
1862 4047 1967 4086 non

386 4163 562 4230 potest
589 4151 685 4206 nisi
715 4127 768 4203 in
796 4140 1003 4200 Deum?
1030 4136 1181 4195 Unde
1214 4148 1300 4188 me
1327 4127 1690 4230 disputatione
1729 4134 1816 4179 tua
1836 4139 1969 4226 .n'on

388 4214 460 4304 ob
481 4244 625 4301 aliud
651 4235 977 4310 arguentium
1003 4230 1289 4285 arbitratus
1312 4238 1372 4279 es
1392 4263 1407 4288 ,
1435 4219 1576 4292 quod
1602 4218 1682 4310 sic
1700 4214 1970 4310 suscipia-

389 4353 509 4394 mus
533 4347 627 4389 eos
653 4305 739 4400 qui
765 4342 796 4380 a
822 4323 973 4380 vobis
1013 4319 1081 4375 ad
1124 4331 1222 4372 nos
1269 4318 1581 4376 transeunt,
1613 4308 1714 4363 nisi
1739 4305 1861 4376 quia
1887 4321 1970 4358 re-

391 4439 550 4484 strum
574 4399 684 4477 disi
707 4416 1006 4485 sacrilegum
1039 4423 1278 4464 errorem.
1329 4405 1472 4474 Lege
1513 4417 1640 4473 ergo
1684 4399 1974 4469 Bagaiense

393 4514 699 4575 concilium.
726 4507 926 4576 Nempe
963 4502 1060 4556 ista
1109 4499 1214 4553 illic
1246 4496 1416 4568 prima
1459 4491 1616 4547 verba
1653 4498 1815 4545 sunt:
1849 4487 1976 4542 Cum

399 4601 752 4678 armipotentis
771 4596 866 4651 Dei
885 4604 931 4650 et
951 4590 1135 4648 Christi
1163 4589 1271 4661 ejus
1293 4577 1574 4678 salvatoris
1601 4580 1760 4678 nostri
1793 4580 1976 4678 volun-

399 4711 504 4755 tute
522 4669 585 4752 ea:
605 4689 848 4748 uniuersis
870 4683 1138 4757 prouinciis
1161 4679 1346 4751 Africa
1365 4676 1612 4730 uenientes
1634 4712 1650 4740 ,
1682 4673 1737 4726 in
1770 4669 1980 4725 ecclesia

397 4797 577 4846 sancta
595 4779 863 4854 Bagaiensi
887 4775 1156 4831 concilium
1176 4782 1457 4842 gereremus
1481 4806 1495 4830 ,
1519 4763 1783 4854 Gamalius
1804 4802 1820 4826 ,
1853 4759 1977 4854 Pri-

404 4878 606 4933 miunus
625 4915 640 4935 ,
674 4850 898 4924 'Pontius
921 4907 936 4931 ,
980 4859 1332 4919 Secundianus
1363 4853 1645 4909 Ianuarius
1665 4851 1707 4918 ⁸,
1745 4850 1980 4906 Saturni-

405 4988 502 5026 nus
521 5010 536 5032 ,
570 4966 718 5021 Folia:
737 5003 750 5025 ,
777 4959 1020 5030 Pegasius
1043 4997 1060 5021 ,
1087 4954 1302 5023 Ruﬁnus
1322 4990 1338 5016 ,
1364 4946 1673 5011 Fortunius,
1696 4943 1977 5014 Crispinus,

406 5059 702 5118 Florentius
723 5093 743 5120 ,
772 5051 988 5121 Optatus
1009 5088 1024 5110 ,
1060 5044 1287 5098 Donatus
1311 5083 1326 5108 ,
1363 5038 1677 5093 Donatianus
1700 5077 1716 5102 ,
1743 5043 1791 5088 et
1820 5035 1983 5088 ueteri

408 5165 621 5209 numero
647 5141 852 5200 trecenti
875 5148 922 5194 ct
946 5139 1115 5192 decem
1136 5176 1152 5201 ,
1175 5131 1363 5204 placuit
1387 5127 1605 5200 Spiritui
1628 5134 1802 5179 sancto
1826 5124 1908 5193 qui
1933 5123 1986 5176 in

409 5239 553 5298 nobis
577 5245 650 5294 est
673 5277 689 5303 ,
717 5246 889 5305 pacem
918 5228 1123 5298 ﬁrmare
1146 5231 1436 5295 perpetuam
1453 5259 1468 5283 ,
1495 5227 1540 5271 et
1561 5215 1831 5270 schismata
1857 5229 1988 5267 rese-

476 5413 491 5444 ¹
518 5411 592 5460 sic
611 5415 718 5458 llas.
743 5412 797 5456 At
816 5401 951 5462 editi,
970 5398 1057 5452 sed
1081 5397 1196 5450 illis.
1273 5455 1293 5464 _
1482 5453 1496 5464 _
1562 5453 1574 5464 .
1635 5453 1646 5464 ο
1712 5451 1744 5464 Α,

477 5475 496 5505 ι
519 5453 718 5532 iis};
736 5453 1110 5532 declinandam;
1133 5468 1187 5510 ut
1211 5455 1401 5508 referas
1437 5453 1514 5516 ad,
1540 5453 1894 5506 derivationem.

479 5534 500 5565 ⁸
525 5531 713 5591 Aliquot.
737 5537 864 5586 5155.,
887 5531 1228 5575 Jannartanus.

410 5675 457 5735 2,
473 5615 546 5673 (ιι)
556 5611 910 5720 ἓειιύὶωιιειω,
921 5606 985 5657 de
998 5605 1176 5668 quibus
1190 5601 1346 5652 hdie:
1362 5606 1526 5650 mn.
1537 5599 1588 5649 in
1610 5595 1730 5647 ml.
1747 5596 1828 5657 56,
1841 5607 1914 5647 set
1926 5609 1992 5646 tu.

482 5688 528 5721 n.
557 5708 583 5720 ..
615 5705 631 5720 .

482 5688 528 5721 η.
556 5688 631 5720 πυ.

1108 313 1395 369 ‘coxTnA
1437 294 1868 373 til’tESCONlUS-l
1912 293 2366 365 DONATIS’l‘All,
2406 301 2460 357 s.
2505 291 2868 356 .tt'G‘L'STtNt

3503 280 3604 351 5325

2028 432 2142 468 care
2169 417 2429 485 sacrilega.
2463 413 2656 479 Audis,
2686 412 2918 466 advortis
2937 453 2949 469 .
2980 409 3252 462 attendis?
3284 408 3604 473 Schismatn,

2027 507 2304 578 inquiunt,
2336 522 2557 559 reserare
2581 505 2847 574 sacrilega.
2879 503 3020 572 Ergo
3051 518 3154 554 non
3197 502 3247 554 in
3297 501 3566 555 hominem
3594 541 3612 564 .

2027 597 2120 650 sed
2149 597 2199 649 in
2243 596 2402 649 Deum
2442 595 2696 649 scelerata
2733 593 3079 662 penersitate
3122 592 3173 644 iu
3215 606 3281 645 eo
3325 590 3615 644 schismate

2028 688 2175 742 solus
2202 687 2547 741 Maximianus
2579 686 2838 754 sacrilegii
2881 683 3104 738 crimine
3135 681 3413 736 tenebatur
3438 723 3451 742 .
3493 697 3615 735 cum

2031 779 2130 832 ista
2158 778 2420 832 sententia
2449 777 2734 831 diceretur.
2769 775 2910 845 Lege
2946 775 3101 844 paulo
3132 782 3248 842 p0st
3276 773 3399 842 quid
3439 773 3620 826 dicant

2031 867 2100 922 de
2127 867 2287 921 sociis
2315 867 2429 936 ejus
2453 909 2467 932 ,
2493 868 2631 920 inter
2655 881 2787 935 quos
2807 866 3028 919 istorum
3053 863 3264 917 nomina
3291 905 3306 930 ,
3334 863 3402 918 de
3427 863 3619 932 quibus

2035 961 2244 1030 agitur,
2294 958 2489 1030 scripta
2535 969 2683 1014 sunt.
2747 959 2855 1014 Nec
2901 959 3066 1014 solum
3113 959 3284 1024 hunc,
3334 959 3576 1029 iuquiu-it
3604 999 3619 1024 ,

2033 1052 2232 1106 sceleris
2261 1053 2341 1106 sui
2369 1069 2502 1105 mors
2525 1053 2663 1122 iusta
2687 1052 3025 1116 condemnat;
3051 1050 3205 1103 trahit
3231 1051 3381 1102 etiam
3407 1050 3475 1102 ad
3495 1065 3620 1104 con-

2035 1143 2246 1196 sortium
2270 1141 2493 1194 criminis
2523 1140 2766 1212 plurimos
2789 1149 2967 1193 catena
2990 1139 3265 1210 sacrilegii.

2107 1234 2332 1290 CAPUT
2400 1231 2490 1288 XI.
2522 1263 2592 1274 —-
2620 1234 2704 1287 15.
2753 1232 2890 1301 Quid
2935 1242 3055 1296 est,
3104 1229 3184 1284 vir
3231 1224 3624 1284 disertissime?

2039 1327 2164 1396 quid
2195 1327 2359 1380 habes
2387 1325 2527 1396 quod
2572 1325 2718 1380 dicas
2765 1325 2936 1378 mihi?
2961 1324 3101 1393 Lege
3144 1322 3415 1391 sequentia
3441 1360 3458 1388 ,
3507 1321 3626 1374 vide

2041 1420 2180 1474 inter
2216 1419 2474 1489 plurimos
2511 1434 2646 1488 quos
2695 1417 2856 1471 trahit
2904 1416 2969 1470 ad
3017 1415 3345 1470 consortium
3389 1413 3628 1468 criminis

2043 1517 2230 1563 catena
2261 1509 2400 1561 illius
2424 1507 2684 1576 sacrilegii
2716 1549 2730 1571 ,
2766 1507 3142 1560 l‘rmtextatum
3169 1518 3220 1558 et
3252 1503 3577 1558 Felicianutn
3610 1519 3625 1554 :

2043 1601 2161 1670 lego
2186 1600 2472 1668 sacrilegos
2498 1641 2513 1663 ,
2537 1597 2690 1652 video
2713 1598 2996 1666 episcopos
3022 1601 3039 1628 ³
3063 1613 3077 1660 ;
3106 1595 3233 1665 quid
3259 1595 3372 1664 agis
3395 1629 3411 1660 ,
3443 1593 3487 1646 si
3521 1607 3627 1646 neu

2045 1689 2353 1760 probaveris
2379 1688 2663 1757 expiatos?
2702 1685 2906 1756 Nempe
2931 1686 3135 1756 urgeris
3160 1684 3349 1740 cedere
3379 1684 3588 1738 veritati
3611 1723 3628 1746 ,

2045 1781 2146 1849 qua
2173 1780 2398 1834 dicimus
2440 1778 2641 1847 expiari
2686 1788 2892 1832 vestros
2939 1793 3060 1831 cum
3108 1776 3173 1830 ad
3219 1791 3315 1829 nos
3367 1776 3626 1838 veniunt,

2049 1871 2164 1940 ipso
2205 1871 2414 1924 vinculo
2458 1868 2706 1924 fraternae
2753 1871 2897 1938 pacis
2942 1879 2996 1922 et
3040 1866 3312 1920 cltaritatis
3360 1867 3632 1935 cooperiri

2049 1971 2263 2033 peccata
2293 1977 2476 2016 eorum
2501 1999 2518 2027 ,
2544 1961 2681 2016 sicut
2711 1961 2966 2029 scriptum
2997 1969 3078 2012 est
3099 2001 3113 2024 ,
3147 1958 3382 2012 Charitas
3409 1958 3633 2025 cooperit

2048 2052 2417 2106 multitudinem
2458 2062 2782 2122 peccatorum
2826 2050 2888 2121 (Ι
2938 2049 3078 2104 Petr.
3106 2066 3184 2116 IV,
3233 2047 3326 2120 8).
3385 2049 3520 2116 Quid
3567 2049 3635 2102 de

2050 2141 2157 2196 illis
2179 2183 2193 2207 ,
2221 2156 2356 2212 quos
2381 2157 2411 2195 a
2440 2152 2613 2197 vestra
2642 2141 3018 2197 communione
3060 2141 3325 2210 separati,
3372 2149 3428 2200 et
3467 2139 3636 2192 Maxi-

2053 2234 2233 2287 miano
2282 2233 2334 2287 in
2382 2233 2636 2302 sacrilega
2683 2232 2825 2286 illius
2867 2241 3068 2286 catenae
3105 2231 3360 2285 societate
3401 2231 3636 2284 devincti

2051 2325 2490 2396 baptizaveru‘nt,
2521 2339 2655 2394 quos
2677 2339 2796 2379 cum
2841 2323 2919 2377 cis
2957 2323 3008 2376 in
3043 2321 3229 2376 eodem
3273 2322 3542 2390 Baptismo
3582 2322 3637 2374 in

2051 2431 2235 2485 pacem
2262 2425 2421 2484 atque
2445 2413 2780 2471 concordiam
2809 2412 3164 2482 suscepistis?
3196 2412 3637 2482 Respondebis-ne

2051 2505 2248 2575 aliquid
2273 2547 2288 2572 ,
2321 2505 2421 2560 nisi
2448 2505 2632 2560 eadem
2654 2504 2995 2560 Sacramenta
3028 2511 3171 2558 recte
3197 2517 3290 2556 vos
3312 2503 3641 2572 approbasse

2054 2595 2108 2650 in
2138 2595 2218 2650 eis
2240 2635 2256 2661 ,
2286 2611 2404 2664 quae
2437 2609 2536 2648 nos
2563 2609 2776 2664 quoque
2804 2594 3160 2662 approbamus
3183 2593 3447 2648 invehis?
3476 2592 3640 2660 Magis

2053 2688 2197 2742 enim
2246 2687 2337 2742 tibi
2380 2685 2687 2749 constabis,
2717 2686 2761 2740 si
2807 2685 2902 2740 ista
2947 2685 3325 2754 responderis,
3370 2695 3423 2739 et
3465 2683 3642 2739 verbis

2055 2778 2296 2847 epistola:
2323 2781 2428 2831 tua:
2456 2793 2562 2832 non
2592 2776 2957 2831 reluctaberis.
3005 2775 3059 2830 lu
3088 2791 3188 2845 qua
3219 2791 3340 2829 cum
3369 2775 3641 2829 conareris

2056 2867 2341 2923 ostendere
2363 2907 2378 2931 ,
2420 2881 2524 2921 non
2556 2867 2802 2922 limresim
2833 2868 2970 2922 inter
2996 2881 3094 2922 nos
3119 2875 3176 2922 et
3206 2882 3301 2921 vos
3324 2909 3339 2931 ,
3370 2865 3463 2921 sed
3494 2867 3640 2922 schi-

2058 2973 2171 3012 snm
2201 2959 2380 3030 potius
2409 2958 2752 3014 commissum
2781 2973 2901 3014 esse
2925 2999 2940 3023 ,
2981 2957 3201 3024 dixisti,
3231 2957 3372 3011 nobis
3396 2967 3443 3011 et
3472 2967 3644 3010 vestris

2059 3067 2214 3104 unum
2261 3066 2367 3105 esse
2408 3049 2701 3120 religionem
2723 3089 2738 3114 ,
2791 3048 2968 3103 eadem
3011 3048 3340 3103 Sacramenta
3364 3086 3379 3111 ,
3423 3047 3551 3099 nihil
3592 3048 3643 3099 is

2060 3143 2336 3196 christiana
2359 3140 2702 3196 observatione
2724 3142 2994 3196 diversum.
3043 3139 3225 3210 Neque
3262 3139 3404 3195 cnim
3435 3140 3646 3209 gravius

2060 3248 2219 3302 quam
2255 3231 2339 3286 bis
2379 3231 2554 3287 verbis
2595 3232 2966 3300 repetitionem
3015 3229 3354 3302 Baptismatis
3395 3245 3647 3284 accusare

2063 3323 2279 3392 potuisti
2304 3363 2319 3388 ,
2350 3322 2563 3392 quando
2588 3321 2792 3378 seducti
2822 3338 2852 3375 a
2885 3322 3035 3376 nobis
3071 3322 3468 3390 rebaptizantur
3491 3338 3520 3374 a
3554 3338 3643 3375 ve-

2063 3413 2189 3467 stris
2215 3451 2229 3475 ,
2258 3411 2310 3465 in
2341 3411 2534 3481 quibus
2556 3413 2742 3468 eadem
2767 3412 3109 3466 Sacramenta
3137 3427 3257 3466 esse
3283 3421 3337 3466 et
3360 3414 3526 3466 sentis
3550 3454 3564 3473 .
3593 3422 3648 3466 et

2065 3503 2197 3558 dicis
2221 3544 2237 3570 ,
2263 3513 2319 3558 et
2347 3503 2556 3559 scribis.
2601 3503 2715 3572 Qua
2759 3504 2916 3573 igitur
2941 3503 3162 3558 sceleris
3189 3504 3511 3572 impudentia
3543 3519 3650 3556 non

2066 3601 2311 3648 servatur
2335 3593 2390 3648 in
2417 3594 2498 3648 eis
2522 3634 2538 3659 ,
2567 3608 2704 3663 quos
2734 3593 2788 3648 in
2813 3603 2995 3648 sancta
3024 3595 3224 3648 unitate
3254 3593 3481 3662 baptizat
3505 3593 3652 3647 orbis

2067 3683 2392 3738 cbristianus
2415 3725 2430 3751 ,
2463 3683 2604 3754 quod
2630 3695 2898 3739 servatum
2925 3695 3008 3739 est
3029 3685 3082 3738 iu
3106 3685 3184 3738 eis
3208 3725 3222 3746 ,
3249 3699 3383 3753 quos
3413 3686 3462 3737 in
3489 3687 3652 3738 saeti-

2071 3773 2192 3844 lego
2211 3774 2499 3830 schismate
2520 3775 2852 3844 baptizaruut
2874 3774 3224 3829 Praetextatus
3243 3785 3299 3829 et
3319 3773 3618 3828 Feliciauus
3632 3778 3655 3824 ’ρ

2071 3866 2299 3922 Causam
2332 3867 2511 3936 itaque
2538 3877 2773 3921 nostram
2799 3906 2815 3932 ,
2845 3881 3003 3936 quam
3042 3866 3315 3921 vobiscum
3358 3867 3614 3920 habemus
3637 3908 3653 3929 ,

2071 3967 2252 4011 vestro
2275 3957 2384 4025 jam
2409 3957 2610 4026 judicio
2637 3957 2964 4012 terminastis
2987 3999 3002 4022 ,
3031 3973 3150 4012 cum
3177 3971 3272 4012 eos
3298 3957 3390 4027 qui
3433 3972 3464 4011 a
3507 3959 3658 4011 vobis

2072 4045 2414 4102 damnatione
2457 4048 2694 4117 percussi
2737 4055 2899 4111 sunt,
2947 4047 3038 4117 qui
3086 4047 3310 4118 populos
3350 4063 3416 4103 ne
3455 4049 3522 4102 ad
3563 4064 3660 4102 vos

2074 4136 2388 4192 accederent
2417 4179 2432 4204 ,
2462 4138 2843 4193 instantissime
2863 4148 3185 4194 monuerunt
3209 4179 3224 4204 ,
3252 4141 3340 4208 qui
3369 4149 3490 4207 post
3522 4155 3617 4193 vos
3637 4143 3658 4171 '

2077 4227 2238 4281 etiam
2265 4227 2638 4296 baptizandqu
2675 4243 2796 4283 esse
2830 4237 3155 4284 censuerunt
3181 4270 3196 4295 ,
3236 4243 3359 4284 cum
3403 4230 3482 4284 eis
3525 4245 3663 4298 quos

2078 4326 2228 4371 extra
2255 4327 2485 4372 vestram
2514 4319 2944 4372 communionem
2975 4318 3027 4374 in
3055 4319 3336 4389 sacrilegio
3361 4319 3664 4374 scliismatis

2080 4410 2354 4465 constituti
2403 4409 2842 4480 baptizaverunt,
2892 4411 3010 4466 sine
3077 4411 3182 4466 ulla
3242 4411 3663 4482 degradationc.

2080 4500 2196 4554 sine
2219 4500 2468 4569 Baptismi
2492 4500 2772 4555 iteratione
2794 4541 2810 4565 ,
2836 4501 2888 4555 in
2909 4500 3092 4556 altaris
3112 4502 3454 4556 concordiam
3481 4515 3665 4556 susce-

2084 4591 2234 4660 pistis
2257 4631 2271 4654 ,
2303 4600 2356 4645 et
2384 4590 2526 4644 nulla
2557 4605 2614 4644 re
2639 4590 2742 4644 alia
2767 4591 2835 4646 ab
2865 4591 2956 4646 illo
2985 4591 3194 4648 scelere
3219 4591 3478 4662 sacrilegii
3503 4632 3522 4658 ,
3563 4590 3666 4645 nisi

2085 4691 2276 4737 sancto
2305 4683 2425 4752 igne
2448 4682 2726 4738 charitatis
2749 4683 2992 4752 expiatos
3018 4699 3140 4739 esse
3165 4683 3488 4738 credidistis.
3513 4683 3667 4750 Quod

2089 4789 2218 4828 vere
2238 4773 2384 4828 fieret
2408 4814 2424 4839 ,
2453 4772 2499 4828 si
2524 4789 2621 4828 vos
2639 4774 2881 4829 eamdem
2901 4774 3215 4830 charitatem
3244 4775 3297 4829 in
3324 4790 3445 4830 vera
3469 4778 3670 4831 unitate

2088 4864 2358 4920 teneretis.

2158 4956 2384 5013 CAPUT
2417 4955 2530 5011 XII.
2559 4987 2632 4996 —
2661 4955 2747 5011 14.
2779 4956 2884 5012 Sed
2907 4967 3085 5013 tamen
3116 4958 3390 5014 videamus
3415 4959 3577 5014 etiam
3605 4960 3675 5011 de

2092 5047 2273 5103 verbis
2292 5047 2535 5116 epistolae
2566 5047 2826 5110 Petiliaui.
2874 5062 3032 5117 quam
3060 5057 3246 5103 contra
3273 5064 3357 5102 me
3380 5047 3673 5102 defendere

2093 5138 2326 5200 voluisti,
2361 5136 2628 5207 quomodo
2659 5147 2711 5191 te
2729 5151 2894 5190 exuas
2911 5138 2962 5192 in
2984 5136 3084 5192 hac
3107 5153 3265 5192 causa
3291 5137 3674 5192 Maximiano"-

2096 5229 2256 5294 sium,
2280 5228 2348 5284 de
2367 5243 2469 5296 qua
2502 5242 2640 5282 nunc
2663 5227 2774 5282 sola
2797 5228 2959 5283 statui
2982 5244 3144 5298 agere
3169 5228 3446 5282 adversum
3471 5229 3680 5282 litteras

2163 5416 2179 5447 ί
2207 5423 2305 5462 sm.
2330 5417 2386 5472 et
2407 5417 2510 5472 Er.,_
2527 5415 2858 5461 Prwtestatum
2879 5417 2927 5462 et
2962 5408 3260 5461 Feliciamoq
3277 5407 3475 5472 legatos
3495 5410 3684 5472 sucan

2199 5511 2213 5531 ,
2254 5471 2394 5523 uideo
2429 5467 2692 5534 episcopos.
2732 5479 2844 5534 Lov,
2857 5506 2872 5529 ,
2912 5478 3257 5534 Prctextatian
3300 5467 3348 5519 e't
3394 5467 3690 5519 Felu's'amms

2313 5531 2737 5597 sacrilegos'video
2765 5531 3025 5596 episcopos.
3068 5533 3371 5594 castigantur
3412 5543 3476 5580 cx
3524 5543 3688 5578 manu-

2102 5604 2347 5714 ”:
2372 5652 2454 5718 qui
2491 5659 2594 5717 post
2625 5654 2770 5704 etiam
2795 5646 3153 5717 baptiza'ndwn,
3189 5656 3384 5715 omisso,
3427 5665 3539 5715 eos;
3563 5653 3692 5714 qurd

2109 5720 2410 5774 restituitnus
2435 5730 2498 5766 ex
2522 5718 2872 5778 manuscriptis.
