  <div class='ocr_page' id='page_1' title='image "/cluster/home/n/w/nwhite01/storage/ocr_20150623/43/hvd.32044096580659/284.png"; bbox 0 0 4024 6196; ppageno 0'>
   <div class='ocr_carea' id='block_1_1' title="bbox 364 274 458 346">
    <p class='ocr_par' dir='ltr' id='par_1_1' title="bbox 364 274 458 346">
     <span class='ocr_line' id='line_1_1' title="bbox 364 274 458 346; baseline -0.011 0"><span class='ocrx_word' id='word_1_1' title='bbox 364 274 458 346; x_wconf 64' lang='grc'><strong>58³1</strong></span> 
     </span>
    </p>
   </div>
   <div class='ocr_carea' id='block_1_2' title="bbox 365 380 1926 460">
    <p class='ocr_par' dir='ltr' id='par_1_2' title="bbox 365 380 1926 460">
     <span class='ocr_line' id='line_1_2' title="bbox 365 380 1926 460; baseline -0.004 -7"><span class='ocrx_word' id='word_1_2' title='bbox 365 380 493 453; x_wconf 82' lang='lat' dir='ltr'><strong>tuas.</strong></span> <span class='ocrx_word' id='word_1_3' title='bbox 528 398 707 453; x_wconf 77' lang='lat' dir='ltr'><strong>l‘osnit</strong></span> <span class='ocrx_word' id='word_1_4' title='bbox 731 406 876 451; x_wconf 88' lang='lat' dir='ltr'><strong>certe</strong></span> <span class='ocrx_word' id='word_1_5' title='bbox 903 397 990 452; x_wconf 65' lang='lat' dir='ltr'><strong>ille</strong></span> <span class='ocrx_word' id='word_1_6' title='bbox 1015 408 1114 453; x_wconf 74' lang='lat' dir='ltr'><strong>tsm</strong></span> <span class='ocrx_word' id='word_1_7' title='bbox 1141 396 1298 452; x_wconf 78' lang='lat' dir='ltr'><strong>verba</strong></span> <span class='ocrx_word' id='word_1_8' title='bbox 1324 411 1419 451; x_wconf 89' lang='lat' dir='ltr'><strong>sua</strong></span> <span class='ocrx_word' id='word_1_9' title='bbox 1445 413 1455 448; x_wconf 95' lang='lat'>:</span> <span class='ocrx_word' id='word_1_10' title='bbox 1477 395 1810 460; x_wconf 73' lang='lat' dir='ltr'><strong>Conscientia,</strong></span> <span class='ocrx_word' id='word_1_11' title='bbox 1834 397 1926 459; x_wconf 77' lang='lat' dir='ltr'><strong>ait,</strong></span> 
     </span>
    </p>
   </div>
   <div class='ocr_carea' id='block_1_3' title="bbox 362 486 1931 566">
    <p class='ocr_par' dir='ltr' id='par_1_3' title="bbox 362 486 1931 566">
     <span class='ocr_line' id='line_1_3' title="bbox 362 486 1931 566; baseline -0.001 -23"><span class='ocrx_word' id='word_1_12' title='bbox 362 500 527 543; x_wconf 83' lang='lat' dir='ltr'><strong>sancte</strong></span> <span class='ocrx_word' id='word_1_13' title='bbox 564 488 731 543; x_wconf 86' lang='lat' dir='ltr'><strong>dantis</strong></span> <span class='ocrx_word' id='word_1_14' title='bbox 759 490 1031 566; x_wconf 59' lang='lat' dir='ltr'><strong>atten‘litur</strong></span> <span class='ocrx_word' id='word_1_15' title='bbox 1054 530 1069 554; x_wconf 86' lang='lat'><strong>,</strong></span> <span class='ocrx_word' id='word_1_16' title='bbox 1096 504 1208 557; x_wconf 75' lang='lat' dir='ltr'><strong>quw</strong></span> <span class='ocrx_word' id='word_1_17' title='bbox 1257 488 1433 543; x_wconf 85' lang='lat' dir='ltr'><strong>abluat</strong></span> <span class='ocrx_word' id='word_1_18' title='bbox 1480 488 1789 558; x_wconf 72' lang='lat' dir='ltr'><strong>accipientis.</strong></span> <span class='ocrx_word' id='word_1_19' title='bbox 1835 486 1931 541; x_wconf 79' lang='lat' dir='ltr'><strong>Cui</strong></span> 
     </span>
    </p>
   </div>
   <div class='ocr_carea' id='block_1_4' title="bbox 362 577 1937 648">
    <p class='ocr_par' dir='ltr' id='par_1_4' title="bbox 362 577 1937 648">
     <span class='ocr_line' id='line_1_4' title="bbox 362 577 1937 648; baseline 0 -18"><span class='ocrx_word' id='word_1_20' title='bbox 362 594 456 648; x_wconf 76' lang='lat' dir='ltr'><strong>ego</strong></span> <span class='ocrx_word' id='word_1_21' title='bbox 481 593 493 629; x_wconf 90' lang='lat'>:</span> <span class='ocrx_word' id='word_1_22' title='bbox 523 578 659 642; x_wconf 82' lang='lat' dir='ltr'><strong>Quid</strong></span> <span class='ocrx_word' id='word_1_23' title='bbox 678 578 743 644; x_wconf 90' lang='lat' dir='ltr'><strong>si,</strong></span> <span class='ocrx_word' id='word_1_24' title='bbox 767 578 1001 647; x_wconf 85' lang='lat' dir='ltr'><strong>inquam,</strong></span> <span class='ocrx_word' id='word_1_25' title='bbox 1029 578 1182 632; x_wconf 78' lang='lat' dir='ltr'><strong>lateat</strong></span> <span class='ocrx_word' id='word_1_26' title='bbox 1202 578 1368 632; x_wconf 87' lang='lat' dir='ltr'><strong>dantis</strong></span> <span class='ocrx_word' id='word_1_27' title='bbox 1391 577 1709 641; x_wconf 83' lang='lat' dir='ltr'><strong>conscientia,</strong></span> <span class='ocrx_word' id='word_1_28' title='bbox 1741 587 1785 631; x_wconf 82' lang='lat' dir='ltr'><strong>ct</strong></span> <span class='ocrx_word' id='word_1_29' title='bbox 1806 581 1937 648; x_wconf 79' lang='lat' dir='ltr'><strong>forte</strong></span> 
     </span>
    </p>
   </div>
   <div class='ocr_carea' id='block_1_5' title="bbox 363 667 1933 738">
    <p class='ocr_par' dir='ltr' id='par_1_5' title="bbox 363 667 1933 738">
     <span class='ocr_line' id='line_1_5' title="bbox 363 667 1933 738; baseline -0.001 -18"><span class='ocrx_word' id='word_1_30' title='bbox 363 668 615 720; x_wconf 80' lang='lat' dir='ltr'><strong>maculosa</strong></span> <span class='ocrx_word' id='word_1_31' title='bbox 641 668 746 721; x_wconf 81' lang='lat' dir='ltr'><strong>sit?</strong></span> <span class='ocrx_word' id='word_1_32' title='bbox 771 667 1020 736; x_wconf 87' lang='lat' dir='ltr'><strong>quomodo</strong></span> <span class='ocrx_word' id='word_1_33' title='bbox 1060 667 1243 735; x_wconf 88' lang='lat' dir='ltr'><strong>poterit</strong></span> <span class='ocrx_word' id='word_1_34' title='bbox 1267 667 1557 738; x_wconf 83' lang='lat' dir='ltr'><strong>accipientis</strong></span> <span class='ocrx_word' id='word_1_35' title='bbox 1580 667 1782 722; x_wconf 76' lang='lat' dir='ltr'><strong><em>abluere</em></strong></span> <span class='ocrx_word' id='word_1_36' title='bbox 1808 682 1933 721; x_wconf 84' lang='lat' dir='ltr'><strong>con-</strong></span> 
     </span>
    </p>
   </div>
   <div class='ocr_carea' id='block_1_6' title="bbox 361 753 1931 825">
    <p class='ocr_par' dir='ltr' id='par_1_6' title="bbox 361 753 1931 825">
     <span class='ocr_line' id='line_1_6' title="bbox 361 753 1931 825; baseline -0.001 -17"><span class='ocrx_word' id='word_1_37' title='bbox 361 755 615 808; x_wconf 82' lang='lat' dir='ltr'><strong>scientiam</strong></span> <span class='ocrx_word' id='word_1_38' title='bbox 633 753 659 807; x_wconf 75' lang='lat'><strong>1’</strong></span> <span class='ocrx_word' id='word_1_39' title='bbox 684 753 830 809; x_wconf 80' lang='lat' dir='ltr'><strong>lianc</strong></span> <span class='ocrx_word' id='word_1_40' title='bbox 861 763 914 808; x_wconf 89' lang='lat' dir='ltr'><strong>tu</strong></span> <span class='ocrx_word' id='word_1_41' title='bbox 947 754 1304 809; x_wconf 83' lang='lat' dir='ltr'><strong>inevitabilem</strong></span> <span class='ocrx_word' id='word_1_42' title='bbox 1329 757 1700 824; x_wconf 77' lang='lat' dir='ltr'><strong>qnzestionem,</strong></span> <span class='ocrx_word' id='word_1_43' title='bbox 1729 757 1850 825; x_wconf 89' lang='lat' dir='ltr'><strong>quia</strong></span> <span class='ocrx_word' id='word_1_44' title='bbox 1879 755 1931 809; x_wconf 91' lang='lat' dir='ltr'><strong>iu</strong></span> 
     </span>
    </p>
   </div>
   <div class='ocr_carea' id='block_1_7' title="bbox 364 824 1935 916">
    <p class='ocr_par' dir='ltr' id='par_1_7' title="bbox 364 824 1935 916">
     <span class='ocr_line' id='line_1_7' title="bbox 364 824 1935 916; baseline 0.001 -20"><span class='ocrx_word' id='word_1_45' title='bbox 364 824 534 899; x_wconf 73' lang='lat' dir='ltr'><strong>verbis</strong></span> <span class='ocrx_word' id='word_1_46' title='bbox 562 843 801 898; x_wconf 76' lang='lat' dir='ltr'><strong>Petiliani</strong></span> <span class='ocrx_word' id='word_1_47' title='bbox 832 846 1049 898; x_wconf 84' lang='lat' dir='ltr'><strong>omnino</strong></span> <span class='ocrx_word' id='word_1_48' title='bbox 1075 860 1180 899; x_wconf 91' lang='lat' dir='ltr'><strong>non</strong></span> <span class='ocrx_word' id='word_1_49' title='bbox 1216 845 1458 910; x_wconf 86' lang='lat' dir='ltr'><strong>solvitur,</strong></span> <span class='ocrx_word' id='word_1_50' title='bbox 1488 845 1590 899; x_wconf 84' lang='lat' dir='ltr'><strong>tuis</strong></span> <span class='ocrx_word' id='word_1_51' title='bbox 1609 847 1820 900; x_wconf 84' lang='lat' dir='ltr'><strong>solvere</strong></span> <span class='ocrx_word' id='word_1_52' title='bbox 1839 862 1935 916; x_wconf 87' lang='lat' dir='ltr'><strong>ag-</strong></span> 
     </span>
    </p>
   </div>
   <div class='ocr_carea' id='block_1_8' title="bbox 362 932 1933 1003">
    <p class='ocr_par' dir='ltr' id='par_1_8' title="bbox 362 932 1933 1003">
     <span class='ocr_line' id='line_1_8' title="bbox 362 932 1933 1003; baseline 0.003 -17"><span class='ocrx_word' id='word_1_53' title='bbox 362 947 577 1003; x_wconf 86' lang='lat' dir='ltr'><strong>gressus</strong></span> <span class='ocrx_word' id='word_1_54' title='bbox 604 947 684 999; x_wconf 88' lang='lat' dir='ltr'><strong>es,</strong></span> <span class='ocrx_word' id='word_1_55' title='bbox 721 942 777 988; x_wconf 90' lang='lat' dir='ltr'><strong>et</strong></span> <span class='ocrx_word' id='word_1_56' title='bbox 815 932 1017 998; x_wconf 79' lang='lat' dir='ltr'><strong>dixisti,</strong></span> <span class='ocrx_word' id='word_1_57' title='bbox 1056 950 1160 988; x_wconf 90' lang='lat' dir='ltr'><strong>non</strong></span> <span class='ocrx_word' id='word_1_58' title='bbox 1187 945 1371 989; x_wconf 88' lang='lat' dir='ltr'><strong>contra</strong></span> <span class='ocrx_word' id='word_1_59' title='bbox 1402 952 1508 1002; x_wconf 85' lang='lat' dir='ltr'><strong>me,</strong></span> <span class='ocrx_word' id='word_1_60' title='bbox 1537 935 1630 990; x_wconf 90' lang='lat' dir='ltr'><strong>sed</strong></span> <span class='ocrx_word' id='word_1_61' title='bbox 1655 944 1840 990; x_wconf 86' lang='lat' dir='ltr'><strong>c..ntra</strong></span> <span class='ocrx_word' id='word_1_62' title='bbox 1869 937 1933 990; x_wconf 56' lang='lat' dir='ltr'><strong>ilo</strong></span> 
     </span>
    </p>
   </div>
   <div class='ocr_carea' id='block_1_9' title="bbox 365 1022 1937 1094">
    <p class='ocr_par' dir='ltr' id='par_1_9' title="bbox 365 1022 1937 1094">
     <span class='ocr_line' id='line_1_9' title="bbox 365 1022 1937 1094; baseline 0.003 -19"><span class='ocrx_word' id='word_1_63' title='bbox 365 1023 468 1076; x_wconf 91' lang='lat' dir='ltr'><strong>lum</strong></span> <span class='ocrx_word' id='word_1_64' title='bbox 517 1037 676 1091; x_wconf 90' lang='lat' dir='ltr'><strong>quem</strong></span> <span class='ocrx_word' id='word_1_65' title='bbox 719 1022 1008 1078; x_wconf 79' lang='lat' dir='ltr'><strong>defendere</strong></span> <span class='ocrx_word' id='word_1_66' title='bbox 1038 1024 1273 1079; x_wconf 84' lang='lat' dir='ltr'><strong>voluisti.</strong></span> <span class='ocrx_word' id='word_1_67' title='bbox 1324 1024 1419 1080; x_wconf 90' lang='lat' dir='ltr'><strong>Ille</strong></span> <span class='ocrx_word' id='word_1_68' title='bbox 1448 1024 1641 1094; x_wconf 81' lang='lat' dir='ltr'><strong>quippe</strong></span> <span class='ocrx_word' id='word_1_69' title='bbox 1680 1025 1770 1092; x_wconf 90' lang='lat' dir='ltr'><strong>ait,</strong></span> <span class='ocrx_word' id='word_1_70' title='bbox 1804 1023 1937 1079; x_wconf 78' lang='lat' dir='ltr'><strong>Con-</strong></span> 
     </span>
    </p>
   </div>
   <div class='ocr_carea' id='block_1_10' title="bbox 361 1102 1937 1185">
    <p class='ocr_par' dir='ltr' id='par_1_10' title="bbox 361 1102 1937 1185">
     <span class='ocr_line' id='line_1_10' title="bbox 361 1102 1937 1185; baseline 0.004 -21"><span class='ocrx_word' id='word_1_71' title='bbox 361 1113 565 1165; x_wconf 81' lang='lat' dir='ltr'><strong>scientia</strong></span> <span class='ocrx_word' id='word_1_72' title='bbox 614 1112 783 1166; x_wconf 87' lang='lat' dir='ltr'><strong>dantis</strong></span> <span class='ocrx_word' id='word_1_73' title='bbox 817 1102 1123 1179; x_wconf 69' lang='lat' dir='ltr'><strong>attcnditur,</strong></span> <span class='ocrx_word' id='word_1_74' title='bbox 1173 1122 1286 1185; x_wconf 67' lang='lat' dir='ltr'><strong>qum</strong></span> <span class='ocrx_word' id='word_1_75' title='bbox 1330 1110 1505 1168; x_wconf 82' lang='lat' dir='ltr'><strong>abluat</strong></span> <span class='ocrx_word' id='word_1_76' title='bbox 1529 1116 1818 1185; x_wconf 81' lang='lat' dir='ltr'><strong>accipientis</strong></span> <span class='ocrx_word' id='word_1_77' title='bbox 1840 1133 1858 1169; x_wconf 81' lang='lat'><strong>.°</strong></span> <span class='ocrx_word' id='word_1_78' title='bbox 1882 1120 1937 1170; x_wconf 83' lang='lat' dir='ltr'><strong>tu</strong></span> 
     </span>
    </p>
   </div>
   <div class='ocr_carea' id='block_1_11' title="bbox 363 1199 1935 1275">
    <p class='ocr_par' dir='ltr' id='par_1_11' title="bbox 363 1199 1935 1275">
     <span class='ocr_line' id='line_1_11' title="bbox 363 1199 1935 1275; baseline 0.004 -22"><span class='ocrx_word' id='word_1_79' title='bbox 363 1204 486 1254; x_wconf 67' lang='lat' dir='ltr'><strong>Vero</strong></span> <span class='ocrx_word' id='word_1_80' title='bbox 505 1199 697 1267; x_wconf 82' lang='lat' dir='ltr'><strong>lassus,</strong></span> <span class='ocrx_word' id='word_1_81' title='bbox 727 1202 977 1256; x_wconf 86' lang='lat' dir='ltr'><strong>latentem</strong></span> <span class='ocrx_word' id='word_1_82' title='bbox 1003 1204 1380 1258; x_wconf 91' lang='lat' dir='ltr'><strong>conscientiam</strong></span> <span class='ocrx_word' id='word_1_83' title='bbox 1404 1203 1573 1259; x_wconf 86' lang='lat' dir='ltr'><strong>videri</strong></span> <span class='ocrx_word' id='word_1_84' title='bbox 1593 1221 1695 1259; x_wconf 92' lang='lat' dir='ltr'><strong>non</strong></span> <span class='ocrx_word' id='word_1_85' title='bbox 1720 1220 1875 1275; x_wconf 78' lang='lat' dir='ltr'><strong>poSse</strong></span> <span class='ocrx_word' id='word_1_86' title='bbox 1896 1205 1935 1271; x_wconf 76' lang='grc' dir='ltr'><strong>ί,</strong></span> 
     </span>
    </p>
   </div>
   <div class='ocr_carea' id='block_1_12' title="bbox 364 1290 1937 1363">
    <p class='ocr_par' dir='ltr' id='par_1_12' title="bbox 364 1290 1937 1363">
     <span class='ocr_line' id='line_1_12' title="bbox 364 1290 1937 1363; baseline 0.003 -20"><span class='ocrx_word' id='word_1_87' title='bbox 364 1290 438 1345; x_wconf 85' lang='lat' dir='ltr'><strong>sic</strong></span> <span class='ocrx_word' id='word_1_88' title='bbox 466 1305 581 1344; x_wconf 83' lang='lat' dir='ltr'><strong>eam</strong></span> <span class='ocrx_word' id='word_1_89' title='bbox 612 1290 791 1345; x_wconf 75' lang='lat' dir='ltr'><strong>dixisti</strong></span> <span class='ocrx_word' id='word_1_90' title='bbox 815 1291 1036 1356; x_wconf 90' lang='lat' dir='ltr'><strong>attendi,</strong></span> <span class='ocrx_word' id='word_1_91' title='bbox 1064 1303 1122 1345; x_wconf 91' lang='lat' dir='ltr'><strong>ut</strong></span> <span class='ocrx_word' id='word_1_92' title='bbox 1149 1308 1253 1346; x_wconf 90' lang='lat' dir='ltr'><strong>non</strong></span> <span class='ocrx_word' id='word_1_93' title='bbox 1275 1293 1513 1348; x_wconf 88' lang='lat' dir='ltr'><strong>videatur</strong></span> <span class='ocrx_word' id='word_1_94' title='bbox 1539 1293 1674 1363; x_wconf 87' lang='lat' dir='ltr'><strong>ipsa,</strong></span> <span class='ocrx_word' id='word_1_95' title='bbox 1698 1294 1789 1348; x_wconf 85' lang='lat' dir='ltr'><strong>sed</strong></span> <span class='ocrx_word' id='word_1_96' title='bbox 1812 1292 1937 1362; x_wconf 87' lang='lat' dir='ltr'><strong>quid</strong></span> 
     </span>
    </p>
   </div>
   <div class='ocr_carea' id='block_1_13' title="bbox 364 1380 1934 1455">
    <p class='ocr_par' dir='ltr' id='par_1_13' title="bbox 364 1380 1934 1455">
     <span class='ocr_line' id='line_1_13' title="bbox 364 1380 1934 1455; baseline 0.004 -23"><span class='ocrx_word' id='word_1_97' title='bbox 364 1380 428 1434; x_wconf 85' lang='lat' dir='ltr'><strong>de</strong></span> <span class='ocrx_word' id='word_1_98' title='bbox 455 1380 542 1434; x_wconf 87' lang='lat' dir='ltr'><strong>illa</strong></span> <span class='ocrx_word' id='word_1_99' title='bbox 571 1392 751 1434; x_wconf 90' lang='lat' dir='ltr'><strong>notum</strong></span> <span class='ocrx_word' id='word_1_100' title='bbox 779 1382 850 1435; x_wconf 85' lang='lat' dir='ltr'><strong>sit</strong></span> <span class='ocrx_word' id='word_1_101' title='bbox 893 1381 943 1435; x_wconf 90' lang='lat' dir='ltr'><strong>in</strong></span> <span class='ocrx_word' id='word_1_102' title='bbox 970 1383 1176 1453; x_wconf 89' lang='lat' dir='ltr'><strong>publica</strong></span> <span class='ocrx_word' id='word_1_103' title='bbox 1218 1382 1376 1438; x_wconf 77' lang='lat' dir='ltr'><strong>fama.</strong></span> <span class='ocrx_word' id='word_1_104' title='bbox 1428 1383 1581 1440; x_wconf 89' lang='lat' dir='ltr'><strong>Unde</strong></span> <span class='ocrx_word' id='word_1_105' title='bbox 1621 1385 1891 1455; x_wconf 79' lang='lat' dir='ltr'><strong>colligitur</strong></span> <span class='ocrx_word' id='word_1_106' title='bbox 1920 1425 1934 1450; x_wconf 92' lang='lat'><strong>,</strong></span> 
     </span>
    </p>
   </div>
   <div class='ocr_carea' id='block_1_14' title="bbox 367 1469 1939 1541">
    <p class='ocr_par' dir='ltr' id='par_1_14' title="bbox 367 1469 1939 1541">
     <span class='ocr_line' id='line_1_14' title="bbox 367 1469 1939 1541; baseline 0.004 -19"><span class='ocrx_word' id='word_1_107' title='bbox 367 1483 544 1523; x_wconf 88' lang='lat' dir='ltr'><strong>verum</strong></span> <span class='ocrx_word' id='word_1_108' title='bbox 567 1469 676 1538; x_wconf 88' lang='lat' dir='ltr'><strong>jam</strong></span> <span class='ocrx_word' id='word_1_109' title='bbox 722 1483 825 1524; x_wconf 88' lang='lat' dir='ltr'><strong>non</strong></span> <span class='ocrx_word' id='word_1_110' title='bbox 856 1484 976 1525; x_wconf 89' lang='lat' dir='ltr'><strong>esse</strong></span> <span class='ocrx_word' id='word_1_111' title='bbox 1024 1471 1163 1541; x_wconf 88' lang='lat' dir='ltr'><strong>quod</strong></span> <span class='ocrx_word' id='word_1_112' title='bbox 1189 1473 1511 1529; x_wconf 81' lang='lat' dir='ltr'><strong>conscientia</strong></span> <span class='ocrx_word' id='word_1_113' title='bbox 1550 1473 1726 1528; x_wconf 88' lang='lat' dir='ltr'><strong>dantis</strong></span> <span class='ocrx_word' id='word_1_114' title='bbox 1761 1475 1939 1529; x_wconf 88' lang='lat' dir='ltr'><strong>abluat</strong></span> 
     </span>
    </p>
   </div>
   <div class='ocr_carea' id='block_1_15' title="bbox 365 1560 1937 1634">
    <p class='ocr_par' dir='ltr' id='par_1_15' title="bbox 365 1560 1937 1634">
     <span class='ocr_line' id='line_1_15' title="bbox 365 1560 1937 1634; baseline 0.004 -21"><span class='ocrx_word' id='word_1_115' title='bbox 365 1560 668 1629; x_wconf 84' lang='lat' dir='ltr'><strong>accipientis</strong></span> <span class='ocrx_word' id='word_1_116' title='bbox 697 1561 1075 1615; x_wconf 84' lang='lat' dir='ltr'><strong>censcientiam</strong></span> <span class='ocrx_word' id='word_1_117' title='bbox 1098 1579 1113 1616; x_wconf 89' lang='lat'><strong>:</strong></span> <span class='ocrx_word' id='word_1_118' title='bbox 1139 1561 1232 1617; x_wconf 81' lang='lat' dir='ltr'><strong>sed</strong></span> <span class='ocrx_word' id='word_1_119' title='bbox 1257 1562 1393 1617; x_wconf 80' lang='lat' dir='ltr'><strong>fama</strong></span> <span class='ocrx_word' id='word_1_120' title='bbox 1414 1563 1528 1634; x_wconf 81' lang='lat' dir='ltr'><strong>ejus</strong></span> <span class='ocrx_word' id='word_1_121' title='bbox 1552 1564 1720 1619; x_wconf 90' lang='lat' dir='ltr'><strong>abluit</strong></span> <span class='ocrx_word' id='word_1_122' title='bbox 1742 1567 1937 1619; x_wconf 87' lang='lat' dir='ltr'><strong>secun-</strong></span> 
     </span>
    </p>
   </div>
   <div class='ocr_carea' id='block_1_16' title="bbox 366 1647 1941 1725">
    <p class='ocr_par' dir='ltr' id='par_1_16' title="bbox 366 1647 1941 1725">
     <span class='ocr_line' id='line_1_16' title="bbox 366 1647 1941 1725; baseline 0.005 -24"><span class='ocrx_word' id='word_1_123' title='bbox 366 1647 488 1702; x_wconf 89' lang='lat' dir='ltr'><strong>dum</strong></span> <span class='ocrx_word' id='word_1_124' title='bbox 517 1658 601 1713; x_wconf 88' lang='lat' dir='ltr'><strong>te;</strong></span> <span class='ocrx_word' id='word_1_125' title='bbox 634 1662 752 1719; x_wconf 74' lang='lat' dir='ltr'><strong>qua:</strong></span> <span class='ocrx_word' id='word_1_126' title='bbox 796 1649 980 1719; x_wconf 85' lang='lat' dir='ltr'><strong>utique</strong></span> <span class='ocrx_word' id='word_1_127' title='bbox 1022 1650 1156 1706; x_wconf 78' lang='lat' dir='ltr'><strong>fallit</strong></span> <span class='ocrx_word' id='word_1_128' title='bbox 1183 1653 1500 1714; x_wconf 53' lang='lat' dir='ltr'><strong>intuententt</strong></span> <span class='ocrx_word' id='word_1_129' title='bbox 1531 1661 1653 1708; x_wconf 83' lang='lat' dir='ltr'><strong>eum</strong></span> <span class='ocrx_word' id='word_1_130' title='bbox 1682 1655 1747 1710; x_wconf 87' lang='lat' dir='ltr'><strong>de</strong></span> <span class='ocrx_word' id='word_1_131' title='bbox 1774 1655 1941 1725; x_wconf 89' lang='lat' dir='ltr'><strong>pessi-</strong></span> 
     </span>
    </p>
   </div>
   <div class='ocr_carea' id='block_1_17' title="bbox 368 1739 1941 1814">
    <p class='ocr_par' dir='ltr' id='par_1_17' title="bbox 368 1739 1941 1814">
     <span class='ocr_line' id='line_1_17' title="bbox 368 1739 1941 1814; baseline 0.006 -23"><span class='ocrx_word' id='word_1_132' title='bbox 368 1754 454 1792; x_wconf 90' lang='lat' dir='ltr'><strong>mo</strong></span> <span class='ocrx_word' id='word_1_133' title='bbox 481 1739 710 1808; x_wconf 85' lang='lat' dir='ltr'><strong>loquitur</strong></span> <span class='ocrx_word' id='word_1_134' title='bbox 733 1740 893 1806; x_wconf 89' lang='lat' dir='ltr'><strong>bona,</strong></span> <span class='ocrx_word' id='word_1_135' title='bbox 922 1740 990 1795; x_wconf 87' lang='lat' dir='ltr'><strong>de</strong></span> <span class='ocrx_word' id='word_1_136' title='bbox 1012 1741 1261 1797; x_wconf 80' lang='lat' dir='ltr'><strong>adultero</strong></span> <span class='ocrx_word' id='word_1_137' title='bbox 1287 1753 1459 1809; x_wconf 72' lang='lat' dir='ltr'><strong>casu,</strong></span> <span class='ocrx_word' id='word_1_138' title='bbox 1479 1743 1547 1798; x_wconf 91' lang='lat' dir='ltr'><strong>de</strong></span> <span class='ocrx_word' id='word_1_139' title='bbox 1571 1745 1828 1814; x_wconf 82' lang='lat' dir='ltr'><strong>sacrilego</strong></span> <span class='ocrx_word' id='word_1_140' title='bbox 1856 1759 1941 1800; x_wconf 90' lang='lat' dir='ltr'><strong>re-</strong></span> 
     </span>
    </p>
   </div>
   <div class='ocr_carea' id='block_1_18' title="bbox 370 1830 1938 1904">
    <p class='ocr_par' dir='ltr' id='par_1_18' title="bbox 370 1830 1938 1904">
     <span class='ocr_line' id='line_1_18' title="bbox 370 1830 1938 1904; baseline 0.003 -21"><span class='ocrx_word' id='word_1_141' title='bbox 370 1831 570 1901; x_wconf 84' lang='lat' dir='ltr'><strong>ligiosa.</strong></span> <span class='ocrx_word' id='word_1_142' title='bbox 601 1830 750 1887; x_wconf 85' lang='lat' dir='ltr'><strong>Tunc</strong></span> <span class='ocrx_word' id='word_1_143' title='bbox 779 1832 925 1887; x_wconf 89' lang='lat' dir='ltr'><strong>enim</strong></span> <span class='ocrx_word' id='word_1_144' title='bbox 948 1833 1141 1899; x_wconf 79' lang='lat' dir='ltr'><strong>abluit,</strong></span> <span class='ocrx_word' id='word_1_145' title='bbox 1180 1834 1392 1904; x_wconf 81' lang='lat' dir='ltr'><strong>quando</strong></span> <span class='ocrx_word' id='word_1_146' title='bbox 1424 1836 1696 1890; x_wconf 86' lang='lat' dir='ltr'><strong>mentitur.</strong></span> <span class='ocrx_word' id='word_1_147' title='bbox 1720 1834 1853 1890; x_wconf 77' lang='lat' dir='ltr'><strong>Nam</strong></span> <span class='ocrx_word' id='word_1_148' title='bbox 1894 1835 1938 1890; x_wconf 90' lang='lat' dir='ltr'><strong>si</strong></span> 
     </span>
    </p>
   </div>
   <div class='ocr_carea' id='block_1_19' title="bbox 368 1921 1939 1995">
    <p class='ocr_par' dir='ltr' id='par_1_19' title="bbox 368 1921 1939 1995">
     <span class='ocr_line' id='line_1_19' title="bbox 368 1921 1939 1995; baseline 0.003 -19"><span class='ocrx_word' id='word_1_149' title='bbox 368 1921 436 1976; x_wconf 79' lang='lat' dir='ltr'><strong>tle</strong></span> <span class='ocrx_word' id='word_1_150' title='bbox 458 1923 668 1976; x_wconf 88' lang='lat' dir='ltr'><strong>occulto</strong></span> <span class='ocrx_word' id='word_1_151' title='bbox 704 1923 964 1978; x_wconf 88' lang='lat' dir='ltr'><strong>scelerato</strong></span> <span class='ocrx_word' id='word_1_152' title='bbox 992 1922 1131 1978; x_wconf 76' lang='lat' dir='ltr'><strong>fama</strong></span> <span class='ocrx_word' id='word_1_153' title='bbox 1167 1931 1350 1979; x_wconf 83' lang='lat' dir='ltr'><strong>verum</strong></span> <span class='ocrx_word' id='word_1_154' title='bbox 1388 1926 1653 1995; x_wconf 83' lang='lat' dir='ltr'><strong>loquatur,</strong></span> <span class='ocrx_word' id='word_1_155' title='bbox 1680 1936 1804 1980; x_wconf 91' lang='lat' dir='ltr'><strong>tunc</strong></span> <span class='ocrx_word' id='word_1_156' title='bbox 1831 1941 1939 1980; x_wconf 86' lang='lat' dir='ltr'><strong>non</strong></span> 
     </span>
    </p>
   </div>
   <div class='ocr_carea' id='block_1_20' title="bbox 371 2013 1940 2086">
    <p class='ocr_par' dir='ltr' id='par_1_20' title="bbox 371 2013 1940 2086">
     <span class='ocr_line' id='line_1_20' title="bbox 371 2013 1940 2086; baseline 0.002 -19"><span class='ocrx_word' id='word_1_157' title='bbox 371 2013 559 2078; x_wconf 87' lang='lat' dir='ltr'><strong>abluit,</strong></span> <span class='ocrx_word' id='word_1_158' title='bbox 590 2013 682 2068; x_wconf 87' lang='lat' dir='ltr'><strong>sed</strong></span> <span class='ocrx_word' id='word_1_159' title='bbox 711 2014 938 2083; x_wconf 76' lang='lat' dir='ltr'><strong>maculat</strong></span> <span class='ocrx_word' id='word_1_160' title='bbox 967 2029 1088 2068; x_wconf 89' lang='lat' dir='ltr'><strong>eum</strong></span> <span class='ocrx_word' id='word_1_161' title='bbox 1127 2016 1216 2084; x_wconf 86' lang='lat' dir='ltr'><strong>qui</strong></span> <span class='ocrx_word' id='word_1_162' title='bbox 1246 2015 1313 2070; x_wconf 89' lang='lat' dir='ltr'><strong>ab</strong></span> <span class='ocrx_word' id='word_1_163' title='bbox 1358 2016 1451 2070; x_wconf 89' lang='lat' dir='ltr'><strong>illo</strong></span> <span class='ocrx_word' id='word_1_164' title='bbox 1467 2016 1731 2085; x_wconf 78' lang='lat' dir='ltr'><strong>acceperit</strong></span> <span class='ocrx_word' id='word_1_165' title='bbox 1758 2016 1940 2086; x_wconf 84' lang='lat' dir='ltr'><strong>Bapti-</strong></span> 
     </span>
    </p>
   </div>
   <div class='ocr_carea' id='block_1_21' title="bbox 372 2105 1941 2177">
    <p class='ocr_par' dir='ltr' id='par_1_21' title="bbox 372 2105 1941 2177">
     <span class='ocr_line' id='line_1_21' title="bbox 372 2105 1941 2177; baseline 0.001 -17"><span class='ocrx_word' id='word_1_166' title='bbox 372 2120 563 2161; x_wconf 87' lang='lat' dir='ltr'><strong>sunnn.</strong></span> <span class='ocrx_word' id='word_1_167' title='bbox 599 2109 675 2161; x_wconf 78' lang='lat' dir='ltr'><strong>Ac</strong></span> <span class='ocrx_word' id='word_1_168' title='bbox 713 2122 808 2176; x_wconf 85' lang='lat' dir='ltr'><strong>per</strong></span> <span class='ocrx_word' id='word_1_169' title='bbox 835 2105 936 2160; x_wconf 84' lang='lat' dir='ltr'><strong>hoc</strong></span> <span class='ocrx_word' id='word_1_170' title='bbox 990 2105 1127 2160; x_wconf 81' lang='lat' dir='ltr'><strong>fama</strong></span> <span class='ocrx_word' id='word_1_171' title='bbox 1175 2107 1273 2173; x_wconf 82' lang='lat' dir='ltr'><strong>ista</strong></span> <span class='ocrx_word' id='word_1_172' title='bbox 1298 2148 1313 2172; x_wconf 91' lang='lat'><strong>,</strong></span> <span class='ocrx_word' id='word_1_173' title='bbox 1345 2121 1501 2176; x_wconf 89' lang='lat' dir='ltr'><strong>quam</strong></span> <span class='ocrx_word' id='word_1_174' title='bbox 1532 2110 1808 2177; x_wconf 79' lang='lat' dir='ltr'><strong>patronam</strong></span> <span class='ocrx_word' id='word_1_175' title='bbox 1835 2116 1941 2161; x_wconf 90' lang='lat' dir='ltr'><strong>tam</strong></span> 
     </span>
    </p>
   </div>
   <div class='ocr_carea' id='block_1_22' title="bbox 372 2198 1943 2269">
    <p class='ocr_par' dir='ltr' id='par_1_22' title="bbox 372 2198 1943 2269">
     <span class='ocr_line' id='line_1_22' title="bbox 372 2198 1943 2269; baseline -0.001 -16"><span class='ocrx_word' id='word_1_176' title='bbox 372 2202 525 2253; x_wconf 78' lang='lat' dir='ltr'><strong>malm</strong></span> <span class='ocrx_word' id='word_1_177' title='bbox 552 2213 728 2253; x_wconf 71' lang='lat' dir='ltr'><strong>causa:</strong></span> <span class='ocrx_word' id='word_1_178' title='bbox 770 2198 1025 2254; x_wconf 87' lang='lat' dir='ltr'><strong>adbibere</strong></span> <span class='ocrx_word' id='word_1_179' title='bbox 1047 2198 1261 2253; x_wconf 83' lang='lat' dir='ltr'><strong>voluisti</strong></span> <span class='ocrx_word' id='word_1_180' title='bbox 1291 2239 1306 2264; x_wconf 92' lang='lat'><strong>,</strong></span> <span class='ocrx_word' id='word_1_181' title='bbox 1339 2199 1457 2253; x_wconf 89' lang='lat' dir='ltr'><strong>vide</strong></span> <span class='ocrx_word' id='word_1_182' title='bbox 1481 2200 1650 2269; x_wconf 79' lang='lat' dir='ltr'><strong>qualis</strong></span> <span class='ocrx_word' id='word_1_183' title='bbox 1676 2201 1779 2262; x_wconf 90' lang='lat' dir='ltr'><strong>sit,</strong></span> <span class='ocrx_word' id='word_1_184' title='bbox 1823 2200 1943 2268; x_wconf 64' lang='lat' dir='ltr'><strong>(tua:</strong></span> 
     </span>
    </p>
   </div>
   <div class='ocr_carea' id='block_1_23' title="bbox 376 2287 1943 2358">
    <p class='ocr_par' dir='ltr' id='par_1_23' title="bbox 376 2287 1943 2358">
     <span class='ocr_line' id='line_1_23' title="bbox 376 2287 1943 2358; baseline 0.003 -19"><span class='ocrx_word' id='word_1_185' title='bbox 376 2288 603 2341; x_wconf 77' lang='lat' dir='ltr'><strong>mendas</strong></span> <span class='ocrx_word' id='word_1_186' title='bbox 636 2287 843 2354; x_wconf 87' lang='lat' dir='ltr'><strong>abluit,</strong></span> <span class='ocrx_word' id='word_1_187' title='bbox 871 2297 923 2342; x_wconf 92' lang='lat' dir='ltr'><strong>et</strong></span> <span class='ocrx_word' id='word_1_188' title='bbox 948 2300 1107 2342; x_wconf 81' lang='lat' dir='ltr'><strong>verax</strong></span> <span class='ocrx_word' id='word_1_189' title='bbox 1137 2289 1322 2358; x_wconf 88' lang='lat' dir='ltr'><strong>polluit</strong></span> <span class='ocrx_word' id='word_1_190' title='bbox 1355 2306 1367 2341; x_wconf 92' lang='lat'><strong>:</strong></span> <span class='ocrx_word' id='word_1_191' title='bbox 1398 2297 1457 2342; x_wconf 92' lang='lat' dir='ltr'><strong>ut</strong></span> <span class='ocrx_word' id='word_1_192' title='bbox 1494 2289 1697 2343; x_wconf 86' lang='lat' dir='ltr'><strong>scilicet</strong></span> <span class='ocrx_word' id='word_1_193' title='bbox 1723 2287 1943 2343; x_wconf 81' lang='lat' dir='ltr'><strong>miriﬁca</strong></span> 
     </span>
    </p>
   </div>
   <div class='ocr_carea' id='block_1_24' title="bbox 379 2364 1981 2447">
    <p class='ocr_par' dir='ltr' id='par_1_24' title="bbox 379 2364 1981 2447">
     <span class='ocr_line' id='line_1_24' title="bbox 379 2364 1981 2447; baseline 0.001 -19"><span class='ocrx_word' id='word_1_194' title='bbox 379 2388 466 2430; x_wconf 86' lang='lat' dir='ltr'><strong>tua</strong></span> <span class='ocrx_word' id='word_1_195' title='bbox 495 2376 876 2446; x_wconf 63' lang='lat' dir='ltr'><strong>disputatione,</strong></span> <span class='ocrx_word' id='word_1_196' title='bbox 904 2386 1027 2431; x_wconf 88' lang='lat' dir='ltr'><strong>tunc</strong></span> <span class='ocrx_word' id='word_1_197' title='bbox 1052 2377 1190 2447; x_wconf 89' lang='lat' dir='ltr'><strong>apud</strong></span> <span class='ocrx_word' id='word_1_198' title='bbox 1213 2391 1331 2431; x_wconf 90' lang='lat' dir='ltr'><strong>eam</strong></span> <span class='ocrx_word' id='word_1_199' title='bbox 1356 2372 1378 2408; x_wconf 70' lang='lat'>&#39;</span> <span class='ocrx_word' id='word_1_200' title='bbox 1402 2391 1505 2431; x_wconf 91' lang='lat' dir='ltr'><strong>non</strong></span> <span class='ocrx_word' id='word_1_201' title='bbox 1540 2376 1610 2431; x_wconf 86' lang='lat' dir='ltr'><strong>sit</strong></span> <span class='ocrx_word' id='word_1_202' title='bbox 1633 2391 1767 2447; x_wconf 86' lang='lat' dir='ltr'><strong>aqua</strong></span> <span class='ocrx_word' id='word_1_203' title='bbox 1796 2392 1944 2432; x_wconf 81' lang='lat' dir='ltr'><strong>nten-</strong></span> <span class='ocrx_word' id='word_1_204' title='bbox 1966 2364 1981 2377; x_wconf 83' lang='grc'><em>’</em></span> 
     </span>
    </p>
   </div>
   <div class='ocr_carea' id='block_1_25' title="bbox 382 2466 1242 2536">
    <p class='ocr_par' dir='ltr' id='par_1_25' title="bbox 382 2466 1242 2536">
     <span class='ocr_line' id='line_1_25' title="bbox 382 2466 1242 2536; baseline -0.001 -16"><span class='ocrx_word' id='word_1_205' title='bbox 382 2466 508 2531; x_wconf 77' lang='lat' dir='ltr'><strong>das,</strong></span> <span class='ocrx_word' id='word_1_206' title='bbox 535 2467 744 2535; x_wconf 76' lang='lat' dir='ltr'><strong>quando</strong></span> <span class='ocrx_word' id='word_1_207' title='bbox 764 2466 875 2536; x_wconf 86' lang='lat' dir='ltr'><strong>ipsa</strong></span> <span class='ocrx_word' id='word_1_208' title='bbox 904 2467 970 2521; x_wconf 88' lang='lat' dir='ltr'><strong>sit</strong></span> <span class='ocrx_word' id='word_1_209' title='bbox 993 2466 1242 2521; x_wconf 80' lang='lat' dir='ltr'><strong>mendax.</strong></span> 
     </span>
    </p>
   </div>
   <div class='ocr_carea' id='block_1_26' title="bbox 448 2552 1946 2625">
    <p class='ocr_par' dir='ltr' id='par_1_26' title="bbox 448 2552 1946 2625">
     <span class='ocr_line' id='line_1_26' title="bbox 448 2552 1946 2625; baseline -0.003 -14"><span class='ocrx_word' id='word_1_210' title='bbox 448 2556 674 2612; x_wconf 81' lang='lat' dir='ltr'><strong>CAPUT</strong></span> <span class='ocrx_word' id='word_1_211' title='bbox 699 2554 838 2611; x_wconf 78' lang='lat' dir='ltr'>XIII.</span> <span class='ocrx_word' id='word_1_212' title='bbox 859 2586 930 2596; x_wconf 91' lang='lat'><strong>-—-</strong></span> <span class='ocrx_word' id='word_1_213' title='bbox 951 2557 1037 2611; x_wconf 83' lang='lat' dir='ltr'><strong>I5.</strong></span> <span class='ocrx_word' id='word_1_214' title='bbox 1084 2556 1189 2612; x_wconf 80' lang='lat' dir='ltr'><strong>Sed</strong></span> <span class='ocrx_word' id='word_1_215' title='bbox 1226 2554 1351 2625; x_wconf 90' lang='lat' dir='ltr'><strong>quid</strong></span> <span class='ocrx_word' id='word_1_216' title='bbox 1381 2553 1505 2610; x_wconf 84' lang='lat' dir='ltr'><strong>hinc</strong></span> <span class='ocrx_word' id='word_1_217' title='bbox 1543 2568 1674 2625; x_wconf 86' lang='lat' dir='ltr'><strong>Opus</strong></span> <span class='ocrx_word' id='word_1_218' title='bbox 1702 2562 1784 2609; x_wconf 91' lang='lat' dir='ltr'><strong>est</strong></span> <span class='ocrx_word' id='word_1_219' title='bbox 1826 2552 1946 2607; x_wconf 91' lang='lat' dir='ltr'><strong>diu-</strong></span> 
     </span>
    </p>
   </div>
   <div class='ocr_carea' id='block_1_27' title="bbox 375 2640 1945 2716">
    <p class='ocr_par' dir='ltr' id='par_1_27' title="bbox 375 2640 1945 2716">
     <span class='ocr_line' id='line_1_27' title="bbox 375 2640 1945 2716; baseline -0.002 -17"><span class='ocrx_word' id='word_1_220' title='bbox 375 2640 480 2699; x_wconf 80' lang='lat' dir='ltr'><strong>tius</strong></span> <span class='ocrx_word' id='word_1_221' title='bbox 508 2645 674 2716; x_wconf 86' lang='lat' dir='ltr'><strong>loqui,</strong></span> <span class='ocrx_word' id='word_1_222' title='bbox 705 2661 829 2701; x_wconf 89' lang='lat' dir='ltr'><strong>cum</strong></span> <span class='ocrx_word' id='word_1_223' title='bbox 859 2645 1154 2701; x_wconf 83' lang='lat' dir='ltr'><strong>Felicianus</strong></span> <span class='ocrx_word' id='word_1_224' title='bbox 1175 2644 1333 2701; x_wconf 85' lang='lat' dir='ltr'><strong>hodie</strong></span> <span class='ocrx_word' id='word_1_225' title='bbox 1357 2645 1542 2701; x_wconf 90' lang='lat' dir='ltr'><strong>sedeat</strong></span> <span class='ocrx_word' id='word_1_226' title='bbox 1567 2645 1706 2699; x_wconf 90' lang='lat' dir='ltr'><strong>inter</strong></span> <span class='ocrx_word' id='word_1_227' title='bbox 1731 2643 1945 2712; x_wconf 83' lang='lat' dir='ltr'><strong>episco-</strong></span> 
     </span>
    </p>
   </div>
   <div class='ocr_carea' id='block_1_28' title="bbox 376 2733 1949 2808">
    <p class='ocr_par' dir='ltr' id='par_1_28' title="bbox 376 2733 1949 2808">
     <span class='ocr_line' id='line_1_28' title="bbox 376 2733 1949 2808; baseline -0.003 -16"><span class='ocrx_word' id='word_1_228' title='bbox 376 2751 477 2808; x_wconf 86' lang='lat' dir='ltr'><strong>pos</strong></span> <span class='ocrx_word' id='word_1_229' title='bbox 500 2748 728 2804; x_wconf 77' lang='lat' dir='ltr'><strong>vestros,</strong></span> <span class='ocrx_word' id='word_1_230' title='bbox 756 2738 987 2806; x_wconf 90' lang='lat' dir='ltr'><strong>quicum</strong></span> <span class='ocrx_word' id='word_1_231' title='bbox 1009 2736 1075 2791; x_wconf 89' lang='lat' dir='ltr'><strong>ab</strong></span> <span class='ocrx_word' id='word_1_232' title='bbox 1100 2736 1179 2792; x_wconf 88' lang='lat' dir='ltr'><strong>eis</strong></span> <span class='ocrx_word' id='word_1_233' title='bbox 1200 2737 1496 2804; x_wconf 70' lang='lat' dir='ltr'><strong>disiunctus</strong></span> <span class='ocrx_word' id='word_1_234' title='bbox 1522 2744 1686 2801; x_wconf 87' lang='lat' dir='ltr'><strong>esset,</strong></span> <span class='ocrx_word' id='word_1_235' title='bbox 1711 2745 1765 2789; x_wconf 89' lang='lat' dir='ltr'><strong>et</strong></span> <span class='ocrx_word' id='word_1_236' title='bbox 1786 2733 1949 2788; x_wconf 81' lang='lat' dir='ltr'><strong>Maxi-</strong></span> 
     </span>
    </p>
   </div>
   <div class='ocr_carea' id='block_1_29' title="bbox 379 2827 1949 2898">
    <p class='ocr_par' dir='ltr' id='par_1_29' title="bbox 379 2827 1949 2898">
     <span class='ocr_line' id='line_1_29' title="bbox 379 2827 1949 2898; baseline -0.003 -13"><span class='ocrx_word' id='word_1_237' title='bbox 379 2830 561 2885; x_wconf 83' lang='lat' dir='ltr'><strong>miano</strong></span> <span class='ocrx_word' id='word_1_238' title='bbox 599 2829 650 2883; x_wconf 88' lang='lat' dir='ltr'><strong>itt</strong></span> <span class='ocrx_word' id='word_1_239' title='bbox 695 2837 881 2884; x_wconf 86' lang='lat' dir='ltr'><strong>catena</strong></span> <span class='ocrx_word' id='word_1_240' title='bbox 928 2828 1191 2898; x_wconf 80' lang='lat' dir='ltr'><strong>sacrilegii</strong></span> <span class='ocrx_word' id='word_1_241' title='bbox 1239 2827 1556 2892; x_wconf 70' lang='lat' dir='ltr'><strong>coltmreret,</strong></span> <span class='ocrx_word' id='word_1_242' title='bbox 1585 2839 1949 2896; x_wconf 90' lang='lat' dir='ltr'><strong>quoscumque</strong></span> 
     </span>
    </p>
   </div>
   <div class='ocr_carea' id='block_1_30' title="bbox 378 2916 1947 2988">
    <p class='ocr_par' dir='ltr' id='par_1_30' title="bbox 378 2916 1947 2988">
     <span class='ocr_line' id='line_1_30' title="bbox 378 2916 1947 2988; baseline -0.003 -15"><span class='ocrx_word' id='word_1_243' title='bbox 378 2920 704 2988; x_wconf 75' lang='lat' dir='ltr'><strong>baptizavit,</strong></span> <span class='ocrx_word' id='word_1_244' title='bbox 745 2934 901 2973; x_wconf 87' lang='lat' dir='ltr'><strong>nemo</strong></span> <span class='ocrx_word' id='word_1_245' title='bbox 946 2928 1065 2988; x_wconf 89' lang='lat' dir='ltr'><strong>post</strong></span> <span class='ocrx_word' id='word_1_246' title='bbox 1110 2935 1232 2973; x_wconf 89' lang='lat' dir='ltr'><strong>eum</strong></span> <span class='ocrx_word' id='word_1_247' title='bbox 1285 2916 1670 2988; x_wconf 85' lang='lat' dir='ltr'><strong>rebaptizavit‘l</strong></span> <span class='ocrx_word' id='word_1_248' title='bbox 1698 2917 1891 2984; x_wconf 84' lang='lat' dir='ltr'><strong>Qua-ro</strong></span> <span class='ocrx_word' id='word_1_249' title='bbox 1919 2931 1947 2969; x_wconf 87' lang='lat' dir='ltr'><strong>a</strong></span> 
     </span>
    </p>
   </div>
   <div class='ocr_carea' id='block_1_31' title="bbox 377 3007 1942 3079">
    <p class='ocr_par' dir='ltr' id='par_1_31' title="bbox 377 3007 1942 3079">
     <span class='ocr_line' id='line_1_31' title="bbox 377 3007 1942 3079; baseline -0.003 -16"><span class='ocrx_word' id='word_1_250' title='bbox 377 3011 637 3065; x_wconf 68' lang='lat' dir='ltr'><strong>Petiliano</strong></span> <span class='ocrx_word' id='word_1_251' title='bbox 678 3010 975 3079; x_wconf 75' lang='lat' dir='ltr'><strong>cuiusmodi</strong></span> <span class='ocrx_word' id='word_1_252' title='bbox 1005 3009 1245 3064; x_wconf 78' lang='lat' dir='ltr'><strong>habuerit</strong></span> <span class='ocrx_word' id='word_1_253' title='bbox 1267 3018 1389 3065; x_wconf 91' lang='lat' dir='ltr'><strong>tunc</strong></span> <span class='ocrx_word' id='word_1_254' title='bbox 1417 3009 1503 3063; x_wconf 92' lang='lat' dir='ltr'><strong>ille</strong></span> <span class='ocrx_word' id='word_1_255' title='bbox 1533 3007 1942 3063; x_wconf 80' lang='lat' dir='ltr'><strong>conscientiam.</strong></span> 
     </span>
    </p>
   </div>
   <div class='ocr_carea' id='block_1_32' title="bbox 379 3097 1948 3169">
    <p class='ocr_par' dir='ltr' id='par_1_32' title="bbox 379 3097 1948 3169">
     <span class='ocr_line' id='line_1_32' title="bbox 379 3097 1948 3169; baseline -0.003 -15"><span class='ocrx_word' id='word_1_256' title='bbox 379 3098 441 3154; x_wconf 75' lang='lat' dir='ltr'><strong>Ei</strong></span> <span class='ocrx_word' id='word_1_257' title='bbox 484 3100 599 3168; x_wconf 84' lang='lat' dir='ltr'><strong>lego</strong></span> <span class='ocrx_word' id='word_1_258' title='bbox 647 3099 918 3153; x_wconf 85' lang='lat' dir='ltr'><strong>decretqu</strong></span> <span class='ocrx_word' id='word_1_259' title='bbox 963 3100 1267 3169; x_wconf 84' lang='lat' dir='ltr'><strong>Bagaiensis</strong></span> <span class='ocrx_word' id='word_1_260' title='bbox 1316 3098 1546 3161; x_wconf 87' lang='lat' dir='ltr'><strong>concilii,</strong></span> <span class='ocrx_word' id='word_1_261' title='bbox 1588 3097 1672 3151; x_wconf 92' lang='lat' dir='ltr'><strong>ubi</strong></span> <span class='ocrx_word' id='word_1_262' title='bbox 1695 3099 1948 3167; x_wconf 86' lang='lat' dir='ltr'><strong>scriptum</strong></span> 
     </span>
    </p>
   </div>
   <div class='ocr_carea' id='block_1_33' title="bbox 376 3187 1951 3257">
    <p class='ocr_par' dir='ltr' id='par_1_33' title="bbox 376 3187 1951 3257">
     <span class='ocr_line' id='line_1_33' title="bbox 376 3187 1951 3257; baseline -0.001 -15"><span class='ocrx_word' id='word_1_263' title='bbox 376 3199 499 3242; x_wconf 87' lang='lat' dir='ltr'><strong>est:</strong></span> <span class='ocrx_word' id='word_1_264' title='bbox 527 3187 633 3241; x_wconf 82' lang='lat' dir='ltr'><strong>Nec</strong></span> <span class='ocrx_word' id='word_1_265' title='bbox 664 3188 826 3241; x_wconf 87' lang='lat' dir='ltr'><strong>solum</strong></span> <span class='ocrx_word' id='word_1_266' title='bbox 868 3188 1000 3240; x_wconf 81' lang='lat' dir='ltr'><strong>hunc</strong></span> <span class='ocrx_word' id='word_1_267' title='bbox 1043 3188 1238 3241; x_wconf 75' lang='lat' dir='ltr'><strong>sceleris</strong></span> <span class='ocrx_word' id='word_1_268' title='bbox 1274 3188 1351 3240; x_wconf 85' lang='lat' dir='ltr'><strong>sui</strong></span> <span class='ocrx_word' id='word_1_269' title='bbox 1397 3205 1539 3255; x_wconf 56' lang='grc' dir='ltr'><strong>,τηου-ε</strong></span> <span class='ocrx_word' id='word_1_270' title='bbox 1577 3188 1718 3257; x_wconf 85' lang='lat' dir='ltr'><strong>jnsta</strong></span> <span class='ocrx_word' id='word_1_271' title='bbox 1764 3187 1951 3241; x_wconf 86' lang='lat' dir='ltr'><strong>condc-</strong></span> 
     </span>
    </p>
   </div>
   <div class='ocr_carea' id='block_1_34' title="bbox 381 3269 1951 3338">
    <p class='ocr_par' dir='ltr' id='par_1_34' title="bbox 381 3269 1951 3338">
     <span class='ocr_line' id='line_1_34' title="bbox 381 3269 1951 3338; baseline -0.001 -15"><span class='ocrx_word' id='word_1_272' title='bbox 381 3283 524 3324; x_wconf 76' lang='lat' dir='ltr'><strong>innat</strong></span> <span class='ocrx_word' id='word_1_273' title='bbox 550 3287 570 3336; x_wconf 88' lang='lat'><strong><em>;</em></strong></span> <span class='ocrx_word' id='word_1_274' title='bbox 599 3270 752 3322; x_wconf 82' lang='lat' dir='ltr'><strong>trahit</strong></span> <span class='ocrx_word' id='word_1_275' title='bbox 778 3271 925 3323; x_wconf 89' lang='lat' dir='ltr'><strong>etiam</strong></span> <span class='ocrx_word' id='word_1_276' title='bbox 953 3271 1021 3322; x_wconf 90' lang='lat' dir='ltr'><strong>ad</strong></span> <span class='ocrx_word' id='word_1_277' title='bbox 1045 3271 1348 3323; x_wconf 80' lang='lat' dir='ltr'><strong>consortium</strong></span> <span class='ocrx_word' id='word_1_278' title='bbox 1367 3270 1589 3324; x_wconf 79' lang='lat' dir='ltr'><strong>criminis</strong></span> <span class='ocrx_word' id='word_1_279' title='bbox 1609 3269 1849 3338; x_wconf 77' lang='lat' dir='ltr'><strong>plurimos</strong></span> <span class='ocrx_word' id='word_1_280' title='bbox 1863 3285 1951 3321; x_wconf 89' lang='lat' dir='ltr'><strong>ca-</strong></span> 
     </span>
    </p>
   </div>
   <div class='ocr_carea' id='block_1_35' title="bbox 377 3357 1950 3429">
    <p class='ocr_par' dir='ltr' id='par_1_35' title="bbox 377 3357 1950 3429">
     <span class='ocr_line' id='line_1_35' title="bbox 377 3357 1950 3429; baseline -0.003 -15"><span class='ocrx_word' id='word_1_281' title='bbox 377 3372 498 3414; x_wconf 84' lang='lat' dir='ltr'><strong>tena</strong></span> <span class='ocrx_word' id='word_1_282' title='bbox 514 3359 788 3428; x_wconf 78' lang='lat' dir='ltr'><strong>sacrilegii,</strong></span> <span class='ocrx_word' id='word_1_283' title='bbox 817 3360 880 3412; x_wconf 77' lang='lat' dir='ltr'><strong>de</strong></span> <span class='ocrx_word' id='word_1_284' title='bbox 902 3359 1078 3429; x_wconf 77' lang='lat' dir='ltr'><strong>quibus</strong></span> <span class='ocrx_word' id='word_1_285' title='bbox 1107 3360 1347 3429; x_wconf 87' lang='lat' dir='ltr'><strong>scriptum</strong></span> <span class='ocrx_word' id='word_1_286' title='bbox 1368 3368 1457 3424; x_wconf 83' lang='lat' dir='ltr'><strong>est,</strong></span> <span class='ocrx_word' id='word_1_287' title='bbox 1478 3375 1497 3409; x_wconf 88' lang='grc' dir='ltr'><strong>ι</strong></span> <span class='ocrx_word' id='word_1_288' title='bbox 1534 3357 1785 3412; x_wconf 77' lang='lat' dir='ltr'><strong>Venenum</strong></span> <span class='ocrx_word' id='word_1_289' title='bbox 1810 3358 1950 3427; x_wconf 84' lang='lat' dir='ltr'><strong>aspi-</strong></span> 
     </span>
    </p>
   </div>
   <div class='ocr_carea' id='block_1_36' title="bbox 378 3447 1953 3518">
    <p class='ocr_par' dir='ltr' id='par_1_36' title="bbox 378 3447 1953 3518">
     <span class='ocr_line' id='line_1_36' title="bbox 378 3447 1953 3518; baseline 0.001 -19"><span class='ocrx_word' id='word_1_290' title='bbox 378 3450 507 3500; x_wconf 81' lang='lat' dir='ltr'><strong>dum</strong></span> <span class='ocrx_word' id='word_1_291' title='bbox 525 3448 618 3500; x_wconf 91' lang='lat' dir='ltr'><strong>sub</strong></span> <span class='ocrx_word' id='word_1_292' title='bbox 646 3447 797 3500; x_wconf 86' lang='lat' dir='ltr'><strong>labiis</strong></span> <span class='ocrx_word' id='word_1_293' title='bbox 823 3463 1015 3514; x_wconf 79' lang='lat' dir='ltr'><strong>eorum,</strong></span> <span class='ocrx_word' id='word_1_294' title='bbox 1037 3464 1249 3518; x_wconf 81' lang='lat' dir='ltr'><strong>quorum</strong></span> <span class='ocrx_word' id='word_1_295' title='bbox 1274 3465 1329 3502; x_wconf 90' lang='lat' dir='ltr'><strong>os</strong></span> <span class='ocrx_word' id='word_1_296' title='bbox 1370 3448 1718 3502; x_wconf 84' lang='lat' dir='ltr'><strong>maledictione</strong></span> <span class='ocrx_word' id='word_1_297' title='bbox 1738 3459 1786 3502; x_wconf 85' lang='lat' dir='ltr'><strong>ct</strong></span> <span class='ocrx_word' id='word_1_298' title='bbox 1814 3464 1953 3501; x_wconf 78' lang='lat' dir='ltr'><strong>aina-</strong></span> 
     </span>
    </p>
   </div>
   <div class='ocr_carea' id='block_1_37' title="bbox 378 3538 1952 3609">
    <p class='ocr_par' dir='ltr' id='par_1_37' title="bbox 378 3538 1952 3609">
     <span class='ocr_line' id='line_1_37' title="bbox 378 3538 1952 3609; baseline 0.002 -18"><span class='ocrx_word' id='word_1_299' title='bbox 378 3538 602 3591; x_wconf 83' lang='lat' dir='ltr'><strong>ritudinc</strong></span> <span class='ocrx_word' id='word_1_300' title='bbox 628 3538 828 3607; x_wconf 82' lang='lat' dir='ltr'><strong>plenum</strong></span> <span class='ocrx_word' id='word_1_301' title='bbox 867 3550 939 3592; x_wconf 83' lang='lat' dir='ltr'><strong>est</strong></span> <span class='ocrx_word' id='word_1_302' title='bbox 978 3558 997 3591; x_wconf 76' lang='grc' dir='ltr'><strong>ι</strong></span> <span class='ocrx_word' id='word_1_303' title='bbox 1033 3538 1203 3606; x_wconf 88' lang='lat' dir='ltr'><strong>(Psal.</strong></span> <span class='ocrx_word' id='word_1_304' title='bbox 1246 3554 1360 3605; x_wconf 81' lang='lat' dir='ltr'><strong>xm,</strong></span> <span class='ocrx_word' id='word_1_305' title='bbox 1394 3539 1429 3594; x_wconf 77' lang='lat'><strong>3</strong></span> <span class='ocrx_word' id='word_1_306' title='bbox 1452 3541 1494 3609; x_wconf 92' lang='lat'><strong>).</strong></span> <span class='ocrx_word' id='word_1_307' title='bbox 1525 3539 1666 3594; x_wconf 87' lang='lat' dir='ltr'><strong>Inter</strong></span> <span class='ocrx_word' id='word_1_308' title='bbox 1688 3539 1783 3594; x_wconf 88' lang='lat' dir='ltr'><strong>bos</strong></span> <span class='ocrx_word' id='word_1_309' title='bbox 1811 3540 1952 3594; x_wconf 89' lang='lat' dir='ltr'><strong>enim</strong></span> 
     </span>
    </p>
   </div>
   <div class='ocr_carea' id='block_1_38' title="bbox 383 3628 1954 3701">
    <p class='ocr_par' dir='ltr' id='par_1_38' title="bbox 383 3628 1954 3701">
     <span class='ocr_line' id='line_1_38' title="bbox 383 3628 1954 3701; baseline 0.003 -19"><span class='ocrx_word' id='word_1_310' title='bbox 383 3629 646 3697; x_wconf 86' lang='lat' dir='ltr'><strong>plurimos</strong></span> <span class='ocrx_word' id='word_1_311' title='bbox 695 3631 852 3683; x_wconf 86' lang='lat' dir='ltr'><strong>etiam</strong></span> <span class='ocrx_word' id='word_1_312' title='bbox 895 3629 1193 3685; x_wconf 82' lang='lat' dir='ltr'><strong>Felicianus</strong></span> <span class='ocrx_word' id='word_1_313' title='bbox 1223 3643 1620 3695; x_wconf 84' lang='lat' dir='ltr'><strong>annumeratur,</strong></span> <span class='ocrx_word' id='word_1_314' title='bbox 1646 3633 1735 3701; x_wconf 90' lang='lat' dir='ltr'><strong>qui</strong></span> <span class='ocrx_word' id='word_1_315' title='bbox 1764 3628 1954 3686; x_wconf 88' lang='lat' dir='ltr'><strong>talibus</strong></span> 
     </span>
    </p>
   </div>
   <div class='ocr_carea' id='block_1_39' title="bbox 385 3717 1953 3791">
    <p class='ocr_par' dir='ltr' id='par_1_39' title="bbox 385 3717 1953 3791">
     <span class='ocr_line' id='line_1_39' title="bbox 385 3717 1953 3791; baseline 0.003 -20"><span class='ocrx_word' id='word_1_316' title='bbox 385 3718 540 3772; x_wconf 83' lang='lat' dir='ltr'><strong>labiis</strong></span> <span class='ocrx_word' id='word_1_317' title='bbox 560 3730 615 3773; x_wconf 88' lang='lat' dir='ltr'><strong>et</strong></span> <span class='ocrx_word' id='word_1_318' title='bbox 643 3718 733 3772; x_wconf 88' lang='lat' dir='ltr'><strong>tali</strong></span> <span class='ocrx_word' id='word_1_319' title='bbox 768 3733 861 3774; x_wconf 90' lang='lat' dir='ltr'><strong>ore</strong></span> <span class='ocrx_word' id='word_1_320' title='bbox 900 3717 1224 3791; x_wconf 84' lang='lat' dir='ltr'><strong>baptizavit:</strong></span> <span class='ocrx_word' id='word_1_321' title='bbox 1248 3719 1435 3773; x_wconf 85' lang='lat' dir='ltr'><strong>borum</strong></span> <span class='ocrx_word' id='word_1_322' title='bbox 1462 3722 1690 3790; x_wconf 88' lang='lat' dir='ltr'><strong>aliquem</strong></span> <span class='ocrx_word' id='word_1_323' title='bbox 1730 3736 1841 3774; x_wconf 86' lang='lat' dir='ltr'><strong>non</strong></span> <span class='ocrx_word' id='word_1_324' title='bbox 1865 3734 1953 3775; x_wconf 87' lang='lat' dir='ltr'><strong>re-</strong></span> 
     </span>
    </p>
   </div>
   <div class='ocr_carea' id='block_1_40' title="bbox 379 3809 1950 3879">
    <p class='ocr_par' dir='ltr' id='par_1_40' title="bbox 379 3809 1950 3879">
     <span class='ocr_line' id='line_1_40' title="bbox 379 3809 1950 3879; baseline 0.001 -18"><span class='ocrx_word' id='word_1_325' title='bbox 379 3810 600 3879; x_wconf 85' lang='lat' dir='ltr'><strong>spuistis</strong></span> <span class='ocrx_word' id='word_1_326' title='bbox 630 3809 678 3874; x_wconf 85' lang='grc'><strong>³,</strong></span> <span class='ocrx_word' id='word_1_327' title='bbox 706 3824 811 3863; x_wconf 89' lang='lat' dir='ltr'><strong>non</strong></span> <span class='ocrx_word' id='word_1_328' title='bbox 838 3810 1153 3876; x_wconf 87' lang='lat' dir='ltr'><strong>rescidistis,</strong></span> <span class='ocrx_word' id='word_1_329' title='bbox 1186 3826 1291 3864; x_wconf 91' lang='lat' dir='ltr'><strong>non</strong></span> <span class='ocrx_word' id='word_1_330' title='bbox 1320 3810 1693 3873; x_wconf 77' lang='lat' dir='ltr'><strong>destruxistis;</strong></span> <span class='ocrx_word' id='word_1_331' title='bbox 1747 3821 1801 3864; x_wconf 90' lang='lat' dir='ltr'><strong>et</strong></span> <span class='ocrx_word' id='word_1_332' title='bbox 1828 3810 1950 3879; x_wconf 86' lang='lat' dir='ltr'><strong>quia</strong></span> 
     </span>
    </p>
   </div>
   <div class='ocr_carea' id='block_1_41' title="bbox 385 3897 1954 3970">
    <p class='ocr_par' dir='ltr' id='par_1_41' title="bbox 385 3897 1954 3970">
     <span class='ocr_line' id='line_1_41' title="bbox 385 3897 1954 3970; baseline -0.001 -18"><span class='ocrx_word' id='word_1_333' title='bbox 385 3900 565 3954; x_wconf 71' lang='lat' dir='ltr'><strong>vvrbis</strong></span> <span class='ocrx_word' id='word_1_334' title='bbox 591 3900 936 3970; x_wconf 82' lang='lat' dir='ltr'><strong>evangelicis,</strong></span> <span class='ocrx_word' id='word_1_335' title='bbox 964 3901 1017 3955; x_wconf 91' lang='lat' dir='ltr'><strong>in</strong></span> <span class='ocrx_word' id='word_1_336' title='bbox 1044 3901 1258 3955; x_wconf 86' lang='lat' dir='ltr'><strong>nomine</strong></span> <span class='ocrx_word' id='word_1_337' title='bbox 1289 3900 1459 3953; x_wconf 82' lang='lat' dir='ltr'><strong>Patris</strong></span> <span class='ocrx_word' id='word_1_338' title='bbox 1484 3910 1537 3953; x_wconf 89' lang='lat' dir='ltr'><strong>et</strong></span> <span class='ocrx_word' id='word_1_339' title='bbox 1564 3897 1681 3953; x_wconf 78' lang='lat' dir='ltr'><strong>Filii</strong></span> <span class='ocrx_word' id='word_1_340' title='bbox 1706 3907 1759 3954; x_wconf 86' lang='lat' dir='ltr'><strong>et</strong></span> <span class='ocrx_word' id='word_1_341' title='bbox 1783 3898 1954 3968; x_wconf 84' lang='lat' dir='ltr'><strong>Spiri-</strong></span> 
     </span>
    </p>
   </div>
   <div class='ocr_carea' id='block_1_42' title="bbox 384 3989 1954 4060">
    <p class='ocr_par' dir='ltr' id='par_1_42' title="bbox 384 3989 1954 4060">
     <span class='ocr_line' id='line_1_42' title="bbox 384 3989 1954 4060; baseline 0.001 -18"><span class='ocrx_word' id='word_1_342' title='bbox 384 4003 472 4043; x_wconf 88' lang='lat' dir='ltr'><strong>tus</strong></span> <span class='ocrx_word' id='word_1_343' title='bbox 498 3991 686 4055; x_wconf 82' lang='lat' dir='ltr'><strong>sancti,</strong></span> <span class='ocrx_word' id='word_1_344' title='bbox 717 4006 812 4060; x_wconf 91' lang='lat' dir='ltr'><strong>per</strong></span> <span class='ocrx_word' id='word_1_345' title='bbox 836 3990 1180 4060; x_wconf 90' lang='lat' dir='ltr'><strong>qualemlibet</strong></span> <span class='ocrx_word' id='word_1_346' title='bbox 1226 3990 1456 4059; x_wconf 76' lang='lat' dir='ltr'><strong>linguam</strong></span> <span class='ocrx_word' id='word_1_347' title='bbox 1485 4000 1645 4059; x_wconf 87' lang='lat' dir='ltr'><strong>atque</strong></span> <span class='ocrx_word' id='word_1_348' title='bbox 1672 3989 1954 4043; x_wconf 81' lang='lat' dir='ltr'><strong>conscien-</strong></span> 
     </span>
    </p>
   </div>
   <div class='ocr_carea' id='block_1_43' title="bbox 382 4078 1954 4149">
    <p class='ocr_par' dir='ltr' id='par_1_43' title="bbox 382 4078 1954 4149">
     <span class='ocr_line' id='line_1_43' title="bbox 382 4078 1954 4149; baseline 0 -16"><span class='ocrx_word' id='word_1_349' title='bbox 382 4082 511 4134; x_wconf 84' lang='lat' dir='ltr'><strong>tiam</strong></span> <span class='ocrx_word' id='word_1_350' title='bbox 540 4090 848 4135; x_wconf 83' lang='lat' dir='ltr'><strong>consecrata</strong></span> <span class='ocrx_word' id='word_1_351' title='bbox 879 4089 961 4134; x_wconf 86' lang='lat' dir='ltr'><strong>est</strong></span> <span class='ocrx_word' id='word_1_352' title='bbox 991 4095 1148 4149; x_wconf 87' lang='lat' dir='ltr'><strong>aqua,</strong></span> <span class='ocrx_word' id='word_1_353' title='bbox 1172 4094 1276 4133; x_wconf 90' lang='lat' dir='ltr'><strong>non</strong></span> <span class='ocrx_word' id='word_1_354' title='bbox 1310 4078 1646 4144; x_wconf 87' lang='lat' dir='ltr'><strong>mendacem,</strong></span> <span class='ocrx_word' id='word_1_355' title='bbox 1685 4078 1779 4133; x_wconf 87' lang='lat' dir='ltr'><strong>sed</strong></span> <span class='ocrx_word' id='word_1_356' title='bbox 1804 4094 1954 4133; x_wconf 81' lang='lat' dir='ltr'><strong>vera-</strong></span> 
     </span>
    </p>
   </div>
   <div class='ocr_carea' id='block_1_44' title="bbox 382 4170 1956 4240">
    <p class='ocr_par' dir='ltr' id='par_1_44' title="bbox 382 4170 1956 4240">
     <span class='ocr_line' id='line_1_44' title="bbox 382 4170 1956 4240; baseline 0.002 -18"><span class='ocrx_word' id='word_1_357' title='bbox 382 4187 501 4224; x_wconf 85' lang='lat' dir='ltr'><strong>cetn</strong></span> <span class='ocrx_word' id='word_1_358' title='bbox 550 4171 840 4240; x_wconf 78' lang='lat' dir='ltr'><strong>agnovistis</strong></span> <span class='ocrx_word' id='word_1_359' title='bbox 886 4179 1044 4240; x_wconf 89' lang='lat' dir='ltr'><strong>atque</strong></span> <span class='ocrx_word' id='word_1_360' title='bbox 1085 4170 1378 4239; x_wconf 77' lang='lat' dir='ltr'><strong>recepistis.</strong></span> <span class='ocrx_word' id='word_1_361' title='bbox 1419 4171 1457 4223; x_wconf 82' lang='lat' dir='ltr'><strong>A</strong></span> <span class='ocrx_word' id='word_1_362' title='bbox 1488 4178 1541 4224; x_wconf 90' lang='lat' dir='ltr'><strong>te</strong></span> <span class='ocrx_word' id='word_1_363' title='bbox 1567 4179 1741 4222; x_wconf 90' lang='lat' dir='ltr'><strong>autem</strong></span> <span class='ocrx_word' id='word_1_364' title='bbox 1771 4181 1956 4240; x_wconf 70' lang='lat' dir='ltr'><strong>qutcro</strong></span> 
     </span>
    </p>
   </div>
   <div class='ocr_carea' id='block_1_45' title="bbox 383 4252 1955 4331">
    <p class='ocr_par' dir='ltr' id='par_1_45' title="bbox 383 4252 1955 4331">
     <span class='ocr_line' id='line_1_45' title="bbox 383 4252 1955 4331; baseline -0.002 -15"><span class='ocrx_word' id='word_1_365' title='bbox 383 4264 454 4318; x_wconf 87' lang='lat' dir='ltr'><strong>de</strong></span> <span class='ocrx_word' id='word_1_366' title='bbox 484 4264 587 4316; x_wconf 83' lang='lat' dir='ltr'><strong>isto</strong></span> <span class='ocrx_word' id='word_1_367' title='bbox 618 4263 906 4327; x_wconf 81' lang='lat' dir='ltr'><strong>Feliciano,</strong></span> <span class='ocrx_word' id='word_1_368' title='bbox 928 4262 1081 4331; x_wconf 84' lang='lat' dir='ltr'><strong>cujus</strong></span> <span class='ocrx_word' id='word_1_369' title='bbox 1109 4252 1214 4315; x_wconf 72' lang='lat' dir='ltr'><strong>tam</strong></span> <span class='ocrx_word' id='word_1_370' title='bbox 1246 4260 1405 4325; x_wconf 88' lang='lat' dir='ltr'><strong>mala,</strong></span> <span class='ocrx_word' id='word_1_371' title='bbox 1434 4276 1553 4315; x_wconf 88' lang='lat' dir='ltr'><strong>cunt</strong></span> <span class='ocrx_word' id='word_1_372' title='bbox 1578 4260 1629 4314; x_wconf 90' lang='lat' dir='ltr'><strong>in</strong></span> <span class='ocrx_word' id='word_1_373' title='bbox 1647 4270 1837 4314; x_wconf 87' lang='lat' dir='ltr'><strong>catena</strong></span> <span class='ocrx_word' id='word_1_374' title='bbox 1866 4275 1955 4314; x_wconf 81' lang='lat' dir='ltr'><strong>sa-</strong></span> 
     </span>
    </p>
   </div>
   <div class='ocr_carea' id='block_1_46' title="bbox 383 4353 1956 4424">
    <p class='ocr_par' dir='ltr' id='par_1_46' title="bbox 383 4353 1956 4424">
     <span class='ocr_line' id='line_1_46' title="bbox 383 4353 1956 4424; baseline 0.001 -16"><span class='ocrx_word' id='word_1_375' title='bbox 383 4355 589 4424; x_wconf 83' lang='lat' dir='ltr'><strong>crilegii</strong></span> <span class='ocrx_word' id='word_1_376' title='bbox 619 4356 930 4424; x_wconf 88' lang='lat' dir='ltr'><strong>baptizatet,</strong></span> <span class='ocrx_word' id='word_1_377' title='bbox 959 4353 1130 4408; x_wconf 81' lang='lat' dir='ltr'><strong>fuerat</strong></span> <span class='ocrx_word' id='word_1_378' title='bbox 1149 4354 1473 4409; x_wconf 88' lang='lat' dir='ltr'><strong>conscientia</strong></span> <span class='ocrx_word' id='word_1_379' title='bbox 1494 4396 1506 4413; x_wconf 85' lang='lat'><strong>.</strong></span> <span class='ocrx_word' id='word_1_380' title='bbox 1536 4354 1659 4424; x_wconf 89' lang='lat' dir='ltr'><strong>quid</strong></span> <span class='ocrx_word' id='word_1_381' title='bbox 1690 4364 1805 4408; x_wconf 86' lang='lat' dir='ltr'><strong>erat</strong></span> <span class='ocrx_word' id='word_1_382' title='bbox 1831 4366 1956 4411; x_wconf 87' lang='lat' dir='ltr'><strong>tunc</strong></span> 
     </span>
    </p>
   </div>
   <div class='ocr_carea' id='block_1_47' title="bbox 386 4444 1953 4518">
    <p class='ocr_par' dir='ltr' id='par_1_47' title="bbox 386 4444 1953 4518">
     <span class='ocr_line' id='line_1_47' title="bbox 386 4444 1953 4518; baseline 0 -19"><span class='ocrx_word' id='word_1_383' title='bbox 386 4449 439 4499; x_wconf 88' lang='lat' dir='ltr'><strong>in</strong></span> <span class='ocrx_word' id='word_1_384' title='bbox 464 4447 677 4518; x_wconf 83' lang='lat' dir='ltr'><strong>publica</strong></span> <span class='ocrx_word' id='word_1_385' title='bbox 715 4446 853 4500; x_wconf 75' lang='lat' dir='ltr'><strong>fama</strong></span> <span class='ocrx_word' id='word_1_386' title='bbox 879 4446 902 4498; x_wconf 85' lang='lat'><strong>?</strong></span> <span class='ocrx_word' id='word_1_387' title='bbox 924 4449 1097 4515; x_wconf 82' lang='lat' dir='ltr'><strong>Atque</strong></span> <span class='ocrx_word' id='word_1_388' title='bbox 1130 4446 1300 4516; x_wconf 89' lang='lat' dir='ltr'><strong>ipsum</strong></span> <span class='ocrx_word' id='word_1_389' title='bbox 1345 4445 1623 4499; x_wconf 87' lang='lat' dir='ltr'><strong>concilium</strong></span> <span class='ocrx_word' id='word_1_390' title='bbox 1665 4444 1953 4500; x_wconf 83' lang='lat' dir='ltr'><strong>identidem</strong></span> 
     </span>
    </p>
   </div>
   <div class='ocr_carea' id='block_1_48' title="bbox 387 4534 1956 4605">
    <p class='ocr_par' dir='ltr' id='par_1_48' title="bbox 387 4534 1956 4605">
     <span class='ocr_line' id='line_1_48' title="bbox 387 4534 1956 4605; baseline -0.001 -14"><span class='ocrx_word' id='word_1_391' title='bbox 387 4539 576 4596; x_wconf 85' lang='lat' dir='ltr'><strong>recito,</strong></span> <span class='ocrx_word' id='word_1_392' title='bbox 618 4536 704 4589; x_wconf 91' lang='lat' dir='ltr'><strong>ubi</strong></span> <span class='ocrx_word' id='word_1_393' title='bbox 730 4539 987 4605; x_wconf 87' lang='lat' dir='ltr'><strong>scriptum</strong></span> <span class='ocrx_word' id='word_1_394' title='bbox 1021 4544 1104 4590; x_wconf 85' lang='lat' dir='ltr'><strong>est</strong></span> <span class='ocrx_word' id='word_1_395' title='bbox 1132 4552 1144 4588; x_wconf 91' lang='lat'><strong>:</strong></span> <span class='ocrx_word' id='word_1_396' title='bbox 1177 4534 1384 4588; x_wconf 81' lang='lat' dir='ltr'><strong>Famosi</strong></span> <span class='ocrx_word' id='word_1_397' title='bbox 1429 4550 1548 4605; x_wconf 83' lang='lat' dir='ltr'><strong>ergo</strong></span> <span class='ocrx_word' id='word_1_398' title='bbox 1594 4534 1821 4588; x_wconf 80' lang='lat' dir='ltr'><strong>criminis</strong></span> <span class='ocrx_word' id='word_1_399' title='bbox 1844 4550 1956 4589; x_wconf 86' lang='lat' dir='ltr'><strong>reos</strong></span> 
     </span>
    </p>
   </div>
   <div class='ocr_carea' id='block_1_49' title="bbox 404 4625 1956 4694">
    <p class='ocr_par' dir='ltr' id='par_1_49' title="bbox 404 4625 1956 4694">
     <span class='ocr_line' id='line_1_49' title="bbox 404 4625 1956 4694; baseline 0 -15"><span class='ocrx_word' id='word_1_400' title='bbox 404 4627 745 4680; x_wconf 76' lang='lat' dir='ltr'><strong>l’ictorianum</strong></span> <span class='ocrx_word' id='word_1_401' title='bbox 777 4625 1226 4680; x_wconf 79' lang='lat' dir='ltr'><strong>Carcabiancnsem</strong></span> <span class='ocrx_word' id='word_1_402' title='bbox 1247 4667 1262 4690; x_wconf 93' lang='lat'><strong>,</strong></span> <span class='ocrx_word' id='word_1_403' title='bbox 1292 4633 1347 4679; x_wconf 88' lang='lat' dir='ltr'><strong>et</strong></span> <span class='ocrx_word' id='word_1_404' title='bbox 1398 4625 1535 4679; x_wconf 89' lang='lat' dir='ltr'><strong>inter</strong></span> <span class='ocrx_word' id='word_1_405' title='bbox 1560 4635 1785 4679; x_wconf 68' lang='lat' dir='ltr'><strong>ctcteros</strong></span> <span class='ocrx_word' id='word_1_406' title='bbox 1820 4639 1956 4694; x_wconf 88' lang='lat' dir='ltr'><strong>quos</strong></span> 
     </span>
    </p>
   </div>
   <div class='ocr_carea' id='block_1_50' title="bbox 388 4714 1956 4788">
    <p class='ocr_par' dir='ltr' id='par_1_50' title="bbox 388 4714 1956 4788">
     <span class='ocr_line' id='line_1_50' title="bbox 388 4714 1956 4788; baseline -0.003 -17"><span class='ocrx_word' id='word_1_407' title='bbox 388 4729 632 4787; x_wconf 79' lang='lat' dir='ltr'><strong>repetere</strong></span> <span class='ocrx_word' id='word_1_408' title='bbox 657 4720 797 4788; x_wconf 80' lang='lat' dir='ltr'><strong>piget</strong></span> <span class='ocrx_word' id='word_1_409' title='bbox 820 4757 836 4783; x_wconf 89' lang='lat'><strong>,</strong></span> <span class='ocrx_word' id='word_1_410' title='bbox 876 4717 1232 4772; x_wconf 71' lang='lat' dir='ltr'><strong>Prwtextatum</strong></span> <span class='ocrx_word' id='word_1_411' title='bbox 1255 4716 1606 4770; x_wconf 82' lang='lat' dir='ltr'><strong>Assuritanum</strong></span> <span class='ocrx_word' id='word_1_412' title='bbox 1630 4757 1644 4778; x_wconf 93' lang='lat'><strong>,</strong></span> <span class='ocrx_word' id='word_1_413' title='bbox 1669 4725 1714 4768; x_wconf 87' lang='lat' dir='ltr'><strong>et</strong></span> <span class='ocrx_word' id='word_1_414' title='bbox 1738 4714 1956 4768; x_wconf 81' lang='lat' dir='ltr'><strong>Felicia-</strong></span> 
     </span>
    </p>
   </div>
   <div class='ocr_carea' id='block_1_51' title="bbox 389 4805 1956 4879">
    <p class='ocr_par' dir='ltr' id='par_1_51' title="bbox 389 4805 1956 4879">
     <span class='ocr_line' id='line_1_51' title="bbox 389 4805 1956 4879; baseline -0.004 -16"><span class='ocrx_word' id='word_1_415' title='bbox 389 4827 511 4864; x_wconf 85' lang='lat' dir='ltr'><strong>unm</strong></span> <span class='ocrx_word' id='word_1_416' title='bbox 531 4809 887 4876; x_wconf 74' lang='lat' dir='ltr'><strong>Mustitanum,</strong></span> <span class='ocrx_word' id='word_1_417' title='bbox 917 4810 1004 4879; x_wconf 84' lang='lat' dir='ltr'><strong>qui</strong></span> <span class='ocrx_word' id='word_1_418' title='bbox 1029 4812 1227 4878; x_wconf 74' lang='lat' dir='ltr'><strong>funesto</strong></span> <span class='ocrx_word' id='word_1_419' title='bbox 1252 4822 1399 4875; x_wconf 82' lang='lat' dir='ltr'><strong>opere</strong></span> <span class='ocrx_word' id='word_1_420' title='bbox 1419 4805 1708 4875; x_wconf 78' lang='lat' dir='ltr'><strong>perditionis</strong></span> <span class='ocrx_word' id='word_1_421' title='bbox 1731 4818 1816 4857; x_wconf 77' lang='lat' dir='ltr'><strong>cas</strong></span> <span class='ocrx_word' id='word_1_422' title='bbox 1843 4821 1956 4857; x_wconf 87' lang='lat' dir='ltr'><strong>sor-</strong></span> 
     </span>
    </p>
   </div>
   <div class='ocr_carea' id='block_1_52' title="bbox 388 4896 1952 4971">
    <p class='ocr_par' dir='ltr' id='par_1_52' title="bbox 388 4896 1952 4971">
     <span class='ocr_line' id='line_1_52' title="bbox 388 4896 1952 4971; baseline -0.002 -19"><span class='ocrx_word' id='word_1_423' title='bbox 388 4901 567 4953; x_wconf 82' lang='lat' dir='ltr'><strong>didum</strong></span> <span class='ocrx_word' id='word_1_424' title='bbox 607 4899 822 4954; x_wconf 79' lang='lat' dir='ltr'><strong>collecta</strong></span> <span class='ocrx_word' id='word_1_425' title='bbox 869 4900 1154 4971; x_wconf 70' lang='lat' dir='ltr'><strong>faculcntia</strong></span> <span class='ocrx_word' id='word_1_426' title='bbox 1203 4898 1551 4970; x_wconf 79' lang='lat' dir='ltr'><strong>glutinarunt,</strong></span> <span class='ocrx_word' id='word_1_427' title='bbox 1600 4896 1760 4966; x_wconf 85' lang='lat' dir='ltr'><strong>paulo</strong></span> <span class='ocrx_word' id='word_1_428' title='bbox 1809 4904 1952 4965; x_wconf 88' lang='lat' dir='ltr'><strong>post,</strong></span> 
     </span>
    </p>
   </div>
   <div class='ocr_carea' id='block_1_53' title="bbox 391 4987 1949 5062">
    <p class='ocr_par' dir='ltr' id='par_1_53' title="bbox 391 4987 1949 5062">
     <span class='ocr_line' id='line_1_53' title="bbox 391 4987 1949 5062; baseline -0.004 -17"><span class='ocrx_word' id='word_1_429' title='bbox 391 4993 610 5062; x_wconf 76' lang='lat' dir='ltr'><strong>plcnarii</strong></span> <span class='ocrx_word' id='word_1_430' title='bbox 634 4991 835 5045; x_wconf 84' lang='lat' dir='ltr'><strong>concilii</strong></span> <span class='ocrx_word' id='word_1_431' title='bbox 863 5006 950 5045; x_wconf 84' lang='lat' dir='ltr'><strong>ore</strong></span> <span class='ocrx_word' id='word_1_432' title='bbox 970 4989 1186 5044; x_wconf 73' lang='lat' dir='ltr'><strong>veridico</strong></span> <span class='ocrx_word' id='word_1_433' title='bbox 1226 4989 1493 5041; x_wconf 84' lang='lat' dir='ltr'><strong>damnatos</strong></span> <span class='ocrx_word' id='word_1_434' title='bbox 1513 5002 1619 5040; x_wconf 80' lang='lat' dir='ltr'><strong>esse</strong></span> <span class='ocrx_word' id='word_1_435' title='bbox 1640 4987 1949 5057; x_wconf 83' lang='lat' dir='ltr'><strong>cegnoscite.</strong></span> 
     </span>
    </p>
   </div>
   <div class='ocr_carea' id='block_1_54' title="bbox 466 5075 1956 5145">
    <p class='ocr_par' dir='ltr' id='par_1_54' title="bbox 466 5075 1956 5145">
     <span class='ocr_line' id='line_1_54' title="bbox 466 5075 1956 5145; baseline -0.003 -10"><span class='ocrx_word' id='word_1_436' title='bbox 466 5079 691 5136; x_wconf 80' lang='lat' dir='ltr'><strong>CAPUT</strong></span> <span class='ocrx_word' id='word_1_437' title='bbox 722 5078 861 5134; x_wconf 83' lang='lat' dir='ltr'><strong>XIV.</strong></span> <span class='ocrx_word' id='word_1_438' title='bbox 896 5109 968 5120; x_wconf 89' lang='lat'><strong>——</strong></span> <span class='ocrx_word' id='word_1_439' title='bbox 1007 5079 1091 5133; x_wconf 78' lang='grc'><strong>16.</strong></span> <span class='ocrx_word' id='word_1_440' title='bbox 1139 5078 1276 5145; x_wconf 85' lang='lat' dir='ltr'><strong>Quid</strong></span> <span class='ocrx_word' id='word_1_441' title='bbox 1303 5077 1369 5131; x_wconf 88' lang='lat' dir='ltr'><strong>ad</strong></span> <span class='ocrx_word' id='word_1_442' title='bbox 1420 5076 1518 5137; x_wconf 78' lang='lat' dir='ltr'><strong>i5ta</strong></span> <span class='ocrx_word' id='word_1_443' title='bbox 1540 5075 1868 5145; x_wconf 79' lang='lat' dir='ltr'><strong>respondes?</strong></span> <span class='ocrx_word' id='word_1_444' title='bbox 1898 5076 1956 5131; x_wconf 87' lang='lat' dir='ltr'><strong>Si</strong></span> 
     </span>
    </p>
   </div>
   <div class='ocr_carea' id='block_1_55' title="bbox 455 5245 1960 5313">
    <p class='ocr_par' dir='ltr' id='par_1_55' title="bbox 455 5245 1960 5313">
     <span class='ocr_line' id='line_1_55' title="bbox 455 5245 1960 5313; baseline -0.001 -15"><span class='ocrx_word' id='word_1_445' title='bbox 455 5252 468 5280; x_wconf 82' lang='lat'><strong>&#39;</strong></span> <span class='ocrx_word' id='word_1_446' title='bbox 499 5250 651 5313; x_wconf 82' lang='lat' dir='ltr'><strong>Bditl,</strong></span> <span class='ocrx_word' id='word_1_447' title='bbox 687 5250 843 5313; x_wconf 78' lang='lat' dir='ltr'><strong>fassus</strong></span> <span class='ocrx_word' id='word_1_448' title='bbox 873 5249 1010 5311; x_wconf 79' lang='lat' dir='ltr'><strong>cujus</strong></span> <span class='ocrx_word' id='word_1_449' title='bbox 1049 5246 1268 5313; x_wconf 69' lang='lat' dir='ltr'><strong>laterum</strong></span> <span class='ocrx_word' id='word_1_450' title='bbox 1309 5245 1642 5313; x_wconf 79' lang='lat' dir='ltr'><strong>conscientiam</strong></span> <span class='ocrx_word' id='word_1_451' title='bbox 1676 5245 1834 5313; x_wconf 73' lang='lat' dir='ltr'><strong>videri</strong></span> <span class='ocrx_word' id='word_1_452' title='bbox 1865 5259 1960 5313; x_wconf 78' lang='lat' dir='ltr'><strong>non</strong></span> 
     </span>
    </p>
   </div>
   <div class='ocr_carea' id='block_1_56' title="bbox 390 5307 1960 5378">
    <p class='ocr_par' dir='ltr' id='par_1_56' title="bbox 390 5307 1960 5378">
     <span class='ocr_line' id='line_1_56' title="bbox 390 5307 1960 5378; baseline -0.001 -19"><span class='ocrx_word' id='word_1_453' title='bbox 390 5321 526 5378; x_wconf 72' lang='lat' dir='ltr'><strong>posse</strong></span> <span class='ocrx_word' id='word_1_454' title='bbox 548 5307 698 5361; x_wconf 60' lang='lat' dir='ltr'><strong>dicis;</strong></span> <span class='ocrx_word' id='word_1_455' title='bbox 727 5319 784 5361; x_wconf 81' lang='lat' dir='ltr'><strong>Al.</strong></span> <span class='ocrx_word' id='word_1_456' title='bbox 816 5307 1283 5372; x_wconf 64' lang='grc' dir='ltr'><strong>ιιεεξιιοιιεὶιιὼωι,</strong></span> <span class='ocrx_word' id='word_1_457' title='bbox 1311 5311 1481 5372; x_wconf 84' lang='lat' dir='ltr'><strong>cujus;</strong></span> <span class='ocrx_word' id='word_1_458' title='bbox 1514 5320 1608 5358; x_wconf 83' lang='lat' dir='ltr'><strong>nec</strong></span> <span class='ocrx_word' id='word_1_459' title='bbox 1630 5310 1859 5368; x_wconf 77' lang='lat' dir='ltr'><strong>verbum,</strong></span> <span class='ocrx_word' id='word_1_460' title='bbox 1883 5307 1960 5358; x_wconf 86' lang='lat' dir='ltr'><strong>di-</strong></span> 
     </span>
    </p>
   </div>
   <div class='ocr_carea' id='block_1_57' title="bbox 389 5382 1563 5504">
    <p class='ocr_par' dir='ltr' id='par_1_57' title="bbox 389 5382 1563 5504">
     <span class='ocr_line' id='line_1_57' title="bbox 389 5382 1563 5504; baseline -0.002 0"><span class='ocrx_word' id='word_1_461' title='bbox 592 5432 838 5504; x_wconf 54' lang='lat' dir='ltr'><strong>&quot;ssamm</strong></span> <span class='ocrx_word' id='word_1_462' title='bbox 854 5444 988 5504; x_wconf 54' lang='lat' dir='ltr'><strong>v.9“?!</strong></span> <span class='ocrx_word' id='word_1_463' title='bbox 1009 5436 1139 5493; x_wconf 61' lang='lat' dir='ltr'><strong>apud</strong></span> <span class='ocrx_word' id='word_1_464' title='bbox 1163 5444 1204 5482; x_wconf 73' lang='lat'><strong><em>“</em></strong></span> <span class='ocrx_word' id='word_1_465' title='bbox 1349 5493 1363 5504; x_wconf 90' lang='lat'><strong>.</strong></span> <span class='ocrx_word' id='word_1_466' title='bbox 1433 5499 1443 5504; x_wconf 87' lang='lat'><strong>_</strong></span> <span class='ocrx_word' id='word_1_467' title='bbox 1534 5489 1563 5504; x_wconf 92' lang='lat'><strong>..</strong></span> 
     </span>
    </p>
   </div>
   <div class='ocr_carea' id='block_1_58' title="bbox 458 5489 1960 5555">
    <p class='ocr_par' dir='ltr' id='par_1_58' title="bbox 458 5489 1960 5555">
     <span class='ocr_line' id='line_1_58' title="bbox 458 5489 1960 5555; baseline 0.001 -16"><span class='ocrx_word' id='word_1_468' title='bbox 458 5492 666 5555; x_wconf 53' lang='lat' dir='ltr'><strong>{Plures</strong></span> <span class='ocrx_word' id='word_1_469' title='bbox 688 5501 819 5555; x_wconf 67' lang='lat' dir='ltr'><strong>uss,</strong></span> <span class='ocrx_word' id='word_1_470' title='bbox 837 5500 884 5542; x_wconf 86' lang='lat' dir='ltr'><strong>et</strong></span> <span class='ocrx_word' id='word_1_471' title='bbox 904 5492 987 5543; x_wconf 87' lang='lat' dir='ltr'><strong>tati</strong></span> <span class='ocrx_word' id='word_1_472' title='bbox 1029 5489 1108 5542; x_wconf 69' lang='lat' dir='ltr'><strong>or.</strong></span> <span class='ocrx_word' id='word_1_473' title='bbox 1139 5505 1312 5555; x_wconf 70' lang='lat' dir='ltr'><strong>nouant</strong></span> <span class='ocrx_word' id='word_1_474' title='bbox 1344 5493 1465 5553; x_wconf 83' lang='lat' dir='ltr'><strong>(vet,</strong></span> <span class='ocrx_word' id='word_1_475' title='bbox 1495 5489 1730 5555; x_wconf 82' lang='lat' dir='ltr'><strong>aliquam)</strong></span> <span class='ocrx_word' id='word_1_476' title='bbox 1768 5500 1862 5541; x_wconf 84' lang='lat' dir='ltr'><strong>non</strong></span> <span class='ocrx_word' id='word_1_477' title='bbox 1883 5502 1960 5541; x_wconf 86' lang='lat' dir='ltr'><strong>re-</strong></span> 
     </span>
    </p>
   </div>
   <div class='ocr_carea' id='block_1_59' title="bbox 390 5552 1955 5616">
    <p class='ocr_par' dir='ltr' id='par_1_59' title="bbox 390 5552 1955 5616">
     <span class='ocr_line' id='line_1_59' title="bbox 390 5552 1955 5616; baseline 0 -16"><span class='ocrx_word' id='word_1_478' title='bbox 390 5552 581 5616; x_wconf 75' lang='lat' dir='ltr'><strong>spuistss</strong></span> <span class='ocrx_word' id='word_1_479' title='bbox 601 5564 619 5601; x_wconf 92' lang='lat'><strong><em>:</em></strong></span> <span class='ocrx_word' id='word_1_480' title='bbox 641 5565 699 5603; x_wconf 81' lang='lat' dir='ltr'><strong>ac</strong></span> <span class='ocrx_word' id='word_1_481' title='bbox 714 5554 856 5615; x_wconf 83' lang='lat' dir='ltr'><strong>paulo</strong></span> <span class='ocrx_word' id='word_1_482' title='bbox 873 5561 994 5616; x_wconf 89' lang='lat' dir='ltr'><strong>post,</strong></span> <span class='ocrx_word' id='word_1_483' title='bbox 1013 5552 1289 5616; x_wconf 76' lang='lat' dir='ltr'><strong>consecrata</strong></span> <span class='ocrx_word' id='word_1_484' title='bbox 1302 5552 1390 5612; x_wconf 78' lang='lat' dir='ltr'><strong>est,</strong></span> <span class='ocrx_word' id='word_1_485' title='bbox 1406 5565 1499 5602; x_wconf 84' lang='lat' dir='ltr'><strong>non</strong></span> <span class='ocrx_word' id='word_1_486' title='bbox 1519 5552 1813 5616; x_wconf 70' lang='lat' dir='ltr'><strong>mendacem.</strong></span> <span class='ocrx_word' id='word_1_487' title='bbox 1835 5559 1955 5616; x_wconf 64' lang='lat' dir='ltr'><strong>etc;</strong></span> 
     </span>
    </p>
   </div>
   <div class='ocr_carea' id='block_1_60' title="bbox 390 5612 1956 5684">
    <p class='ocr_par' dir='ltr' id='par_1_60' title="bbox 390 5612 1956 5684">
     <span class='ocr_line' id='line_1_60' title="bbox 390 5612 1956 5684; baseline 0.003 -26"><span class='ocrx_word' id='word_1_488' title='bbox 390 5612 729 5684; x_wconf 41' lang='lat' dir='ltr'><strong>otnissayoee,</strong></span> <span class='ocrx_word' id='word_1_489' title='bbox 756 5612 898 5684; x_wconf 71' lang='lat' dir='ltr'><strong>aqua.</strong></span> <span class='ocrx_word' id='word_1_490' title='bbox 938 5620 1076 5684; x_wconf 74' lang='lat' dir='ltr'><strong>Forte</strong></span> <span class='ocrx_word' id='word_1_491' title='bbox 1115 5614 1391 5674; x_wconf 76' lang='lat' dir='ltr'><strong>legendum,</strong></span> <span class='ocrx_word' id='word_1_492' title='bbox 1437 5612 1612 5684; x_wconf 73' lang='lat' dir='ltr'><strong>ct_tali</strong></span> <span class='ocrx_word' id='word_1_493' title='bbox 1630 5626 1704 5665; x_wconf 68' lang='lat' dir='ltr'><strong>ori</strong></span> <span class='ocrx_word' id='word_1_494' title='bbox 1750 5612 1956 5676; x_wconf 64' lang='lat' dir='ltr'><strong>Mltim-</strong></span> 
     </span>
    </p>
   </div>
   <div class='ocr_carea' id='block_1_61' title="bbox 395 5673 1610 5739">
    <p class='ocr_par' dir='ltr' id='par_1_61' title="bbox 395 5673 1610 5739">
     <span class='ocr_line' id='line_1_61' title="bbox 395 5673 1610 5739; baseline 0.004 -21"><span class='ocrx_word' id='word_1_495' title='bbox 395 5683 476 5731; x_wconf 71' lang='grc' dir='ltr'><strong>υιι,</strong></span> <span class='ocrx_word' id='word_1_496' title='bbox 496 5680 542 5724; x_wconf 80' lang='lat' dir='ltr'><strong>et</strong></span> <span class='ocrx_word' id='word_1_497' title='bbox 559 5673 838 5739; x_wconf 70' lang='lat' dir='ltr'><strong>baptismatis</strong></span> <span class='ocrx_word' id='word_1_498' title='bbox 851 5688 933 5725; x_wconf 79' lang='lat' dir='ltr'><strong>ore</strong></span> <span class='ocrx_word' id='word_1_499' title='bbox 955 5673 1041 5724; x_wconf 77' lang='lat' dir='ltr'><strong>tali</strong></span> <span class='ocrx_word' id='word_1_500' title='bbox 1056 5673 1229 5737; x_wconf 72' lang='lat' dir='ltr'><strong>aquam</strong></span> <span class='ocrx_word' id='word_1_501' title='bbox 1243 5688 1333 5724; x_wconf 87' lang='lat' dir='ltr'><strong>non</strong></span> <span class='ocrx_word' id='word_1_502' title='bbox 1351 5673 1610 5738; x_wconf 51' lang='lat' dir='ltr'><strong>respuatis.</strong></span> 
     </span>
    </p>
   </div>
   <div class='ocr_carea' id='block_1_62' title="bbox 1687 275 2261 354">
    <p class='ocr_par' dir='ltr' id='par_1_62' title="bbox 1687 275 2261 354">
     <span class='ocr_line' id='line_1_62' title="bbox 1687 275 2261 354; baseline 0.003 -13"><span class='ocrx_word' id='word_1_503' title='bbox 1687 284 1884 342; x_wconf 75' lang='lat' dir='ltr'><strong>LIBER</strong></span> <span class='ocrx_word' id='word_1_504' title='bbox 1922 275 2261 354; x_wconf 57' lang='lat' dir='ltr'><strong>quantus.</strong></span> 
     </span>
    </p>
   </div>
   <div class='ocr_carea' id='block_1_63' title="bbox 3515 293 3617 347">
    <p class='ocr_par' dir='ltr' id='par_1_63' title="bbox 3515 293 3617 347">
     <span class='ocr_line' id='line_1_63' title="bbox 3515 293 3617 347; baseline -0.01 0"><span class='ocrx_word' id='word_1_505' title='bbox 3515 293 3617 347; x_wconf 72' lang='lat' dir='ltr'><strong>Slill</strong></span> 
     </span>
    </p>
   </div>
   <div class='ocr_carea' id='block_1_64' title="bbox 2043 395 3614 471">
    <p class='ocr_par' dir='ltr' id='par_1_64' title="bbox 2043 395 3614 471">
     <span class='ocr_line' id='line_1_64' title="bbox 2043 395 3614 471; baseline 0.004 -23"><span class='ocrx_word' id='word_1_506' title='bbox 2043 410 2148 449; x_wconf 89' lang='lat' dir='ltr'><strong>non</strong></span> <span class='ocrx_word' id='word_1_507' title='bbox 2192 395 2420 464; x_wconf 81' lang='lat' dir='ltr'><strong>baptizat</strong></span> <span class='ocrx_word' id='word_1_508' title='bbox 2454 410 2483 447; x_wconf 88' lang='lat' dir='ltr'><strong>a</strong></span> <span class='ocrx_word' id='word_1_509' title='bbox 2530 402 2705 449; x_wconf 77' lang='lat' dir='ltr'><strong>Vestra</strong></span> <span class='ocrx_word' id='word_1_510' title='bbox 2733 400 3111 450; x_wconf 84' lang='lat' dir='ltr'><strong>eonmutnlone</strong></span> <span class='ocrx_word' id='word_1_511' title='bbox 3147 409 3462 464; x_wconf 69' lang='lat' dir='ltr'><strong>separatus:</strong></span> <span class='ocrx_word' id='word_1_512' title='bbox 3496 400 3614 471; x_wconf 82' lang='lat' dir='ltr'><strong>lego</strong></span> 
     </span>
    </p>
   </div>
   <div class='ocr_carea' id='block_1_65' title="bbox 2044 486 3625 556">
    <p class='ocr_par' dir='ltr' id='par_1_65' title="bbox 2044 486 3625 556">
     <span class='ocr_line' id='line_1_65' title="bbox 2044 486 3625 556; baseline 0.001 -14"><span class='ocrx_word' id='word_1_513' title='bbox 2044 488 2335 556; x_wconf 80' lang='lat' dir='ltr'><strong>baptizasse</strong></span> <span class='ocrx_word' id='word_1_514' title='bbox 2364 501 2484 541; x_wconf 89' lang='lat' dir='ltr'><strong>cum</strong></span> <span class='ocrx_word' id='word_1_515' title='bbox 2532 486 2849 541; x_wconf 76' lang='lat' dir='ltr'><strong>Maximiano</strong></span> <span class='ocrx_word' id='word_1_516' title='bbox 2879 486 2944 540; x_wconf 88' lang='lat' dir='ltr'><strong>ad</strong></span> <span class='ocrx_word' id='word_1_517' title='bbox 3001 488 3324 541; x_wconf 84' lang='lat' dir='ltr'><strong>consortium</strong></span> <span class='ocrx_word' id='word_1_518' title='bbox 3377 489 3625 544; x_wconf 59' lang='lat' dir='ltr'><strong>criminis“</strong></span> 
     </span>
    </p>
   </div>
   <div class='ocr_carea' id='block_1_66' title="bbox 2044 577 3613 648">
    <p class='ocr_par' dir='ltr' id='par_1_66' title="bbox 2044 577 3613 648">
     <span class='ocr_line' id='line_1_66' title="bbox 2044 577 3613 648; baseline 0 -16"><span class='ocrx_word' id='word_1_519' title='bbox 2044 588 2258 633; x_wconf 79' lang='lat' dir='ltr'><strong>tractos.</strong></span> <span class='ocrx_word' id='word_1_520' title='bbox 2287 577 2343 632; x_wconf 88' lang='lat' dir='ltr'><strong>Si</strong></span> <span class='ocrx_word' id='word_1_521' title='bbox 2389 594 2494 631; x_wconf 86' lang='lat' dir='ltr'><strong>non</strong></span> <span class='ocrx_word' id='word_1_522' title='bbox 2533 577 2761 647; x_wconf 82' lang='lat' dir='ltr'><strong>baptizat</strong></span> <span class='ocrx_word' id='word_1_523' title='bbox 2805 577 2892 647; x_wconf 84' lang='lat' dir='ltr'><strong>qui</strong></span> <span class='ocrx_word' id='word_1_524' title='bbox 2943 586 3127 648; x_wconf 82' lang='lat' dir='ltr'><strong>peccat</strong></span> <span class='ocrx_word' id='word_1_525' title='bbox 3170 577 3220 630; x_wconf 91' lang='lat' dir='ltr'><strong>in</strong></span> <span class='ocrx_word' id='word_1_526' title='bbox 3256 579 3418 631; x_wconf 89' lang='lat' dir='ltr'><strong>Deum</strong></span> <span class='ocrx_word' id='word_1_527' title='bbox 3450 595 3463 631; x_wconf 87' lang='lat'><strong>:</strong></span> <span class='ocrx_word' id='word_1_528' title='bbox 3498 579 3613 645; x_wconf 60' lang='lat' dir='ltr'><strong>leg»</strong></span> 
     </span>
    </p>
   </div>
   <div class='ocr_carea' id='block_1_67' title="bbox 2042 668 3610 739">
    <p class='ocr_par' dir='ltr' id='par_1_67' title="bbox 2042 668 3610 739">
     <span class='ocr_line' id='line_1_67' title="bbox 2042 668 3610 739; baseline 0.001 -16"><span class='ocrx_word' id='word_1_529' title='bbox 2042 670 2339 738; x_wconf 84' lang='lat' dir='ltr'><strong>baptizasse</strong></span> <span class='ocrx_word' id='word_1_530' title='bbox 2361 679 2547 723; x_wconf 80' lang='lat' dir='ltr'><strong>catena</strong></span> <span class='ocrx_word' id='word_1_531' title='bbox 2576 670 2839 739; x_wconf 83' lang='lat' dir='ltr'><strong>sacrilegii</strong></span> <span class='ocrx_word' id='word_1_532' title='bbox 2860 670 3156 739; x_wconf 69' lang='lat' dir='ltr'><strong>colligatos.</strong></span> <span class='ocrx_word' id='word_1_533' title='bbox 3191 668 3247 724; x_wconf 91' lang='lat' dir='ltr'><strong>Si</strong></span> <span class='ocrx_word' id='word_1_534' title='bbox 3282 671 3610 725; x_wconf 77' lang='lat' dir='ltr'><strong>conscientia</strong></span> 
     </span>
    </p>
   </div>
   <div class='ocr_carea' id='block_1_68' title="bbox 2042 757 3604 828">
    <p class='ocr_par' dir='ltr' id='par_1_68' title="bbox 2042 757 3604 828">
     <span class='ocr_line' id='line_1_68' title="bbox 2042 757 3604 828; baseline 0 -16"><span class='ocrx_word' id='word_1_535' title='bbox 2042 763 2226 813; x_wconf 82' lang='lat' dir='ltr'><strong>sancte</strong></span> <span class='ocrx_word' id='word_1_536' title='bbox 2263 757 2438 811; x_wconf 87' lang='lat' dir='ltr'><strong>dantis</strong></span> <span class='ocrx_word' id='word_1_537' title='bbox 2483 757 2773 811; x_wconf 86' lang='lat' dir='ltr'><strong>attenditur</strong></span> <span class='ocrx_word' id='word_1_538' title='bbox 2796 800 2810 823; x_wconf 92' lang='lat'><strong>,</strong></span> <span class='ocrx_word' id='word_1_539' title='bbox 2859 773 2979 828; x_wconf 68' lang='lat' dir='ltr'><strong>quae</strong></span> <span class='ocrx_word' id='word_1_540' title='bbox 3032 758 3212 812; x_wconf 83' lang='lat' dir='ltr'><strong>abluat</strong></span> <span class='ocrx_word' id='word_1_541' title='bbox 3248 760 3559 827; x_wconf 87' lang='lat' dir='ltr'><strong>accipientis</strong></span> <span class='ocrx_word' id='word_1_542' title='bbox 3594 780 3604 812; x_wconf 92' lang='lat'>:</span> 
     </span>
    </p>
   </div>
   <div class='ocr_carea' id='block_1_69' title="bbox 2042 846 3603 918">
    <p class='ocr_par' dir='ltr' id='par_1_69' title="bbox 2042 846 3603 918">
     <span class='ocr_line' id='line_1_69' title="bbox 2042 846 3603 918; baseline 0.001 -16"><span class='ocrx_word' id='word_1_543' title='bbox 2042 848 2160 917; x_wconf 84' lang='lat' dir='ltr'><strong>lego</strong></span> <span class='ocrx_word' id='word_1_544' title='bbox 2212 849 2511 918; x_wconf 80' lang='lat' dir='ltr'><strong>baptizasse</strong></span> <span class='ocrx_word' id='word_1_545' title='bbox 2552 849 2818 904; x_wconf 88' lang='lat' dir='ltr'><strong>morsibus</strong></span> <span class='ocrx_word' id='word_1_546' title='bbox 2872 851 2886 881; x_wconf 76' lang='grc'>⁸</span> <span class='ocrx_word' id='word_1_547' title='bbox 2937 846 3177 918; x_wconf 86' lang='lat' dir='ltr'><strong>aspidum</strong></span> <span class='ocrx_word' id='word_1_548' title='bbox 3204 864 3519 903; x_wconf 82' lang='lat' dir='ltr'><strong>venenosos.</strong></span> <span class='ocrx_word' id='word_1_549' title='bbox 3549 852 3603 904; x_wconf 83' lang='lat' dir='ltr'><strong>Si</strong></span> 
     </span>
    </p>
   </div>
   <div class='ocr_carea' id='block_1_70' title="bbox 2041 936 3605 1008">
    <p class='ocr_par' dir='ltr' id='par_1_70' title="bbox 2041 936 3605 1008">
     <span class='ocr_line' id='line_1_70' title="bbox 2041 936 3605 1008; baseline 0 -15"><span class='ocrx_word' id='word_1_550' title='bbox 2041 938 2365 994; x_wconf 88' lang='lat' dir='ltr'><strong>conscientia</strong></span> <span class='ocrx_word' id='word_1_551' title='bbox 2416 936 2591 992; x_wconf 88' lang='lat' dir='ltr'><strong>dantis</strong></span> <span class='ocrx_word' id='word_1_552' title='bbox 2619 948 2677 992; x_wconf 89' lang='lat' dir='ltr'><strong>ut</strong></span> <span class='ocrx_word' id='word_1_553' title='bbox 2717 939 2885 1008; x_wconf 87' lang='lat' dir='ltr'><strong>possit</strong></span> <span class='ocrx_word' id='word_1_554' title='bbox 2931 938 3170 1001; x_wconf 80' lang='lat' dir='ltr'><strong>abluere.</strong></span> <span class='ocrx_word' id='word_1_555' title='bbox 3228 939 3436 1008; x_wconf 88' lang='lat' dir='ltr'><strong>publica</strong></span> <span class='ocrx_word' id='word_1_556' title='bbox 3468 936 3605 993; x_wconf 76' lang='lat' dir='ltr'><strong>fama</strong></span> 
     </span>
    </p>
   </div>
   <div class='ocr_carea' id='block_1_71' title="bbox 2042 1030 3613 1107">
    <p class='ocr_par' dir='ltr' id='par_1_71' title="bbox 2042 1030 3613 1107">
     <span class='ocr_line' id='line_1_71' title="bbox 2042 1030 3613 1107; baseline 0.003 -26"><span class='ocrx_word' id='word_1_557' title='bbox 2042 1030 2157 1107; x_wconf 78' lang='lat' dir='ltr'><strong>ejus</strong></span> <span class='ocrx_word' id='word_1_558' title='bbox 2183 1031 2507 1086; x_wconf 86' lang='lat' dir='ltr'><strong>attenditur:</strong></span> <span class='ocrx_word' id='word_1_559' title='bbox 2534 1032 2651 1103; x_wconf 87' lang='lat' dir='ltr'><strong>lego</strong></span> <span class='ocrx_word' id='word_1_560' title='bbox 2675 1032 2970 1102; x_wconf 84' lang='lat' dir='ltr'><strong>baptizasse</strong></span> <span class='ocrx_word' id='word_1_561' title='bbox 2996 1031 3186 1088; x_wconf 79' lang='lat' dir='ltr'><strong>l&#39;atttosi</strong></span> <span class='ocrx_word' id='word_1_562' title='bbox 3208 1032 3446 1087; x_wconf 84' lang='lat' dir='ltr'><strong>criminis</strong></span> <span class='ocrx_word' id='word_1_563' title='bbox 3475 1042 3613 1088; x_wconf 74' lang='lat' dir='ltr'><strong>reos.</strong></span> 
     </span>
    </p>
   </div>
   <div class='ocr_carea' id='block_1_72' title="bbox 2045 1115 3615 1194">
    <p class='ocr_par' dir='ltr' id='par_1_72' title="bbox 2045 1115 3615 1194">
     <span class='ocr_line' id='line_1_72' title="bbox 2045 1115 3615 1194; baseline 0.003 -20"><span class='ocrx_word' id='word_1_564' title='bbox 2045 1120 2221 1176; x_wconf 79' lang='lat' dir='ltr'><strong>Manet</strong></span> <span class='ocrx_word' id='word_1_565' title='bbox 2264 1122 2439 1178; x_wconf 85' lang='lat' dir='ltr'><strong>adhuc</strong></span> <span class='ocrx_word' id='word_1_566' title='bbox 2483 1124 2534 1177; x_wconf 92' lang='lat' dir='ltr'><strong>in</strong></span> <span class='ocrx_word' id='word_1_567' title='bbox 2588 1139 2814 1194; x_wconf 89' lang='lat' dir='ltr'><strong>corpore</strong></span> <span class='ocrx_word' id='word_1_568' title='bbox 2854 1123 3175 1188; x_wconf 87' lang='lat' dir='ltr'><strong>Felicianus,</strong></span> <span class='ocrx_word' id='word_1_569' title='bbox 3220 1130 3339 1179; x_wconf 84' lang='lat' dir='ltr'><strong>cum</strong></span> <span class='ocrx_word' id='word_1_570' title='bbox 3373 1115 3468 1179; x_wconf 89' lang='lat' dir='ltr'><strong>illo</strong></span> <span class='ocrx_word' id='word_1_571' title='bbox 3495 1136 3615 1179; x_wconf 85' lang='lat' dir='ltr'><strong>sunt</strong></span> 
     </span>
    </p>
   </div>
   <div class='ocr_carea' id='block_1_73' title="bbox 2042 1200 3616 1283">
    <p class='ocr_par' dir='ltr' id='par_1_73' title="bbox 2042 1200 3616 1283">
     <span class='ocr_line' id='line_1_73' title="bbox 2042 1200 3616 1283; baseline 0.003 -19"><span class='ocrx_word' id='word_1_572' title='bbox 2042 1224 2228 1265; x_wconf 84' lang='lat' dir='ltr'><strong>Omnes</strong></span> <span class='ocrx_word' id='word_1_573' title='bbox 2252 1200 2319 1266; x_wconf 88' lang='lat' dir='ltr'><strong>ab</strong></span> <span class='ocrx_word' id='word_1_574' title='bbox 2348 1212 2439 1268; x_wconf 91' lang='lat' dir='ltr'><strong>illo</strong></span> <span class='ocrx_word' id='word_1_575' title='bbox 2481 1214 2533 1266; x_wconf 90' lang='lat' dir='ltr'><strong>in</strong></span> <span class='ocrx_word' id='word_1_576' title='bbox 2588 1213 2870 1283; x_wconf 83' lang='lat' dir='ltr'><strong>sacrilegio</strong></span> <span class='ocrx_word' id='word_1_577' title='bbox 2899 1213 3203 1268; x_wconf 66' lang='lat' dir='ltr'><strong>sellismutis</strong></span> <span class='ocrx_word' id='word_1_578' title='bbox 3247 1212 3494 1283; x_wconf 81' lang='lat' dir='ltr'><strong>baptizati</strong></span> <span class='ocrx_word' id='word_1_579' title='bbox 3519 1257 3535 1279; x_wconf 90' lang='lat'><strong>,</strong></span> <span class='ocrx_word' id='word_1_580' title='bbox 3569 1218 3616 1268; x_wconf 89' lang='lat' dir='ltr'><strong>in</strong></span> 
     </span>
    </p>
   </div>
   <div class='ocr_carea' id='block_1_74' title="bbox 2043 1302 3615 1373">
    <p class='ocr_par' dir='ltr' id='par_1_74' title="bbox 2043 1302 3615 1373">
     <span class='ocr_line' id='line_1_74' title="bbox 2043 1302 3615 1373; baseline 0.001 -19"><span class='ocrx_word' id='word_1_581' title='bbox 2043 1302 2467 1356; x_wconf 84' lang='lat' dir='ltr'><strong>communionem</strong></span> <span class='ocrx_word' id='word_1_582' title='bbox 2518 1314 2694 1357; x_wconf 89' lang='lat' dir='ltr'><strong>autem</strong></span> <span class='ocrx_word' id='word_1_583' title='bbox 2727 1314 2956 1358; x_wconf 77' lang='lat' dir='ltr'><strong>vestram</strong></span> <span class='ocrx_word' id='word_1_584' title='bbox 2985 1304 3226 1373; x_wconf 83' lang='lat' dir='ltr'><strong>recepti,</strong></span> <span class='ocrx_word' id='word_1_585' title='bbox 3270 1319 3368 1359; x_wconf 89' lang='lat' dir='ltr'><strong>nec</strong></span> <span class='ocrx_word' id='word_1_586' title='bbox 3396 1305 3463 1359; x_wconf 88' lang='lat' dir='ltr'><strong>ab</strong></span> <span class='ocrx_word' id='word_1_587' title='bbox 3509 1307 3615 1358; x_wconf 76' lang='lat' dir='ltr'><strong>ulto</strong></span> 
     </span>
    </p>
   </div>
   <div class='ocr_carea' id='block_1_75' title="bbox 2043 1382 3617 1466">
    <p class='ocr_par' dir='ltr' id='par_1_75' title="bbox 2043 1382 3617 1466">
     <span class='ocr_line' id='line_1_75' title="bbox 2043 1382 3617 1466; baseline 0.003 -21"><span class='ocrx_word' id='word_1_588' title='bbox 2043 1392 2378 1462; x_wconf 78' lang='lat' dir='ltr'><strong>rebaptizati.</strong></span> <span class='ocrx_word' id='word_1_589' title='bbox 2429 1394 2623 1448; x_wconf 85' lang='lat' dir='ltr'><strong>Contra</strong></span> <span class='ocrx_word' id='word_1_590' title='bbox 2657 1384 2974 1449; x_wconf 76' lang='lat' dir='ltr'><strong>Petilianum</strong></span> <span class='ocrx_word' id='word_1_591' title='bbox 3003 1435 3019 1460; x_wconf 91' lang='lat'><strong>,</strong></span> <span class='ocrx_word' id='word_1_592' title='bbox 3050 1382 3337 1465; x_wconf 75' lang='lat' dir='ltr'><strong>baptizavit</strong></span> <span class='ocrx_word' id='word_1_593' title='bbox 3364 1399 3617 1466; x_wconf 75' lang='lat' dir='ltr'><strong>sacrilega</strong></span> 
     </span>
    </p>
   </div>
   <div class='ocr_carea' id='block_1_76' title="bbox 2042 1484 3620 1555">
    <p class='ocr_par' dir='ltr' id='par_1_76' title="bbox 2042 1484 3620 1555">
     <span class='ocr_line' id='line_1_76' title="bbox 2042 1484 3620 1555; baseline 0.003 -20"><span class='ocrx_word' id='word_1_594' title='bbox 2042 1484 2366 1537; x_wconf 78' lang='lat' dir='ltr'><strong>conscientia</strong></span> <span class='ocrx_word' id='word_1_595' title='bbox 2403 1484 2738 1548; x_wconf 66' lang='lat' dir='ltr'><strong>maculosus;</strong></span> <span class='ocrx_word' id='word_1_596' title='bbox 2767 1490 2952 1539; x_wconf 84' lang='lat' dir='ltr'><strong>contra</strong></span> <span class='ocrx_word' id='word_1_597' title='bbox 2985 1493 3034 1539; x_wconf 89' lang='lat' dir='ltr'><strong>te</strong></span> <span class='ocrx_word' id='word_1_598' title='bbox 3058 1526 3074 1552; x_wconf 91' lang='lat'><strong>,</strong></span> <span class='ocrx_word' id='word_1_599' title='bbox 3109 1486 3390 1555; x_wconf 86' lang='lat' dir='ltr'><strong>baptizavit</strong></span> <span class='ocrx_word' id='word_1_600' title='bbox 3434 1488 3620 1540; x_wconf 76' lang='lat' dir='ltr'><strong>famosi</strong></span> 
     </span>
    </p>
   </div>
   <div class='ocr_carea' id='block_1_77' title="bbox 2042 1573 3616 1645">
    <p class='ocr_par' dir='ltr' id='par_1_77' title="bbox 2042 1573 3616 1645">
     <span class='ocr_line' id='line_1_77' title="bbox 2042 1573 3616 1645; baseline 0.004 -20"><span class='ocrx_word' id='word_1_601' title='bbox 2042 1573 2279 1626; x_wconf 84' lang='lat' dir='ltr'><strong>criminis</strong></span> <span class='ocrx_word' id='word_1_602' title='bbox 2306 1586 2453 1630; x_wconf 90' lang='lat' dir='ltr'><strong>reus.</strong></span> <span class='ocrx_word' id='word_1_603' title='bbox 2502 1574 2615 1643; x_wconf 83' lang='lat' dir='ltr'><strong>Qua</strong></span> <span class='ocrx_word' id='word_1_604' title='bbox 2649 1575 2860 1629; x_wconf 79' lang='lat' dir='ltr'><strong>ratiune</strong></span> <span class='ocrx_word' id='word_1_605' title='bbox 2890 1589 2984 1630; x_wconf 90' lang='lat' dir='ltr'><strong>vos</strong></span> <span class='ocrx_word' id='word_1_606' title='bbox 3006 1615 3023 1642; x_wconf 91' lang='lat'><strong>,</strong></span> <span class='ocrx_word' id='word_1_607' title='bbox 3049 1591 3230 1645; x_wconf 62' lang='lat' dir='ltr'><strong>quaeso</strong></span> <span class='ocrx_word' id='word_1_608' title='bbox 3249 1618 3264 1641; x_wconf 89' lang='lat'><strong>,</strong></span> <span class='ocrx_word' id='word_1_609' title='bbox 3294 1576 3576 1631; x_wconf 77' lang='lat' dir='ltr'><strong>defenditis</strong></span> <span class='ocrx_word' id='word_1_610' title='bbox 3602 1617 3616 1637; x_wconf 89' lang='lat'><strong>.</strong></span> 
     </span>
    </p>
   </div>
   <div class='ocr_carea' id='block_1_78' title="bbox 2044 1650 3617 1734">
    <p class='ocr_par' dir='ltr' id='par_1_78' title="bbox 2044 1650 3617 1734">
     <span class='ocr_line' id='line_1_78' title="bbox 2044 1650 3617 1734; baseline 0.002 -17"><span class='ocrx_word' id='word_1_611' title='bbox 2044 1663 2143 1717; x_wconf 83' lang='lat' dir='ltr'><strong>nisi</strong></span> <span class='ocrx_word' id='word_1_612' title='bbox 2176 1650 2398 1734; x_wconf 87' lang='lat' dir='ltr'><strong>utquod</strong></span> <span class='ocrx_word' id='word_1_613' title='bbox 2452 1674 2506 1719; x_wconf 81' lang='lat' dir='ltr'><strong>et</strong></span> <span class='ocrx_word' id='word_1_614' title='bbox 2546 1680 2644 1721; x_wconf 89' lang='lat' dir='ltr'><strong>nos</strong></span> <span class='ocrx_word' id='word_1_615' title='bbox 2675 1665 2936 1733; x_wconf 91' lang='lat' dir='ltr'><strong>dicimus,</strong></span> <span class='ocrx_word' id='word_1_616' title='bbox 2984 1668 3178 1721; x_wconf 76' lang='lat' dir='ltr'><strong>Vestris</strong></span> <span class='ocrx_word' id='word_1_617' title='bbox 3205 1666 3356 1722; x_wconf 68' lang='lat' dir='ltr'><strong>lactis</strong></span> <span class='ocrx_word' id='word_1_618' title='bbox 3389 1667 3617 1723; x_wconf 76' lang='lat' dir='ltr'><strong>convicti</strong></span> 
     </span>
    </p>
   </div>
   <div class='ocr_carea' id='block_1_79' title="bbox 2043 1753 3619 1826">
    <p class='ocr_par' dir='ltr' id='par_1_79' title="bbox 2043 1753 3619 1826">
     <span class='ocr_line' id='line_1_79' title="bbox 2043 1753 3619 1826; baseline 0.001 -18"><span class='ocrx_word' id='word_1_619' title='bbox 2043 1754 2324 1825; x_wconf 84' lang='lat' dir='ltr'><strong>aliquando</strong></span> <span class='ocrx_word' id='word_1_620' title='bbox 2351 1753 2542 1810; x_wconf 87' lang='lat' dir='ltr'><strong>dicatis</strong></span> <span class='ocrx_word' id='word_1_621' title='bbox 2577 1797 2593 1823; x_wconf 91' lang='lat'><strong>,</strong></span> <span class='ocrx_word' id='word_1_622' title='bbox 2649 1756 2791 1826; x_wconf 80' lang='lat' dir='ltr'><strong>quod</strong></span> <span class='ocrx_word' id='word_1_623' title='bbox 2819 1772 2918 1811; x_wconf 88' lang='lat' dir='ltr'><strong>nec</strong></span> <span class='ocrx_word' id='word_1_624' title='bbox 2965 1757 3313 1824; x_wconf 90' lang='lat' dir='ltr'><strong>conscientia,</strong></span> <span class='ocrx_word' id='word_1_625' title='bbox 3355 1774 3454 1813; x_wconf 88' lang='lat' dir='ltr'><strong>nec</strong></span> <span class='ocrx_word' id='word_1_626' title='bbox 3484 1759 3619 1811; x_wconf 69' lang='lat' dir='ltr'><strong>lania</strong></span> 
     </span>
    </p>
   </div>
   <div class='ocr_carea' id='block_1_80' title="bbox 2043 1832 3616 1916">
    <p class='ocr_par' dir='ltr' id='par_1_80' title="bbox 2043 1832 3616 1916">
     <span class='ocr_line' id='line_1_80' title="bbox 2043 1832 3616 1916; baseline 0.003 -15"><span class='ocrx_word' id='word_1_627' title='bbox 2043 1845 2215 1901; x_wconf 84' lang='lat' dir='ltr'><strong>dantis</strong></span> <span class='ocrx_word' id='word_1_628' title='bbox 2242 1832 2420 1901; x_wconf 86' lang='lat' dir='ltr'><strong>abluat</strong></span> <span class='ocrx_word' id='word_1_629' title='bbox 2448 1848 2763 1916; x_wconf 84' lang='lat' dir='ltr'><strong>accipientis</strong></span> <span class='ocrx_word' id='word_1_630' title='bbox 2792 1847 3177 1903; x_wconf 87' lang='lat' dir='ltr'><strong>conscientiam</strong></span> <span class='ocrx_word' id='word_1_631' title='bbox 3200 1890 3216 1913; x_wconf 89' lang='lat'><strong>,</strong></span> <span class='ocrx_word' id='word_1_632' title='bbox 3244 1850 3340 1905; x_wconf 85' lang='lat' dir='ltr'><strong>sed</strong></span> <span class='ocrx_word' id='word_1_633' title='bbox 3372 1850 3503 1905; x_wconf 88' lang='lat' dir='ltr'><strong>lides</strong></span> <span class='ocrx_word' id='word_1_634' title='bbox 3527 1867 3616 1904; x_wconf 84' lang='lat' dir='ltr'><strong>ac-</strong></span> 
     </span>
    </p>
   </div>
   <div class='ocr_carea' id='block_1_81' title="bbox 2043 1936 3619 2009">
    <p class='ocr_par' dir='ltr' id='par_1_81' title="bbox 2043 1936 3619 2009">
     <span class='ocr_line' id='line_1_81' title="bbox 2043 1936 3619 2009; baseline 0.004 -20"><span class='ocrx_word' id='word_1_635' title='bbox 2043 1936 2288 2006; x_wconf 81' lang='lat' dir='ltr'><strong>cipientis</strong></span> <span class='ocrx_word' id='word_1_636' title='bbox 2318 1938 2504 2007; x_wconf 61' lang='lat' dir='ltr'><strong>ipsius,</strong></span> <span class='ocrx_word' id='word_1_637' title='bbox 2535 1938 2714 1992; x_wconf 86' lang='lat' dir='ltr'><strong>dantis</strong></span> <span class='ocrx_word' id='word_1_638' title='bbox 2737 1949 2916 1993; x_wconf 89' lang='lat' dir='ltr'><strong>autem</strong></span> <span class='ocrx_word' id='word_1_639' title='bbox 2940 1940 3030 1994; x_wconf 92' lang='lat' dir='ltr'><strong>Dei</strong></span> <span class='ocrx_word' id='word_1_640' title='bbox 3059 1942 3253 2009; x_wconf 87' lang='lat' dir='ltr'><strong>gratia,</strong></span> <span class='ocrx_word' id='word_1_641' title='bbox 3304 1958 3409 1996; x_wconf 91' lang='lat' dir='ltr'><strong>non</strong></span> <span class='ocrx_word' id='word_1_642' title='bbox 3448 1943 3619 1997; x_wconf 53' lang='lat' dir='ltr'><strong>ltomi.</strong></span> 
     </span>
    </p>
   </div>
   <div class='ocr_carea' id='block_1_82' title="bbox 2045 2026 3610 2102">
    <p class='ocr_par' dir='ltr' id='par_1_82' title="bbox 2045 2026 3610 2102">
     <span class='ocr_line' id='line_1_82' title="bbox 2045 2026 3610 2102; baseline 0.005 -24"><span class='ocrx_word' id='word_1_643' title='bbox 2045 2026 2127 2078; x_wconf 67' lang='lat' dir='ltr'><strong>ni.</strong></span> <span class='ocrx_word' id='word_1_644' title='bbox 2155 2043 2169 2079; x_wconf 90' lang='lat'><strong>:</strong></span> <span class='ocrx_word' id='word_1_645' title='bbox 2199 2027 2338 2096; x_wconf 88' lang='lat' dir='ltr'><strong>quod</strong></span> <span class='ocrx_word' id='word_1_646' title='bbox 2368 2027 2411 2081; x_wconf 92' lang='lat' dir='ltr'><strong>si</strong></span> <span class='ocrx_word' id='word_1_647' title='bbox 2443 2036 2496 2083; x_wconf 85' lang='lat' dir='ltr'><strong>et</strong></span> <span class='ocrx_word' id='word_1_648' title='bbox 2523 2029 2862 2090; x_wconf 68' lang='lat' dir='ltr'><strong>conscientiae</strong></span> <span class='ocrx_word' id='word_1_649' title='bbox 2889 2030 3041 2087; x_wconf 69' lang='lat' dir='ltr'><strong>bona:</strong></span> <span class='ocrx_word' id='word_1_650' title='bbox 3065 2031 3410 2102; x_wconf 75' lang='lat' dir='ltr'><strong>interrogatio</strong></span> <span class='ocrx_word' id='word_1_651' title='bbox 3442 2033 3493 2086; x_wconf 89' lang='lat' dir='ltr'><strong>in</strong></span> <span class='ocrx_word' id='word_1_652' title='bbox 3520 2049 3610 2086; x_wconf 85' lang='lat' dir='ltr'><strong>ac-</strong></span> 
     </span>
    </p>
   </div>
   <div class='ocr_carea' id='block_1_83' title="bbox 2044 2117 3613 2192">
    <p class='ocr_par' dir='ltr' id='par_1_83' title="bbox 2044 2117 3613 2192">
     <span class='ocr_line' id='line_1_83' title="bbox 2044 2117 3613 2192; baseline 0.004 -21"><span class='ocrx_word' id='word_1_653' title='bbox 2044 2117 2274 2187; x_wconf 85' lang='lat' dir='ltr'><strong>cipiente</strong></span> <span class='ocrx_word' id='word_1_654' title='bbox 2325 2135 2429 2173; x_wconf 89' lang='lat' dir='ltr'><strong>non</strong></span> <span class='ocrx_word' id='word_1_655' title='bbox 2490 2119 2685 2184; x_wconf 82' lang='lat' dir='ltr'><strong>fuerit,</strong></span> <span class='ocrx_word' id='word_1_656' title='bbox 2737 2119 2978 2191; x_wconf 80' lang='lat' dir='ltr'><strong>ﬁdesque</strong></span> <span class='ocrx_word' id='word_1_657' title='bbox 3004 2121 3117 2192; x_wconf 87' lang='lat' dir='ltr'><strong>ipsa</strong></span> <span class='ocrx_word' id='word_1_658' title='bbox 3145 2122 3226 2177; x_wconf 86' lang='lat' dir='ltr'><strong>vel</strong></span> <span class='ocrx_word' id='word_1_659' title='bbox 3261 2133 3390 2186; x_wconf 85' lang='lat' dir='ltr'><strong>tota,</strong></span> <span class='ocrx_word' id='word_1_660' title='bbox 3420 2123 3505 2179; x_wconf 81' lang='lat' dir='ltr'><strong>vel</strong></span> <span class='ocrx_word' id='word_1_661' title='bbox 3547 2139 3613 2178; x_wconf 78' lang='lat' dir='ltr'><strong>ex</strong></span> 
     </span>
    </p>
   </div>
   <div class='ocr_carea' id='block_1_84' title="bbox 2048 2209 3623 2289">
    <p class='ocr_par' dir='ltr' id='par_1_84' title="bbox 2048 2209 3623 2289">
     <span class='ocr_line' id='line_1_84' title="bbox 2048 2209 3623 2289; baseline 0.004 -29"><span class='ocrx_word' id='word_1_662' title='bbox 2048 2218 2195 2278; x_wconf 88' lang='lat' dir='ltr'><strong>parte</strong></span> <span class='ocrx_word' id='word_1_663' title='bbox 2227 2209 2400 2278; x_wconf 87' lang='lat' dir='ltr'><strong>aliqua</strong></span> <span class='ocrx_word' id='word_1_664' title='bbox 2438 2210 2764 2265; x_wconf 85' lang='lat' dir='ltr'><strong>vacillaverit</strong></span> <span class='ocrx_word' id='word_1_665' title='bbox 2789 2251 2805 2274; x_wconf 84' lang='lat'><strong>,</strong></span> <span class='ocrx_word' id='word_1_666' title='bbox 2843 2226 3022 2267; x_wconf 85' lang='lat' dir='ltr'><strong>mores</strong></span> <span class='ocrx_word' id='word_1_667' title='bbox 3055 2212 3332 2289; x_wconf 56' lang='lat' dir='ltr'><strong>hominum</strong></span> <span class='ocrx_word' id='word_1_668' title='bbox 3359 2229 3478 2269; x_wconf 78' lang='lat' dir='ltr'><strong>esse</strong></span> <span class='ocrx_word' id='word_1_669' title='bbox 3503 2230 3623 2269; x_wconf 90' lang='lat' dir='ltr'><strong>cor-</strong></span> 
     </span>
    </p>
   </div>
   <div class='ocr_carea' id='block_1_85' title="bbox 2047 2299 3617 2373">
    <p class='ocr_par' dir='ltr' id='par_1_85' title="bbox 2047 2299 3617 2373">
     <span class='ocr_line' id='line_1_85' title="bbox 2047 2299 3617 2373; baseline 0.006 -22"><span class='ocrx_word' id='word_1_670' title='bbox 2047 2299 2314 2365; x_wconf 77' lang='lat' dir='ltr'><strong>rigendos,</strong></span> <span class='ocrx_word' id='word_1_671' title='bbox 2349 2315 2450 2352; x_wconf 87' lang='lat' dir='ltr'><strong>non</strong></span> <span class='ocrx_word' id='word_1_672' title='bbox 2478 2310 2810 2356; x_wconf 86' lang='lat' dir='ltr'><strong>sacramenta</strong></span> <span class='ocrx_word' id='word_1_673' title='bbox 2838 2301 3180 2365; x_wconf 84' lang='lat' dir='ltr'><strong>destruenda,</strong></span> <span class='ocrx_word' id='word_1_674' title='bbox 3212 2320 3331 2373; x_wconf 63' lang='lat' dir='ltr'><strong>quae</strong></span> <span class='ocrx_word' id='word_1_675' title='bbox 3369 2320 3473 2361; x_wconf 90' lang='lat' dir='ltr'><strong>non</strong></span> <span class='ocrx_word' id='word_1_676' title='bbox 3516 2306 3617 2360; x_wconf 82' lang='lat' dir='ltr'><strong>alia</strong></span> 
     </span>
    </p>
   </div>
   <div class='ocr_carea' id='block_1_86' title="bbox 2049 2389 3619 2454">
    <p class='ocr_par' dir='ltr' id='par_1_86' title="bbox 2049 2389 3619 2454">
     <span class='ocr_line' id='line_1_86' title="bbox 2049 2389 3619 2454; baseline 0.005 -12"><span class='ocrx_word' id='word_1_677' title='bbox 2049 2390 2128 2444; x_wconf 85' lang='lat' dir='ltr'><strong>vel</strong></span> <span class='ocrx_word' id='word_1_678' title='bbox 2159 2390 2371 2454; x_wconf 87' lang='lat' dir='ltr'><strong>similia,</strong></span> <span class='ocrx_word' id='word_1_679' title='bbox 2402 2389 2496 2445; x_wconf 89' lang='lat' dir='ltr'><strong>sed</strong></span> <span class='ocrx_word' id='word_1_680' title='bbox 2549 2401 2603 2445; x_wconf 92' lang='lat' dir='ltr'><strong>tn</strong></span> <span class='ocrx_word' id='word_1_681' title='bbox 2652 2393 2871 2446; x_wconf 87' lang='lat' dir='ltr'><strong>omnino</strong></span> <span class='ocrx_word' id='word_1_682' title='bbox 2917 2394 3102 2451; x_wconf 82' lang='lat' dir='ltr'><strong>eadem</strong></span> <span class='ocrx_word' id='word_1_683' title='bbox 3151 2393 3455 2449; x_wconf 76' lang='lat' dir='ltr'><strong>conﬁteris:</strong></span> <span class='ocrx_word' id='word_1_684' title='bbox 3482 2396 3619 2450; x_wconf 89' lang='lat' dir='ltr'><strong>sicut</strong></span> 
     </span>
    </p>
   </div>
   <div class='ocr_carea' id='block_1_87' title="bbox 2048 2479 3622 2555">
    <p class='ocr_par' dir='ltr' id='par_1_87' title="bbox 2048 2479 3622 2555">
     <span class='ocr_line' id='line_1_87' title="bbox 2048 2479 3622 2555; baseline 0.003 -21"><span class='ocrx_word' id='word_1_685' title='bbox 2048 2494 2231 2534; x_wconf 88' lang='lat' dir='ltr'><strong>eorum</strong></span> <span class='ocrx_word' id='word_1_686' title='bbox 2270 2496 2405 2550; x_wconf 89' lang='lat' dir='ltr'><strong>quos</strong></span> <span class='ocrx_word' id='word_1_687' title='bbox 2432 2479 2732 2537; x_wconf 85' lang='lat' dir='ltr'><strong>Felicianus</strong></span> <span class='ocrx_word' id='word_1_688' title='bbox 2779 2492 2832 2536; x_wconf 92' lang='lat' dir='ltr'><strong>et</strong></span> <span class='ocrx_word' id='word_1_689' title='bbox 2872 2482 3224 2539; x_wconf 69' lang='lat' dir='ltr'><strong>Praetextatus</strong></span> <span class='ocrx_word' id='word_1_690' title='bbox 3264 2485 3316 2538; x_wconf 91' lang='lat' dir='ltr'><strong>in</strong></span> <span class='ocrx_word' id='word_1_691' title='bbox 3362 2486 3622 2555; x_wconf 83' lang='lat' dir='ltr'><strong>sacrilego</strong></span> 
     </span>
    </p>
   </div>
   <div class='ocr_carea' id='block_1_88' title="bbox 2049 2568 3624 2644">
    <p class='ocr_par' dir='ltr' id='par_1_88' title="bbox 2049 2568 3624 2644">
     <span class='ocr_line' id='line_1_88' title="bbox 2049 2568 3624 2644; baseline 0.004 -21"><span class='ocrx_word' id='word_1_692' title='bbox 2049 2568 2332 2624; x_wconf 68' lang='lat' dir='ltr'><strong>schismate</strong></span> <span class='ocrx_word' id='word_1_693' title='bbox 2359 2572 2717 2641; x_wconf 86' lang='lat' dir='ltr'><strong>baptizarunt,</strong></span> <span class='ocrx_word' id='word_1_694' title='bbox 2751 2572 2910 2627; x_wconf 87' lang='lat' dir='ltr'><strong>vitam</strong></span> <span class='ocrx_word' id='word_1_695' title='bbox 2936 2580 2991 2626; x_wconf 89' lang='lat' dir='ltr'><strong>et</strong></span> <span class='ocrx_word' id='word_1_696' title='bbox 3016 2574 3334 2628; x_wconf 79' lang='lat' dir='ltr'><strong>Voluntatem</strong></span> <span class='ocrx_word' id='word_1_697' title='bbox 3355 2575 3624 2644; x_wconf 87' lang='lat' dir='ltr'><strong>corrigen-</strong></span> 
     </span>
    </p>
   </div>
   <div class='ocr_carea' id='block_1_89' title="bbox 2050 2661 3620 2736">
    <p class='ocr_par' dir='ltr' id='par_1_89' title="bbox 2050 2661 3620 2736">
     <span class='ocr_line' id='line_1_89' title="bbox 2050 2661 3620 2736; baseline 0.001 -21"><span class='ocrx_word' id='word_1_698' title='bbox 2050 2661 2170 2715; x_wconf 85' lang='lat' dir='ltr'><strong>dam</strong></span> <span class='ocrx_word' id='word_1_699' title='bbox 2219 2663 2583 2727; x_wconf 75' lang='lat' dir='ltr'><strong>existimastis,</strong></span> <span class='ocrx_word' id='word_1_700' title='bbox 2640 2679 2708 2719; x_wconf 88' lang='lat' dir='ltr'><strong>ne</strong></span> <span class='ocrx_word' id='word_1_701' title='bbox 2764 2664 2814 2717; x_wconf 87' lang='lat' dir='ltr'><strong>itt</strong></span> <span class='ocrx_word' id='word_1_702' title='bbox 2865 2663 2956 2717; x_wconf 89' lang='lat' dir='ltr'><strong>illo</strong></span> <span class='ocrx_word' id='word_1_703' title='bbox 3025 2663 3311 2719; x_wconf 78' lang='lat' dir='ltr'><strong>schismate</strong></span> <span class='ocrx_word' id='word_1_704' title='bbox 3362 2667 3620 2736; x_wconf 77' lang='lat' dir='ltr'><strong>sacrilego</strong></span> 
     </span>
    </p>
   </div>
   <div class='ocr_carea' id='block_1_90' title="bbox 2052 2751 3625 2822">
    <p class='ocr_par' dir='ltr' id='par_1_90' title="bbox 2052 2751 3625 2822">
     <span class='ocr_line' id='line_1_90' title="bbox 2052 2751 3625 2822; baseline 0.005 -19"><span class='ocrx_word' id='word_1_705' title='bbox 2052 2761 2422 2821; x_wconf 87' lang='lat' dir='ltr'><strong>permanerent</strong></span> <span class='ocrx_word' id='word_1_706' title='bbox 2453 2752 2473 2784; x_wconf 82' lang='grc'>³</span> <span class='ocrx_word' id='word_1_707' title='bbox 2498 2769 2512 2817; x_wconf 90' lang='lat'><strong>;</strong></span> <span class='ocrx_word' id='word_1_708' title='bbox 2546 2765 2652 2806; x_wconf 86' lang='lat' dir='ltr'><strong>non</strong></span> <span class='ocrx_word' id='word_1_709' title='bbox 2683 2751 2983 2806; x_wconf 87' lang='lat' dir='ltr'><strong>violandum</strong></span> <span class='ocrx_word' id='word_1_710' title='bbox 3012 2752 3362 2822; x_wconf 83' lang='lat' dir='ltr'><strong>Baptismum,</strong></span> <span class='ocrx_word' id='word_1_711' title='bbox 3393 2754 3518 2810; x_wconf 86' lang='lat' dir='ltr'><strong>licet</strong></span> <span class='ocrx_word' id='word_1_712' title='bbox 3545 2755 3625 2811; x_wconf 85' lang='lat' dir='ltr'><strong>iu-</strong></span> 
     </span>
    </p>
   </div>
   <div class='ocr_carea' id='block_1_91' title="bbox 2051 2839 3342 2911">
    <p class='ocr_par' dir='ltr' id='par_1_91' title="bbox 2051 2839 3342 2911">
     <span class='ocr_line' id='line_1_91' title="bbox 2051 2839 3342 2911; baseline 0.002 -17"><span class='ocrx_word' id='word_1_713' title='bbox 2051 2839 2371 2910; x_wconf 79' lang='lat' dir='ltr'><strong>dignissimis</strong></span> <span class='ocrx_word' id='word_1_714' title='bbox 2396 2856 2493 2911; x_wconf 88' lang='lat' dir='ltr'><strong>per</strong></span> <span class='ocrx_word' id='word_1_715' title='bbox 2521 2841 2916 2911; x_wconf 80' lang='lat' dir='ltr'><strong>indignissimos</strong></span> <span class='ocrx_word' id='word_1_716' title='bbox 2942 2843 3292 2897; x_wconf 52' lang='lat' dir='ltr'><strong>tttinistratum</strong></span> <span class='ocrx_word' id='word_1_717' title='bbox 3318 2843 3342 2897; x_wconf 62' lang='grc' dir='ltr'><em>ἲ</em></span> 
     </span>
    </p>
   </div>
   <div class='ocr_carea' id='block_1_92' title="bbox 2121 2928 3626 3001">
    <p class='ocr_par' dir='ltr' id='par_1_92' title="bbox 2121 2928 3626 3001">
     <span class='ocr_line' id='line_1_92' title="bbox 2121 2928 3626 3001; baseline 0.003 -17"><span class='ocrx_word' id='word_1_718' title='bbox 2121 2929 2344 2985; x_wconf 82' lang='lat' dir='ltr'><strong>CAPUT</strong></span> <span class='ocrx_word' id='word_1_719' title='bbox 2366 2928 2555 2984; x_wconf 81' lang='lat' dir='ltr'><strong>XV.—-</strong></span> <span class='ocrx_word' id='word_1_720' title='bbox 2570 2928 2657 2985; x_wconf 84' lang='grc'><strong>17.</strong></span> <span class='ocrx_word' id='word_1_721' title='bbox 2682 2930 2895 2985; x_wconf 84' lang='lat' dir='ltr'><strong>Frustra</strong></span> <span class='ocrx_word' id='word_1_722' title='bbox 2920 2932 3076 3001; x_wconf 84' lang='lat' dir='ltr'><strong>igitur</strong></span> <span class='ocrx_word' id='word_1_723' title='bbox 3101 2947 3194 2989; x_wconf 86' lang='lat' dir='ltr'><strong>ore</strong></span> <span class='ocrx_word' id='word_1_724' title='bbox 3216 2931 3473 2988; x_wconf 86' lang='lat' dir='ltr'><strong>maledico</strong></span> <span class='ocrx_word' id='word_1_725' title='bbox 3499 2948 3626 2988; x_wconf 83' lang='lat' dir='ltr'><strong>cou-</strong></span> 
     </span>
    </p>
   </div>
   <div class='ocr_carea' id='block_1_93' title="bbox 2052 3020 3621 3091">
    <p class='ocr_par' dir='ltr' id='par_1_93' title="bbox 2052 3020 3621 3091">
     <span class='ocr_line' id='line_1_93' title="bbox 2052 3020 3621 3091; baseline 0.001 -16"><span class='ocrx_word' id='word_1_726' title='bbox 2052 3021 2327 3075; x_wconf 88' lang='lat' dir='ltr'><strong>scientiam</strong></span> <span class='ocrx_word' id='word_1_727' title='bbox 2356 3032 2591 3074; x_wconf 87' lang='lat' dir='ltr'><strong>nostram</strong></span> <span class='ocrx_word' id='word_1_728' title='bbox 2625 3029 2872 3090; x_wconf 84' lang='lat' dir='ltr'><strong>tanquam</strong></span> <span class='ocrx_word' id='word_1_729' title='bbox 2892 3020 3209 3091; x_wconf 86' lang='lat' dir='ltr'><strong>publicatam</strong></span> <span class='ocrx_word' id='word_1_730' title='bbox 3230 3030 3388 3090; x_wconf 86' lang='lat' dir='ltr'><strong>atque</strong></span> <span class='ocrx_word' id='word_1_731' title='bbox 3408 3023 3621 3077; x_wconf 81' lang='lat' dir='ltr'><strong>damna-</strong></span> 
     </span>
    </p>
   </div>
   <div class='ocr_carea' id='block_1_94' title="bbox 2056 3109 3622 3181">
    <p class='ocr_par' dir='ltr' id='par_1_94' title="bbox 2056 3109 3622 3181">
     <span class='ocr_line' id='line_1_94' title="bbox 2056 3109 3622 3181; baseline 0.003 -17"><span class='ocrx_word' id='word_1_732' title='bbox 2056 3120 2161 3164; x_wconf 81' lang='lat' dir='ltr'><strong>tant</strong></span> <span class='ocrx_word' id='word_1_733' title='bbox 2190 3111 2414 3166; x_wconf 89' lang='lat' dir='ltr'><strong>crimine</strong></span> <span class='ocrx_word' id='word_1_734' title='bbox 2454 3109 2881 3176; x_wconf 84' lang='lat' dir='ltr'><strong>tlutrilicationis,</strong></span> <span class='ocrx_word' id='word_1_735' title='bbox 2934 3110 3230 3169; x_wconf 79' lang='lat' dir='ltr'><strong>traditionis</strong></span> <span class='ocrx_word' id='word_1_736' title='bbox 3251 3153 3266 3177; x_wconf 89' lang='lat'><strong>,</strong></span> <span class='ocrx_word' id='word_1_737' title='bbox 3299 3113 3622 3181; x_wconf 85' lang='lat' dir='ltr'><strong>persecutio-</strong></span> 
     </span>
    </p>
   </div>
   <div class='ocr_carea' id='block_1_95' title="bbox 2055 3200 3626 3275">
    <p class='ocr_par' dir='ltr' id='par_1_95' title="bbox 2055 3200 3626 3275">
     <span class='ocr_line' id='line_1_95' title="bbox 2055 3200 3626 3275; baseline 0.002 -19"><span class='ocrx_word' id='word_1_738' title='bbox 2055 3203 2157 3268; x_wconf 79' lang='lat' dir='ltr'><strong>nis,</strong></span> <span class='ocrx_word' id='word_1_739' title='bbox 2182 3217 2437 3259; x_wconf 88' lang='lat' dir='ltr'><strong>accusare</strong></span> <span class='ocrx_word' id='word_1_740' title='bbox 2464 3201 2699 3267; x_wconf 88' lang='lat' dir='ltr'><strong>voluisti,</strong></span> <span class='ocrx_word' id='word_1_741' title='bbox 2732 3210 2790 3255; x_wconf 91' lang='lat' dir='ltr'><strong>ut</strong></span> <span class='ocrx_word' id='word_1_742' title='bbox 2830 3217 2895 3257; x_wconf 82' lang='lat' dir='ltr'><strong>es</strong></span> <span class='ocrx_word' id='word_1_743' title='bbox 2933 3200 3036 3256; x_wconf 86' lang='lat' dir='ltr'><strong>hoc</strong></span> <span class='ocrx_word' id='word_1_744' title='bbox 3066 3201 3209 3256; x_wconf 88' lang='lat' dir='ltr'><strong>velut</strong></span> <span class='ocrx_word' id='word_1_745' title='bbox 3229 3203 3499 3275; x_wconf 82' lang='lat' dir='ltr'><strong>probares</strong></span> <span class='ocrx_word' id='word_1_746' title='bbox 3527 3219 3626 3259; x_wconf 86' lang='lat' dir='ltr'><strong>nos</strong></span> 
     </span>
    </p>
   </div>
   <div class='ocr_carea' id='block_1_96' title="bbox 2057 3291 3628 3361">
    <p class='ocr_par' dir='ltr' id='par_1_96' title="bbox 2057 3291 3628 3361">
     <span class='ocr_line' id='line_1_96' title="bbox 2057 3291 3628 3361; baseline 0.001 -15"><span class='ocrx_word' id='word_1_747' title='bbox 2057 3291 2379 3360; x_wconf 86' lang='lat' dir='ltr'><strong>Baptismnm</strong></span> <span class='ocrx_word' id='word_1_748' title='bbox 2405 3292 2534 3346; x_wconf 76' lang='lat' dir='ltr'><strong>dare</strong></span> <span class='ocrx_word' id='word_1_749' title='bbox 2555 3307 2657 3344; x_wconf 85' lang='lat' dir='ltr'><strong>non</strong></span> <span class='ocrx_word' id='word_1_750' title='bbox 2688 3306 2844 3360; x_wconf 84' lang='lat' dir='ltr'><strong>posse</strong></span> <span class='ocrx_word' id='word_1_751' title='bbox 2876 3308 2889 3344; x_wconf 92' lang='lat'><strong>:</strong></span> <span class='ocrx_word' id='word_1_752' title='bbox 2922 3306 3042 3346; x_wconf 91' lang='lat' dir='ltr'><strong>cum</strong></span> <span class='ocrx_word' id='word_1_753' title='bbox 3071 3302 3124 3346; x_wconf 89' lang='lat' dir='ltr'><strong>et</strong></span> <span class='ocrx_word' id='word_1_754' title='bbox 3149 3292 3278 3347; x_wconf 82' lang='lat' dir='ltr'><strong>falsa</strong></span> <span class='ocrx_word' id='word_1_755' title='bbox 3302 3293 3542 3361; x_wconf 86' lang='lat' dir='ltr'><strong>jactetis;</strong></span> <span class='ocrx_word' id='word_1_756' title='bbox 3573 3303 3628 3348; x_wconf 84' lang='lat' dir='ltr'><strong>et</strong></span> 
     </span>
    </p>
   </div>
   <div class='ocr_carea' id='block_1_97' title="bbox 2054 3376 3629 3452">
    <p class='ocr_par' dir='ltr' id='par_1_97' title="bbox 2054 3376 3629 3452">
     <span class='ocr_line' id='line_1_97' title="bbox 2054 3376 3629 3452; baseline 0.001 -17"><span class='ocrx_word' id='word_1_757' title='bbox 2054 3382 2546 3452; x_wconf 88' lang='lat' dir='ltr'><strong>quomodocumque</strong></span> <span class='ocrx_word' id='word_1_758' title='bbox 2566 3396 2625 3436; x_wconf 88' lang='lat' dir='ltr'><strong>se</strong></span> <span class='ocrx_word' id='word_1_759' title='bbox 2655 3380 2782 3435; x_wconf 90' lang='lat' dir='ltr'><strong>illud</strong></span> <span class='ocrx_word' id='word_1_760' title='bbox 2812 3379 3028 3447; x_wconf 83' lang='lat' dir='ltr'><strong>habeat,</strong></span> <span class='ocrx_word' id='word_1_761' title='bbox 3056 3394 3200 3436; x_wconf 88' lang='lat' dir='ltr'><strong>certe</strong></span> <span class='ocrx_word' id='word_1_762' title='bbox 3245 3376 3629 3438; x_wconf 77' lang='lat' dir='ltr'><strong>Maxitnianett-</strong></span> 
     </span>
    </p>
   </div>
   <div class='ocr_carea' id='block_1_98' title="bbox 2055 3469 3621 3544">
    <p class='ocr_par' dir='ltr' id='par_1_98' title="bbox 2055 3469 3621 3544">
     <span class='ocr_line' id='line_1_98' title="bbox 2055 3469 3621 3544; baseline -0.001 -17"><span class='ocrx_word' id='word_1_763' title='bbox 2055 3475 2190 3528; x_wconf 90' lang='lat' dir='ltr'><strong>sium</strong></span> <span class='ocrx_word' id='word_1_764' title='bbox 2217 3473 2475 3543; x_wconf 89' lang='lat' dir='ltr'><strong>sacrilegii</strong></span> <span class='ocrx_word' id='word_1_765' title='bbox 2497 3471 2720 3529; x_wconf 88' lang='lat' dir='ltr'><strong>crimine</strong></span> <span class='ocrx_word' id='word_1_766' title='bbox 2747 3469 2997 3526; x_wconf 83' lang='lat' dir='ltr'><strong>damnata</strong></span> <span class='ocrx_word' id='word_1_767' title='bbox 3024 3472 3350 3531; x_wconf 83' lang='lat' dir='ltr'><strong>conscientia</strong></span> <span class='ocrx_word' id='word_1_768' title='bbox 3370 3472 3498 3526; x_wconf 87' lang='lat' dir='ltr'><strong>dare</strong></span> <span class='ocrx_word' id='word_1_769' title='bbox 3529 3489 3621 3544; x_wconf 87' lang='lat' dir='ltr'><strong>po-</strong></span> 
     </span>
    </p>
   </div>
   <div class='ocr_carea' id='block_1_99' title="bbox 2058 3562 3618 3634">
    <p class='ocr_par' dir='ltr' id='par_1_99' title="bbox 2058 3562 3618 3634">
     <span class='ocr_line' id='line_1_99' title="bbox 2058 3562 3618 3634; baseline 0.002 -16"><span class='ocrx_word' id='word_1_770' title='bbox 2058 3566 2153 3618; x_wconf 90' lang='lat' dir='ltr'><strong>tuit</strong></span> <span class='ocrx_word' id='word_1_771' title='bbox 2174 3565 2502 3634; x_wconf 84' lang='lat' dir='ltr'><strong>Baptismutn</strong></span> <span class='ocrx_word' id='word_1_772' title='bbox 2526 3605 2541 3628; x_wconf 92' lang='lat'><strong>,</strong></span> <span class='ocrx_word' id='word_1_773' title='bbox 2571 3578 2728 3633; x_wconf 89' lang='lat' dir='ltr'><strong>quem</strong></span> <span class='ocrx_word' id='word_1_774' title='bbox 2758 3562 3065 3618; x_wconf 89' lang='lat' dir='ltr'><strong>rescindere</strong></span> <span class='ocrx_word' id='word_1_775' title='bbox 3092 3563 3363 3622; x_wconf 85' lang='lat' dir='ltr'><strong>timuistis.</strong></span> <span class='ocrx_word' id='word_1_776' title='bbox 3382 3572 3438 3617; x_wconf 90' lang='lat' dir='ltr'><strong>et</strong></span> <span class='ocrx_word' id='word_1_777' title='bbox 3457 3578 3618 3634; x_wconf 88' lang='lat' dir='ltr'><strong>quem</strong></span> 
     </span>
    </p>
   </div>
   <div class='ocr_carea' id='block_1_100' title="bbox 2056 3654 3628 3735">
    <p class='ocr_par' dir='ltr' id='par_1_100' title="bbox 2056 3654 3628 3735">
     <span class='ocr_line' id='line_1_100' title="bbox 2056 3654 3628 3735; baseline -0.003 -24"><span class='ocrx_word' id='word_1_778' title='bbox 2056 3657 2169 3711; x_wconf 89' lang='lat' dir='ltr'><strong>dari</strong></span> <span class='ocrx_word' id='word_1_779' title='bbox 2200 3657 2361 3712; x_wconf 88' lang='lat' dir='ltr'><strong>etiam</strong></span> <span class='ocrx_word' id='word_1_780' title='bbox 2398 3670 2427 3709; x_wconf 88' lang='lat' dir='ltr'><strong>a</strong></span> <span class='ocrx_word' id='word_1_781' title='bbox 2453 3654 2901 3735; x_wconf 53' lang='lat' dir='ltr'><strong>persecutoribus</strong></span> <span class='ocrx_word' id='word_1_782' title='bbox 2952 3667 3110 3722; x_wconf 87' lang='lat' dir='ltr'><strong>posse</strong></span> <span class='ocrx_word' id='word_1_783' title='bbox 3151 3668 3247 3724; x_wconf 83' lang='lat' dir='ltr'><strong>per</strong></span> <span class='ocrx_word' id='word_1_784' title='bbox 3276 3668 3374 3708; x_wconf 82' lang='lat' dir='ltr'><strong>vos</strong></span> <span class='ocrx_word' id='word_1_785' title='bbox 3417 3669 3628 3723; x_wconf 84' lang='lat' dir='ltr'><strong>quoque</strong></span> 
     </span>
    </p>
   </div>
   <div class='ocr_carea' id='block_1_101' title="bbox 2057 3742 3627 3815">
    <p class='ocr_par' dir='ltr' id='par_1_101' title="bbox 2057 3742 3627 3815">
     <span class='ocr_line' id='line_1_101' title="bbox 2057 3742 3627 3815; baseline -0.001 -17"><span class='ocrx_word' id='word_1_786' title='bbox 2057 3746 2200 3815; x_wconf 88' lang='lat' dir='ltr'><strong>ipsos</strong></span> <span class='ocrx_word' id='word_1_787' title='bbox 2219 3744 2459 3808; x_wconf 82' lang='lat' dir='ltr'><strong>docetur,</strong></span> <span class='ocrx_word' id='word_1_788' title='bbox 2489 3744 2578 3811; x_wconf 90' lang='lat' dir='ltr'><strong>qui</strong></span> <span class='ocrx_word' id='word_1_789' title='bbox 2631 3742 2851 3796; x_wconf 88' lang='lat' dir='ltr'><strong>eosdem</strong></span> <span class='ocrx_word' id='word_1_790' title='bbox 2880 3742 3324 3795; x_wconf 79' lang='lat' dir='ltr'><strong>Maximianenses</strong></span> <span class='ocrx_word' id='word_1_791' title='bbox 3365 3742 3627 3796; x_wconf 84' lang='lat' dir='ltr'><strong>acerrime</strong></span> 
     </span>
    </p>
   </div>
   <div class='ocr_carea' id='block_1_102' title="bbox 2058 3824 3624 3903">
    <p class='ocr_par' dir='ltr' id='par_1_102' title="bbox 2058 3824 3624 3903">
     <span class='ocr_line' id='line_1_102' title="bbox 2058 3824 3624 3903; baseline -0.002 -17"><span class='ocrx_word' id='word_1_792' title='bbox 2058 3832 2322 3903; x_wconf 87' lang='lat' dir='ltr'><strong>persecuti</strong></span> <span class='ocrx_word' id='word_1_793' title='bbox 2348 3832 2368 3863; x_wconf 86' lang='grc'>³</span> <span class='ocrx_word' id='word_1_794' title='bbox 2393 3845 2500 3884; x_wconf 91' lang='lat' dir='ltr'><strong>non</strong></span> <span class='ocrx_word' id='word_1_795' title='bbox 2523 3830 2696 3883; x_wconf 89' lang='lat' dir='ltr'><strong>solum</strong></span> <span class='ocrx_word' id='word_1_796' title='bbox 2722 3829 3018 3898; x_wconf 86' lang='lat' dir='ltr'><strong>baptizatis,</strong></span> <span class='ocrx_word' id='word_1_797' title='bbox 3042 3827 3135 3882; x_wconf 90' lang='lat' dir='ltr'><strong>sed</strong></span> <span class='ocrx_word' id='word_1_798' title='bbox 3162 3838 3257 3883; x_wconf 68' lang='lat' dir='ltr'><strong>Vos</strong></span> <span class='ocrx_word' id='word_1_799' title='bbox 3284 3824 3427 3883; x_wconf 83' lang='lat' dir='ltr'><strong>solos</strong></span> <span class='ocrx_word' id='word_1_800' title='bbox 3454 3829 3624 3900; x_wconf 82' lang='lat' dir='ltr'><strong>bapti-</strong></span> 
     </span>
    </p>
   </div>
   <div class='ocr_carea' id='block_1_103' title="bbox 2057 3919 2769 3978">
    <p class='ocr_par' dir='ltr' id='par_1_103' title="bbox 2057 3919 2769 3978">
     <span class='ocr_line' id='line_1_103' title="bbox 2057 3919 2769 3978; baseline -0.007 0"><span class='ocrx_word' id='word_1_801' title='bbox 2057 3939 2179 3978; x_wconf 88' lang='lat' dir='ltr'><strong>zare</strong></span> <span class='ocrx_word' id='word_1_802' title='bbox 2200 3921 2397 3978; x_wconf 86' lang='lat' dir='ltr'><strong>debere</strong></span> <span class='ocrx_word' id='word_1_803' title='bbox 2431 3919 2769 3976; x_wconf 86' lang='lat' dir='ltr'><strong>contenditis.</strong></span> 
     </span>
    </p>
   </div>
   <div class='ocr_carea' id='block_1_104' title="bbox 2128 4005 3623 4080">
    <p class='ocr_par' dir='ltr' id='par_1_104' title="bbox 2128 4005 3623 4080">
     <span class='ocr_line' id='line_1_104' title="bbox 2128 4005 3623 4080; baseline 0 -13"><span class='ocrx_word' id='word_1_804' title='bbox 2128 4006 2351 4070; x_wconf 76' lang='lat' dir='ltr'><strong>CAPUT</strong></span> <span class='ocrx_word' id='word_1_805' title='bbox 2382 4010 2595 4066; x_wconf 82' lang='lat' dir='ltr'><strong>XVI.—-</strong></span> <span class='ocrx_word' id='word_1_806' title='bbox 2616 4005 2705 4067; x_wconf 86' lang='lat' dir='ltr'><strong>I8.</strong></span> <span class='ocrx_word' id='word_1_807' title='bbox 2731 4009 2873 4065; x_wconf 89' lang='lat' dir='ltr'><strong>Dicis</strong></span> <span class='ocrx_word' id='word_1_808' title='bbox 2894 4009 2944 4063; x_wconf 93' lang='lat' dir='ltr'><strong>in</strong></span> <span class='ocrx_word' id='word_1_809' title='bbox 2972 4005 3112 4080; x_wconf 89' lang='lat' dir='ltr'><strong>Lege</strong></span> <span class='ocrx_word' id='word_1_810' title='bbox 3145 4010 3422 4080; x_wconf 88' lang='lat' dir='ltr'><strong>scriptum,</strong></span> <span class='ocrx_word' id='word_1_811' title='bbox 3444 4010 3623 4067; x_wconf 79' lang='lat' dir='ltr'><strong>Utrum</strong></span> 
     </span>
    </p>
   </div>
   <div class='ocr_carea' id='block_1_105' title="bbox 2060 4090 3626 4176">
    <p class='ocr_par' dir='ltr' id='par_1_105' title="bbox 2060 4090 3626 4176">
     <span class='ocr_line' id='line_1_105' title="bbox 2060 4090 3626 4176; baseline -0.001 -19"><span class='ocrx_word' id='word_1_812' title='bbox 2060 4103 2331 4176; x_wconf 77' lang='lat' dir='ltr'><strong>peccatoris</strong></span> <span class='ocrx_word' id='word_1_813' title='bbox 2356 4101 2472 4157; x_wconf 89' lang='lat' dir='ltr'><strong>nolo</strong></span> <span class='ocrx_word' id='word_1_814' title='bbox 2494 4111 2650 4173; x_wconf 83' lang='lat' dir='ltr'><strong>ungat</strong></span> <span class='ocrx_word' id='word_1_815' title='bbox 2669 4107 2822 4171; x_wconf 87' lang='lat' dir='ltr'><strong>caput</strong></span> <span class='ocrx_word' id='word_1_816' title='bbox 2843 4115 3006 4153; x_wconf 87' lang='lat' dir='ltr'><strong>meum</strong></span> <span class='ocrx_word' id='word_1_817' title='bbox 3037 4090 3204 4171; x_wconf 82' lang='lat' dir='ltr'><strong>(Psal.</strong></span> <span class='ocrx_word' id='word_1_818' title='bbox 3228 4114 3353 4164; x_wconf 72' lang='lat' dir='ltr'><strong>cu,</strong></span> <span class='ocrx_word' id='word_1_819' title='bbox 3374 4099 3452 4171; x_wconf 83' lang='lat'><strong>5).</strong></span> <span class='ocrx_word' id='word_1_820' title='bbox 3474 4100 3626 4168; x_wconf 81' lang='lat' dir='ltr'><strong>Quod</strong></span> 
     </span>
    </p>
   </div>
   <div class='ocr_carea' id='block_1_106' title="bbox 2061 4191 3620 4266">
    <p class='ocr_par' dir='ltr' id='par_1_106' title="bbox 2061 4191 3620 4266">
     <span class='ocr_line' id='line_1_106' title="bbox 2061 4191 3620 4266; baseline -0.001 -16"><span class='ocrx_word' id='word_1_821' title='bbox 2061 4210 2230 4266; x_wconf 84' lang='lat' dir='ltr'><strong>neque</strong></span> <span class='ocrx_word' id='word_1_822' title='bbox 2254 4196 2326 4248; x_wconf 86' lang='lat' dir='ltr'><strong>ita</strong></span> <span class='ocrx_word' id='word_1_823' title='bbox 2353 4194 2609 4261; x_wconf 88' lang='lat' dir='ltr'><strong>scriptum</strong></span> <span class='ocrx_word' id='word_1_824' title='bbox 2631 4198 2733 4256; x_wconf 88' lang='lat' dir='ltr'><strong>est,</strong></span> <span class='ocrx_word' id='word_1_825' title='bbox 2753 4206 2850 4247; x_wconf 89' lang='lat' dir='ltr'><strong>nec</strong></span> <span class='ocrx_word' id='word_1_826' title='bbox 2868 4191 3004 4245; x_wconf 91' lang='lat' dir='ltr'><strong>sicut</strong></span> <span class='ocrx_word' id='word_1_827' title='bbox 3023 4200 3175 4261; x_wconf 88' lang='lat' dir='ltr'><strong>putas</strong></span> <span class='ocrx_word' id='word_1_828' title='bbox 3201 4191 3620 4263; x_wconf 86' lang='lat' dir='ltr'><strong>intelligendum.</strong></span> 
     </span>
    </p>
   </div>
   <div class='ocr_carea' id='block_1_107' title="bbox 2057 4281 3630 4354">
    <p class='ocr_par' dir='ltr' id='par_1_107' title="bbox 2057 4281 3630 4354">
     <span class='ocr_line' id='line_1_107' title="bbox 2057 4281 3630 4354; baseline -0.003 -10"><span class='ocrx_word' id='word_1_829' title='bbox 2057 4286 2162 4344; x_wconf 83' lang='lat' dir='ltr'><strong>Sed</strong></span> <span class='ocrx_word' id='word_1_830' title='bbox 2193 4283 2446 4354; x_wconf 89' lang='lat' dir='ltr'><strong>numquid</strong></span> <span class='ocrx_word' id='word_1_831' title='bbox 2470 4298 2572 4337; x_wconf 91' lang='lat' dir='ltr'><strong>non</strong></span> <span class='ocrx_word' id='word_1_832' title='bbox 2593 4293 2675 4337; x_wconf 86' lang='lat' dir='ltr'><strong>est</strong></span> <span class='ocrx_word' id='word_1_833' title='bbox 2694 4283 2869 4337; x_wconf 86' lang='lat' dir='ltr'><strong>oleum</strong></span> <span class='ocrx_word' id='word_1_834' title='bbox 2895 4281 3191 4350; x_wconf 88' lang='lat' dir='ltr'><strong>peccatoris</strong></span> <span class='ocrx_word' id='word_1_835' title='bbox 3211 4281 3388 4337; x_wconf 90' lang='lat' dir='ltr'><strong>oleum</strong></span> <span class='ocrx_word' id='word_1_836' title='bbox 3413 4284 3630 4340; x_wconf 82' lang='lat' dir='ltr'><strong>sacrile-</strong></span> 
     </span>
    </p>
   </div>
   <div class='ocr_carea' id='block_1_108' title="bbox 2059 4361 3626 4449">
    <p class='ocr_par' dir='ltr' id='par_1_108' title="bbox 2059 4361 3626 4449">
     <span class='ocr_line' id='line_1_108' title="bbox 2059 4361 3626 4449; baseline -0.001 -21"><span class='ocrx_word' id='word_1_837' title='bbox 2059 4389 2242 4446; x_wconf 84' lang='lat' dir='ltr'><strong>gorum</strong></span> <span class='ocrx_word' id='word_1_838' title='bbox 2270 4372 2569 4449; x_wconf 78' lang='lat' dir='ltr'><strong>Praetextati</strong></span> <span class='ocrx_word' id='word_1_839' title='bbox 2595 4380 2651 4426; x_wconf 90' lang='lat' dir='ltr'><strong>et</strong></span> <span class='ocrx_word' id='word_1_840' title='bbox 2689 4361 2981 4425; x_wconf 79' lang='lat' dir='ltr'><strong>Feliciani?</strong></span> <span class='ocrx_word' id='word_1_841' title='bbox 3009 4369 3149 4424; x_wconf 90' lang='lat' dir='ltr'><strong>Dicis</strong></span> <span class='ocrx_word' id='word_1_842' title='bbox 3202 4370 3329 4424; x_wconf 89' lang='lat' dir='ltr'><strong>item</strong></span> <span class='ocrx_word' id='word_1_843' title='bbox 3372 4372 3626 4442; x_wconf 87' lang='lat' dir='ltr'><strong>scriptum</strong></span> 
     </span>
    </p>
   </div>
   <div class='ocr_carea' id='block_1_109' title="bbox 2059 4459 3628 4533">
    <p class='ocr_par' dir='ltr' id='par_1_109' title="bbox 2059 4459 3628 4533">
     <span class='ocr_line' id='line_1_109' title="bbox 2059 4459 3628 4533; baseline -0.001 -14"><span class='ocrx_word' id='word_1_844' title='bbox 2059 4480 2199 4528; x_wconf 86' lang='lat' dir='ltr'><strong>esse,</strong></span> <span class='ocrx_word' id='word_1_845' title='bbox 2229 4462 2329 4528; x_wconf 85' lang='lat' dir='ltr'><strong>Qui</strong></span> <span class='ocrx_word' id='word_1_846' title='bbox 2366 4462 2647 4533; x_wconf 78' lang='lat' dir='ltr'><strong>baptizatur</strong></span> <span class='ocrx_word' id='word_1_847' title='bbox 2671 4478 2701 4515; x_wconf 91' lang='lat' dir='ltr'><strong>a</strong></span> <span class='ocrx_word' id='word_1_848' title='bbox 2740 4471 2956 4526; x_wconf 88' lang='lat' dir='ltr'><strong>mortuo,</strong></span> <span class='ocrx_word' id='word_1_849' title='bbox 2982 4459 3107 4532; x_wconf 85' lang='lat' dir='ltr'><strong>quid</strong></span> <span class='ocrx_word' id='word_1_850' title='bbox 3128 4461 3175 4515; x_wconf 86' lang='lat' dir='ltr'><strong>ci</strong></span> <span class='ocrx_word' id='word_1_851' title='bbox 3213 4462 3413 4533; x_wconf 81' lang='lat' dir='ltr'><strong>prodest</strong></span> <span class='ocrx_word' id='word_1_852' title='bbox 3441 4462 3628 4519; x_wconf 77' lang='lat' dir='ltr'><strong>lauatio</strong></span> 
     </span>
    </p>
   </div>
   <div class='ocr_carea' id='block_1_110' title="bbox 2059 4548 3630 4627">
    <p class='ocr_par' dir='ltr' id='par_1_110' title="bbox 2059 4548 3630 4627">
     <span class='ocr_line' id='line_1_110' title="bbox 2059 4548 3630 4627; baseline 0.001 -17"><span class='ocrx_word' id='word_1_853' title='bbox 2059 4557 2167 4627; x_wconf 83' lang='lat' dir='ltr'><strong>ejus</strong></span> <span class='ocrx_word' id='word_1_854' title='bbox 2187 4548 2373 4627; x_wconf 81' lang='lat' dir='ltr'><strong>(Ecclt.</strong></span> <span class='ocrx_word' id='word_1_855' title='bbox 2408 4550 2748 4624; x_wconf 69' lang='lat' dir='ltr'><strong>XXXIV,‘30)?</strong></span> <span class='ocrx_word' id='word_1_856' title='bbox 2775 4551 2926 4619; x_wconf 84' lang='lat' dir='ltr'><strong>Quod</strong></span> <span class='ocrx_word' id='word_1_857' title='bbox 2957 4568 3055 4608; x_wconf 87' lang='lat' dir='ltr'><strong>nec</strong></span> <span class='ocrx_word' id='word_1_858' title='bbox 3082 4551 3364 4624; x_wconf 84' lang='lat' dir='ltr'><strong>diligenter</strong></span> <span class='ocrx_word' id='word_1_859' title='bbox 3377 4557 3630 4618; x_wconf 87' lang='lat' dir='ltr'><strong>attendis.</strong></span> 
     </span>
    </p>
   </div>
   <div class='ocr_carea' id='block_1_111' title="bbox 2060 4642 3623 4716">
    <p class='ocr_par' dir='ltr' id='par_1_111' title="bbox 2060 4642 3623 4716">
     <span class='ocr_line' id='line_1_111' title="bbox 2060 4642 3623 4716; baseline -0.003 -14"><span class='ocrx_word' id='word_1_860' title='bbox 2060 4662 2161 4702; x_wconf 89' lang='lat' dir='ltr'><strong>nec</strong></span> <span class='ocrx_word' id='word_1_861' title='bbox 2186 4656 2252 4701; x_wconf 74' lang='lat' dir='ltr'><strong>ex</strong></span> <span class='ocrx_word' id='word_1_862' title='bbox 2277 4644 2390 4713; x_wconf 57' lang='lat' dir='ltr'><strong>ipsa</strong></span> <span class='ocrx_word' id='word_1_863' title='bbox 2415 4643 2808 4699; x_wconf 85' lang='lat' dir='ltr'><strong>circumstantia</strong></span> <span class='ocrx_word' id='word_1_864' title='bbox 2835 4642 3081 4697; x_wconf 88' lang='lat' dir='ltr'><strong>lectionis</strong></span> <span class='ocrx_word' id='word_1_865' title='bbox 3105 4642 3228 4712; x_wconf 90' lang='lat' dir='ltr'><strong>quid</strong></span> <span class='ocrx_word' id='word_1_866' title='bbox 3252 4644 3323 4698; x_wconf 89' lang='lat' dir='ltr'><strong>sit</strong></span> <span class='ocrx_word' id='word_1_867' title='bbox 3349 4643 3623 4716; x_wconf 78' lang='lat' dir='ltr'><strong>intelligis.</strong></span> 
     </span>
    </p>
   </div>
   <div class='ocr_carea' id='block_1_112' title="bbox 2060 4732 3623 4802">
    <p class='ocr_par' dir='ltr' id='par_1_112' title="bbox 2060 4732 3623 4802">
     <span class='ocr_line' id='line_1_112' title="bbox 2060 4732 3623 4802; baseline -0.001 -11"><span class='ocrx_word' id='word_1_868' title='bbox 2060 4736 2438 4793; x_wconf 78' lang='lat' dir='ltr'><strong>Verumtamen</strong></span> <span class='ocrx_word' id='word_1_869' title='bbox 2464 4733 2680 4789; x_wconf 87' lang='lat' dir='ltr'><strong>intende</strong></span> <span class='ocrx_word' id='word_1_870' title='bbox 2703 4732 2828 4802; x_wconf 91' lang='lat' dir='ltr'><strong>quid</strong></span> <span class='ocrx_word' id='word_1_871' title='bbox 2853 4743 3010 4788; x_wconf 91' lang='lat' dir='ltr'><strong>sonet</strong></span> <span class='ocrx_word' id='word_1_872' title='bbox 3035 4732 3383 4789; x_wconf 68' lang='lat' dir='ltr'><strong>disertissima</strong></span> <span class='ocrx_word' id='word_1_873' title='bbox 3413 4736 3498 4790; x_wconf 90' lang='lat' dir='ltr'><strong>illa</strong></span> <span class='ocrx_word' id='word_1_874' title='bbox 3521 4737 3623 4793; x_wconf 86' lang='lat' dir='ltr'><strong>Ba-</strong></span> 
     </span>
    </p>
   </div>
   <div class='ocr_carea' id='block_1_113' title="bbox 2059 4820 3630 4898">
    <p class='ocr_par' dir='ltr' id='par_1_113' title="bbox 2059 4820 3630 4898">
     <span class='ocr_line' id='line_1_113' title="bbox 2059 4820 3630 4898; baseline -0.003 -17"><span class='ocrx_word' id='word_1_875' title='bbox 2059 4827 2270 4898; x_wconf 86' lang='lat' dir='ltr'><strong>gaitaua</strong></span> <span class='ocrx_word' id='word_1_876' title='bbox 2323 4825 2627 4881; x_wconf 88' lang='lat' dir='ltr'><strong>sententia:</strong></span> <span class='ocrx_word' id='word_1_877' title='bbox 2659 4820 2847 4893; x_wconf 86' lang='lat' dir='ltr'><strong>Optata</strong></span> <span class='ocrx_word' id='word_1_878' title='bbox 2893 4821 3094 4894; x_wconf 84' lang='lat' dir='ltr'><strong>quidem</strong></span> <span class='ocrx_word' id='word_1_879' title='bbox 3117 4864 3133 4890; x_wconf 91' lang='lat'><strong>,</strong></span> <span class='ocrx_word' id='word_1_880' title='bbox 3180 4823 3371 4894; x_wconf 89' lang='lat' dir='ltr'><strong>inquit,</strong></span> <span class='ocrx_word' id='word_1_881' title='bbox 3411 4826 3552 4893; x_wconf 88' lang='lat' dir='ltr'><strong>pacis</strong></span> <span class='ocrx_word' id='word_1_882' title='bbox 3581 4837 3630 4877; x_wconf 84' lang='lat' dir='ltr'><strong>ct</strong></span> 
     </span>
    </p>
   </div>
   <div class='ocr_carea' id='block_1_114' title="bbox 2061 4912 3617 4986">
    <p class='ocr_par' dir='ltr' id='par_1_114' title="bbox 2061 4912 3617 4986">
     <span class='ocr_line' id='line_1_114' title="bbox 2061 4912 3617 4986; baseline -0.003 -14"><span class='ocrx_word' id='word_1_883' title='bbox 2061 4914 2344 4972; x_wconf 76' lang='lat' dir='ltr'><strong>concordia:</strong></span> <span class='ocrx_word' id='word_1_884' title='bbox 2371 4924 2442 4971; x_wconf 76' lang='lat' dir='ltr'><strong>cst</strong></span> <span class='ocrx_word' id='word_1_885' title='bbox 2462 4914 2646 4986; x_wconf 85' lang='lat' dir='ltr'><strong>juncta</strong></span> <span class='ocrx_word' id='word_1_886' title='bbox 2664 4912 2686 4945; x_wconf 69' lang='grc'>⁸</span> <span class='ocrx_word' id='word_1_887' title='bbox 2711 4913 3015 4984; x_wconf 83' lang='lat' dir='ltr'><strong>germanitas</strong></span> <span class='ocrx_word' id='word_1_888' title='bbox 3037 4932 3056 4977; x_wconf 86' lang='lat'><strong><em>;</em></strong></span> <span class='ocrx_word' id='word_1_889' title='bbox 3086 4915 3213 4967; x_wconf 84' lang='lat' dir='ltr'><strong>sicut</strong></span> <span class='ocrx_word' id='word_1_890' title='bbox 3236 4916 3482 4983; x_wconf 86' lang='lat' dir='ltr'><strong>scriptum</strong></span> <span class='ocrx_word' id='word_1_891' title='bbox 3506 4926 3580 4969; x_wconf 84' lang='lat' dir='ltr'><strong>est</strong></span> <span class='ocrx_word' id='word_1_892' title='bbox 3603 4959 3617 4978; x_wconf 91' lang='lat'><strong>,</strong></span> 
     </span>
    </p>
   </div>
   <div class='ocr_carea' id='block_1_115' title="bbox 2069 5002 3622 5079">
    <p class='ocr_par' dir='ltr' id='par_1_115' title="bbox 2069 5002 3622 5079">
     <span class='ocr_line' id='line_1_115' title="bbox 2069 5002 3622 5079; baseline -0.001 -18"><span class='ocrx_word' id='word_1_893' title='bbox 2069 5027 2086 5060; x_wconf 86' lang='grc' dir='ltr'><strong>ι</strong></span> <span class='ocrx_word' id='word_1_894' title='bbox 2122 5008 2332 5061; x_wconf 68' lang='lat' dir='ltr'><strong>Iustitia</strong></span> <span class='ocrx_word' id='word_1_895' title='bbox 2353 5015 2400 5061; x_wconf 82' lang='lat' dir='ltr'><strong>et</strong></span> <span class='ocrx_word' id='word_1_896' title='bbox 2419 5022 2522 5078; x_wconf 76' lang='lat' dir='ltr'><strong>pax</strong></span> <span class='ocrx_word' id='word_1_897' title='bbox 2539 5004 2775 5061; x_wconf 72' lang='lat' dir='ltr'><strong>osculatur</strong></span> <span class='ocrx_word' id='word_1_898' title='bbox 2797 5013 2914 5058; x_wconf 85' lang='lat' dir='ltr'><strong>sunt</strong></span> <span class='ocrx_word' id='word_1_899' title='bbox 2932 5005 3140 5058; x_wconf 81' lang='lat' dir='ltr'><strong>invicem</strong></span> <span class='ocrx_word' id='word_1_900' title='bbox 3168 5024 3184 5059; x_wconf 92' lang='grc' dir='ltr'><strong>ι</strong></span> <span class='ocrx_word' id='word_1_901' title='bbox 3208 5002 3375 5079; x_wconf 88' lang='lat' dir='ltr'><strong>(Psal.</strong></span> <span class='ocrx_word' id='word_1_902' title='bbox 3406 5022 3622 5072; x_wconf 74' lang='lat' dir='ltr'><strong>Lxxxtv,</strong></span> 
     </span>
    </p>
   </div>
   <div class='ocr_carea' id='block_1_116' title="bbox 2063 5096 3622 5167">
    <p class='ocr_par' dir='ltr' id='par_1_116' title="bbox 2063 5096 3622 5167">
     <span class='ocr_line' id='line_1_116' title="bbox 2063 5096 3622 5167; baseline -0.002 -14"><span class='ocrx_word' id='word_1_903' title='bbox 2063 5098 2156 5167; x_wconf 77' lang='lat' dir='ltr'><strong>ll)</strong></span> <span class='ocrx_word' id='word_1_904' title='bbox 2184 5115 2198 5150; x_wconf 90' lang='lat'><strong>:</strong></span> <span class='ocrx_word' id='word_1_905' title='bbox 2227 5097 2315 5151; x_wconf 84' lang='lat' dir='ltr'><strong>sed</strong></span> <span class='ocrx_word' id='word_1_906' title='bbox 2365 5096 2582 5150; x_wconf 81' lang='lat' dir='ltr'><strong>veridica</strong></span> <span class='ocrx_word' id='word_1_907' title='bbox 2618 5096 2757 5149; x_wconf 87' lang='lat' dir='ltr'><strong>unda</strong></span> <span class='ocrx_word' id='word_1_908' title='bbox 2785 5096 2839 5148; x_wconf 86' lang='lat' dir='ltr'><strong>in</strong></span> <span class='ocrx_word' id='word_1_909' title='bbox 2883 5108 3084 5164; x_wconf 83' lang='lat' dir='ltr'><strong>asperos</strong></span> <span class='ocrx_word' id='word_1_910' title='bbox 3123 5097 3357 5166; x_wconf 85' lang='lat' dir='ltr'><strong>scapulas</strong></span> <span class='ocrx_word' id='word_1_911' title='bbox 3400 5098 3622 5151; x_wconf 80' lang='lat' dir='ltr'><strong>nonnul-</strong></span> 
     </span>
    </p>
   </div>
   <div class='ocr_carea' id='block_1_117' title="bbox 2061 5184 3625 5258">
    <p class='ocr_par' dir='ltr' id='par_1_117' title="bbox 2061 5184 3625 5258">
     <span class='ocr_line' id='line_1_117' title="bbox 2061 5184 3625 5258; baseline -0.001 -16"><span class='ocrx_word' id='word_1_912' title='bbox 2061 5191 2223 5243; x_wconf 82' lang='lat' dir='ltr'><strong>lorum</strong></span> <span class='ocrx_word' id='word_1_913' title='bbox 2249 5189 2499 5258; x_wconf 77' lang='lat' dir='ltr'><strong>naufraga</strong></span> <span class='ocrx_word' id='word_1_914' title='bbox 2539 5186 2763 5255; x_wconf 83' lang='lat' dir='ltr'><strong>projecta</strong></span> <span class='ocrx_word' id='word_1_915' title='bbox 2811 5193 2928 5238; x_wconf 85' lang='lat' dir='ltr'><strong>sunt</strong></span> <span class='ocrx_word' id='word_1_916' title='bbox 2960 5186 3181 5240; x_wconf 80' lang='lat' dir='ltr'><strong>membra</strong></span> <span class='ocrx_word' id='word_1_917' title='bbox 3200 5227 3216 5251; x_wconf 89' lang='lat'><strong>,</strong></span> <span class='ocrx_word' id='word_1_918' title='bbox 3263 5184 3625 5258; x_wconf 60' lang='lat' dir='ltr'><strong>Egyptiorunt</strong></span> 
     </span>
    </p>
   </div>
   <div class='ocr_carea' id='block_1_118' title="bbox 2063 5273 3624 5345">
    <p class='ocr_par' dir='ltr' id='par_1_118' title="bbox 2063 5273 3624 5345">
     <span class='ocr_line' id='line_1_118' title="bbox 2063 5273 3624 5345; baseline -0.001 -14"><span class='ocrx_word' id='word_1_919' title='bbox 2063 5276 2339 5333; x_wconf 86' lang='lat' dir='ltr'><strong>admodum</strong></span> <span class='ocrx_word' id='word_1_920' title='bbox 2362 5274 2590 5345; x_wconf 74' lang='lat' dir='ltr'><strong>exemplo</strong></span> <span class='ocrx_word' id='word_1_921' title='bbox 2619 5273 2929 5344; x_wconf 82' lang='lat' dir='ltr'><strong>pereuntium</strong></span> <span class='ocrx_word' id='word_1_922' title='bbox 2957 5273 3217 5344; x_wconf 78' lang='lat' dir='ltr'><strong>funeribus</strong></span> <span class='ocrx_word' id='word_1_923' title='bbox 3238 5275 3385 5345; x_wconf 82' lang='lat' dir='ltr'><strong>plena</strong></span> <span class='ocrx_word' id='word_1_924' title='bbox 3404 5284 3519 5329; x_wconf 82' lang='lat' dir='ltr'><strong>sunt</strong></span> <span class='ocrx_word' id='word_1_925' title='bbox 3537 5274 3624 5330; x_wconf 85' lang='lat' dir='ltr'><strong>lit-</strong></span> 
     </span>
    </p>
   </div>
   <div class='ocr_carea' id='block_1_119' title="bbox 2126 5486 2744 5546">
    <p class='ocr_par' dir='ltr' id='par_1_119' title="bbox 2126 5486 2744 5546">
     <span class='ocr_line' id='line_1_119' title="bbox 2126 5486 2744 5546; baseline 0 -7"><span class='ocrx_word' id='word_1_926' title='bbox 2126 5491 2143 5524; x_wconf 76' lang='grc' dir='ltr'><strong>ι</strong></span> <span class='ocrx_word' id='word_1_927' title='bbox 2172 5500 2270 5539; x_wconf 78' lang='grc' dir='ltr'><strong>Αω.</strong></span> <span class='ocrx_word' id='word_1_928' title='bbox 2295 5495 2347 5539; x_wconf 88' lang='lat' dir='ltr'><strong>et</strong></span> <span class='ocrx_word' id='word_1_929' title='bbox 2369 5496 2491 5546; x_wconf 75' lang='lat' dir='ltr'><strong>ttss.,</strong></span> <span class='ocrx_word' id='word_1_930' title='bbox 2517 5486 2744 5539; x_wconf 82' lang='lat' dir='ltr'><strong>moribus.</strong></span> 
     </span>
    </p>
   </div>
   <div class='ocr_carea' id='block_1_120' title="bbox 2124 5546 3378 5613">
    <p class='ocr_par' dir='ltr' id='par_1_120' title="bbox 2124 5546 3378 5613">
     <span class='ocr_line' id='line_1_120' title="bbox 2124 5546 3378 5613; baseline -0.002 -15"><span class='ocrx_word' id='word_1_931' title='bbox 2124 5554 2144 5584; x_wconf 69' lang='grc' dir='ltr'><strong>ι</strong></span> <span class='ocrx_word' id='word_1_932' title='bbox 2171 5550 2356 5613; x_wconf 72' lang='lat' dir='ltr'><strong>Aliquot</strong></span> <span class='ocrx_word' id='word_1_933' title='bbox 2376 5555 2505 5607; x_wconf 44' lang='lat' dir='ltr'><strong>Mssa</strong></span> <span class='ocrx_word' id='word_1_934' title='bbox 2529 5560 2588 5597; x_wconf 83' lang='lat' dir='ltr'><strong>ne</strong></span> <span class='ocrx_word' id='word_1_935' title='bbox 2609 5547 2661 5598; x_wconf 84' lang='lat' dir='ltr'><strong>in</strong></span> <span class='ocrx_word' id='word_1_936' title='bbox 2689 5547 2784 5613; x_wconf 69' lang='lat' dir='ltr'><strong>illo</strong></span> <span class='ocrx_word' id='word_1_937' title='bbox 2803 5546 3071 5613; x_wconf 65' lang='lat' dir='ltr'><strong>schismatis</strong></span> <span class='ocrx_word' id='word_1_938' title='bbox 3113 5546 3378 5613; x_wconf 79' lang='lat' dir='ltr'><strong>sacrilegio.</strong></span> 
     </span>
    </p>
   </div>
   <div class='ocr_carea' id='block_1_121' title="bbox 2125 5607 3502 5681">
    <p class='ocr_par' dir='ltr' id='par_1_121' title="bbox 2125 5607 3502 5681">
     <span class='ocr_line' id='line_1_121' title="bbox 2125 5607 3502 5681; baseline 0.007 0"><span class='ocrx_word' id='word_1_939' title='bbox 2125 5607 2312 5681; x_wconf 60' lang='grc' dir='ltr'><strong>ξξιιξῡν</strong></span> <span class='ocrx_word' id='word_1_940' title='bbox 2352 5613 2636 5681; x_wconf 57' lang='lat' dir='ltr'><strong>nefascum-</strong></span> <span class='ocrx_word' id='word_1_941' title='bbox 2679 5607 2848 5681; x_wconf 65' lang='lat' dir='ltr'><strong>.Ilelivs</strong></span> <span class='ocrx_word' id='word_1_942' title='bbox 2875 5608 3056 5681; x_wconf 67' lang='grc' dir='ltr'><strong>ιὲίίιυοι</strong></span> <span class='ocrx_word' id='word_1_943' title='bbox 3090 5616 3226 5671; x_wconf 59' lang='grc' dir='ltr'><strong>ωδ»</strong></span> <span class='ocrx_word' id='word_1_944' title='bbox 3251 5607 3502 5675; x_wconf 60' lang='grc' dir='ltr'><strong>πέτεσθαι</strong></span> 
     </span>
    </p>
   </div>
   <div class='ocr_carea' id='block_1_122' title="bbox 2124 5667 2966 5733">
    <p class='ocr_par' dir='ltr' id='par_1_122' title="bbox 2124 5667 2966 5733">
     <span class='ocr_line' id='line_1_122' title="bbox 2124 5667 2966 5733; baseline -0.001 -14"><span class='ocrx_word' id='word_1_945' title='bbox 2124 5676 2146 5704; x_wconf 72' lang='grc' dir='ltr'>δ</span> <span class='ocrx_word' id='word_1_946' title='bbox 2170 5679 2220 5721; x_wconf 83' lang='grc' dir='ltr'><strong>ιιι</strong></span> <span class='ocrx_word' id='word_1_947' title='bbox 2240 5667 2367 5733; x_wconf 61' lang='lat' dir='ltr'><strong>Mss,</strong></span> <span class='ocrx_word' id='word_1_948' title='bbox 2386 5667 2562 5724; x_wconf 61' lang='lat' dir='ltr'><strong>inuicta</strong></span> <span class='ocrx_word' id='word_1_949' title='bbox 2574 5683 2593 5732; x_wconf 74' lang='lat'><strong>,&#39;</strong></span> <span class='ocrx_word' id='word_1_950' title='bbox 2617 5667 2713 5732; x_wconf 79' lang='lat' dir='ltr'><strong>vel,</strong></span> <span class='ocrx_word' id='word_1_951' title='bbox 2737 5667 2966 5733; x_wconf 71' lang='lat' dir='ltr'><strong>iqitutctul</strong></span> 
     </span>
    </p>
   </div>
  </div>
