4024 6196
302 333 404 390 559

303 463 434 515 tora,
462 445 709 517 quibusin
751 443 860 510 ipsa
893 451 1049 494 morte
1070 441 1232 508 major
1258 447 1328 489 est
1358 451 1500 529 plena
1528 475 1541 493 ,
1573 429 1707 529 quod
1760 437 1870 529 post

307 550 551 594 extortam
574 535 716 604 aquis
745 529 1007 584 ultricibus
1032 529 1272 590 animum,
1307 542 1394 577 nec
1422 525 1583 591 ipsam
1619 525 1873 620 inveniunt

304 631 629 701 sepulturam.
653 623 738 679 Isti
763 637 888 692 ergo
917 637 1020 674 non
1049 619 1218 671 solum
1250 615 1462 675 tnortui,
1488 626 1667 712 verum
1695 615 1876 669 etiam,

305 717 446 787 quod
474 724 555 770 est
581 712 793 783 gravius
816 753 828 772 ,
853 709 1120 777 insepulti,
1151 705 1418 776 quomodo
1436 794 1448 800 ἑ
1466 703 1735 800 baptizare
1787 714 1879 800 pq-

311 806 558 862 tuerunt?
595 801 875 870 Quomodo
925 798 1120 869 profuit
1176 796 1367 850 lavatio
1403 794 1500 858 eis,
1537 792 1623 860 qui
1676 790 1741 842 ab
1794 789 1878 840 his

309 897 536 952 mortuis
566 892 812 963 baptizati
841 899 991 954 sunt,
1022 904 1152 957 quos
1185 887 1236 940 in
1261 885 1450 980 eodem
1460 883 1880 980 ⁸Ιτιξ·τ1(ῖι·‹)·εξ1ιεςθ-

306 997 425 1056 ptos
452 986 628 1040 denuo
667 999 770 1037 non
815 982 1035 1042 lavistis,
1065 979 1106 1033 si
1137 986 1192 1031 ut
1218 986 1369 1046 putas
1419 972 1548 1027 illud
1581 972 1880 1037 intelligen-

305 1077 430 1130 dum
455 1075 578 1131 est?
605 1073 734 1128 Nam
758 1071 896 1141 quod
929 1071 978 1124 in
1008 1067 1228 1139 epistola
1258 1080 1395 1128 mea,
1426 1063 1510 1117 cui
1556 1060 1881 1130 respondere

308 1170 401 1224 tibi
429 1169 622 1222 videris
646 1209 659 1231 ,
693 1175 841 1235 pnms
868 1162 1006 1231 quod
1044 1161 1169 1214 idoli
1201 1160 1457 1212 cultorem
1491 1164 1739 1255 tan-qnam

309 1262 507 1316 viSsimi
538 1259 736 1327 peccati
761 1272 907 1310 reum
941 1251 1305 1307 tantummodo
1345 1247 1642 1316 exceperint
1677 1243 1819 1315 (Lib.
1854 1243 1876 1295 t

310 1362 485 1406 contra
516 1349 727 1402 Litteras
761 1344 1033 1406 Petiliani,
1072 1361 1124 1396 η.
1160 1342 1283 1410 10);
1319 1348 1371 1392 et
1398 1339 1562 1392 instas
1593 1336 1884 1389 vehemen-

315 1452 414 1507 ter,
443 1451 497 1494 ut
543 1440 732 1508 probes
779 1435 980 1489 nullum
1003 1433 1172 1501 excipi
1200 1440 1532 1499 peccatorem
1567 1427 1617 1478 in
1651 1440 1713 1478 eo
1743 1423 1882 1492 quod

310 1534 562 1601 scriptum
598 1543 715 1583 esse
742 1527 897 1589 dicis,
932 1524 1112 1578 Oleum
1157 1520 1431 1591 peccatoris
1473 1517 1588 1572 nolo
1615 1524 1884 1617 ungatca-

313 1629 402 1692 put
452 1607 616 1672 meum
667 1633 686 1670 :
730 1616 1058 1671 Felicianum
1117 1619 1170 1666 et
1222 1611 1596 1665 Plat-testatum
1646 1607 1882 1710 respice,

311 1725 487 1770 utrum
520 1723 824 1784 peccatores
862 1724 968 1763 non
1022 1706 1239 1768 fuerint,
1269 1702 1479 1773 quando
1515 1700 1772 1768 sacrilegii

313 1815 434 1858 lena
465 1819 583 1858 enm
615 1800 940 1855 Maximiano
971 1795 1204 1866 pertrahi
1228 1813 1254 1846 a
1288 1803 1394 1847 tatn
1446 1805 1638 1859 magno
1662 1787 1887 1843 concilio

313 1895 642 1950 dicebantur.
675 1889 826 1945 Aude
865 1901 1113 1942 asserere
1139 1927 1153 1949 ,
1200 1885 1338 1937 aude
1387 1879 1728 1945 contendere,
1752 1876 1888 1932 aude

313 1986 498 2038 saltem
529 1981 725 2045 dicere,
758 1988 1061 2046 peccatores
1077 1975 1290 2044 quidem
1313 1971 1493 2030 fuisse,
1519 1969 1609 2024 sed
1632 1969 1886 2068 occultos,

313 2088 445 2143 quos
477 2072 547 2126 ibi
577 2072 693 2140 lego
751 2067 936 2122 famosi
978 2064 1218 2119 criminis
1249 2078 1389 2117 reos.
1433 2061 1888 2157 Quanquam-etsi

318 2162 508 2216 leviter
530 2159 931 2230 peccavissent,
968 2155 1068 2209 etsi
1097 2152 1418 2246 latuissenti
1439 2160 1489 2202 tu
1532 2147 1634 2202 hoc
1658 2147 1891 2246 testimo-

318 2251 406 2305 nio
433 2249 570 2320 quod
600 2249 750 2317 ponis
774 2247 839 2300 de
865 2246 984 2300 oleo
1015 2242 1309 2314 peccatoris
1337 2242 1386 2293 in
1407 2240 1504 2292 ista
1535 2240 1888 2341 suggestione,

320 2353 642 2411 extorquere
663 2340 872 2394 conaris
898 2381 913 2404 ,
964 2336 1164 2392 nullum
1191 2335 1361 2403 excipi
1401 2341 1752 2403 peccatorum.
1793 2329 1892 2383 Ubi

323 2433 492 2494 eritis,
547 2431 592 2484 si
637 2432 706 2484 ita
747 2429 858 2482 est?
913 2443 1017 2498 quo
1046 2424 1293 2496 fugietis?
1329 2425 1380 2478 in
1422 2423 1611 2492 quibus
1641 2436 1735 2475 vos
1763 2421 1894 2474 late-

323 2522 460 2585 bris,
520 2536 640 2575 cum
685 2521 876 2573 vestris
928 2516 1200 2586 sacrilegis
1231 2556 1246 2580 ,
1296 2529 1416 2568 cum
1469 2513 1660 2566 vestris
1706 2510 1891 2569 famosi

321 2613 560 2667 criminis
591 2612 715 2672 rcis,
742 2625 862 2664 cum
884 2609 1073 2664 vestris
1099 2605 1441 2662 cadaveribus
1463 2601 1896 2674 insepultis,abs-

316 2705 543 2760 condere
563 2703 840 2773 poteritis?

396 2796 482 2852 i9.
527 2795 686 2860 Dicis,
717 2809 835 2847 cum
869 2793 1134 2862 ohjicitnr,
1164 2807 1261 2860 qua
1284 2789 1423 2843 nobis
1454 2789 1654 2842 licentia
1681 2787 1760 2854 ius
1795 2786 1896 2838 Ba—

332 2887 510 2956 ptismi
529 2886 850 2948 rindicentus,
886 2882 1021 2953 quod
1045 2897 1143 2934 non
1175 2880 1237 2932 de
1258 2880 1432 2931 merito
1455 2888 1676 2941 actuum,
1711 2893 1809 2929 non
1837 2877 1898 2928 de

318 2978 431 3031 vita
457 2976 740 3028 innocentia
759 2983 1046 3036 tractemus,
1065 2971 1152 3024 sed
1169 2970 1463 3038 cuicumque
1483 2967 1631 3020 licere
1643 2968 1894 3045 dicamus,

318 3075 366 3120 et
389 3067 532 3135 quasi
562 3063 904 3134 pray’udicatis
933 3061 1225 3114 criminibus
1255 3060 1324 3110 rei
1358 3059 1397 3120 ¹,
1449 3057 1567 3110 dum
1594 3067 1638 3108 et
1664 3065 1895 3125 peccato-

318 3155 458 3209 ribus
487 3155 649 3206 inesse
678 3151 977 3220 baptizandi
1019 3150 1310 3218 facultatem
1352 3149 1579 3200 uolumus
1605 3146 1862 3198 ostendere
1880 3186 1894 3209 ,

327 3262 419 3299 nos
471 3253 641 3315 aperte
691 3227 923 3312 peccasse
963 3244 1210 3312 fateamur
1241 3253 1260 3291 :
1284 3235 1431 3307 quasi
1460 3243 1674 3304 propter
1712 3235 1897 3287 merita

323 3348 500 3393 nostra
548 3346 729 3391 Contra
775 3336 938 3388 Deum
973 3330 1126 3384 nobis
1176 3329 1498 3398 loquendum
1531 3329 1618 3390 sit,
1653 3336 1707 3379 ut
1737 3341 1893 3394 quam

316 3429 446 3498 justi
498 3445 701 3492 smnus,
736 3437 840 3480 tam
866 3425 1062 3492 justum
1093 3422 1421 3490 Baptismum
1458 3435 1576 3473 esse
1604 3416 1852 3471 faciamus
1879 3433 1894 3481 ;

321 3535 443 3575 cum
471 3526 526 3572 et
554 3519 678 3570 nulli
713 3517 985 3569 hominum
1013 3513 1080 3566 de
1113 3527 1204 3564 sua
1233 3511 1434 3578 jnstitia
1473 3507 1895 3577 prwsumcndnm

325 3611 429 3676 sit;
463 3619 515 3662 et
561 3606 682 3660 hinc
729 3603 958 3658 maxime
999 3601 1324 3670 BaptiSmutn
1355 3597 1555 3652 Christi
1606 3597 1897 3667 probemus

324 3714 464 3765 esse,
497 3713 601 3752 non
631 3695 903 3750 hominum
928 3736 942 3759 ,
974 3694 1092 3760 quia
1118 3706 1221 3744 non
1251 3689 1307 3744 ﬁt
1331 3690 1512 3742 varius
1541 3685 1896 3742 humanorum

325 3791 580 3846 varietate
607 3788 939 3842 meritorum.
978 3782 1127 3840 Unde
1172 3781 1389 3835 uberius
1418 3779 1762 3848 disputarem,
1797 3779 1896 3832 nisi

325 3899 354 3936 a
389 3881 539 3937 vobis
567 3879 692 3934 dato
721 3876 1039 3947 compendio
1069 3875 1236 3943 magis
1253 3881 1447 3927 uterer.
1469 3871 1728 3942 Suscepto
1757 3873 1896 3928 enim

326 3978 615 4051 Baptismo,
649 3988 820 4044 neque
847 3973 1137 4032 destructo,
1163 3983 1321 4039 quem
1342 3966 1780 4022 Maximianenses
1805 3965 1898 4020 de-

325 4068 550 4132 derunt,
581 4064 795 4134 aspidcs
821 4104 835 4128 ,
869 4061 1084 4130 viperae,
1124 4057 1422 4128 parricidae,
1453 4055 1708 4110 cadavera
1734 4055 1899 4128 )Egy-

325 4158 454 4227 ptia,
489 4165 542 4210 et
565 4152 817 4224 quidquid
865 4150 1005 4204 aliud
1035 4151 1085 4202 in
1128 4162 1222 4202 eos
1248 4145 1552 4215 Bagaiensis
1578 4145 1808 4210 concilii,
1843 4155 1900 4201 ut

325 4258 506 4304 nostra
537 4262 694 4301 causa
721 4243 969 4297 facillima
999 4242 1169 4306 licret,
1197 4255 1289 4293 ore
1334 4237 1687 4308 grandiloquo
1715 4237 1897 4291 decla-

327 4349 526 4392 matum
550 4333 816 4399 est;satis
842 4341 894 4386 et
921 4332 1016 4401 ipsi
1043 4330 1343 4400 judicastis,
1376 4345 1479 4384 non
1517 4345 1700 4384 eorum
1736 4331 1898 4384 meri-

328 4431 394 4484 tis
419 4445 447 4483 a
480 4428 671 4499 quibus
712 4425 1061 4486 ministratur,
1087 4437 1184 4475 nec
1206 4437 1389 4474 eorum
1416 4421 1606 4490 quibus
1635 4421 1900 4474 ministra-

325 4532 431 4586 tur,
460 4527 703 4573 constare
729 4513 1075 4583 Baptismum,
1097 4511 1187 4566 sed
1215 4511 1426 4582 propria
1446 4511 1722 4564 sanctitate
1742 4518 1896 4580 atque

325 4610 586 4674 veritate,
635 4614 851 4676 propter
908 4618 1026 4657 eum
1079 4618 1108 4654 a
1147 4616 1252 4673 quo
1300 4598 1574 4655 institutus
1617 4610 1728 4668 est,
1760 4603 1901 4656 male

331 4701 604 4758 utentibus
651 4698 714 4751 ad
763 4695 1071 4766 perniciem,
1104 4693 1238 4747 bene
1272 4693 1543 4746 utentibus
1558 4692 1624 4746 ad
1651 4692 1890 4746 salutem.

399 4794 624 4853 CAPUT
657 4790 889 4848 X\’lI.-—
914 4788 1004 4844 20.
1037 4788 1199 4844 Miror
1227 4795 1403 4844 autem
1447 4784 1711 4858 quomodo
1740 4785 1898 4840 etiam

326 4892 420 4948 tibi
450 4887 752 4962 persuaderi
783 4886 1031 4956 potuerit,
1061 4895 1118 4938 ut
1147 4883 1199 4938 in
1231 4891 1318 4936 tua
1362 4879 1714 4950 disputatione
1753 4893 1899 4932 men-

327 4989 523 5041 tionem
542 4984 743 5038 faceres
766 4978 1203 5052 Cypriani,cujus
1225 4975 1414 5030 litteris
1438 4975 1596 5029 etiam
1625 4972 1750 5043 ipsis
1769 4987 1900 5041 quas

325 5079 442 5146 ejus
467 5091 584 5130 esse
627 5074 800 5129 dicitis
849 5071 915 5124 de
954 5070 1222 5138 Baptismo
1264 5066 1602 5132 destruendo,
1625 5065 1714 5136 qui
1759 5066 1899 5138 apud

328 5169 603 5224 haereticos
642 5166 721 5219 vel
739 5160 1104 5216 schismaticos
1146 5159 1320 5224 datur,
1368 5168 1475 5213 tota
1520 5173 1677 5213 causa
1721 5169 1897 5214 vestra

327 5258 668 5312 subvertitur.
718 5252 822 5308 Sed
869 5250 969 5303 hoc
1005 5248 1260 5303 adversus
1308 5247 1772 5310 Maximianenses,
1816 5247 1898 5301 vel

329 5327 461 5402 alios
492 5347 579 5414 qui
623 5343 944 5411 Baptismnm
993 5338 1109 5391 sive
1155 5337 1289 5405 apud
1333 5353 1450 5402 nos,
1475 5337 1584 5390 sive
1621 5337 1758 5404 apud
1807 5352 1902 5391 vos

329 5436 511 5491 datum
543 5450 644 5488 non
665 5432 1146 5500 suscipiunt,agere
1170 5427 1423 5481 debemus
1447 5442 1461 5479 :
1483 5443 1574 5481 vos
1600 5437 1772 5482 autem
1793 5427 1900 5497 jam

332 5543 546 5581 causam
578 5527 728 5580 istam
775 5523 904 5577 mira
935 5521 1183 5586 facilitate
1213 5519 1418 5576 liniStis.
1450 5520 1550 5576 iam
1581 5519 1901 5588 Baptismnm

336 5617 386 5670 in
437 5615 692 5680 sacrilego
734 5612 1018 5668 schismate
1059 5608 1358 5668 Maximiani
1403 5609 1583 5663 datum
1613 5630 1728 5664 eum
1760 5614 1902 5666 Prae-

397 5708 411 5736 ¹
441 5713 542 5751 Duo
565 5707 690 5761 Mss,
713 5707 756 5748 et
784 5699 921 5758 quasi
942 5698 1250 5760 pra'judicati
1271 5698 1546 5749 criminibus
1571 5698 1657 5752 rei.

1085 324 1352 381 CONTRA
1393 311 1821 373 CRBSCOMUM
1869 310 2316 381 DON.~\TI~TA.\I,
2358 318 2412 372 s.
2455 317 2815 380 at‘ccsrm

3452 331 3558 392 suo

1989 435 2187 481 tentato
2215 443 2265 484 et
2298 433 2564 488 FCIiLiIIIIO
2594 440 2640 490 in
2669 455 2849 493 eorum
2874 445 3078 511 pupulis
3106 450 3552 520 Suscepistisjam

1983 528 2163 571 contra
2191 520 2435 590 Cypriani
2463 542 2593 593 quas
2618 529 2791 583 dicitis
2817 533 3033 598 litteras,
3065 546 3112 588 et
3137 538 3555 610 quibuscumque

1983 609 2099 662 aliis
2125 611 2224 665 hoc
2253 612 2418 667 visum
2447 628 2547 679 est,
2579 618 2694 672 sine
2715 621 2817 674 ulla
2843 621 3170 679 dubitatione
3193 627 3408 682 fecistis.
3428 631 3555 684 Nam

1985 701 2123 769 quod
2172 703 2322 767 dicis,
2352 705 2645 763 Orientales
2690 711 2808 766 ideo
2849 727 3142 770 ve5trorum
3183 723 3557 777 communiooe

1983 790 2257 855 discretos,
2289 797 2408 864 quia
2456 809 2636 866 postea
2676 802 2828 856 nobis
2873 810 3271 873 consentiendn,
3300 812 3553 880 judicium

1983 897 2135 935 suum
2159 885 2296 952 quod
2323 885 2616 944 habuerunt
2644 891 2708 945 de
2737 893 3004 962 Baptismo
3035 901 3335 956 rescindere
3362 906 3562 960 malue-

1983 983 2109 1026 runt
2137 993 2149 1027 :
2182 976 2223 1028 si
2257 976 2356 1032 hoc
2383 980 2448 1033 ab
2477 981 2738 1051 aliquibus
2780 989 2960 1056 paucis
2987 989 3341 1051 Orientalibus
3365 996 3558 1054 factum

1985 1072 2065 1117 est
2090 1063 2108 1131 (
2134 1067 2273 1134 quod
2323 1070 2534 1137 quidem
2580 1075 2801 1131 interest
2845 1089 3048 1135 utrum-
3072 1085 3236 1151 possit
3269 1089 3475 1142 ostendi
3502 1093 3520 1158 )
3547 1134 3561 1152 ,

1987 1154 2222 1220 profecto
2248 1171 2399 1212 suum
2422 1161 2676 1229 judicium
2700 1179 3080 1234 correxerunt;
3111 1184 3159 1226 et
3186 1189 3279 1228 vos
3310 1192 3557 1247 suscepto

1988 1242 2256 1314 Baptismo
2287 1251 2372 1317 qui
2405 1252 2558 1306 datm
2589 1268 2664 1308 est
2694 1259 2741 1309 in
2787 1259 3070 1316 schismate
3111 1264 3432 1332 Maximiani,
3461 1287 3561 1324 an»

1988 1334 2184 1403 liquam
2226 1349 2452 1393 vestram
2490 1346 2802 1400 Sententiam
2833 1351 3143 1418 rescidistis,
3178 1365 3352 1412 tamen
3381 1361 3562 1415 vobis-

1987 1439 2104 1478 cum
2137 1429 2286 1493 cstis,
2316 1441 2367 1482 et
2394 1446 2512 1485 eum
2537 1433 2890 1493 Orientalibus
2919 1457 3038 1497 esse
3067 1459 3168 1498 non
3197 1444 3373 1502 vultis.

2059 1515 2282 1572 CAPUT
2301 1518 2564 1576 XVlll.—
2585 1524 2671 1579 21.
2715 1526 2820 1581 Sed
2870 1531 3112 1588 videlicet
3159 1536 3426 1594 invenisse
3471 1541 3562 1595 tibi

1988 1609 2186 1664 videris.
2228 1612 2313 1666 ubi
2367 1625 2505 1668 tuam
2545 1617 2900 1688 eloquentiam
2940 1624 3210 1693 dilatares,
3239 1644 3360 1683 cum
3407 1633 3473 1686 ad
3511 1634 3562 1687 id

1989 1700 2127 1768 quod
2165 1717 2262 1770 ego
2292 1702 2342 1757 in
2387 1707 2608 1775 epistola
2653 1723 2768 1764 mea
2810 1712 2982 1780 posui,
3029 1714 3203 1769 Sicca
3230 1718 3509 1785 ﬁdeli,sive
3535 1741 3566 1775 u

1993 1793 2184 1859 perﬁdo
2201 1794 2540 1862 dispensatore
2561 1813 2928 1856 sacramentum
2960 1801 3210 1876 Baptismi
3233 1812 3440 1881 quisque
3455 1831 3566 1876 pere

1991 1883 2162 1951 cipiat,
2194 1902 2306 1955 spes
2335 1888 2380 1940 ei
2408 1891 2569 1942 onmis
2597 1892 2649 1944 in
2677 1891 2874 1948 Christo
2905 1897 2967 1948 sit
2997 1896 3132 1968 (Lib.
3167 1899 3184 1952 l
3207 1913 3383 1954 contra
3409 1902 3562 1956 Litte»

1990 1991 2074 2028 ras
2105 1974 2363 2043 Petiliani,
2397 1997 2448 2032 n.
2481 1981 2535 2052 7)
2560 1999 2573 2036 :
2597 1984 2862 2040 exclamas
2891 1997 2944 2042 et
2985 1989 3150 2055 dicis,
3183 1993 3228 2046 0
3268 1996 3566 2063 praclarum

1993 2066 2268 2122 sacerdotis
2301 2070 2601 2138 imperium!
2625 2091 2654 2127 ο
2680 2075 2953 2132 laudabilia
2993 2079 3109 2136 boni
3137 2085 3294 2150 patris
3322 2100 3570 2158 prmcepta

1983 2154 2233 2223 justitiae.’
2258 2157 2423 2226 Nihil,
2453 2161 2640 2232 inquit,
2677 2167 2804 2219 inter
2846 2168 3044 2234 ﬁdelem
3082 2173 3428 2244 perﬁdumque
3458 2154 3568 2231 diss

1993 2260 2186 2313 cernas,
2210 2247 2339 2300 idem
2363 2250 2446 2303 tibi
2472 2253 2582 2318 pius
2609 2264 2758 2324 atque
2771 2257 2953 2328 impius
2979 2261 3205 2315 uideatur
3224 2282 3242 2316 :
3263 2265 3390 2318 nihil
3411 2269 3567 2334 prod-

1995 2345 2066 2388 est
2119 2337 2257 2392 bonis
2304 2342 2522 2395 moribus
2576 2345 2765 2410 vivere;
2829 2350 2944 2417 quia
2989 2351 3231 2422 quidquid
3261 2354 3404 2424 justo
3434 2357 3568 2420 (teet,

1998 2435 2156 2493 potest
2176 2439 2220 2480 et
2236 2429 2450 2498 injustus
2466 2434 2689 2502 implere.
2710 2435 2843 2502 Quid
2863 2440 2957 2492 hoc
2979 2453 3227 2512 pratcepto
3243 2446 3343 2498 dici
3355 2446 3572 2515 iniquius

1998 2525 2192 2582 potest:
2229 2517 2468 2588 Puriﬁcet
2513 2524 2667 2578 alium
2712 2528 3032 2594 maculosus,
3088 2533 3257 2586 abluat
3315 2536 3569 2600 sordidus,

1997 2605 2230 2658 cmundet
2263 2608 2568 2678 immundus,
2588 2614 2668 2668 det
2685 2614 2902 2684 infidelis
2917 2621 3088 2686 ﬁdem,
3107 2623 3403 2678 criminosus
3420 2629 3572 2696 faciat

1998 2692 2347 2752 innocentem?
2372 2699 2494 2755 "£130
2511 2713 2654 2758 certe
2681 2707 2838 2760 verba
2870 2718 2954 2762 tua
2981 2722 3122 2775 sunt,
3142 2713 3330 2782 quibus
3362 2727 3572 2771 senten-

2002 2782 2124 2835 tiam
2157 2801 2324 2840 meam
2371 2791 2747 2859 reprehendis;
2778 2813 2896 2850 eum
2936 2798 3034 2854 hoc
3065 2817 3162 2871 ego
3202 2806 3419 2858 omnino
3469 2823 3569 2859 non

1999 2877 2395 2942 consenserint,
2443 2896 2612 2951 neque
2657 2887 2958 2955 scripserim
2993 2909 3005 2944 :
3035 2895 3283 2962 quoniam
3333 2905 3388 2949 ct
3436 2897 3573 2952 inter

2003 2963 2209 3018 fidelem
2245 2971 2611 3041 perliduntqne
2642 2976 2922 3042 plurimum
2957 2979 3116 3036 distat
3147 2999 3249 3037 non
3295 2985 3360 3038 ad
3385 2987 3570 3041 Sacra~

2000 3066 2258 3122 mentum,
2291 3059 2333 3113 si
2373 3060 2471 3115 hoc
2501 3072 2718 3133 uterque
2749 3065 2928 3135 habet,
2956 3071 3048 3124 sed
3077 3071 3142 3126 ad
3171 3074 3572 3146 meritum,quis

2003 3144 2102 3200 hoc
2125 3149 2258 3203 alter
2287 3151 2352 3206 ad
2374 3154 2596 3209 salutem
2620 3156 2794 3224 habet,
2810 3160 2943 3214 alter
2957 3161 3022 3214 ad
3043 3179 3250 3232 pmnam
3275 3183 3288 3218 :
3314 3182 3410 3222 nec
3422 3144 3573 3238 quid-

2000 3236 2124 3306 quid
2165 3239 2311 3309 justo
2373 3242 2531 3310 licet,
2576 3255 2748 3315 potest
2792 3259 2846 3303 et
2881 3251 3105 3320 injustus
3153 3254 3404 3323 implere;
3441 3236 3572 3326 quia

2001 3331 2118 3385 etsi
2147 3342 2320 3400 potest
2365 3334 2590 3404 injustas
2630 3338 2918 3409 baptizare,
2949 3359 3052 3398 non
3099 3354 3272 3401 tamen
3302 3358 3477 3417 potest
3520 3352 3572 3404 in

2011 3436 2226 3490 regnum
2276 3426 2542 3480 cmlorum'
2565 3429 2792 3498 injustas
2817 3433 3014 3490 intrare
3046 3453 3060 3489 :
3088 3453 3188 3492 nec
3215 3441 3456 3509 puriticat
3491 3447 3574 3497 vel

2001 3511 2168 3565 abluit
2197 3515 2274 3566 vel
2299 3517 2570 3584 emundat,
2613 3535 2711 3575 nec
2735 3522 3066 3581 innocentem
3094 3527 3215 3583 facit
3242 3545 3560 3601 quemquam

2002 3601 2089 3669 qui
2111 3603 2158 3656 ei
2189 3604 2451 3660 ministrat
2478 3607 2822 3678 Baptismum,
2853 3614 2947 3668 sed
2971 3615 3146 3671 dantis
3191 3618 3281 3673 Dei
3312 3621 3571 3688 gratia,et

2003 3693 2341 3761 percipientis
2360 3696 2495 3751 bona
2512 3701 2853 3758 conscientia.
2874 3702 2979 3759 Sed
3000 3714 3051 3759 tu
3065 3708 3240 3776 aspice
3258 3720 3427 3763 utrum
3443 3711 3574 3765 nihil

2001 3781 2140 3838 inter
2162 3784 2483 3841 Primianum
2501 3787 2931 3862 Felicianumque
2954 3796 3194 3862 distaret,
3212 3814 3329 3853 eum
3348 3800 3572 3856 Primia-

2001 3888 2099 3928 nus
2120 3874 2256 3929 inter
2275 3887 2536 3933 trecentos
2549 3880 2730 3936 decem
2751 3885 2983 3952 sederet,
3003 3903 3031 3942 a
3053 3890 3242 3958 quibus
3259 3892 3344 3946 ille
3359 3893 3575 3950 diceba-

2002 3970 2087 4018 tur
2102 4003 2118 4028 ,
2149 3967 2283 4033 quod
2304 3983 2542 4022 venenum
2559 3971 2791 4039 aspidum
2809 3985 2933 4029 esset
2953 3978 3044 4032 sub
3059 3979 3204 4034 labiis
3228 3983 3359 4052 ejus,
3375 3993 3419 4038 et
3435 3985 3574 4039 velo-

2001 4069 2079 4108 ces
2107 4054 2306 4109 haberet
2333 4060 2482 4127 pedes
2512 4062 2580 4114 ad
2607 4061 2966 4128 effundendum
2986 4071 3298 4139 sanguinem,
3325 4085 3370 4128 et
3387 4079 3575 4130 contri-

2003 4146 2189 4200 bulatio
2209 4157 2255 4201 et
2276 4149 2543 4218 infelicitas
2559 4153 2610 4206 in
2630 4155 2720 4208 uiis
2733 4157 2859 4226 ejus,
2883 4169 2928 4212 et
2948 4161 3077 4214 uiam
3112 4165 3252 4232 pacis
3279 4183 3379 4220 non
3412 4183 3574 4238 agne-

2001 4247 2178 4304 scerct,
2210 4255 2299 4291 nec
2331 4251 2455 4295 esset
2483 4244 2630 4296 timor
2658 4245 2753 4299 Dei
2785 4257 2913 4302 'aute
2931 4252 3104 4307 oculos
3130 4255 3240 4324 ejus
3257 4255 3427 4324 (Psal.
3455 4276 3572 4325 xm,

2003 4327 2080 4396 5):
2098 4339 2270 4383 utrum
2293 4340 2414 4386 tunc
2439 4349 2542 4387 non
2567 4345 2707 4390 esset
2735 4342 3053 4408 maculosus,
3086 4344 3407 4411 immundus,
3453 4366 3574 4404 sor-

2001 4419 2177 4486 ditius,
2201 4423 2286 4489 qui
2316 4438 2400 4475 vus
2447 4427 2706 4481 sordidum
2735 4431 2943 4485 collecta
2962 4437 3248 4504 [saeuientia
3269 4441 3534 4507 glutinavit
3553 4459 3576 4506 ;

2003 4526 2106 4565 non
2138 4511 2382 4577 infidelis,
2421 4531 2660 4570 uenenum
2683 4521 2916 4590 aspidum
2940 4525 3030 4578 sub
3058 4526 3202 4582 labiis
3215 4531 3438 4594 habens;
3465 4548 3572 4587 non

2002 4603 2340 4670 criminosus,
2367 4607 2548 4676 {animi
2569 4611 2792 4666 criminis
2809 4631 2938 4668 reus.
2961 4616 3026 4670 Et
3043 4628 3217 4674 tamen
3238 4631 3290 4674 et
3307 4622 3418 4690 ipse
3446 4638 3568 4676 cum

2003 4693 2272 4749 Primiano
2309 4714 2447 4753 nunc
2476 4711 2648 4754 vester
2671 4704 2949 4774 episcopus
2971 4708 3122 4762 sedet
3155 4726 3167 4760 :
3196 4721 3248 4764 et
3272 4728 3404 4780 quos
3447 4724 3576 4768 tunc

2002 4786 2309 4857 baptizavit,
2331 4807 2585 4862 nusquam
2605 4803 2786 4863 postea
2799 4797 2934 4852 lotos
2951 4801 3218 4856 vobiscum
3239 4821 3374 4859 nunc
3393 4807 3573 4862 habet.

1963 4878 1976 4939 il
2073 4880 2297 4938 CAPUT
2325 4883 2540 4938 XlX.—-
2562 4885 2652 4941 22.
2693 4887 2760 4942 Et
2802 4889 2976 4945 adhuc
3022 4895 3268 4962 [tt-gnatis
3318 4897 3576 4951 adversus

2004 4971 2300 5039 veritatem,
2315 4990 2412 5029 nec
2435 4977 2725 5033 conceditis
2743 4987 2798 5032 ut
2817 4977 3046 5034 Christus
3071 4999 3268 5051 smper
3289 4985 3373 5040 det
3393 4987 3570 5054 ﬁdem,

2004 5060 2230 5117 Christus
2258 5066 2321 5117 sit
2347 5065 2487 5136 origo
2515 5067 2812 5134 christiani;
2837 5071 2889 5126 in
2921 5071 3120 5129 Christo
3167 5075 3388 5128 radicem
3425 5077 3574 5129 chr;-

2006 5155 2197 5208 stianus
2213 5155 2410 5224 inﬁgat,
2430 5155 2656 5212 Christus
2675 5159 2934 5214 christiani
2949 5163 3012 5214 sit
3034 5177 3182 5231 caput
3205 5163 3342 5236 (Lib.
3362 5167 3379 5220 t
3398 5178 3580 5220 contra

2010 5245 2222 5300 Litteras
2276 5245 2536 5313 Petiliani,
2583 5266 2637 5302 η.
2679 5248 2755 5323 ϐ).
2811 5252 3012 5318 Quibus
3035 5258 3212 5310 verbis
3229 5259 3362 5312 meis
3386 5259 3436 5311 in
3483 5258 3572 5313 illa

2007 5339 2224 5404 epistola
2253 5347 2436 5390 contra
2484 5339 2796 5394 Pctilianum
2824 5332 3020 5410 ptisitis,
3059 5353 3140 5397 tua
3169 5348 3325 5401 verba
3352 5349 3569 5417 Subjnn-

2007 5429 2108 5496 gis,
2142 5439 2194 5480 et
2218 5428 2348 5482 dicis
2380 5445 2392 5479 :
2427 5427 2538 5480 ΙΙοε
2566 5440 2610 5482 et
2639 5447 2728 5484 nos
2755 5433 3038 5497 suademus,
3062 5436 3156 5488 hoc
3197 5438 3459 5502 uolumus;
3490 5442 3581 5493 sed

2008 5518 2278 5585 qmerimus
2300 5534 2387 5585 per
2424 5534 2568 5584 quem
2599 5519 2691 5573 hoc
2720 5522 2895 5577 melius
2931 5525 3033 5592 ﬁat
3099 5525 3201 5582 Nec
3226 5530 3450 5582 attendis
3477 5529 3581 5582 hoc

2013 5625 2115 5661 non
2143 5608 2370 5661 suadere
2417 5607 2745 5672 Petilianmn,
2783 5614 2866 5666 cui
2900 5625 3020 5666 tunc
3050 5617 3320 5681 reSpondi,
3351 5629 3402 5671 et
3425 5621 3581 5685 cujus

2013 5699 2286 5768 epistolam
2331 5699 2582 5755 adversus
2629 5705 3024 5772 responsionem
3077 5724 3244 5761 meam
3292 5711 3574 5764 defendere
