4024 6194
428 374 527 426 51η

427 496 582 551 atque
630 482 895 536 attinuere
936 479 1146 534 cmiaris
1172 520 1185 534 .
1230 479 1320 534 llle
1363 478 1558 547 quippe
1597 476 1728 531 dixit
1765 485 1988 542 aperte:

424 573 739 628 Conscientia
777 582 947 626 sancte
985 572 1150 625 dantis
1173 571 1462 635 attenditur,
1514 584 1631 638 qtae
1663 568 1832 621 abluat
1860 568 1997 623 acci-

429 664 639 732 pientis;
658 678 776 714 nant
811 663 895 731 qui
932 662 1083 729 ﬁdem
1108 678 1140 715 α
1175 660 1366 730 perﬁdo
1403 658 1692 727 sumpserit,
1712 674 1809 711 non
1848 657 2000 724 ﬁdem

428 753 658 822 percipit,
680 752 770 805 sed
814 761 1024 807 reatum.
1052 749 1148 805 Dic
1194 750 1321 804 mihi
1368 764 1527 818 quem
1566 748 1742 803 locum
1786 746 2000 801 Christo

429 843 703 912 reliquerit
726 841 793 897 nd
819 841 1142 896 abluendum
1190 840 1569 897 conscientiam
1600 837 1881 907 baptizati;
1910 845 2003 890 aut

422 926 460 985 ἰι
484 947 593 1008 quo
636 930 794 985 iidem
828 930 1090 1000 percipiat
1132 931 1444 998 baptizatus,
1470 928 1683 998 quando
1727 928 2005 982 conscien-

429 1023 555 1077 tiam
596 1022 774 1077 dantis
815 1022 953 1077 dicis
979 1021 1182 1076 attendi
1227 1037 1344 1091 quae
1368 1020 1573 1086 abluat,
1614 1031 1670 1075 et
1695 1034 1798 1073 non
1846 1018 2003 1074 tidem

341 1121 348 1127 ‘
431 1117 736 1181 percipere,
777 1110 871 1169 sed
928 1120 1166 1172 reatum.
1205 1111 1294 1179 qui
1334 1108 1491 1167 tidem
1529 1109 1692 1163 sumit
1727 1106 2001 1177 aperlido.

430 1201 508 1257 Tu
536 1201 750 1270 quidem
784 1202 1131 1257 succumbere
1150 1202 1165 1233 ¹
1197 1199 1394 1259 Videris
1434 1208 1585 1259 tanto
1608 1199 1827 1268 ponderi
1862 1199 2003 1253 veri-

431 1292 576 1356 tatis,
605 1301 657 1345 et
686 1291 817 1347 dicis
840 1291 943 1344 hoc
974 1300 1025 1345 te
1048 1291 1297 1357 suadere,
1323 1300 1374 1346 et
1400 1291 1502 1347 hoc
1550 1291 1708 1356 velle,
1740 1299 1796 1345 ut
1846 1289 2004 1346 Chri-

420 1390 551 1438 stus
572 1381 664 1435 det
682 1380 860 1443 ﬁdem,
876 1390 1035 1451 atque
1060 1380 1427 1437 adineundam
1455 1382 1613 1434 vitam
1638 1395 1824 1435 novam
1847 1380 2007 1437 Chri-

430 1483 546 1528 stus
590 1473 770 1527 abluat
809 1472 1204 1536 christianum;
1250 1472 1443 1541 quaeris
1482 1481 1655 1527 autem
1700 1487 1796 1541 per
1846 1486 2003 1541 quem

430 1563 622 1619 melius
658 1562 768 1628 ﬁat,
811 1562 973 1632 quod,
1014 1563 1130 1617 sine
1168 1562 1408 1617 ministro
1451 1561 1569 1619 ﬁeri
1622 1578 1726 1615 non
1774 1570 2002 1630 oportet.

434 1652 724 1706 l’etilianus
750 1662 925 1707 tamen
957 1666 1061 1706 non
1102 1652 1254 1715 dixit,
1282 1650 1619 1707 Conscientia
1661 1651 2007 1709 ministrantis

430 1740 744 1807 attenditur,
783 1756 879 1810 per
898 1756 1062 1811 quam
1092 1740 1334 1797 Christus
1360 1740 1540 1794 abluat
1570 1740 1895 1809 accipientis,
1916 1748 2008 1794 aut

432 1848 528 1901 per
572 1847 728 1902 quam
764 1832 1010 1889 Christus
1035 1831 1124 1888 det
1165 1830 1324 1895 tidem
1354 1849 1367 1886 :
1398 1820 1638 1900 sed‘ipsa
1679 1830 2003 1886 conscientia

431 1923 624 1986 dantis,
667 1922 834 1977 voluit
876 1920 1185 1990 accipientis
1225 1921 1367 1976 ablui
1411 1921 1790 1976 conscientiam
1817 1959 1832 1974 .
1897 1919 2006 1977 Nec

432 2011 588 2076 dixit,
618 2010 868 2081 Quisquis
908 2010 1065 2066 ﬁdem
1095 2026 1188 2080 per
1232 2010 1488 2081 perﬁdum
1513 2010 1836 2078 sumpserit”
1855 2048 1870 2072 ,
1898 2024 2004 2063 non

435 2099 592 2153 tidem
634 2101 877 2169 percipit,
902 2099 997 2155 sed
1025 2108 1261 2161 reatum;
1283 2107 1342 2152 ut
1366 2114 1395 2152 a
1421 2098 1634 2155 Ωιιτίωο
1652 2098 1892 2168 quamvis
1910 2112 2005 2166 per

432 2189 593 2244 alium
633 2205 846 2245 sumere
867 2189 1137 2244 videretur
1163 2207 1179 2243 :
1209 2189 1303 2247 sed
1328 2190 1547 2244 mnino
1567 2187 1719 2254 dixit,
1737 2188 1783 2241 A
1813 2187 2005 2255 perﬁdo

432 2281 719 2350 sumpserit.
755 2281 927 2350 Atque
961 2279 1029 2334 ad
1068 2280 1190 2346 hoc,
1234 2281 1382 2349 quasi
1426 2279 1695 2349 probaret,
1744 2278 2003 2348 adjunxit,

437 2370 612 2424 Omnis
641 2371 772 2424 enim
798 2386 879 2424 res
921 2369 1117 2438 origine
1140 2376 1187 2423 et
1232 2369 1407 2423 radice
1430 2369 1692 2433 consistit;
1719 2376 1767 2421 et
1785 2370 1829 2421 si
1854 2376 2006 2438 caput

438 2478 538 2515 non
559 2462 737 2515 habeat
754 2460 966 2529 aliquid,
986 2461 1113 2514 nihil
1129 2469 1201 2514 est
1223 2476 1241 2514 :
1268 2460 1437 2529 ipsum
1455 2460 1656 2515 scilicet
1680 2460 2003 2528 ministrum,

410 2552 584 2620 cujus
602 2551 979 2605 conscientiam
1005 2550 1137 2603 dixit
1161 2549 1379 2612 attendi,
1397 2565 1501 2604 non
1533 2565 1628 2619 per
1672 2565 1830 2620 quam
1855 2550 2009 2607 Chri-

433 2648 549 2693 stus
576 2638 772 2702 abluat,
793 2637 887 2693 sed
908 2651 1025 2707 quae
1044 2636 1226 2691 abluat
1242 2639 1566 2708 accipientis,
1594 2639 1763 2708 ipsum
1793 2654 2008 2708 prorsus

434 2727 736 2783 ministrum
787 2726 1068 2798 originem,
1112 2727 1341 2785 radicem
1370 2739 1633 2799 caputque
1674 2730 1877 2787 iaciens
1910 2729 2008 2785 ba-

434 2819 637 2886 ptizali.

501 2906 728 2962 CAPUT
757 2906 962 2963 XX.-—
989 2907 1087 2963 9.5.
1129 2908 1362 2965 Proinde
1407 2908 1508 2967 hoc
1548 2909 1686 2975 loco,
1720 2925 1826 2964 non
1865 2909 2006 2966 Peti-

433 2996 593 3060 liano,
621 2996 774 3066 cujus
798 2996 959 3052 verba
988 3012 1094 3054 non
1112 2997 1416 3064 defendisti,
1443 2999 1538 3054 sed
1563 3000 1655 3055 tibi
1683 3001 2001 3069 respondeo,

431 3085 525 3155 qui
551 3101 646 3156 pro
688 3096 776 3142 tua
821 3089 1085 3145 sententia
1121 3089 1303 3149 nescio
1340 3088 1468 3159 quid
1504 3089 1671 3156 aliud,
1715 3105 1823 3144 non
1863 3091 2013 3160 quod.

435 3177 541 3243 ille,
573 3177 773 3232 dixisti.
819 3177 898 3231 Tu
945 3180 1125 3245 enim,
1164 3179 1302 3233 sicut
1343 3179 1553 3243 scribis,
1603 3180 1706 3234 hoc
1751 3181 1852 3246 vis,
1903 3180 2007 3237 hoc

434 3268 645 3333 suades,
670 3277 876 3332 utnon,
908 3268 1048 3322 sicut
1089 3268 1244 3335 dixit,
1274 3269 1598 3324 conscientia
1627 3280 1808 3325 sancte
1831 3271 2006 3327 dantis

433 3356 616 3412 abluat
660 3356 1033 3427 accipientem,
1064 3357 1146 3411 vel
1194 3357 1477 3426 accipienti
1505 3357 1595 3411 det
1622 3358 1804 3425 tidem,
1834 3375 2007 3429 neque

433 3455 498 3524 ut
522 3447 634 3512 ipsa
656 3446 723 3499 sit
747 3446 897 3515 origo
924 3454 979 3499 et
1005 3446 1155 3501 radix
1182 3455 1443 3515 caputque
1474 3446 1768 3511 credentis;
1796 3447 1891 3502 sed
1912 3462 2007 3517 per

433 3536 603 3609 ipsam
627 3533 869 3589 Christus
895 3535 1090 3597 abluat,
1124 3550 1216 3604 per
1245 3536 1412 3605 ipsum
1440 3536 1683 3591 Christus
1704 3537 1795 3591 det
1820 3538 2003 3607 ﬁdem,

433 3641 529 3694 per
554 3625 724 3696 ipsam
765 3624 1007 3679 Christus
1031 3625 1101 3679 sit
1127 3626 1275 3695 origo
1303 3626 1600 3692 christiani,
1629 3642 1724 3695 per
1753 3627 1920 3696 ipsam
1950 3628 2005 3685 in

430 3713 645 3771 Christo
673 3713 902 3768 radicem
941 3714 1259 3791 christianus
1286 3714 1489 3784 inﬁgat.
1522 3730 1617 3783 per
1644 3716 1813 3782 ipsam
1844 3715 2005 3771 Chri-

430 3812 545 3858 stus
569 3803 839 3858 christiani
865 3804 933 3857 sit
956 3815 1132 3875 caput.
1159 3803 1282 3857 Ideo
1310 3805 1452 3861 enim
1482 3806 1676 3873 quaeris
1711 3819 1806 3871 per
1840 3819 1998 3873 quem

432 3892 620 3947 melius
651 3893 761 3959 ﬁat,
787 3893 927 3963 quod
950 3908 981 3947 a
1001 3893 1219 3949 Christo
1256 3892 1372 3948 ﬁeri
1402 3892 1650 3952 concedis
1681 3909 1694 3944 :
1728 3892 1818 3947 ubi
1843 3902 1897 3947 et
1923 3901 2002 3958 tu,

431 3991 687 4051 quantum
721 3981 896 4048 video,
930 3996 1033 4036 non
1075 3995 1236 4050 negas
1276 3979 1375 4035 hoc
1405 3981 1703 4050 fieriposse
1725 3980 1882 4036 etiam
1910 3996 2003 4050 per

431 4073 726 4128 ministrum
751 4074 967 4134 malum,
983 4070 1079 4127 sed
1104 4071 1237 4127 dicis
1264 4071 1455 4126 melius
1480 4086 1637 4139 posse
1658 4086 1755 4141 per
1782 4071 2000 4126 bonum.

430 4164 566 4232 Quid
600 4174 683 4219 est
710 4166 850 4220 enim
875 4163 1016 4218 aliud
1044 4163 1183 4234 quod
1210 4162 1364 4227 dicis,
1392 4160 1500 4215 Hoc
1529 4171 1574 4216 et
1592 4178 1684 4216 nos
1707 4163 1996 4228 suademus,

429 4256 523 4308 hoc
549 4254 776 4309 volumus
791 4271 813 4319 ,'
837 4253 925 4309 sed
969 4252 1236 4324 quaerimus
1267 4269 1357 4322 per
1382 4268 1529 4320 quem
1569 4252 1747 4305 melius
1770 4252 1900 4320 ﬁat?
1923 4254 2002 4308 Ac

406 4360 530 4415 per
558 4343 661 4400 hoc
691 4345 856 4401 abluit
877 4343 1119 4400 Christus
1143 4353 1198 4400 et
1224 4360 1318 4414 per
1338 4343 1661 4399 maculosam
1684 4360 1791 4399 non
1817 4354 2001 4400 sancte

428 4438 622 4500 dantis,
647 4436 740 4493 sed
768 4438 959 4493 melius
982 4452 1079 4508 per
1124 4436 1373 4491 mundam
1408 4444 1593 4492 sancte
1631 4436 1806 4491 dantis
1864 4451 1999 4491 con-

427 4526 701 4581 scientiam
723 4543 737 4579 :
758 4527 846 4582 dat
862 4526 1021 4583 fidem
1035 4525 1277 4582 Christus
1291 4536 1343 4582 et
1356 4543 1449 4596 per
1462 4527 1761 4582 ministrum
1780 4526 1996 4593 malum,

428 4613 521 4668 sed
565 4615 756 4669 melius
786 4631 880 4685 per
914 4615 1111 4671 bonum
1142 4632 1157 4667 :
1195 4615 1254 4670 lit
1272 4615 1519 4671 Christus
1538 4616 1688 4686 origo
1725 4616 2000 4697 christiani

426 4712 482 4756 et
508 4718 603 4775 per
627 4704 1053 4774 dispensatorem
1091 4704 1380 4769 inﬁdelem,
1409 4705 1506 4761 sed
1533 4706 1724 4761 melius
1744 4721 1839 4776 per
1864 4706 1998 4762 lide-

426 4794 529 4848 lem
560 4811 575 4846 :
607 4793 925 4848 christianus
965 4794 1196 4851 radicem
1226 4794 1337 4867 figit
1376 4795 1429 4849 in
1465 4795 1680 4851 Christo
1716 4797 1873 4853 etiam
1904 4812 2001 4866 per

423 4883 672 4937 colonum
714 4884 1024 4953 reprobum,
1052 4883 1146 4939 sed
1190 4885 1379 4939 melius
1406 4899 1502 4953 per
1529 4886 1751 4953 probum
1782 4902 1794 4936 :
1826 4892 1999 4955 potest

423 4971 663 5028 Christus
694 4988 812 5027 esse
838 4982 996 5042 caput
1021 4972 1294 5028 christiani
1319 4980 1373 5027 et
1404 4988 1497 5041 per
1522 4972 1870 5037 Feliciantun,
1899 4973 1996 5030 sed

422 5061 614 5115 melius
639 5061 912 5116 existimas
941 5077 1037 5132 per
1059 5060 1408 5116 Primianum.

492 5153 582 5208 24.
615 5154 784 5208 Parva
813 5155 991 5224 itaque
1020 5153 1157 5208 inter
1198 5169 1296 5208 nos
1325 5153 1375 5207 in
1405 5153 1503 5207 hac
1533 5168 1613 5219 re,
1644 5161 1737 5209 aut
1769 5152 1994 5211 fortasse

325 5298 336 5307 ,
422 5245 563 5301 nulla
605 5244 870 5301 dissensio
915 5255 1019 5303 est.
1066 5243 1198 5300 Nam
1244 5253 1297 5298 et
1344 5259 1441 5313 ego
1478 5240 1617 5308 dic’o,
1662 5245 1850 5301 melius
1897 5260 1994 5315 per

419 5337 618 5390 bonum
650 5336 946 5389 ministrum
968 5349 1126 5404 quam
1156 5349 1250 5403 per
1272 5333 1467 5387 malum
1495 5333 1784 5401 dispensari
1801 5334 1990 5389 Sacra-

420 5438 597 5481 menta
626 5426 801 5481 divina
835 5444 848 5481 :
879 5440 1061 5483 verum
1088 5426 1188 5480 hoc
1222 5431 1440 5494 prepter
1470 5424 1640 5494 ipsum
1687 5426 1985 5479 ministrum

417 5517 606 5573 melius
626 5526 726 5584 est,
757 5529 814 5573 ut
834 5519 912 5573 eis
946 5516 1105 5572 rebus
1142 5530 1272 5586 quas
1301 5516 1581 5583 ministrat,
1612 5532 1713 5572 vna
1741 5527 1793 5572 et
1829 5517 1989 5572 mori-

482 5631 497 5696 ξ
521 5637 703 5696 omnes
724 5637 847 5696 2458.,
868 5627 1057 5696 cedere.
1277 5685 1288 5696 _

477 5688 498 5719 ι
522 5689 658 5757 talin,
682 5702 769 5751 per
792 5688 1030 5739 Christum
1053 5688 1321 5751 smnpserit.
1348 5688 1664 5739 Emendantur
1688 5688 1865 5738 auxilio
1883 5702 1960 5740 ma

416 5757 780 5814 ausa-quorum.

1761 361 1963 417 ιιιθειι
1989 360 2075 426 ρῑ
2088 361 2216 415 Ali'l
2227 363 2325 419 US.

3577 368 3680 421 562

2112 474 2209 528 bus
2234 484 2522 551 congruat;
2556 492 2658 529 non
2706 486 2916 545 propter
2950 474 3094 531 ilum
3123 477 3210 548 qui
3254 479 3459 533 etiamsi
3504 480 3681 534 incur-

2108 564 2237 617 Peril.
2285 564 2338 618 in
2377 564 2677 620 ministrum
2721 565 2913 619 malum
2944 565 3338 635 dispensantem
3384 570 3675 624 veritatem.

2107 655 2440 707 Securitatem
2467 654 2698 722 accipita
2731 656 2946 709 Domino
2962 670 3063 708 suo
3094 665 3341 711 monente
3358 673 3420 711 ac
3446 657 3677 724 ἀίειιηιρ,

2112 742 2238 805 Qua:
2277 743 2467 804 dicunt.
2507 744 2685 813 facile;
2711 759 2821 809 qua:
2848 754 3011 798 autent
3036 745 3248 813 faciunt,
3285 750 3449 817 facere
3481 747 3635 800 nolite
3664 765 3682 802 .-

2109 832 2281 886 dirunt
2326 834 2478 897 enim,
2505 842 2552 887 et
2598 850 2696 887 non
2732 833 2924 904 faciant
2962 834 3175 903 (Matth.
3209 851 3378 902 xxnt,
3408 834 3482 909 5).
3529 837 3684 892 Addo

2108 923 2267 979 etiam
2313 923 2378 976 ad
2431 925 2530 978 hoc
2574 939 2693 981 esse
2741 922 2950 992 melius,
2984 935 3041 980 ut
3083 926 3171 981 ille
3206 926 3289 981 cui
3334 927 3681 992 ministratur,

2109 1014 2335 1068 ministri
2387 1014 2509 1070 boni
2557 1015 2871 1085 probitatem
2920 1030 2983 1072 ac
3027 1018 3362 1073 sanctitatem
3414 1017 3682 1093 diligendo

2111 1104 2312 1165 facilius
2349 1108 2581 1162 imitetur
2611 1125 2626 1162 :
2656 1107 2759 1162 sed
2799 1122 2903 1162 non
2943 1107 3064 1163 ideo
3099 1109 3305 1163 veriora
3335 1117 3388 1163 et
3415 1110 3681 1164 sanctiora

2109 1207 2233 1252 sunt
2259 1213 2379 1268 qua:
2424 1198 2824 1265 ministrantur,
2873 1198 2995 1269 quia
3049 1212 3148 1269 per
3192 1200 3468 1254 meliorem
3529 1200 3687 1256 mini-

2109 1296 2365 1343 strantur.
2383 1287 2470 1343 illa
2502 1303 2727 1358 namque
2754 1304 2850 1359 per
2876 1302 2933 1342 se
2963 1288 3071 1359 ipsa
3100 1304 3225 1344 vera
3273 1297 3328 1344 et
3352 1298 3533 1346 saneta
3561 1300 3685 1345 sunt

2109 1388 2325 1448 propter
2355 1380 2519 1435 Deum
2549 1396 2731 1436 verum
2762 1390 2817 1437 et
2854 1392 3092 1437 sanctum
3119 1382 3269 1453 cujus
3295 1392 3419 1438 sunt
3451 1392 3542 1437 :et
3563 1381 3686 1439 ideo

2109 1466 2223 1523 ﬁeri
2282 1478 2457 1545 potest
2500 1479 2556 1525 ut
2597 1470 2856 1527 accedens
2896 1470 2963 1525 ad
3003 1472 3312 1527 societatem
3354 1473 3533 1542 populi
3569 1473 3681 1534 Dei,

2106 1559 2267 1615 alium
2316 1561 2599 1615 inveniata
2629 1576 2737 1632 quo
2784 1560 2935 1618 facile
2985 1562 3294 1633 baptizetur,
3326 1563 3486 1618 alium
3528 1563 3688 1633 eligat

2108 1663 2263 1718 quem
2279 1650 2561 1705 salubriter
2576 1650 2830 1706 imitetur.
2842 1644 3035 1711 Certus
3051 1662 3132 1707 est
3150 1654 3289 1707 enim
3308 1662 3549 1708 sanctum
3567 1668 3687 1710 esse

2109 1740 2506 1801 Sacramentum
2554 1741 2773 1809 Christi,
2813 1744 3018 1799 etiamsi
3065 1760 3161 1814 per
3199 1746 3374 1801 minus
3417 1754 3678 1810 sanctum,

2108 1831 2193 1886 vel
2228 1848 2335 1887 non
2360 1842 2599 1888 sanctum
2627 1833 2895 1889 hominem
2914 1835 3265 1889 ministratum
3288 1842 3402 1895 est;
3426 1850 3485 1890 se
3499 1846 3679 1890 autem

2110 1920 2350 1991 ejusdem
2374 1921 2538 1990 ipsius
2566 1922 2899 1979 Sacramenti
2923 1922 3202 1977 sanctitate
3226 1924 3441 1999 puniri,
3470 1923 3515 1978 si
3544 1923 3686 1979 indic

2103 2024 2210 2080 gne
2231 2011 2514 2079 acceperit,
2543 2011 2589 2065 si
2615 2012 2752 2066 male
2776 2026 2908 2067 usus
2954 2011 3132 2080 fuerit,
3159 2014 3205 2069 si
3247 2028 3352 2068 non
3392 2014 3442 2069 ei
3488 2029 3686 2071 conve-

2109 2101 2316 2159 nienter
2335 2109 2392 2157 et
2408 2116 2645 2171 congrue
2671 2102 2883 2158 vixerit.

2177 2188 2401 2248 CAPUT
2449 2190 2668 2247 XXI.—
2690 2191 2783 2248 25.
2823 2191 2956 2248 Nam
2991 2207 3176 2265 quarm
3216 2193 3312 2249 abs
3354 2202 3425 2260 te,
3454 2193 3512 2249 Si
3550 2195 3685 2250 forte

2108 2297 2265 2352 quem
2297 2282 2595 2339 Primianus
2642 2284 2697 2337 in
2742 2293 2921 2339 vestra
2965 2284 3340 2341 communione
3380 2286 3680 2356 baptizavit,

2110 2370 2339 2440 pessime
2386 2372 2546 2438 vivat,
2576 2386 2733 2441 quem
2778 2387 2901 2427 vero
2945 2371 3242 2429 Felicianus
3286 2373 3337 2427 in
3383 2373 3683 2428 Maximiani

2108 2461 2393 2515 schismate
2440 2461 2742 2531 baptizavit,
2787 2462 2985 2539 Optime
3026 2463 3188 2528 vivat,
3235 2463 3444 2517 cuinam
3495 2478 3679 2519 eorum

2110 2561 2289 2621 patere
2315 2551 2586 2608 existimas
2619 2568 2839 2622 regnum
2868 2553 2998 2608 Dei?
3027 2562 3200 2608 utrum
3224 2553 3275 2609 ei
3305 2569 3461 2624 quem
3500 2554 3677 2624 bapti-

2110 2642 2246 2695 zavit
2274 2644 2560 2697 secundum
2595 2653 2644 2700 te
2673 2644 2843 2705 bonus
2868 2645 3087 2710 malum,
3114 2660 3183 2701 an
3208 2646 3257 2701 ei
3289 2647 3377 2715 qui
3404 2646 3686 2715 baptizavit

2110 2732 2397 2786 secundum
2419 2733 2705 2802 Bagaiense
2719 2735 3000 2791 concilium
3025 2735 3311 2804 sacrilegus
3346 2736 3683 2805 religiosum?

2108 2820 2210 2877 Sed
2242 2820 2375 2875 forte
2388 2821 2542 2888 dicis,
2560 2832 2614 2877 et
2638 2838 2821 2878 verum
2841 2824 2995 2893 dicis,
3013 2824 3127 2879 Non
3151 2833 3319 2893 potest
3332 2839 3454 2880 esse
3474 2826 3684 2895 religio-

2110 2926 2202 2967 sus
2222 2912 2274 2967 in
2288 2913 2573 2968 schismate
2583 2915 2918 2968 constitutus.
2933 2915 3179 2971 Assentio
3195 2931 3208 2967 :
3223 2925 3583 2969 verumtamen
3597 2930 3684 2985 po-

2113 3014 2213 3057 test
2231 3019 2350 3059 esse
2371 3006 2421 3058 in
2435 3016 2609 3062 vestra
2625 3009 2997 3063 communione
3017 3009 3304 3078 sacrilegus
3322 3009 3406 3063 vel
3420 3010 3677 3075 occultus,

2109 3109 2137 3146 a
2173 3094 2470 3162 Primiano,
2515 3112 2672 3167 quem
2724 3097 3024 3168 religiosum
3069 3099 3313 3165 creditis,
3357 3099 3679 3169 baptizatus.

2109 3183 2296 3248 Porro,
2347 3184 2391 3239 si
2442 3184 2531 3240 ille
2557 3201 2730 3255 quem
2767 3185 3063 3242 Felicianus
3097 3188 3149 3245 in
3182 3199 3367 3245 eatena
3419 3189 3678 3259 sacrilegii

2110 3273 2410 3342 baptizavit,
2443 3275 2629 3330 relicto
2666 3276 2964 3331 schismatis
3005 3278 3283 3349 sacrilegio
3322 3280 3677 3334 ecclesiastica

2108 3365 2482 3419 communione
2530 3366 2927 3436 corrigeretur;
2978 3368 3230 3437 numquid
3283 3368 3447 3423 audes
3502 3368 3719 3438 dicere

2107 3454 2247 3523 quod
2271 3457 2459 3509 melior
2483 3456 2535 3509 in
2560 3455 2653 3510 illo
2678 3456 2976 3525 Baptismus
3006 3457 3178 3526 ﬂeret,
3202 3460 3440 3528 quamvis
3485 3474 3679 3529 negare

2108 3557 2213 3598 non
2241 3543 2439 3600 audeas
2463 3546 2632 3615 ipsum
2662 3546 2928 3603 hominem
2954 3540 3066 3602 fieri
3108 3548 3346 3618 potuisse
3371 3549 3678 3603 meliorem?

2109 3633 2221 3690 Hoc
2257 3637 2397 3691 enim
2425 3645 2480 3691 et
2506 3637 2620 3707 ipso
2660 3637 2797 3692 facto
2820 3638 3129 3708 iudicastis;
3162 3639 3584 3712 quandoquidem
3618 3641 3678 3694 il-

2110 3724 2191 3779 los
2215 3740 2421 3789 omnes,
2453 3742 2587 3795 quos
2624 3727 2925 3787 Felicianus
2952 3739 3007 3783 et
3052 3729 3397 3785 Praetextatus
3426 3732 3476 3783 in
3520 3730 3679 3785 dam-.

2108 3819 2233 3864 nato
2276 3821 2330 3865 et
2358 3812 2619 3866 detestato
2646 3828 2675 3866 a
2703 3814 2853 3868 vobis
2916 3815 3194 3886 sacrilegio
3241 3817 3541 3872 schismatis
3586 3818 3679 3871 ba-

2108 3902 2459 3970 ptizaverunt,
2485 3917 2605 3956 cmn
2648 3902 2752 3958 illis
2780 3905 2845 3958 ad
2872 3921 2968 3960 vos
3008 3906 3353 3963 redeuntibus
3404 3907 3520 3963 sine
3570 3909 3674 3964 ulla

2106 3989 2464 4045 destructione
2491 3990 2572 4046 vel
2614 3993 2927 4062 repetitione
2951 3992 3205 4063 Baptismi
3246 3997 3573 4065 suscepistis.
3618 3997 3672 4054 Si

2105 4090 2282 4136 autem
2326 4081 2467 4152 quod
2512 4082 2713 4150 dixisti,
2750 4082 2839 4137 sed
2879 4085 3152 4154 querimus
3198 4102 3287 4156 per
3318 4103 3464 4156 quem
3500 4088 3676 4142 melius

2105 4175 2218 4244 fiat,
2247 4175 2661 4244 comparativum
2694 4174 2916 4251 gradum
2947 4192 3043 4247 pro
3066 4176 3290 4247 ροδὶιίνο
3316 4177 3535 4248 posuisti
3560 4195 3575 4244 ;
3597 4179 3674 4235 sic

2104 4265 2307 4331 dicens,
2337 4263 2621 4329 Quwrimas
2648 4283 2736 4335 per
2761 4283 2905 4337 quem
2928 4267 3103 4323 melius
3131 4268 3222 4339 ﬁat
3238 4285 3259 4336 ;
3284 4284 3347 4324 ac
3371 4269 3414 4324 si
3443 4269 3669 4338 diceres,

2103 4354 2398 4422 Quaerimus
2441 4370 2534 4425 per
2560 4371 2717 4428 quem
2757 4358 2890 4413 bene
2927 4358 3036 4428 fiat,
3074 4360 3261 4415 volens
3317 4360 3534 4434 intelligi
3582 4376 3673 4432 per

2104 4446 2301 4500 malum
2345 4446 2643 4501 ministrum
2691 4448 2829 4503 male
2869 4449 2983 4504 ﬁeri
3015 4467 3028 4504 :
3056 4460 3244 4507 nonte
3273 4451 3436 4507 verbo
3487 4468 3669 4524 urgeo,

2106 4535 2195 4589 sed
2218 4535 2480 4591 admoneo
2509 4539 2684 4606 potius
2702 4547 2752 4593 te
2771 4538 2949 4595 dicere
2972 4540 3239 4607 debuisse,
3257 4541 3553 4610 Quaerimus
3581 4560 3672 4612 per

2104 4641 2263 4694 quem
2286 4624 2394 4692 ﬁat,
2409 4642 2588 4696 quam,
2614 4627 2909 4696 Quaerimus
2932 4644 3025 4698 per
3038 4646 3195 4700 quem
3208 4632 3345 4686 bene
3366 4632 3456 4690 ﬁat
3484 4652 3496 4685 :
3520 4635 3670 4702 quasi

2103 4722 2284 4784 posset
2312 4715 2425 4770 ﬁeri
2455 4729 2510 4771 ut
2534 4732 2637 4771 non
2662 4718 2795 4772 bene
2820 4717 3061 4775 Christus
3084 4718 3175 4776 det
3201 4719 3381 4788 ﬁdem,
3409 4737 3512 4777 non
3535 4721 3670 4777 bene

2103 4806 2175 4860 sit
2201 4804 2440 4862 Christus
2464 4807 2612 4879 origo
2632 4817 2893 4879 caputque
2919 4809 3217 4876 christiani,
3237 4827 3340 4866 non
3366 4811 3500 4871 bene
3516 4814 3668 4869 radix

2104 4897 2292 4967 ligatur
2322 4898 2371 4951 in
2402 4897 2632 4953 Christo.
2666 4900 2769 4953 Aut
2791 4900 2933 4955 enim
2959 4900 3175 4969 ueniit,
3188 4911 3279 4963 aut
3302 4904 3348 4958 si
3378 4903 3459 4971 iit,
3480 4906 3664 4975 procul

2103 4987 2262 5041 dubio
2291 4988 2426 5043 bene
2453 4987 2528 5042 ﬁt.

2168 5078 2259 5134 ‘26.
2301 5078 2672 5135 Verumtamen
2700 5080 2797 5135 ista
2828 5088 3138 5148 tractamus,
3169 5096 3237 5137 ne
3260 5093 3473 5152 propter
3495 5087 3663 5138 malos

2100 5171 2516 5241 dispensatores,
2549 5187 2654 5227 non
2681 5180 2854 5227 tamen
2884 5187 3120 5239 suorum,
3152 5173 3245 5229 sed
3273 5172 3659 5229 dominicorum

2097 5263 2559 5320 Sacramentorum
2584 5304 2599 5328 ,
2630 5278 2765 5335 quos
2804 5279 3027 5320 necesse
3054 5273 3140 5321 est
3170 5278 3335 5334 usque
3362 5263 3427 5318 ad
3460 5273 3636 5333 tempu
3657 5293 3669 5311 ο

2097 5356 2463 5411 ventilationis
2493 5371 2632 5411 arcte
2670 5355 2949 5412 dominica:
2985 5356 3353 5421 commisceri,
3394 5355 3669 5410 deseratur

2097 5447 2208 5518 ipsa
2251 5448 2422 5502 unitas
2462 5448 2865 5503 frumentorum.
2897 5447 3138 5503 Schisma
3178 5455 3352 5503 autem
3392 5445 3568 5502 facere
3594 5446 3662 5502 ab

2095 5542 2294 5595 unitate
2320 5537 2515 5594 Citl'lsll
2535 5581 2551 5608 ,
2576 5548 2667 5595 aut
2697 5541 2748 5594 in
2778 5538 3063 5595 schismate
3092 5554 3243 5602 esse,
3278 5538 3511 5608 profecto
3550 5554 3661 5592 ma-

2093 5632 2201 5687 lmu
2233 5642 2334 5695 ρει,
2364 5640 2412 5685 et
2441 5646 2684 5698 maguum
2721 5630 2917 5685 malum
2942 5647 2954 5683 :
2978 5645 3077 5685 nec
3102 5630 3318 5684 omnino
3346 5628 3460 5684 fieri
3486 5636 3664 5699 potest

2097 5730 2147 5772 ιιι
2180 5722 2418 5770 Christus
2445 5720 2532 5775 det
2562 5719 2898 5775 schisntatico
2918 5760 2933 5785 ,
2967 5735 3073 5773 non
3101 5719 3258 5773 fidem
3280 5760 3294 5787 ,
3325 5720 3415 5776 sed
3444 5720 3660 5776 sacrile-
