4024 6196
335 386 436 437 i363

339 515 455 557 gun-
488 507 755 548 errorem;
789 486 958 541 autin
1002 484 1214 543 Christo
1257 479 1484 537 radicem
1527 470 1899 531 schismaticus

342 586 543 645 tigerit,
574 591 663 635 aut
692 576 1027 632 schismatico
1054 571 1295 636 Christus
1325 569 1393 623 sit
1430 567 1579 636 origo
1621 574 1673 617 et
1702 569 1900 631 caput:

340 690 391 731 vi
424 687 596 730 tamen
628 671 951 740 Baptismum
982 664 1173 729 Christi
1207 662 1253 717 si
1291 659 1530 721 dederit,
1558 655 1736 709 datum
1764 650 1861 705 erit
1893 666 1907 715 ;

344 771 385 819 si
414 764 692 835 acceperit,
725 768 998 835 acceptum
1040 756 1174 820 erit;
1216 768 1317 806 non
1350 750 1414 806 ad
1444 749 1603 802 vitam
1634 754 1910 805 zeternam,

347 856 438 908 sed
469 853 534 907 ad
566 866 772 922 pennam
804 860 1075 907 aeternam,
1111 845 1154 897 si
1185 844 1236 896 in
1264 857 1328 896 eo
1356 838 1635 907 sacrilegio
1663 847 1911 902 perseve-

348 945 511 1010 rarit;
545 957 646 995 non
675 942 725 994 in
758 940 950 994 malum
972 932 1329 992 convertendo
1351 933 1546 985 bonum
1574 924 1712 995 quod
1736 922 1913 984 habet,

349 1035 442 1088 sed
473 1033 609 1087 malo
635 1047 731 1087 suo
763 1032 953 1083 bonum
983 1026 1225 1081 habendo
1255 1020 1505 1092 quamdiu
1533 1019 1705 1073 malus
1736 1015 1914 1067 habet.

420 1125 643 1180 CAPUT
670 1122 835 1178 XXVI.
859 1152 923 1162 -—
946 1120 1036 1173 ΞΠ.
1078 1116 1281 1185 ριιτῐξιίε
1305 1114 1439 1168 forte
1469 1121 1523 1165 ut
1541 1111 1639 1162 hoc
1663 1107 1876 1176 probem
1904 1122 1917 1157 :

352 1215 477 1283 quid
521 1215 660 1267 aliud
695 1213 785 1265 tibi
824 1211 1028 1274 dicam,
1063 1196 1160 1261 nisi
1189 1205 1327 1283 quod
1366 1204 1465 1257 hoc
1494 1215 1653 1270 opere
1683 1196 1922 1252 institui?

357 1308 643 1374 Bagaieuse
666 1303 934 1357 decretum
964 1300 1099 1369 lege,
1135 1296 1455 1350 Felicianum
1478 1302 1530 1346 et
1550 1292 1923 1344 Pra-textatum

364 1399 562 1450 iutnere
588 1411 600 1446 :
626 1391 945 1447 schismatici
976 1388 1255 1450 dederunt,
1290 1385 1498 1452 utrique
1527 1398 1554 1433 a
1600 1380 1750 1433 vobis
1776 1392 1926 1430 rece-

363 1487 437 1556 pti
466 1495 517 1537 et
546 1483 751 1535 collecti
776 1491 928 1542 sunt;
959 1493 1056 1533 nec
1096 1476 1167 1529 illi
1197 1473 1503 1543 degradati,
1542 1484 1640 1524 nec
1678 1470 1749 1523 illi
1776 1467 1929 1521 reba-

365 1573 561 1641 ptizati.
590 1572 704 1626 Jam
738 1581 879 1623 certe
922 1584 1024 1622 non
1064 1566 1257 1636 qmcris
1288 1572 1460 1616 utrum
1506 1562 1595 1614 ﬁat
1624 1560 1811 1613 melius
1839 1572 1932 1626 per

353 1666 551 1733 justum
598 1662 893 1718 ministrum
920 1700 934 1726 ,
981 1675 1045 1713 an
1088 1674 1182 1728 per
1222 1651 1782 1723 injustum:quoniam
1828 1665 1930 1700 non

362 1753 483 1807 ideo
510 1761 589 1807 est
614 1752 910 1819 Baptismns
936 1750 1123 1803 melior
1149 1763 1304 1818 quem
1335 1744 1478 1799 dedit
1518 1743 1814 1797 Primianus
1846 1756 1932 1793 se-

362 1843 590 1897 cundum
621 1857 716 1896 vos
739 1842 932 1911 justus,
964 1855 1120 1910 quam
1149 1840 1236 1892 ille
1268 1852 1423 1907 quem
1456 1835 1600 1889 dedit
1639 1834 1934 1888 Feliciauns

368 1932 615 2001 injustus.
648 1931 805 1984 Certe
825 1929 934 1999 jam
962 1928 1254 1996 intelligere
1280 1926 1483 1994 cogeris
1509 1923 1774 1994 quomodo
1797 1928 1937 1989 Apo-

368 2020 536 2074 stolus
559 2018 774 2083 dixerit,
806 2017 985 2088 Neque
1008 2018 1091 2087 qui
1116 2018 1309 2085 plantat
1339 2026 1408 2067 est
1438 2014 1647 2083 aliquid,
1677 2029 1830 2079 neque
1853 2012 1938 2080 qui

367 2113 534 2182 rigat;
568 2110 655 2167 sed
688 2112 773 2179 qui
820 2111 1177 2162 incrementum
1223 2108 1309 2160 dat
1340 2106 1474 2159 Deus
1522 2106 1559 2177 (Ι
1590 2104 1705 2168 Cor.
1738 2121 1811 2169 tu,
1841 2105 1896 2171 7)
1924 2122 1936 2157 :

372 2213 527 2272 teque
557 2200 746 2255 frustra
769 2200 965 2253 dixisse
990 2200 1196 2263 recolis,
1223 2198 1365 2253 Sicut
1384 2197 1469 2265 qui
1496 2197 1689 2264 plantat
1719 2203 1763 2247 et
1788 2196 1939 2264 rigat,

372 2291 571 2351 nonnisi
596 2290 803 2347 calanus
832 2290 1043 2359 diligens
1072 2298 1116 2342 et
1155 2287 1319 2356 ﬁdelis
1359 2287 1659 2355 inquiritur;
1696 2286 1766 2336 sic
1795 2284 1942 2336 etiam

373 2384 425 2432 in
454 2390 764 2437 sacramento
788 2378 1116 2448 Baptismatis
1142 2377 1340 2431 nonnisi
1355 2376 1664 2445 justissimus
1685 2373 1945 2441 aperarius

377 2470 704 2540 approbatur.
738 2469 873 2523 Ecce
900 2484 997 2522 nec
1023 2469 1267 2538 diligens,
1298 2483 1395 2521 nec
1423 2466 1609 2527 ﬁdelis,
1639 2482 1737 2519 nec
1757 2465 1944 2533 justis-

377 2565 563 2625 simus,
595 2561 687 2617 sed
721 2561 893 2629 potius
920 2560 1105 2614 salutis
1133 2574 1240 2612 sua:
1270 2558 1558 2628 negligens,
1591 2566 1643 2610 et
1680 2555 1905 2610 inﬁdelis
1926 2596 1942 2621 ,

378 2662 433 2703 ut
459 2650 833 2719 injustissinnis
877 2649 1174 2703 Felicianus
1219 2648 1351 2712 fuit,
1379 2646 1589 2716 quando
1632 2645 1947 2699 Maximiano

380 2742 630 2799 sociatus.
662 2748 715 2794 et
753 2740 884 2793 sicut
924 2739 1141 2793 trecenti
1170 2746 1224 2792 et
1252 2737 1436 2792 decem
1471 2738 1632 2789 vestri
1676 2737 1827 2788 unius
1857 2750 1949 2788 ore

379 2829 731 2884 disertissimo
760 2837 1080 2896 personant,
1114 2828 1164 2880 in
1201 2836 1384 2881 catena
1412 2826 1667 2894 sacrilegii
1697 2824 1953 2877 constitu-

385 2934 489 2989 ms,
522 2921 843 2990 Baptismum
878 2934 1033 2990 quem
1064 2935 1164 2979 non
1196 2920 1306 2979 ausi
1337 2919 1466 2973 estis
1496 2918 1820 2979 rescindere,
1854 2917 1952 2975 mi-

391 3013 648 3065 nistravit.

453 3122 543 3187 28.
586 3123 747 3179 Certe
790 3123 855 3175 ad
898 3122 1034 3178 hanc
1074 3138 1284 3179 causam
1322 3122 1499 3177 cernis
1543 3138 1644 3177 non
1692 3121 1954 3190 pertinere

388 3212 744 3273 testimonium
774 3213 913 3281 tpiod
959 3230 1023 3267 ex
1063 3213 1314 3282 prOpheta
1362 3212 1577 3281 posuisti
1608 3230 1620 3264 :
1653 3211 1791 3264 Dabo
1821 3212 1954 3264 vobis

389 3315 616 3368 pastores
642 3305 912 3369 secundum
939 3321 1024 3358 cor
1052 3322 1233 3368 meum,
1265 3313 1311 3361 et
1339 3316 1542 3372 poscent
1569 3320 1672 3367 vos,
1703 3314 1954 3376 pascentes

388 3411 501 3445 cum
530 3395 795 3463 disciplina
826 3393 1034 3465 (let-em.
1068 3410 1121 3453 tu
1142 3436 1156 3459 ,
1190 3392 1297 3466 15).
1342 3394 1638 3471 Feliciauus
1676 3394 1816 3448 enim
1859 3410 1957 3448 nec

389 3485 678 3543 secundum
709 3501 803 3542 cor
841 3487 928 3540 Dei
967 3487 1257 3555 sacrilegus
1279 3496 1426 3549 erat,
1466 3501 1564 3543 nec
1589 3501 1715 3539 oves
1743 3486 1857 3553 ejus
1903 3486 1954 3537 in

393 3575 650 3643 sacrilego
669 3574 951 3629 schismate
975 3575 1219 3643 pascebat
1239 3590 1355 3627 cmn
1378 3575 1647 3642 disciplina
1668 3589 1683 3638 ;
1708 3584 1761 3627 et
1782 3585 1955 3631 tamen

399 3663 696 3733 baptizabat
735 3679 856 3729 eos,
893 3664 942 3717 in
980 3664 1170 3733 quibus
1218 3664 1444 3732 receptis
1471 3661 1823 3733 cognovistis,
1854 3679 1957 3716 non

394 3757 579 3825 ipsius,
608 3754 700 3810 sed
733 3756 819 3809 Dei
842 3755 1002 3809 fuisse
1021 3754 1159 3824 quod
1180 3753 1355 3807 dabat.
1383 3754 1535 3808 Certe
1558 3752 1810 3823 perspicis
1831 3767 1961 3821 quo-

398 3849 557 3905 modo
584 3863 611 3909 ξι
644 3862 729 3907 me
759 3847 825 3901 de
844 3846 1111 3915 Scriptura
1140 3853 1316 3899 sancta
1345 3854 1813 3898 commemoratum
1843 3853 1923 3898 est
1942 3885 1957 3908 ,

393 3938 591 3995 Bonum
628 3955 747 3993 esse
782 3939 1035 4007 conﬁdere
1063 3938 1113 3990 in
1160 3936 1374 3989 Domino
1398 3976 1413 4000 ,
1443 3952 1593 4002 quam
1631 3936 1882 4004 conﬁdere
1910 3936 1960 3987 in

401 4027 598 4087 homine
628 4028 796 4099 (Psal.
826 4045 970 4085 cxvtt
989 4071 1003 4098 ,
1037 4029 1093 4096 8)
1120 4046 1132 4080 :
1160 4037 1312 4101 teque
1339 4026 1584 4092 inaniter,
1616 4035 1867 4095 quantum
1896 4025 1961 4079 ad

399 4118 532 4180 haut:
560 4134 770 4174 causam
803 4121 1022 4195 pertinet
1043 4160 1056 4185 ,
1078 4118 1427 4189 respondisse,
1448 4116 1582 4189 quod
1608 4117 1717 4170 ideo
1739 4117 1895 4186 magis
1912 4126 1964 4168 ut

400 4210 560 4273 iustus
585 4219 629 4262 et
666 4209 831 4276 ﬁdelis
858 4211 921 4265 sit
951 4225 1038 4278 per
1070 4225 1211 4276 quem
1246 4208 1340 4261 hoc
1362 4218 1726 4272 sacramentum
1751 4208 1965 4261 celebre-

400 4309 479 4350 tur
504 4300 745 4366 inquiras,
773 4300 889 4367 quia
918 4316 1055 4366 spent
1093 4308 1137 4351 et
1182 4299 1420 4368 ﬁduciam
1463 4296 1588 4362 Dei,
1620 4315 1719 4351 non
1754 4297 1967 4357 hominis

402 4389 587 4457 habes;
636 4388 729 4451 Dei
772 4406 875 4442 esse
917 4398 1082 4440 autent
1125 4389 1273 4454 ﬁdem
1312 4398 1466 4463 atque.
1494 4389 1786 4458 justitiam,
1819 4404 1968 4455 quam

402 4496 597 4547 semper
625 4480 675 4530 in
721 4480 828 4548 ejus
868 4478 1105 4531 ministris
1134 4478 1365 4533 attendis.
1413 4478 1547 4542 Ecce
1579 4479 1627 4530 iu
1662 4476 1928 4539 Feliciano
1949 4517 1965 4540 ,

404 4567 615 4637 quando
643 4566 738 4622 fuit
782 4567 964 4629 famosi
1006 4568 1241 4619 criminis
1274 4583 1426 4628 reus,
1458 4581 1554 4619 nec
1586 4566 1791 4635 justitia
1812 4606 1825 4629 ,
1875 4581 1971 4619 nec

407 4658 536 4733 l‘u‘les
564 4666 711 4721 erat;
743 4666 797 4713 et
825 4666 997 4719 tamen
1025 4657 1322 4725 Baptismus
1351 4664 1484 4717 erat,
1516 4665 1567 4709 et
1593 4654 1780 4722 quibus
1812 4653 1877 4705 ab
1906 4667 1971 4713 eo

322 4755 327 4759 ‘
406 4749 562 4801 datus
598 4757 708 4814 est,
739 4764 859 4809 cum
885 4765 913 4802 a
950 4749 1100 4803 vobis
1141 4747 1347 4801 collecti
1398 4756 1553 4809 sunt,
1591 4745 1669 4798 eis
1686 4747 1971 4800 accessisse

411 4840 660 4898 iustitiam
687 4841 880 4905 dicitis,
914 4842 1235 4911 Baptismmn
1262 4838 1491 4892 defuisse
1520 4855 1623 4891 non
1653 4838 1845 4892 dicitis.

476 4931 517 4984 (Ξ
535 4929 699 4993 \PU'I‘
719 4930 905 4985 XXIII.
931 4963 999 4972 —
1019 4930 1110 4985 29.
1143 4929 1370 4983 Proinde
1396 4929 1533 4997 quod
1562 4929 1810 4997 deinceps
1837 4946 1863 4981 a
1891 4946 1974 4984 me

407 5022 633 5087 qna‘ris,
675 5021 735 5074 Si
786 5039 816 5073 a
872 5036 1180 5090 quocumque
1221 5030 1266 5072 et
1304 5020 1758 5087 quomodocumque
1801 5020 1975 5071 datum

408 5110 670 5178 liaptismu
700 5110 913 5169 rescindi
954 5126 1052 5163 non
1094 5109 1267 5171 debet,
1300 5124 1388 5158 cur
1415 5118 1523 5181 post
1549 5106 1799 5160 Joannem
1832 5109 1972 5177 Apo-

413 5203 530 5255 διοιὶ
560 5203 951 5273 baptizauerint:
978 5212 1029 5254 tu
1068 5200 1177 5269 jam
1209 5200 1354 5252 solve
1384 5198 1726 5267 qtuestionem
1751 5241 1763 5262 ,
1794 5198 1847 5252 Si
1875 5242 1887 5260 ,
1917 5208 1975 5254 ut

409 5293 561 5356 dicis,
594 5304 708 5361 post
737 5292 991 5355 Joannem
1027 5291 1260 5359 Apostoli
1291 5290 1701 5357 baptizaverunt,
1736 5304 1832 5341 cur
1861 5299 1978 5357 post

411 5381 754 5444 Felicianmn,
786 5397 916 5450 quos
942 5381 992 5433 in
1016 5380 1270 5449 sacrilego
1301 5380 1582 5433 schismate
1602 5378 1975 5446 baptizavcrat,

409 5473 567 5525 vestri
599 5489 643 5525 nr
667 5489 701 5526 n
725 5456 1118 5539 baptizari-rint.
1153 5470 1218 5523 Et
1248 5469 1369 5521 hinc
1399 5469 1583 5522 saltem
1618 5468 1794 5532 disce,
1824 5470 1977 5537 quid-

410 5562 533 5620 quid
561 5563 683 5616 illud
714 5572 795 5617 est
816 5562 952 5632 quod
982 5562 1046 5616 de
1064 5560 1283 5613 Joannis
1301 5559 1560 5627 baptismo
1578 5559 1654 5610 vel
1674 5559 1877 5626 legitur,
1900 5562 1976 5613 rel

412 5656 706 5719 disseritur,
739 5657 804 5706 ab
844 5656 938 5706 hac
966 5668 1120 5707 causa
1150 5667 1267 5706 esse
1310 5650 1517 5719 penitus
1558 5649 1807 5701 alienum.
1838 5650 1971 5715 Quid

416 5753 589 5807 putem
610 5746 697 5796 tibi
717 5750 883 5807 visum
905 5748 972 5799 sit
1001 5746 1194 5806 nescio,
1238 5754 1293 5797 ut
1325 5743 1538 5805 Judanos
1567 5742 1755 5819 quibus
1782 5744 1976 5827 aitfe-

1068 368 1332 425 CONTRA
1376 353 1795 417 ClilISCl)‘(IU.\I
1842 342 2287 408 DONATISTAM,
2328 340 2385 395 S.
2426 334 2792 393 AUGUSTI?“

3478 326 3580 381 56$

2018 466 2149 520 tros,
2169 453 2456 525 Baptisetur
2484 450 2819 518 unusquisque
2854 446 3138 498 vestrumin
3160 447 3357 495 nomine
3385 440 3585 494 Domini

2012 548 2135 602 Iesu
2157 547 2340 601 Christi
2370 545 2501 614 (Act.
2535 558 2590 606 tt,
2622 540 2714 609 58)
2735 582 2748 604 ,
2783 539 2888 608 jam
2922 536 3082 591 fuisse
3115 550 3145 588 a
3177 534 3354 603 Moyse
3383 533 3587 587 diceres

2016 638 2336 706 baptizatos;
2369 634 2456 703 qui
2499 642 2614 701 post
2666 640 2741 684 tot
2782 626 3151 697 generationes
3199 625 3304 678 nati
3349 624 3588 686 fuerunt,

2016 742 2173 797 quam
2190 726 2274 779 ille
2293 725 2383 779 Dei
2400 722 2622 775 famulus
2640 720 2868 789 majores
2883 732 3065 770 eorum
3086 731 3178 784 per
3198 714 3432 768 Rubrum
3448 728 3593 766 mare

2019 820 2260 889 trajecit‘
2287 817 2457 889 (Exod
2492 830 2599 879 xlv,
2624 812 2738 881 29.).
2761 813 2860 865 Aut
2886 811 2929 863 si
2950 818 3223 878 propterea
3246 822 3277 859 a
3299 806 3477 877 Moyse
3500 804 3590 858 ba-

2022 914 2266 982 ptismum
2296 906 2578 966 habebant,
2620 904 2740 973 quia
2770 916 2840 956 ex
2864 900 2966 953 illis
2989 910 3255 968 propagata
3289 908 3431 961 sunt,
3465 908 3594 965 quos

2025 1004 2077 1059 in
2100 1002 2277 1070 Moyse
2295 997 2581 1067 baptizatos
2602 991 3025 1062 dicitApostolus
3052 990 3092 1057 (Ι
3125 987 3241 1042 Cor.
3272 1002 3325 1049 ι,
3362 985 3593 1056 2):ande

2023 1094 2201 1148 dicere
2227 1104 2413 1144 omnes
2439 1087 2525 1156 qui
2569 1091 2852 1138 nascuntur
2880 1095 2945 1135 ex
2986 1078 3228 1133 ﬁdelibus
3254 1075 3588 1133 Christianis,

2025 1182 2367 1239 christianum
2393 1182 2502 1247 jam
2534 1175 2729 1229 habere
2754 1170 3102 1240 Baptismum.
3131 1166 3282 1235 Quod
3322 1165 3471 1218 vides
3496 1204 3511 1222 .
3545 1174 3600 1215 ut

2026 1276 2274 1337 arbitror,
2295 1278 2485 1341 quanta
2505 1268 2736 1320 vanitate
2752 1263 2976 1317 dicatur.
3004 1259 3107 1315 Sed
3135 1256 3402 1327 quomodo
3424 1270 3481 1308 se
3510 1256 3600 1305 ha-

2030 1368 2151 1420 beat
2177 1363 2323 1427 illud,
2348 1360 2555 1416 etiamsi
2582 1366 2703 1428 post
2726 1356 2938 1424 Moysen
2964 1353 3053 1406 Dei
3083 1350 3331 1404 famulum
3360 1350 3395 1401 Λ
3408 1346 3593 1414 postoli

2030 1470 2137 1509 non
2163 1451 2537 1520 baptizassent,
2570 1458 2623 1500 te
2649 1458 2890 1513 urgerem
2925 1439 3145 1495 reddere
3182 1439 3439 1491 rationem
3465 1477 3476 1498 ,
3508 1450 3604 1488 cur

2035 1553 2151 1613 post
2195 1541 2520 1596 Feliciauum
2574 1535 3044 1603 Maximianensem
3090 1529 3404 1598 sacrilegum
3446 1526 3603 1579 vestri

2034 1650 2137 1688 non
2170 1632 2540 1698 baptizassent.

2106 1725 2195 1778 50.
2234 1722 2347 1774 Jam
2378 1719 2500 1774 illud
2546 1716 2687 1786 quod
2715 1715 2898 1784 posui,
2933 1713 2992 1768 Si
3040 1712 3273 1766 errabant
3306 1710 3383 1764 illi
3412 1709 3498 1779 qui
3524 1726 3608 1760 ro-

2037 1815 2200 1866 lebant
2228 1827 2331 1863 esse
2364 1809 2515 1861 Pauli
2548 1806 2656 1879 (Id.
2685 1822 2723 1870 t,
2758 1803 2846 1873 12)
2868 1846 2881 1866 ,
2914 1819 3025 1873 quae
3064 1803 3263 1856 tandem
3301 1818 3416 1869 spes
3438 1816 3608 1853 eorum

2037 1912 2107 1955 est
2136 1900 2219 1969 qui
2242 1900 2411 1952 volunt
2440 1914 2545 1951 esse
2573 1895 2754 1949 Donati
2781 1894 2917 1962 (Lib.
2954 1895 3184 1946 i'contra
3212 1891 3426 1943 Litteras
3463 1889 3603 1943 Peti-

2038 1992 2181 2052 liani,
2200 2008 2249 2043 η.
2267 1989 2356 2059 5)?
2375 1988 2635 2054 prioribus
2661 1986 2894 2055 partibus
2919 1984 3154 2053 epistola:
3182 1994 3284 2038 tua:
3302 2000 3404 2036 nun
3435 1994 3486 2037 te
3518 2000 3605 2035 re-

2041 2081 2239 2135 fellisse
2259 2081 2298 2144 ²,
2335 2088 2459 2148 puto
2487 2076 2627 2147 quod
2658 2077 2814 2131 etiam
2844 2076 2954 2145 ipse
2979 2075 3285 2128 consideras
3311 2075 3361 2126 in
3392 2074 3471 2126 his
3495 2090 3611 2141 qnzu

2041 2171 2282 2239 superius
2307 2171 2434 2223 satis
2459 2168 2706 2221 diximus.
2732 2167 2844 2220 Non
2874 2181 3019 2235 ergo.
3044 2166 3179 2219 sicut
3202 2164 3292 2217 tibi
3321 2164 3534 2227 videris,
3562 2174 3614 2215 et

2043 2261 2190 2329 quasi
2220 2258 2707 2322 certus'exsultas,
2730 2256 2813 2308 illa
2845 2256 3018 2308 omnia
3048 2270 3165 2323 quzo
3190 2269 3219 2305 a
3248 2254 3503 2307 Petiliano
3535 2255 3613 2305 rel

2045 2352 2280 2419 quolibet
2309 2351 2414 2405 alio
2458 2349 2595 2403 dicta
2633 2357 2793 2409 sunt,
2827 2358 2968 2402 recte
3000 2347 3138 2400 dicta
3178 2346 3469 2400 coni-ludis.
3499 2345 3616 2412 Ipso

2048 2443 2241 2510 quippe
2270 2440 2477 2504 ordine,
2510 2455 2615 2509 quo
2644 2454 2671 2491 a
2703 2448 2751 2492 te
2783 2438 3015 2491 breviter
3037 2438 3179 2489 velut
3208 2434 3495 2488 recolendo
3523 2435 3613 2487 de-

2048 2550 2200 2589 cursa
2244 2531 2443 2597 sunt‘,
2470 2547 2569 2601 ego
2600 2532 2774 2600 potius
2805 2532 2855 2582 in
2900 2531 2997 2581 hac
3038 2544 3195 2582 causa
3240 2528 3615 2581 Maximianen-

2049 2625 2185 2677 slum
2234 2637 2339 2676 non
2385 2636 2448 2676 ea
2492 2629 2637 2675 recte
2665 2621 2803 2674 dicta
2839 2618 3133 2679 concludo;
3181 2618 3300 2686 quia
3349 2632 3447 2671 nec
3487 2632 3615 2669 con-

2050 2714 2267 2768 scientia
2318 2724 2498 2766 sancte
2550 2711 2724 2768 damis
2768 2720 2880 2763 erat
2926 2711 2978 2762 in
3040 2708 3347 2772 Feliciano,
3411 2707 3618 2775 quando

2050 2802 2364 2856 Maximiano
2390 2801 2664 2855 colla-rens
2690 2808 2874 2852 catena
2902 2797 3161 2865 sncrilegii
3190 2796 3531 2859 trahebatur;
3563 2804 3618 2848 et

2051 2912 2079 2947 a
2114 2895 2297 2948 famosi
2325 2892 2560 2947 criminis
2591 2906 2701 2954 reo,
2726 2906 2786 2944 ac
2816 2905 2908 2957 per
2935 2889 3033 2943 hoc
3061 2904 3089 2941 a
3119 2886 3398 2941 manifesto
3424 2885 3619 2955 perﬁdo

2054 2985 2473 3052 baptizabantur,
2504 2986 2591 3051 qui
2619 2981 2686 3035 ab
2711 2982 2800 3034 illo
2821 2980 3219 3048 baptizabantur
3243 2997 3256 3031 :
3282 2994 3378 3032 nec
3404 2977 3551 3046 origo
3569 2987 3622 3031 et

2055 3075 2203 3127 radix
2232 3082 2285 3126 et
2307 3082 2464 3141 caput
2489 3072 2553 3125 ad
2577 3072 2800 3125 salutem
2840 3071 2945 3123 illis
2973 3078 3087 3123 erat
3117 3069 3277 3124 Inoino
3303 3069 3620 3137 sacrilegus;

2055 3179 2154 3217 nec
2180 3163 2338 3216 arbor
2367 3163 2500 3215 bona
2530 3169 2645 3214 erat
2670 3161 2720 3213 in
2762 3160 3005 3228 sacrilegi
3046 3158 3347 3213 schismatis
3372 3159 3623 3212 societate

2056 3255 2357 3319 damnatus,
2385 3263 2440 3308 et
2465 3253 2636 3306 adhuc
2663 3254 2713 3306 in
2741 3253 2926 3306 eodem
2966 3252 3246 3319 sacrilegio
3269 3252 3583 3307 constitutus
3607 3268 3622 3314 ;

2057 3362 2156 3401 nec
2186 3346 2352 3399 bonus
2380 3354 2495 3399 erat
2524 3345 2611 3414 qui
2640 3344 2709 3398 de
2750 3343 2891 3398 bono
2922 3343 3167 3397 thesauro
3194 3343 3371 3397 cordis
3394 3343 3471 3396 sui
3499 3358 3625 3412 pro.-

2059 3435 2215 3490 ferrel
2247 3436 2379 3489 bona
2405 3434 2615 3505 (Hattlt.
2637 3451 2727 3495 xu,
2752 3435 2841 3506 55)
2870 3474 2883 3497 ,
2912 3433 3122 3502 quando
3144 3433 3208 3486 de
3238 3434 3328 3487 illo
3352 3434 3492 3487 etde
3514 3433 3628 3487 aliis

2060 3527 2175 3594 cjus
2204 3525 2363 3579 sociis
2388 3523 2678 3586 dicebatur,
2707 3526 2928 3587 Quorum
2956 3539 3011 3575 os
3040 3522 3384 3575 maledictione
3407 3532 3453 3576 et
3474 3540 3616 3575 ama-

2058 3616 2277 3677 ritudine
2305 3615 2508 3683 plenum
2534 3624 2603 3666 est
2637 3612 2809 3683 (Psal.
2839 3628 2949 3677 xui,
2979 3613 3031 3679 ὖ)
3091 3613 3155 3665 Et
3193 3622 3363 3667 tamen
3410 3611 3625 3681 quando

2059 3720 2178 3758 cum
2210 3706 2298 3758 illo
2324 3704 2485 3758 vestri
2513 3703 2983 3761 concordaverunt.
3018 3703 3337 3772 Baptismum
3367 3720 3522 3772 quem
3554 3713 3631 3755 ta-

2062 3797 2127 3851 lis
2156 3796 2391 3861 dederat,
2425 3811 2526 3849 non
2554 3796 2719 3865 ipsius
2746 3811 2884 3861 esse,
2915 3796 3007 3851 sed
3037 3796 3234 3849 Christi
3262 3794 3545 3866 aliquando
3575 3796 3624 3847 vi

2064 3887 2299 3939 veritatis
2327 3887 2492 3940 territi
2521 3897 2900 3956 cognoverunt.

2132 3979 2356 4035 CAPUT
2385 3978 2568 4032 XXIV.
2593 4009 2665 4018 —
2686 3980 2772 4033 5i.
2815 3983 2943 4048 Age.
2969 3979 3077 4048 jam
3110 3979 3378 4034 videamus
3402 3995 3498 4033 suo
3520 3980 3635 4034 loco

2065 4068 2116 4121 in
2143 4068 2386 4136 epistola,
2418 4076 2471 4121 tu
2496 4068 2562 4123 de
2589 4068 3076 4123 Maximiauensium
3110 4083 3266 4123 causa
3293 4069 3560 4141 quomodo
3588 4078 3637 4124 te

2063 4172 2247 4210 exuas.
2274 4156 2470 4211 Omnes
2492 4158 2633 4211 enim
2655 4157 2740 4226 qui
2764 4157 2858 4211 has
2881 4158 3081 4212 litteras
3104 4158 3303 4227 legunt,
3330 4168 3638 4227 exspectant

2069 4249 2248 4317 procul
2277 4248 2436 4303 dubio
2455 4249 2540 4303 vel
2569 4250 2692 4318 quid
2723 4249 2844 4302 hinc
2869 4265 2896 4301 a
2924 4259 2972 4302 te
2994 4249 3190 4302 dictum
3214 4254 3300 4313 sit,
3331 4249 3416 4301 ubi
3440 4249 3636 4301 dictum

2067 4341 2154 4404 sit,
2183 4341 2263 4393 vel
2292 4355 2319 4391 a
2351 4354 2435 4394 me
2460 4339 2583 4408 quid
2611 4354 2943 4408 responsum.
2975 4339 3155 4408 Itaque
3198 4340 3264 4392 de
3292 4341 3483 4407 Optato
3524 4339 3639 4393 Gil—

2067 4428 2296 4483 doniano
2324 4428 2463 4497 quod
2493 4428 2713 4496 objectis
2754 4429 2886 4482 meis
2924 4428 3242 4496 respondisti
3270 4469 3283 4488 ,
3318 4429 3440 4481 nolo
3467 4428 3643 4480 discu-

2070 4529 2199 4583 tere,
2230 4520 2352 4574 nolo
2374 4519 2423 4571 in
2446 4518 2675 4573 hominis
2692 4534 2869 4582 causa,
2893 4518 2960 4573 de
2984 4518 3134 4587 cujus
3156 4534 3185 4572 a
3212 4521 3404 4572 vestris
3424 4520 3644 4572 dauma-

2074 4614 2217 4666 tione
2246 4611 2314 4664 nil
2342 4625 2459 4680 ago,
2483 4610 2679 4663 diutius
2706 4610 2996 4663 immorari.
3028 4609 3185 4662 Facio
3213 4620 3358 4664 certe
3380 4611 3640 4679 jacturam

2074 4704 2232 4771 liujns
2275 4702 2498 4771 objecti,
2530 4711 2583 4754 et
2623 4701 2724 4754 hoc
2768 4700 2991 4755 fortasse
3032 4702 3171 4770 apud
3215 4710 3491 4769 posteros,
3522 4718 3643 4756 cum

2075 4795 2213 4848 illius
2241 4793 2395 4846 fuerit
2432 4792 2704 4847 obliterata
2741 4792 2995 4855 memoria
3023 4809 3035 4842 :
3062 4808 3207 4847 nunc
3246 4809 3370 4847 vero
3398 4795 3646 4863 quamdiu

2076 4895 2199 4937 sunt
2238 4884 2477 4939 homines
2517 4883 2606 4951 qni
2655 4882 2811 4935 vitam
2846 4882 2983 4935 illius
3026 4896 3303 4951 moreque
3347 4894 3645 4951 noverunt,

2077 4993 2257 5046 parum
2288 4992 2371 5030 me
2406 4976 2473 5030 de
2512 4976 2601 5029 illo
2634 4974 2862 5037 dixisse,
2890 4990 3045 5042 quam
3088 4974 3277 5035 falsum
3319 4977 3493 5044 potius
3518 4992 3649 5030 con-

2076 5076 2381 5137 querentur.
2409 5066 2590 5137 Neque
2618 5067 2756 5119 enim
2785 5066 2860 5117 sic
2888 5067 3064 5134 legunt
3093 5066 3295 5128 litteras
3322 5077 3553 5131 nostras,
3583 5078 3644 5120 ut

2079 5166 2162 5219 tn,
2190 5157 2275 5225 qui
2320 5173 2384 5211 ex
2426 5172 2511 5209 me
2551 5157 2775 5225 qua2ris,
2806 5155 2892 5207 ille.
2928 5171 3084 5224 quem
3122 5164 3368 5224 Magnam
3406 5156 3649 5225 rapidmn

2079 5249 2290 5301 lluetum
2313 5248 2334 5277 '
2360 5246 2733 5316 appellaverim
2758 5286 2771 5308 ,
2806 5245 2931 5314 quid
2962 5245 3296 5305 absorbunrit
3317 5287 3332 5310 ,
3380 5261 3502 5299 cum
3543 5247 3653 5299 illic

2147 5389 2161 5423 ι
2193 5395 2291 5433 Am.
2316 5390 2388 5432 Er.
2416 5391 2466 5432 et
2483 5390 2608 5438 Mss.
2633 5381 2896 5442 transjecit.

2141 5451 2160 5479 ²
2194 5456 2296 5502 l’ro,
2325 5444 2570 5506 refellisse,
2606 5441 2804 5505 legitur,
2849 5441 3136 5506 defendisse,
3181 5444 3305 5506 apud
3354 5452 3453 5492 Am.
3502 5450 3574 5493 Er.
3605 5454 3654 5494 et

2079 5521 2249 5558 omnes
2290 5514 2397 5553 Mss.

2143 5571 2162 5601 ³
2197 5575 2350 5622 Forte,
2376 5564 2541 5621 victor,
2562 5571 2613 5612 ut
2629 5577 2790 5625 supra,
2809 5564 2894 5613 lib.
2917 5564 2963 5625 5.
2994 5578 3042 5624 n,
3064 5564 3141 5613 85.

2104 5654 2114 5733 ᾖ
2143 5632 2161 5660 ἰ
2189 5635 2233 5675 In
2262 5635 2500 5733 \tss.,’quo
2522 5639 2550 5672 a
2574 5630 2618 5673 te
2639 5623 2857 5685 breviter,
2874 5624 2998 5691 velut
3023 5623 3289 5689 recolendo,
3310 5624 3661 5676 reminiscendo

2116 5701 2285 5733 βίην-δα
2307 5699 2392 5733 8⁸1111
2417 5720 2428 5731 .

2083 5691 2536 5807 ἀεξὲἂιίὶίιιηι
2546 5743 2763 5810 ﬂuctum;
2775 5754 2823 5805 et
2837 5744 2956 5809 infra
2966 5745 3460 5810 constanter,rabidus
3467 5744 3656 5810 ﬂuctus.
