4024 6194
404 342 505 397 ﬁ'ifi

404 456 600 508 haheas
633 452 1002 506 l‘nrtmtatnm
1033 460 1083 503 et
1114 447 1437 503 Feliciantnn
1502 444 1629 498 Nam
1671 444 1826 499 verba
1865 456 1981 495 mea

403 548 508 600 illic
532 545 611 600 sic
639 559 697 598 se
722 542 958 597 habent:
985 541 1068 594 lta
1095 539 1326 612 quidem,
1360 539 1572 608 inquam
1594 578 1608 602 ,
1639 535 1722 590 isti
1745 534 1985 588 insultant

400 636 729 692 scltismaticis
752 634 879 699 suis,
909 643 961 686 ut
981 648 1065 687 eos
1090 642 1135 686 et
1166 639 1387 685 mortuos
1409 637 1455 683 et
1479 627 1753 698 insepultos
1773 632 1985 680 vocent:

405 726 494 779 sed
521 734 653 778 certe
679 732 854 793 optare
877 721 1153 775 debuerunt
1181 730 1236 774 ut
1265 719 1612 790 sepelirentur,
1639 731 1702 769 ne
1725 715 1789 768 de
1814 713 1987 767 multi-

404 815 578 868 tudine
620 813 899 884 jacentium
939 812 994 866 in
1034 812 1198 866 littore
1240 810 1540 884 cadaverum
1577 805 1981 876 insepultorum,

403 878 741 960 Cildoniunus
771 901 989 972 Optatos
1014 902 1249 956 incedens
1267 916 1380 954 cum
1408 878 1609 970 agmine
1636 895 1846 949 militari
1873 904 1985 948 tan-

400 1016 554 1070 quam
606 996 817 1068 rapidus
856 995 1042 1066 ﬂuetus
1085 993 1219 1048 ultra
1260 990 1563 1061 prosiliens,
1594 986 1911 1043 Feliciunnm
1939 995 1985 1039 et

409 1091 780 1145 l’rtetextatum
807 1087 1055 1142 introrsus
1083 1095 1255 1155 postea
1282 1083 1552 1138 resorberet
1581 1079 1719 1151 (Lib.
1749 1081 1772 1134 l
1809 1088 1986 1133 contra

400 1179 621 1233 Litteras
652 1176 927 1243 Petiliam,
960 1191 1014 1230 η.
1048 1172 1156 1247 Η).
1186 1160 1309 1228 Haec
1337 1171 1496 1227 verba
1520 1185 1635 1227 mea
1654 1184 1774 1224 cum
1804 1168 1875 1223 ibi
1906 1168 1985 1223 le-

399 1272 561 1340 geris,
590 1284 684 1325 cur
708 1284 812 1325 non
832 1272 1009 1322 omnia
1027 1265 1247 1336 posuisti
1273 1264 1327 1317 “9
1360 1263 1472 1319 Cur
1490 1278 1576 1317 me
1600 1261 1759 1317 veluti
1785 1260 1982 1330 arguis,

402 1377 512 1415 non
552 1359 750 1414 dixisse
785 1356 908 1423 quid
941 1354 1155 1425 rapidus
1191 1354 1383 1409 ﬂuctus
1422 1352 1511 1406 ille
1537 1349 1836 1412 sorbuerit,
1862 1363 1984 1403 eum

405 1455 476 1507 ibi
509 1454 766 1521 scriptum
794 1448 1011 1514 videas,
1060 1446 1374 1500 Felicianum
1414 1454 1460 1498 et
1499 1441 1863 1497 Prattextatum
1903 1441 1984 1494 in-

404 1556 601 1596 trorsus
636 1549 809 1610 postea
834 1537 1141 1592 resorberet?

470 1630 696 1689 CAPUT
719 1629 891 1709 XXV.
910 1657 979 1668 —
996 1627 1083 1683 52.
1116 1625 1250 1696 Quid
1275 1626 1417 1683 enim
1446 1624 1589 1679 aliud
1615 1624 1757 1679 velut
1781 1623 1846 1680 ad
1872 1637 1985 1677 ma-

406 1736 562 1792 gnam
610 1719 974 1776 defensionem
1018 1733 1169 1773 suam
1211 1716 1536 1786 respondere
1576 1715 1734 1771 vestri
1778 1715 1984 1782 solent,

402 1827 523 1866 eum
552 1810 632 1866 eis
666 1809 912 1879 obiicitur
946 1807 1258 1863 Praetextati
1289 1816 1342 1861 et
1381 1805 1637 1861 Feliciani
1672 1805 1792 1859 talis
1833 1820 1984 1860 rece-

407 1903 517 1970 ptio
543 1902 946 1967 damnatorum,
979 1899 1080 1954 nisi
1101 1941 1117 1967 ,
1152 1897 1373 1971 Optatus
1414 1898 1509 1950 hoc
1542 1897 1733 1962 uoluit,
1766 1895 1984 1963 Optatus

407 1997 501 2047 hoc
526 1993 685 2062 fecit?
708 1992 857 2061 Quod
898 2001 954 2047 et
991 1991 1119 2061 ipsa:
1155 1991 1395 2045 civitates
1426 1988 1707 2043 Mustitana
1735 1997 1788 2044 et
1818 1990 1985 2042 Assu—

404 2087 888 2150 nitanatcstantur,
917 2098 1036 2154 quae
1064 2097 1124 2138 se
1165 2082 1348 2137 dicunt
1383 2096 1450 2137 ex
1489 2080 1664 2150 Optati
1695 2080 1983 2135 commina-

405 2177 547 2231 tione
575 2175 947 2232 Gildonianum
972 2174 1193 2229 militem
1223 2172 1588 2236 formidantes,
1611 2171 1852 2241 coegisse
1874 2171 1987 2243 epi-

404 2282 592 2338 scopos
620 2282 747 2323 suos
760 2265 828 2323 ad
851 2267 1276 2322 communionem
1304 2264 1476 2319 redire
1491 2263 1765 2319 Primiani.
1788 2263 1984 2319 Verum

411 2367 464 2410 tu
495 2359 614 2428 quia
646 2356 747 2411 hoc
774 2357 841 2412 ab
871 2357 962 2410 illo
990 2363 1188 2409 tectum
1208 2396 1224 2422 ,
1257 2354 1591 2423 impudenter
1623 2353 1800 2422 negari
1831 2368 1988 2423 posse

409 2448 619 2514 vidisti,
653 2448 753 2501 hoc
796 2461 825 2499 a
858 2460 943 2499 me
973 2447 1226 2514 scriptum
1268 2443 1509 2512 negasti,
1544 2444 1710 2512 magis
1745 2442 1986 2499 fortassis

403 2537 715 2591 rxistitnans
741 2536 942 2589 litteras
956 2550 1101 2588 meas
1113 2549 1269 2604 quam
1289 2533 1430 2587 illam
1455 2548 1565 2587 rem
1588 2548 1746 2604 posse
1769 2533 1985 2589 nesciri.

405 2627 512 2681 Sed
542 2627 747 2681 licuerit
773 2625 1035 2696 episc0pis
1072 2626 1262 2680 vestris
1284 2666 1299 2691 ,
1340 2624 1522 2678 nescio
1551 2639 1656 2694 quo
1692 2625 1988 2680 Dottatiauo

405 2721 486 2775 vel
514 2718 794 2774 Numidico
817 2719 1113 2790 privilegio,
1138 2718 1207 2779 de
1231 2734 1327 2772 suo
1348 2718 1591 2788 ignorare
1613 2718 1813 2788 collega
1836 2717 1990 2788 quid-.-

402 2811 529 2881 quid
557 2806 661 2866 tota
689 2811 863 2866 Africa
889 2811 1289 2874 conclatnabat;
1320 2826 1440 2864 cum
1465 2808 1606 2871 Afris
1632 2810 1701 2863 ab
1727 2808 1868 2864 Afris
1894 2810 1989 2864 ob-

404 2909 544 2969 jecta
583 2901 800 2956 crimina
826 2942 841 2966 ,
884 2916 1151 2971 nunquam
1197 2899 1411 2969 probata
1437 2940 1453 2966 ,
1501 2901 1659 2954 toties
1703 2900 1940 2961 absoluta
1968 2941 1984 2967 ,

405 2989 763 3053 Orientalibus
799 2997 852 3051 et
889 2989 1317 3053 Occidentalibus
1364 2996 1519 3044 terra:
1574 2988 1769 3055 ﬁnibus
1811 2991 1988 3059 ignota

407 3096 525 3135 esse
578 3096 683 3135 non
754 3080 950 3135 sinant.
1002 3078 1187 3135 Valeat
1240 3078 1377 3150 apud
1426 3094 1521 3133 vos
1574 3078 1875 3147 Baptismus
1920 3080 1988 3134 ab

407 3171 597 3242 Optato
626 3173 800 3238 datus,
837 3186 994 3243 quem
1032 3171 1110 3226 sic
1144 3170 1395 3225 damnare
1426 3169 1639 3225 noluisti
1661 3210 1674 3233 ,
1706 3179 1763 3224 ut
1812 3178 1985 3233 tamen

446 3280 512 3317 on
545 3262 708 3318 fueris
745 3279 905 3317 ausus
933 3263 1246 3324 absolvere;
1273 3271 1327 3317 et
1356 3276 1457 3315 non
1490 3262 1661 3315 valeat
1700 3261 1857 3314 datus
1884 3261 1985 3315 Ba-

408 3354 632 3425 ptismus
662 3354 714 3406 in
756 3352 1009 3407 Ecclesiis
1045 3352 1338 3421 apostolico
1383 3351 1562 3405 labore
1601 3350 1854 3417 fundatis,
1884 3351 1989 3407 Co-

405 3445 748 3507 rinthiorum,
776 3443 1113 3509 Galatarum,
1148 3443 1527 3513 Ephesiorum,
1548 3443 1946 3503 Cohissensium
1969 3485 1984 3509 ,

405 3533 847 3607 Philippensium,
875 3533 1424 3588 Thessalonicensiutn
1442 3575 1455 3595 ,
1484 3540 1904 3603 eteterarumque
1932 3535 1984 3597 in

404 3626 603 3679 sanctis
626 3624 840 3679 Litteris
860 3663 876 3689 ,
912 3639 1044 3693 quas
1070 3632 1123 3678 et
1156 3638 1251 3677 vos
1278 3622 1450 3692 legitis
1474 3663 1489 3687 ,
1521 3624 1941 3693 conscripturum
1964 3664 1984 3692 ,

407 3716 494 3769 ubi
523 3714 818 3780 Caeciliani,
845 3730 950 3769 non
976 3714 1098 3770 dico
1117 3713 1306 3768 falsum
1330 3713 1458 3768 illud
1481 3714 1705 3780 crimen,
1729 3715 1821 3769 sed
1850 3715 1988 3772 forte

408 3821 506 3860 nec
524 3820 707 3860 verum
735 3821 926 3859 nomen
950 3804 1188 3859 auditum
1211 3812 1309 3857 cst.
1334 3802 1589 3856 llabnerit
1606 3803 1988 3859 conscientiam

408 3907 590 3953 sancte
632 3897 808 3953 dantis
849 3894 1073 3967 Optatos
1113 3897 1165 3950 in
1211 3895 1297 3949 illa
1344 3895 1482 3959 vita,
1526 3909 1684 3964 quam
1731 3902 1819 3959 tu,
1852 3894 1990 3949 sicut

407 3990 600 4058 scripta
647 3999 734 4043 tua
785 3988 1055 4054 indicant,
1084 3986 1292 4042 etiamsi
1339 3994 1554 4054 propter
1597 4000 1695 4047 nos
1734 3984 1990 4042 damnare

406 4080 699 4147 erubuisti,
733 4090 910 4134 tamen
956 4085 1173 4150 propter
1215 4077 1379 4132 Deum
1420 4077 1697 4134 absolvere
1737 4075 1987 4140 timuisti,

411 4174 463 4226 in
496 4173 581 4226 illa
612 4172 770 4228 etiam
799 4171 1011 4242 publica
1042 4170 1180 4225 fama
1212 4169 1301 4224 ubi
1323 4170 1571 4224 latentem
1601 4170 1693 4224 tibi
1719 4168 1886 4223 visum
1908 4177 1991 4223 est

408 4263 607 4317 attendi
640 4277 799 4335 posse
827 4263 1251 4327 conscientiam;
1278 4271 1331 4317 et
1358 4269 1641 4316 accusetur
1663 4259 1989 4315 conscientia

410 4362 488 4409 tot
511 4363 882 4426 tantarumque
906 4354 1141 4425 gentium
1170 4352 1580 4408 christianarum
1602 4392 1617 4416 ,
1645 4350 1767 4420 quia
1810 4366 1991 4411 remo-

411 4448 642 4501 tissimus
669 4449 789 4503 lites
818 4445 1079 4516 ignoravit
1102 4443 1374 4509 Afrorum.
1404 4442 1667 4514 Numquid
1699 4442 1858 4498 etiam
1884 4426 2039 4504 επὶ-⁸

411 4533 554 4592 mina
583 4537 833 4603 istorum,
867 4536 1118 4594 Feliciani
1162 4535 1368 4592 scilicet
1391 4543 1446 4589 et
1487 4532 1788 4588 Prmtextati
1810 4572 1824 4595 ,
1855 4544 1992 4602 quos

409 4616 629 4683 trecenti
656 4638 709 4684 et
733 4627 920 4683 decem
950 4626 1186 4699 plenario
1214 4625 1442 4682 concilio
1466 4623 1874 4690 damnaverunt,
1909 4622 1989 4683 si-

411 4720 607 4775 militer
630 4722 874 4791 ignorare
901 4718 1224 4791 potuerunt?

483 4812 710 4870 CAPUT
737 4810 925 4867 XXVI.
945 4842 1017 4851 —
1036 4812 1125 4866 3'5.
1168 4808 1237 4874 Et
1262 4807 1438 4865 adhuc
1461 4806 1653 4877 objicis
1679 4806 1867 4862 unitati
1894 4821 1989 4865 ca-

414 4903 623 4958 tholica:
651 4901 832 4960 nescio
860 4916 980 4969 quae
1021 4899 1158 4956 facta
1202 4907 1539 4964 nostrorum,
1567 4912 1687 4966 qua:
1725 4904 1816 4950 aut
1859 4895 1988 4957 falsa

411 5003 557 5059 sunt,
582 5003 672 5047 aut
710 5008 920 5064 peccata
950 5007 1054 5048 non
1088 4999 1249 5055 sunt;
1284 4998 1376 5045 aut
1410 4990 1569 5044 etiam
1600 4988 1642 5042 si
1672 5002 1796 5042 vera
1834 4996 1993 5057 atque

415 5094 629 5153 pacata
654 5094 797 5148 sunt,
826 5084 1087 5139 bonorum
1110 5080 1418 5136 societatem
1448 5078 1715 5133 maculare
1738 5092 1843 5131 non
1873 5090 1995 5144 pos-

413 5185 560 5230 sunt.
592 5175 774 5247 Neque
797 5176 938 5230 enim
965 5172 1091 5228 boni
1112 5170 1506 5231 communicant
1531 5167 1763 5239 peccatis
1782 5167 1993 5232 alienis,

416 5266 610 5333 quibus
657 5266 836 5336 utique
878 5262 1135 5319 faciendis
1180 5277 1285 5317 non
1332 5260 1701 5322 consentiunt;
1753 5256 1996 5328 quamvis

410 5373 538 5410 “cum
582 5356 711 5426 ipsis
744 5355 833 5425 qui
874 5369 934 5410 ea
982 5353 1214 5419 faciunt,
1254 5350 1427 5411 donec
1466 5349 1533 5405 de
1571 5364 1693 5406 arca
1730 5347 1995 5403 dominica

420 5447 556 5501 sicut
585 5447 736 5517 palea
776 5445 1073 5501 ventilabro
1114 5443 1303 5498 ultimo
1330 5449 1645 5510 separentur
1674 5439 1884 5511 (Matth.
1918 5455 1992 5505 ιιι,

426 5536 514 5607 12)
538 5580 553 5606 ,
583 5552 687 5595 non
720 5551 907 5593 eorum
950 5542 1165 5606 peccata
1186 5576 1200 5601 ,
1233 5532 1326 5589 sed
1358 5532 1453 5587 Dei
1497 5542 1825 5591 sacramenta
1851 5546 1997 5587 com-

486 5753 501 5783 ¹
520 5752 612 5803 llic
634 5750 729 5801 duo
746 5758 850 5802 ttss.
872 5748 1068 5813 addunt,
1095 5761 1203 5802 cum
1225 5748 1293 5801 eis
1314 5759 1603 5815 respondere
1621 5753 1846 5799 teruarcs.

1745 328 1940 386 Ltlll'lli
1981 328 2325 396 ρωιιτιις.

3568 336 3671 394 506

2096 448 2402 513 nuutieent;
2451 458 2504 503 et
2551 450 2683 504 intra
2739 447 2978 504 eamdem
3019 463 3269 520 sagenam
3320 448 3461 503 velut
3501 450 3670 519 pisces

2094 539 2219 592 boni
2248 554 2366 594 cum
2403 540 2557 595 malis
2588 556 2753 613 usque
2781 540 2846 595 ad
2886 542 3308 611 separationem,
3340 557 3457 611 qua:
3497 541 3549 596 in
3580 541 3670 597 lit-

2092 638 2226 695 tore,
2261 630 2361 684 hoc
2392 640 2505 694 est,
2539 632 2590 686 in
2633 631 2737 685 ﬁne
2772 632 2951 686 saeculi
2990 641 3237 703 tanquam
3279 632 3331 688 in
3363 634 3465 687 line
3504 633 3670 687 maris

2090 719 2267 777 futura
2292 730 2374 777 est
2405 721 2513 793 (Id.
2546 739 2658 788 χιιι,
2684 724 2752 779 47
2782 723 2873 795 50)
2897 766 2913 792 ,
2940 739 3045 779 non
3075 724 3143 779 ab
3168 724 3246 780 eis
3271 739 3554 795 corporum
3583 739 3670 780 se-

2089 818 2428 885 gregatione,
2459 816 2552 871 sed
2580 817 2701 871 vitte
2739 831 2803 873 ac
2841 832 3048 872 morum
3074 815 3381 873 diversitate
3418 816 3668 887 disiuncti

2091 917 2237 965 sunt.
2268 908 2415 964 Sicut
2461 924 2560 965 ncc
2590 908 2835 963 undecim
2877 908 3119 980 Apostoli
3155 908 3310 964 furtis
3347 908 3496 965 Judte
3523 923 3668 964 com-

2093 1001 2466 1066 municabant;
2499 1010 2553 1054 et
2593 1011 2768 1056 tamen
2804 1014 2924 1056 cum
2963 1001 3055 1057 illo
3092 1000 3265 1057 eidem
3296 999 3521 1056 Domino
3545 1000 3672 1056 visi-

2092 1091 2270 1148 biliter
2296 1089 2674 1156 cohmrebant,
2719 1090 2967 1145 eumdem
3015 1090 3318 1161 Magistrum
3348 1090 3667 1155 audiebant,

2092 1182 2230 1238 idem
2277 1181 2599 1238 credendum
2624 1182 2639 1213 ³
2668 1181 3016 1252 Evangelium
3060 1181 3452 1253 percipiebant,
3483 1181 3668 1237 eadem

2088 1273 2428 1328 Sacramenta
2472 1272 2753 1328 sumebant
2784 1271 2974 1343 (Ioan.
3007 1286 3099 1339 xu,
3129 1271 3225 1327 466
3249 1312 3263 1335 ,
3293 1280 3338 1324 et
3363 1286 3487 1336 xm,
3520 1270 3627 1343 26)
3654 1313 3670 1338 ,

2088 1367 2351 1437 corporali
2380 1382 2499 1421 cum
2538 1365 2629 1420 illo
2667 1364 3074 1437 congregatione
3101 1361 3383 1433 permixti,
3412 1361 3671 1432 spirituali

2089 1457 2520 1514 dissimilitudine
2548 1455 2799 1527 separati.
2828 1453 2975 1510 Sicut
3015 1452 3288 1521 apostolus
3337 1450 3537 1507 Paulus
3566 1464 3672 1505 non

2091 1548 2519 1606 communicabat
2543 1544 2891 1605 contumacia:
2921 1551 2977 1598 et
3009 1542 3221 1605 invidiae
3243 1582 3258 1608 ,
3293 1539 3396 1599 hoc
3419 1550 3532 1604 est,
3562 1539 3674 1596 dia-

2089 1641 2281 1697 bolicis
2307 1639 2447 1695 vitiis
2485 1654 2669 1694 eorum
2715 1638 2804 1707 qui
2844 1650 2949 1691 non
2994 1643 3143 1689 caste
3182 1632 3448 1688 Christum
3474 1646 3675 1686 annun-

2092 1733 2326 1797 tiabant;
2358 1740 2412 1784 et
2442 1740 2621 1794 tamen
2649 1743 2769 1783 cum
2801 1728 2881 1782 eis
2903 1725 3149 1782 eumdem
3176 1721 3447 1780 Christum
3476 1722 3671 1793 przedi—

2090 1826 2278 1892 cabat,
2308 1823 2554 1894 ejusdem
2589 1820 2788 1877 Christi
2830 1821 3171 1874 Sacramenta
3212 1816 3590 1888 participabat;
3618 1824 3673 1871 ct

2089 1916 2155 1971 de
2186 1915 2269 1970 his
2296 1914 2525 1977 diccbat,
2560 1910 2680 1967 Sive
2721 1909 3015 1972 occasione,
3043 1909 3147 1961 sive
3175 1906 3410 1970 ueritate,
3443 1903 3672 1959 Christus

2089 2003 2411 2059 annuntietur
2434 2000 2692 2071 (Philipp.
2724 2014 2759 2065 l,
2793 1998 2880 2062 t7,
2914 1996 3025 2065 l8).
3047 1994 3178 2050 Nam
3208 1993 3306 2049 hos
3335 2001 3537 2063 martyr
3561 1990 3671 2063 Cy-

2091 2095 2310 2165 prianus
2336 2089 2733 2147 amantissimus
2761 2087 2995 2148 unitatis,
3023 2099 3131 2139 non
3172 2083 3350 2154 aliquo
3385 2081 3670 2137 schismate

2090 2186 2172 2240 vel
2201 2183 2391 2239 haaresi
2421 2189 2719 2251 separatos,
2751 2177 2844 2233 sed
2873 2175 3124 2231 fratribus
3153 2173 3416 2244 corporali
3447 2187 3670 2242 congre-

2087 2276 2302 2349 gatione
2349 2274 2513 2329 fuisse
2555 2271 2913 2337 commixtos,
2955 2277 3011 2323 et
3052 2266 3312 2322 intellexit
3360 2276 3409 2320 et
3458 2262 3672 2334 scripsit

2091 2365 2347 2437 (Epistula
2382 2366 2450 2418 ad
2496 2362 2801 2432 Maximum)
2827 2378 2840 2414 :
2866 2360 3003 2414 sicut
3043 2358 3185 2412 idem
3226 2355 3382 2412 etiam
3426 2355 3538 2425 ipse
3565 2353 3671 2426 Cy-

2091 2460 2308 2532 prianus
2333 2457 2590 2522 avaritim,
2619 2453 2837 2525 rapinis,
2864 2450 3031 2507 fenori
3059 2449 3381 2519 collegarum
3406 2461 3509 2501 non
3531 2461 3670 2503 com-

2091 2550 2417 2613 municabat,
2444 2561 2580 2620 quos
2600 2544 2809 2601 dicebat
2830 2541 3186 2602 esurientibus
3211 2541 3263 2595 in
3293 2539 3531 2596 Ecclesia
3560 2538 3669 2595 fra—

2094 2644 2263 2704 tribus
2294 2641 2490 2705 habere
2510 2646 2787 2709 argentum
2818 2635 3032 2707 largiter
3053 2634 3213 2699 velle,
3238 2631 3429 2687 fundos
3449 2629 3673 2686 insidio-

2090 2732 2167 2786 sis
2212 2730 2486 2785 fraudibus
2523 2743 2745 2797 raperc,
2787 2727 2961 2779 usuris
2996 2720 3473 2792 multiplicantibus
3519 2722 3672 2781 fenus

2091 2837 2319 2892 angere;
2359 2818 2501 2890 quod
2544 2819 2740 2883 malum
2787 2816 2947 2872 etiam
2994 2814 3307 2876 idololatria:
3347 2811 3675 2882 comparavit

2092 2912 2267 2986 (Libro
2292 2909 2356 2965 de
2381 2908 2583 2981 Lapsis)
2610 2926 2624 2961 :
2647 2923 2868 2980 quorum
2898 2917 3074 2965 tamen
3094 2902 3426 2974 corporalem
3445 2916 3671 2975 congre-

2091 3005 2359 3073 gationem
2390 3015 2494 3055 non
2523 2998 2817 3075 refugiebat
2838 2996 2948 3070 ,ad
2990 2995 3176 3062 eadem
3206 2993 3389 3057 altaria
3414 2992 3674 3049 consiste-

2092 3095 2199 3159 bal,
2234 3092 2480 3148 eumdem
2523 3088 2934 3145 sacratissimum
2971 3086 3149 3147 cibum
3177 3094 3464 3154 potumque
3489 3096 3672 3141 sume-

2092 3186 2198 3240 bat.
2234 3184 2310 3239 llli
2338 3184 2482 3239 enim
2528 3197 2633 3237 non
2660 3179 2807 3246 aliis,
2838 3177 2933 3232 sed
2962 3177 3060 3231 sibi
3086 3174 3345 3244 judicium
3378 3170 3668 3237 manduca-

2091 3277 2218 3331 hant
2258 3284 2312 3330 et
2357 3274 2611 3329 bibebant
2657 3268 2702 3342 (Ι
2751 3268 2870 3324 Cor.
2921 3283 2997 3333 ιι,
3040 3264 3284 3334 29):ille
3328 3272 3504 3318 autem
3548 3275 3670 3316 cum

2092 3365 2319 3428 talibus,
2353 3378 2459 3418 non
2506 3375 2691 3416 eorum
2733 3367 2984 3430 peccata,
3034 3354 3128 3411 sed
3176 3352 3426 3425 mysteria
3470 3349 3670 3412 Christi

2090 3456 2536 3523 communicabat,
2570 3450 3041 3533 coniunctissimus
3065 3446 3293 3504 cmtibus
3312 3486 3329 3513 ,
3358 3441 3670 3514 dis-junctis-

2089 3553 2255 3608 simus
2284 3549 2545 3607 moribus.
2578 3546 2657 3601 Ad
2696 3545 2799 3601 hoc
2821 3544 2962 3600 enim
2994 3551 3049 3597 et
3085 3541 3190 3596 illae
3215 3536 3588 3596 similitudines
3616 3533 3668 3590 in

2089 3643 2395 3711 Scriptor-is,
2418 3648 2473 3696 et
2492 3640 2581 3695 illa
2606 3636 2855 3706 exempla
2881 3633 3151 3705 praemissa
3181 3640 3325 3697 sunt,
3355 3638 3413 3684 ut
3434 3626 3671 3682 discere-

2094 3748 2212 3786 mus
2242 3732 2565 3785 frumentum
2594 3742 2734 3788 esse,
2766 3741 2867 3780 nec
2892 3739 3069 3781 aream
3100 3722 3419 3785 dominicam
3450 3726 3670 3790 prapter

2094 3821 2258 3890 palea:
2279 3816 2713 3873 commixtionem
2735 3813 2984 3868 deserere
3015 3808 3224 3879 (Matth.
3249 3822 3328 3872 ιιι,
3353 3805 3474 3874 l2);
3502 3804 3673 3879 pisces

2093 3911 2252 3966 boni”
2283 3923 2423 3970 esse,
2456 3920 2554 3960 nec
2585 3910 2800 3974 propter
2827 3900 3254 3956 cotnmistionem
3275 3898 3536 3951 malorum
3564 3892 3675 3957 dis-

2095 4003 2263 4073 ruptis
2293 4000 2493 4063 retibus
2538 3997 2679 4063 foras
2710 3995 2787 4049 ire
2813 3993 2924 4065 (Id.
2957 4007 3086 4056 xm,
3117 3992 3208 4058 47,
3240 3990 3332 4062 48)
3358 4006 3374 4053 ;
3402 4003 3527 4044 vasa
3554 4002 3675 4043 esse

2094 4091 2472 4149 misericordia:
2516 4090 2567 4148 in
2610 4087 2815 4142 honore
2857 4083 2996 4138 facta
3035 4091 3194 4153 atque
3236 4078 3541 4145 mundata,
3576 4092 3676 4138 nec

2094 4194 2312 4255 propter
2338 4196 2462 4243 vasa
2490 4176 2802 4251 perditionis
2831 4184 2883 4232 et
2910 4173 3247 4230 contumeliae
3273 4170 3340 4227 de
3366 4170 3529 4227 domo
3558 4183 3675 4226 ma-

2093 4293 2194 4348 gna
2224 4277 2401 4347 fugere
2434 4272 2506 4342 (ll
2536 4271 2667 4327 Tim.
2696 4286 2731 4325 ιι
2752 4310 2767 4333 ,
2793 4268 2887 4336 20,
2920 4265 2984 4331 21
3004 4265 3044 4337 ).
3074 4263 3224 4322 Nulla
3251 4262 3407 4327 enim.
3422 4274 3583 4319 causa
3616 4258 3674 4314 ln

2096 4378 2443 4436 utrorumque
2491 4362 2768 4434 temporali
2794 4354 3205 4431 congregatione
3248 4364 3411 4426 atque
3438 4350 3673 4424 permix-

2097 4461 2242 4515 tione
2267 4456 2604 4517 landabiliter
2630 4454 2921 4509 tolerantur
2948 4450 3071 4517 mali
3094 4491 3108 4514 ,
3138 4448 3240 4514 nisi
3268 4463 3336 4502 ne
3355 4441 3675 4501 damnabili-

2096 4560 2178 4606 ter
2206 4550 2520 4605 deserantur
2560 4545 2704 4601 boni.
2734 4543 2896 4611 Quod.
2912 4557 3032 4609 cum
3059 4548 3114 4601 et
3138 4554 3232 4595 vos
3260 4538 3314 4592 in
3344 4535 3534 4591 vestris
3565 4542 3674 4588 tam

2098 4640 2278 4696 multis
2307 4648 2362 4694 et
2387 4647 2493 4692 tam
2520 4633 2813 4695 manifestis
2841 4632 2995 4689 malis
3017 4629 3204 4684 eadem
3229 4624 3548 4682 necessitate
3591 4621 3671 4676 fa-

2096 4731 2286 4793 ciatis;
2318 4738 2471 4798 potes
2497 4726 2691 4791 facile,
2709 4726 2753 4781 si
2783 4722 2917 4784 velis
2937 4762 2954 4789 ,
2980 4720 3260 4776 advertere
3285 4716 3427 4788 quod
3465 4714 3676 4772 nonnisi

2097 4822 2434 4884 animositate
2480 4817 2737 4887 sacrilega
2765 4828 2860 4873 vos
2887 4827 2917 4867 a
2956 4807 3262 4867 cbristianis
3305 4816 3382 4863 tot
3422 4821 3486 4864 ac
3515 4805 3677 4869 tantis

2097 4912 2342 4984 gentibus
2372 4908 2652 4978 separatis.
3166 4952 3167 4955 η

2168 5002 2393 5062 CAPUT
2423 4998 2635 5056 XXVII.
2664 5027 2737 5039 ——
2773 4997 2862 5053 54.
2891 4995 3073 5066 Itaque
3114 5008 3223 5053 non
3258 4993 3428 5051 solum
3457 4992 3681 5063 Optatos

2100 5102 2153 5156 in
2185 5099 2271 5154 illa
2295 5095 2607 5154 Gildoniana
2646 5091 2902 5149 societate
2931 5087 3278 5152 ttotissiinus,
3326 5083 3419 5143 sed
3459 5083 3683 5154 quilibet

2099 5189 2356 5245 obscurus
2395 5183 2537 5257 apud
2564 5196 2659 5237 vos
2694 5181 2716 5213 ³
2748 5189 2798 5236 te
2841 5179 3040 5239 sciente
3068 5178 3191 5236 mali
3234 5173 3430 5245 aliquid
3475 5172 3679 5239 fecerit,

2099 5295 2219 5338 cum
2263 5292 2383 5333 cum
2413 5291 2518 5330 non
2559 5270 2857 5344 potuerisa
2896 5279 3069 5325 vestra
3110 5264 3487 5327 communione
3523 5276 3680 5331 sepa-

2101 5384 2221 5425 rare
2239 5410 2254 5435 ,
2280 5367 2401 5437 quia
2431 5363 2514 5419 vel
2553 5377 2659 5425 non
2697 5360 2789 5417 tibi
2818 5359 3051 5416 creditur
3076 5354 3382 5421 accusanti,
3411 5352 3494 5409 vel
3523 5364 3681 5407 accu-

2101 5477 2223 5519 sare
2266 5475 2370 5524 non
2414 5457 2576 5519 audes
2599 5497 2621 5524 ,,
2663 5467 2732 5512 ne
2776 5466 2881 5508 non
2933 5449 3111 5505 valeas
3157 5445 3544 5524 comprobare;
3594 5451 3683 5498 aut

2168 5620 2188 5655 ι
2210 5620 2282 5668 sic
2303 5621 2409 5664 \tss.
2438 5618 2491 5662 At
2516 5609 2651 5670 editi,
2674 5608 2733 5670 ab_
2753 5605 2917 5658 eodem
2942 5602 3199 5656 creditum.

2167 5683 2187 5713 ³
2222 5676 2388 5728 Melius
2410 5668 2683 5737 legeretur,
2696 5668 2982 5737 _bonos_.___at.

2171 5742 2190 5774 ³
2214 5723 2490 5790 traicias;
2499 5772 2513 5798 ,
2540 5723 2789 5796 superﬂuo
2808 5728 3051 5787 additum,
3078 5734 3154 5787 st;
3177 5724 3306 5785 quod
3326 5723 3466 5775 abest
3489 5733 3518 5773 δι
3540 5726 3647 5770 uss.
