4024 6194
396 273 496 326 567

397 384 688 440 deserenda
731 383 821 435 tibi
862 389 943 435 est
981 395 1100 448 pars
1129 378 1350 444 Donati,
1395 386 1484 430 aut
1514 377 1632 431 talis
1661 377 1767 430 eris
1795 375 1963 444 qualis

398 477 486 532 ille
505 515 519 536 ,
545 472 698 540 cuius
728 479 996 539 peccatum
1025 483 1128 520 non
1161 467 1398 535 ignoras,
1427 466 1671 536 quamvis
1698 464 1971 519 dissimili-

399 577 480 618 tvr
507 565 670 616 vivas.
717 561 827 614 Hoc
854 573 958 612 non
990 558 1280 611 secundum
1309 572 1515 621 veram,
1559 556 1649 611 sed
1681 555 1969 610 secundum

402 664 626 709 vestram
677 649 994 705 sententiam
1042 649 1189 702 vobis
1238 648 1530 701 rectissime
1584 645 1795 699 dicitur.
1845 645 1974 711 Quis

393 743 540 798 enim
571 721 737 795 nescit
762 748 812 794 te
838 740 1064 793 alienum
1093 753 1211 793 esse
1235 738 1302 792 ab
1329 739 1467 790 illius
1492 737 1651 799 malo,
1681 736 1723 789 si
1751 751 1976 790 consen-

401 834 550 885 sione
588 839 802 899 peccato
832 830 946 896 ejus
973 845 1075 880 non
1107 827 1504 881 communicas?
1542 825 1633 880 sed
1663 825 1785 879 hinc
1810 841 1972 893 agno-

349 903 352 908 ,
401 939 550 976 scere
580 905 819 990 cogeris,
848 930 1041 989 quanta
1077 919 1340 987 impietate
1371 917 1632 987 objiciatis
1674 917 1787 970 orbi
1831 916 1974 969 chri-

401 1013 574 1065 stiano
603 1013 682 1066 vel
731 1011 857 1064 falsa
877 1053 891 1076 ,
919 1010 1000 1064 vel
1031 1021 1173 1064 certe
1219 1010 1392 1078 ignota
1437 1008 1658 1062 crimina
1688 1010 1932 1063 Afrorum
1958 1024 1974 1074 ;

405 1120 523 1156 cum
555 1103 645 1156 tibi
675 1103 830 1173 ohjici
870 1102 1002 1155 nolis
1032 1102 1169 1171 quod
1201 1102 1265 1157 de
1293 1103 1466 1173 altero,
1486 1101 1558 1156 sis
1579 1141 1593 1165 ,
1624 1101 1744 1169 quia
1774 1100 1872 1154 hoc
1899 1100 1978 1154 eis

405 1209 508 1246 non
553 1202 701 1261 potes
745 1193 1080 1262 persuadere.
1123 1208 1152 1246 a
1195 1208 1419 1261 quorum
1469 1207 1572 1245 non
1604 1192 1681 1244 vis
1725 1191 1978 1245 societate

405 1266 698 1336 discedere.
752 1283 858 1348 Ita,
894 1297 958 1337 ne
987 1283 1202 1337 deseras
1245 1297 1376 1352 quos
1418 1292 1568 1349 putus
1609 1282 1794 1347 bonos,
1844 1280 1979 1334 ferre

406 1375 613 1444 cogeris
641 1390 774 1444 quos
800 1375 935 1427 [)0in
969 1375 1152 1428 malos.
1183 1376 1257 1427 Ac
1297 1389 1389 1442 per
1417 1374 1517 1426 hoc
1551 1389 1734 1425 omnes
1761 1373 1980 1426 convin-

408 1466 480 1517 cit
503 1465 698 1517 veritas
729 1465 913 1526 malos,
941 1466 1027 1532 qui
1061 1475 1272 1531 propter
1295 1465 1463 1516 aliena
1491 1463 1708 1516 crimina
1739 1478 1830 1516 seu
1860 1477 1980 1516 vera

409 1567 503 1606 seu
534 1551 661 1606 falsa
684 1593 700 1616 ,
739 1553 946 1606 exteris
989 1562 1161 1606 tamen
1205 1553 1464 1622 incognita
1489 1594 1502 1617 ,
1533 1553 1630 1606 sibi
1669 1563 1845 1606 autem
1874 1569 1978 1606 non

407 1642 673 1708 obfutura,
718 1645 954 1712 disrupta
999 1644 1196 1697 unitate
1235 1653 1310 1696 tot
1351 1646 1586 1714 gentium
1633 1644 1982 1698 deseruerunt

409 1736 594 1787 bonos.
630 1735 738 1788 Iloc
766 1745 867 1787 tam
900 1750 1145 1803 magnum
1194 1736 1340 1788 nefas
1383 1735 1545 1803 partis
1572 1735 1756 1788 Donati
1789 1752 1854 1790 ne
1881 1735 1980 1789 ali-

406 1841 512 1893 qua
549 1829 707 1879 modo
751 1841 1007 1880 excusare
1055 1827 1297 1893 pOssctis,
1342 1841 1500 1879 causa
1541 1827 1687 1880 vobis
1715 1827 1984 1881 Maximia-

410 1915 649 1968 nensium
686 1930 900 1984 procura
919 1924 964 1966 ὀι
989 1925 1100 1979 est,
1133 1917 1182 1967 in
1211 1932 1317 1984 quo
1345 1917 1486 1970 velut
1511 1919 1724 1985 speculo
1756 1927 1980 1971 vestram

412 2004 720 2072 pravitatem
759 2013 1097 2071 eonSpcctam
1121 2044 1136 2066 ,
1175 2005 1216 2057 si
1249 2005 1551 2070 volueritis,
1592 2007 1904 2076 corrigatis:
1937 2008 1982 2063 si

409 2104 583 2148 autem
629 2095 942 2158 nolueritis,
991 2096 1112 2147 noli|
1171 2094 1455 2163 quidquam
1513 2097 1723 2164 gravius
1781 2097 1981 2161 dicere,

409 2185 618 2254 quando
657 2185 770 2238 scio
818 2195 866 2239 te
909 2202 1003 2240 cor
1041 2185 1255 2241 habere.
1306 2186 1438 2254 Quid
1483 2187 1623 2242 enim
1657 2199 1838 2243 contra
1885 2191 1981 2244 ista

406 2273 644 2328 dicturus
669 2275 770 2328 cs?

477 2364 700 2419 CAPUT
734 2364 966 2418 XXVIII.
1001 2395 1072 2404 —
1101 2366 1187 2420 35.
1230 2369 1404 2430 Bene,
1451 2368 1570 2434 quia
1616 2367 1727 2437 ipse
1771 2369 1980 2433 scribis,

407 2470 520 2506 cum
550 2454 612 2506 de
639 2453 1123 2508 Maximianensibus
1171 2455 1422 2509 damnatis
1463 2466 1510 2510 et
1549 2458 1755 2526 receptis
1784 2457 1984 2529 legisses

411 2552 568 2594 totum
594 2543 728 2611 quod
768 2544 954 2598 inscrui
987 2545 1161 2597 litteris
1189 2547 1328 2609 nteis,
1363 2547 1506 2600 valde
1536 2558 1582 2600 te
1608 2541 1762 2615 fuisse
1789 2566 1986 2617 permo-

411 2644 535 2686 tum.
567 2633 760 2698 Credo,
781 2652 1011 2702 prorsus
1039 2637 1191 2690 video
1220 2653 1432 2691 causam
1465 2655 1580 2707 qua:
1610 2641 1762 2695 valde
1789 2641 1986 2697 debue—

413 2724 480 2776 rit
526 2735 854 2792 pertnovere.
908 2725 1191 2781 Videamus
1235 2743 1395 2797 ergo,
1445 2738 1528 2783 tua
1582 2730 1677 2784 ista
1729 2735 1985 2800 permotio

410 2829 636 2880 quanam
667 2814 869 2868 reddita
914 2816 1115 2868 ratione
1142 2819 1319 2870 sedata
1349 2829 1447 2871 est.
1477 2819 1664 2874 Statim
1707 2833 1752 2875 te
1785 2823 1917 2877 dicis
1954 2841 1986 2877 a

410 2902 582 2956 uestri.
609 2903 852 2972 episcopis
879 2905 1165 2974 diligentius
1191 2907 1473 2975 inquisisse,
1500 2919 1648 2979 atque
1671 2911 1792 2979 ipsis
1804 2913 1984 2964 docen-

411 2992 578 3057 tibus,
624 3006 669 3047 et
713 2995 963 3048 decretum
994 2996 1220 3058 concilii,
1265 3007 1309 3050 et
1341 3000 1632 3051 sententiam
1677 3002 1727 3053 in
1773 3017 1854 3054 eos
1899 3004 1984 3070 qui

412 3083 638 3135 damnati
666 3093 781 3136 sunt
807 3083 1012 3149 dictam,
1058 3094 1102 3137 et
1127 3085 1200 3138 rei
1238 3086 1386 3138 totius
1415 3087 1639 3143 ordinent
1679 3091 1981 3158 cegnorisse.

389 3173 614 3242 Deinde
657 3175 814 3228 etiam
862 3167 946 3227 ine
989 3175 1213 3230 credens
1254 3176 1428 3232 adhuc
1470 3179 1713 3248 ignorare
1739 3183 1860 3251 quid
1891 3199 1984 3252 ge-

413 3271 550 3317 stum
595 3265 684 3328 sit,
737 3273 894 3334 atque
939 3265 1230 3319 admonens
1282 3276 1338 3321 ut
1383 3268 1506 3336 quid
1557 3261 1744 3324 habeat
1791 3273 1985 3328 veritas

412 3353 699 3420 discerem,
748 3357 972 3410 narrasti
1018 3357 1174 3427 plane
1218 3375 1320 3412 non
1367 3360 1489 3431 quid
1533 3363 1726 3416 veritas
1772 3363 1982 3430 habeat,

413 3445 506 3498 sed
534 3445 658 3514 quid
690 3446 914 3500 incautis
943 3456 996 3500 et
1026 3449 1410 3518 negligentibus
1448 3452 1603 3504 vestri
1643 3469 1740 3522 pro
1767 3455 1985 3509 veritate

414 3545 731 3602 supponunt.
769 3535 907 3589 Dicis
937 3539 1074 3590 enim
1099 3580 1111 3598 ,
1140 3556 1253 3591 cum
1282 3558 1430 3610 quam
1457 3542 1700 3610 plurimos
1728 3547 1985 3615 episcopos

413 3642 552 3677 error
580 3627 678 3679 sibi
709 3625 1008 3681 Maximiani
1049 3630 1240 3682 sociare
1285 3631 1618 3695 contenderet,
1665 3645 1920 3690 contracto
1951 3655 1983 3690 a

413 3715 585 3768 vestris
613 3717 825 3769 concilio
840 3711 900 3769 in
939 3735 1021 3770 eos
1058 3736 1226 3772 omnes
1256 3721 1343 3790 qui
1367 3721 1417 3774 in
1448 3723 1554 3792 ejus
1579 3724 1848 3778 schismate
1872 3744 1985 3796 per-

412 3806 649 3860 stitissent
691 3807 939 3876 prolatam
982 3827 1087 3864 csse
1126 3814 1440 3879 sententiam,
1483 3831 1635 3883 quam
1665 3833 1747 3871 nte
1775 3834 1986 3888 quoque

415 3893 605 3966 lcgiSsc
649 3914 1035 3953 commemoras
1083 3919 1095 3956 :
1143 3919 1255 3972 qua?
1302 3920 1414 3955 cum
1459 3909 1702 3959 sententia
1744 3925 1987 3964 consensu

412 3988 632 4040 omnium
671 3989 992 4056 ﬁrmaretur,
1041 3991 1290 4057 placuisse
1332 4003 1496 4046 tamen
1545 3995 1742 4049 decreto
1786 4002 1986 4054 concilii

413 4075 703 4132 dilationem
743 4079 978 4146 temporis
1023 4081 1167 4142 dari,
1214 4082 1346 4133 intra
1386 4083 1519 4152 quod
1560 4085 1605 4136 si
1647 4089 1756 4154 quis
1799 4093 1986 4162 corrigi

411 4169 672 4232 voluisset,
714 4170 952 4223 innocens
989 4169 1270 4222 haberetur.
1301 4170 1389 4225 Sic
1415 4189 1520 4228 esse
1557 4179 1775 4246 factum,
1807 4191 1858 4232 ut
1887 4199 1986 4236 non

412 4257 575 4308 solum
606 4255 683 4309 illi
723 4258 823 4310 duo
853 4275 974 4326 quos
1018 4271 1238 4312 membro
1277 4259 1384 4331 (a),
1411 4265 1498 4316 sed
1531 4266 1681 4318 etiam
1723 4271 1868 4322 multi
1895 4272 1986 4324 alii

389 4334 395 4339 ’
417 4347 620 4414 purgati
650 4353 799 4413 atque
824 4347 1104 4399 innocentes
1131 4348 1367 4403 Ecclesia:
1390 4353 1729 4408 redderentur.
1761 4359 1985 4423 Quorum

412 4435 522 4486 ideo
539 4444 684 4505 putas
700 4435 955 4506 Baptisms
971 4446 1069 4491 nan
1087 4439 1316 4496 debuisse
1331 4445 1564 4510 rescindi,
1579 4449 1693 4516 quia
1712 4450 1841 4503 intra
1853 4453 1985 4507 diem

414 4525 744 4588 pra’stit'utum
767 4523 994 4590 restituti,
1020 4531 1354 4600 perentploria
1377 4536 1620 4588 sententia
1642 4553 1739 4590 non
1761 4549 1982 4594 teneren-

411 4627 520 4679 tur,
544 4633 632 4668 nec
661 4633 772 4669 cum
804 4617 1111 4687 baptizari-ent
1141 4621 1351 4690 fuissent
1380 4625 1442 4676 ab
1471 4623 1699 4679 Ecclesia
1739 4634 1977 4698 separati,

413 4706 622 4757 necdum
665 4707 850 4758 scilicet
892 4711 1128 4761 transacti
1169 4712 1403 4778 temporis
1457 4724 1586 4767 meta
1624 4716 1831 4784 de/inita
1879 4721 1982 4773 dis-

405 4793 583 4864 juncti.
634 4794 727 4848 llic
756 4810 854 4865 ego
891 4798 942 4851 in
983 4815 1044 4853 ea
1087 4800 1207 4868 ip‘sa
1249 4802 1471 4857 falsitate
1502 4808 1818 4863 narrationis
1855 4819 1974 4877 tum,

407 4884 830 4954 quandoquidem
863 4904 965 4942 non
1007 4891 1177 4944 solum
1217 4895 1526 4960 sententias,
1555 4913 1738 4953 verum
1778 4911 1831 4955 ct
1869 4903 1979 4971 ipsa

409 4976 565 5030 verba
592 4988 675 5031 tua
701 4980 870 5046 posui,
896 4982 1060 5036 miror
1079 4983 1344 5052 ingenium
1369 4995 1535 5055 tut’tm,
1557 4992 1720 5044 miror
1744 4994 1976 5049 animum

405 5067 618 5133 ingenio
658 5067 1026 5124 reluctantem.
1071 5069 1345 5142 Nunquam
1376 5077 1578 5145 uspiam
1623 5081 1698 5134 sic
1737 5086 1980 5151 apparuit

404 5165 655 5222 quantum
677 5158 842 5212 valeat
867 5160 1229 5228 pra-judicium
1255 5169 1681 5236 praesumptionis
1705 5171 1973 5243 humanae,

406 5247 486 5298 vel
531 5245 593 5299 ad
641 5263 743 5301 non
795 5249 1099 5304 intuendam
1149 5254 1630 5314 manifestissimum
1674 5265 1974 5331 veritatem,

408 5337 487 5388 vel
544 5336 608 5390 ad
669 5338 1033 5393 affirmant-lam
1095 5343 1604 5410 impudentissimam
1670 5353 1972 5409 falsitatem.

407 5423 548 5479 Itane
577 5437 627 5481 te
657 5439 761 5480 tam
787 5443 969 5496 opera:
1008 5435 1350 5501 repugnantia
1380 5440 1618 5504 posuisse
1651 5459 1753 5496 non
1784 5446 1971 5513 sentis,

407 5528 464 5568 ιιι
492 5519 574 5569 vix
617 5521 867 5574 credibile
909 5522 976 5576 sit
1015 5525 1154 5590 qitod
1187 5540 1320 5579 unus
1349 5525 1509 5584 homo
1547 5531 1724 5588 dicere
1754 5545 1973 5606 utraque

468 5631 537 5684 (ιι)
563 5636 876 5682 Praetextatus
896 5642 945 5683 ct
967 5633 1243 5684 t-‘eliciantts.

1174 263 1436 319 CONTRA
1470 261 1896 318 CRILSCONIUM
1939 258 2391 322 DONATISI‘AM,
2436 257 2492 314 S.
2535 258 2898 314 AUGUSTINI

3545 265 3648 318 568

2084 369 2354 438 potuerit?
2395 369 2473 423 Tu
2503 385 2692 438 nempe
2717 368 2877 430 dicis,
2910 370 2960 421 in
2987 386 3067 421 cos
3096 387 3263 423 omnes
3289 373 3373 439 qui
3399 375 3448 425 in
3478 373 3640 427 alt-tri-

2078 461 2234 514 miani
2257 462 2524 514 schismate
2551 462 2896 530 perstitissent,
2927 462 3177 528 prolatam
3204 480 3311 517 esse
3331 469 3644 528 sententiam,

2078 563 2123 605 ct
2153 554 2396 621 placuisse
2423 553 2712 606 dilationem
2735 555 2971 622 temporis
2997 556 3132 617 dari,
3159 557 3290 608 intra
3315 559 3448 626 quod
3477 562 3517 612 si
3544 563 3652 629 quis

2079 643 2262 712 corrigi
2294 643 2546 709 voluisset,
2575 643 2811 696 innocens
2838 643 3116 698 haberetur.
3144 646 3422 712 Quomodo
3447 665 3574 718 ergo
3600 661 3653 703 tu

2082 733 2193 802 ip-e
2235 733 2357 787 item
2394 733 2547 796 dicis,
2591 751 2688 786 non
2733 751 2816 788 eos
2855 745 2997 788 extra
3037 735 3314 790 Ecclesimtt
3355 740 3654 810 baptizasse,

2079 836 2346 895 antequam
2381 843 2433 880 se
2460 827 2522 880 ab
2552 826 2651 880 illo
2681 827 2945 880 schismate
2985 830 3344 889 correxissent,
3371 832 3417 885 si
3444 834 3658 900 quando

2079 932 2199 969 cum
2231 916 2544 970 Maximiano
2571 928 2750 977 erant,
2781 933 2885 970 non
2917 919 2931 948 ³
2962 928 3112 970 erant
3142 929 3288 972 extra
3321 921 3612 974 Ecclesium
3635 923 3660 972 ?

2081 1005 2395 1060 Advertisne
2429 1005 2553 1074 quid
2580 1005 2771 1060 dicas?
2816 1005 3023 1069 Iuvenis
3050 1025 3149 1077 qua
3176 1025 3358 1072 exeas,
3394 1028 3500 1078 quo
3527 1027 3656 1066 eon-

2081 1096 2274 1166 l'ugias,
2310 1097 2397 1151 ubi
2429 1105 2477 1151 te
2507 1097 2845 1152 abscondas?

2149 1187 2374 1242 CAPUT
2404 1187 2594 1241 XXIX.
2621 1219 2690 1229 —
2719 1188 2808 1243 56.
2843 1190 2998 1244 Vides
3022 1201 3165 1245 certe
3191 1192 3315 1245 dum
3349 1195 3659 1250 manifestos

2082 1291 2291 1330 errores
2334 1276 2621 1330 defendere
2663 1279 2875 1333 conaris
2921 1281 3159 1345 alienos,
3211 1283 3340 1336 nihil
3387 1294 3438 1338 te
3478 1300 3658 1354 agere.

2085 1367 2183 1420 nisi
2227 1367 2545 1436 subjungcre
2589 1368 2975 1424 manifestiores
3005 1378 3142 1424 tuos.
3178 1372 3318 1427 Ecce
3355 1373 3472 1443 lege
3502 1375 3658 1429 verba

2085 1466 2170 1510 tua
2201 1475 2212 1509 :
2243 1458 2317 1510 sic
2343 1473 2370 1509 a
2402 1473 2486 1511 me
2516 1475 2732 1526 prorsus
2759 1473 3275 1527 connuemorantur,
3305 1475 3416 1519 uta
3449 1477 3501 1521 te
3524 1471 3659 1522 scri-

2085 1558 2169 1617 pta
2196 1559 2336 1601 sunt.
2365 1548 2490 1603 Cum
2515 1567 2665 1616 quam
2705 1551 2969 1621 plurimos,
3005 1554 3199 1624 inquis,
3237 1558 3500 1628 episc0pos
3522 1578 3663 1614 error

2084 1639 2177 1691 sibi
2205 1637 2509 1691 Maximiani
2537 1641 2729 1692 sociare
2767 1643 3118 1707 contenderet,
3148 1657 3401 1702 contracto
3425 1666 3456 1701 a
3482 1653 3664 1705 nostris

2085 1729 2318 1794 concilio,
2341 1731 2390 1781 in
2414 1747 2496 1783 eos
2520 1747 2689 1784 omnes
2708 1733 2792 1801 qui
2814 1733 2863 1786 in
2886 1735 2994 1802 ejus
3014 1736 3286 1792 schismate
3311 1742 3657 1806 perstitissent,

2088 1821 2288 1889 prolata
2315 1823 2558 1875 sententia
2583 1832 2675 1888 est,
2699 1841 2846 1892 quant
2871 1835 2922 1876 tu
2950 1843 3142 1895 quoque
3169 1839 3216 1880 te
3245 1830 3421 1899 legisse
3446 1835 3659 1886 testaris.

2089 1911 2214 1975 Quae
2236 1929 2348 1964 cum
2375 1914 2624 1966 sententia
2664 1930 2905 1966 consensu
2941 1918 3165 1969 omnium
3201 1922 3489 1987 ﬁrmaretur
3511 1964 3526 1985 ,
3554 1926 3665 1992 pla—

2087 2002 2184 2054 cuit
2227 2012 2393 2055 tanten
2438 2003 2634 2056 decreto
2675 2005 2874 2056 concilii
2922 2007 3212 2061 dilationem
3255 2013 3493 2080 temporis
3527 2013 3663 2077 dari,

2087 2089 2218 2142 intra
2239 2091 2374 2159 quod
2402 2091 2444 2144 si
2473 2093 2584 2159 quis
2609 2093 2793 2162 corrigi
2821 2094 3079 2158 voluisset,
3110 2097 3349 2151 innocens
3378 2102 3662 2154 haberetur.

2087 2180 2211 2234 HLl‘C
2238 2181 2420 2235 dicens
2439 2221 2453 2245 ,
2486 2183 2684 2236 sicciue
2713 2194 2894 2237 contra
2926 2193 2974 2238 tc
3003 2185 3172 2254 ipsum
3215 2203 3402 2243 senSus
3433 2191 3662 2256 claudis,

2088 2280 2146 2323 ut
2173 2286 2276 2323 non
2307 2270 2550 2324 advertas
2577 2273 2714 2340 quod
2747 2272 2798 2326 hi
2825 2288 3012 2329 omnes
3040 2277 3128 2344 qui
3166 2291 3440 2348 prepterea
3477 2294 3665 2335 contra

2088 2374 2146 2413 se
2193 2360 2313 2413 lcrri
2357 2363 2672 2414 sententiam
2719 2363 2927 2416 concilii
2959 2379 3286 2431 meruerunt,
3332 2371 3450 2438 quia
3497 2370 3664 2424 Masi-

2091 2451 2268 2504 tniano
2294 2451 2651 2518 sociabantur,
2675 2463 2956 2522 antequam
2986 2470 3044 2508 se
3072 2455 3207 2510 intra
3235 2457 3504 2514 dilationis
3535 2471 3666 2514 tem-

2089 2558 2188 2612 pus
2234 2543 2582 2611 corrigerent,
2630 2544 2680 2596 in
2727 2545 2914 2599 eodem
2946 2546 3230 2603 schismate
3263 2551 3669 2605 consistebant?

2093 2634 2165 2686 Ibi
2195 2649 2320 2703 ergo
2353 2635 2508 2686 etiam
2543 2634 2901 2700 baptizabant.
2933 2638 3166 2694 Obsecro
3193 2651 3274 2706 te,
3307 2642 3430 2710 quid
3457 2643 3665 2697 inanem

2088 2723 2366 2790 caliginem
2417 2723 2707 2792 perspicuis
2751 2725 2908 2779 rebus
2959 2730 3231 2798 aSpergis,
3279 2746 3437 2800 quam
3484 2749 3668 2788 rursus

2090 2823 2297 2863 tuorum
2328 2812 2608 2865 verborum
2650 2829 2754 2867 non
2801 2817 3006 2871 minore
3049 2821 3425 2888 pchpicuitate
3455 2824 3663 2894 disper-

2087 2899 2207 2967 gis?
2251 2901 2374 2954 Dico
2417 2903 2559 2955 enim
2602 2901 2972 2959 l‘raetextatum
3020 2918 3072 2960 et
3121 2908 3447 2968 Felicianum
3495 2914 3666 2969 Maxi-

2087 2989 2248 3043 miani
2289 2988 2644 3055 ordinatores,
2678 2994 2728 3046 in
2766 3009 2832 3048 eo
2886 2996 3026 3064 quod
3058 3001 3469 3068 commiserunt,
3498 3008 3666 3061 sacri-

2087 3081 2204 3149 lego
2232 3081 2519 3136 schismate
2548 3085 2848 3153 haptizasse
2874 3129 2888 3152 ,
2920 3096 2973 3142 et
3012 3091 3079 3143 ab
3105 3091 3184 3146 eis
3229 3093 3518 3162 baptizatos
3545 3114 3663 3152 cum

2089 3173 2165 3225 eis
2194 3187 2314 3226 esse
2351 3185 2626 3242 susceptos
2647 3217 2661 3240 ,
2696 3193 2801 3231 non
2832 3181 3058 3233 rescisso
3084 3181 3405 3250 Daptismate
3431 3187 3574 3254 quod
3615 3189 3666 3242 in

2088 3261 2373 3317 schismate
2398 3264 2684 3330 dederant,
2715 3267 2855 3334 quod
2887 3271 3128 3340 sacrilegi
3161 3273 3178 3302 ²
3217 3275 3661 3342 ministraveranl,

2087 3353 2225 3421 quod
2254 3368 2346 3408 ore
2369 3355 2740 3410 maledictione
2770 3359 2947 3426 pleno,
2971 3362 3108 3429 quod
3138 3364 3290 3419 labiis
3316 3382 3435 3421 eum
3460 3384 3666 3426 veneno

2090 3443 2330 3513 aspidutn
2371 3457 2834 3514 consecraverant.
2865 3449 3012 3504 Talia
3043 3453 3236 3522 quippe
3274 3457 3325 3510 in
3354 3474 3448 3514 eos
3476 3459 3664 3515 dicun-

2091 3540 2194 3595 tur,
2242 3547 2410 3601 eaquc
2453 3536 2710 3588 sententia
2760 3552 2916 3606 quam
2963 3539 3012 3592 in
3044 3556 3136 3595 eos
3175 3559 3362 3599 omnes
3407 3549 3664 3617 prolatam

2088 3639 2206 3676 0538
2233 3638 2334 3676 non
2367 3640 2543 3694 negas.

2159 3710 2384 3767 CAPUT
2424 3713 2590 3768 XXX.
2620 3746 2688 3755 —
2716 3717 2804 3771 '57.
2839 3718 2932 3774 llic
2963 3730 3016 3774 tu
3047 3725 3336 3793 respondes
3356 3770 3370 3792 ,
3403 3731 3540 3800 quod
3566 3749 3666 3788 non

2089 3801 2249 3855 solum
2276 3803 2376 3856 duo
2405 3805 2487 3857 isti
2514 3822 2639 3874 quos
2668 3825 2886 3861 memoro
2911 3852 2924 3873 ,
2957 3812 3046 3863 sed
3073 3815 3223 3867 etiam
3251 3819 3397 3871 mulli
3421 3821 3510 3873 alii
3540 3839 3665 3891 pur-

2089 3893 2191 3962 gati
2232 3902 2381 3963 atque
2417 3895 2699 3950 innocentes
2727 3899 2858 3951 intra
2897 3901 3027 3954 diem
3063 3904 3318 3961 dilationis
3347 3926 3399 3962 se
3430 3909 3670 3968 Ecclesia:

2091 3981 2438 4037 reddiderunt.
2465 3984 2580 4050 Quo
2611 3987 2774 4040 verbo
2814 4004 2896 4041 me
2930 3991 3179 4060 adiuvas,
3215 4013 3320 4064 quo
3347 4000 3507 4054 verbo
3550 4019 3668 4058 me-

2090 4087 2208 4124 cum
2239 4073 2436 4126 asseris
2462 4075 2737 4130 veritatem
2757 4121 2771 4143 ,
2799 4080 3182 4154 caliginemque
3213 4087 3350 4140 illam
3389 4106 3544 4159 quant
3573 4110 3668 4147 co-

2091 4161 2301 4215 nabaris
2343 4161 2636 4229 effundere,
2683 4166 2919 4222 discutis.
2970 4173 3102 4224 Cum
3144 4177 3285 4230 enim
3325 4177 3457 4234 dicis
3487 4197 3581 4235 eos
3611 4200 3671 4238 se

2093 4247 2344 4305 Ecclesia:
2388 4253 2700 4319 reddidisse,
2746 4260 2927 4325 procul
2965 4261 3125 4316 dubio
3169 4263 3348 4321 fateris
3382 4285 3474 4324 eos
3517 4282 3667 4326 extra

2091 4336 2384 4394 Ecclesiam
2433 4342 2615 4398 fuisse.
2665 4345 2762 4400 Ubi
2810 4364 2937 4419 ergo
2987 4363 3267 4423 antequam
3313 4373 3371 4413 se
3417 4360 3668 4417 Ecclesia:

2091 4429 2392 4496 redderent,
2441 4432 2672 4498 fuerunt,
2721 4438 2790 4490 ibi
2839 4439 3236 4509 baptizaveruut
3284 4463 3296 4498 :
3343 4464 3471 4518 ergo
3518 4463 3667 4507 extra

2091 4517 2382 4572 Ecclesiam
2424 4522 2690 4590 Baptisma
2737 4514 3016 4585 dederunt.
3065 4534 3144 4586 Ab
3176 4535 3273 4590 hoc
3306 4514 3669 4609 incipticatlut

2091 4609 2482 4678 implicamento
2509 4613 2633 4669 dum
2666 4627 2716 4672 te
2742 4623 2952 4676 conaris
2977 4627 3250 4694 evolvere,
3279 4647 3462 4689 rursus
3491 4636 3667 4693 invol-

2088 4701 2248 4752 veris.
2300 4701 2438 4756 Dicis
2478 4706 2619 4758 enim
2663 4708 2775 4762 ideo
2805 4727 2974 4766 eorum
3003 4715 3262 4787 Baptisma
3301 4740 3400 4777 non
3439 4726 3669 4783 debuisse

2085 4789 2302 4842 rescindi
2318 4833 2331 4855 ,
2360 4793 2475 4861 quia
2503 4794 2638 4848 intra
2677 4798 2808 4852 diem
2835 4807 3169 4870 privs-titulum
3194 4814 3439 4880 restituti,
3471 4834 3670 4885 percnt-

2087 4881 2250 4949 ptoria
2275 4884 2520 4937 sententia
2551 4902 2650 4940 non
2682 4898 2984 4947 tenerentur.
3031 4898 3307 4966 Quomodo
3339 4881 3482 4976 ergo
3507 4910 3668 4978 dicis,

2086 4982 2207 5023 ante
2244 4971 2385 5026 dietn
2416 4976 2767 5034 restitutionis
2798 4999 2900 5036 non
2943 4985 3104 5043 fuisse
3145 4993 3211 5045 ab
3236 4971 3475 5051 Ecclesia
3505 4971 3670 5070 sepa;

2087 5071 2230 5113 ratos
2252 5105 2266 5124 ,
2299 5077 2430 5132 quos
2475 5075 2597 5121 ante
2628 5069 2766 5124 diem
2799 5073 3065 5130 dilationis
3107 5084 3378 5139 conliteris
3411 5069 3671 5148 [Sceleste

2086 5151 2406 5207 restitutos?
2453 5155 2508 5209 Si
2564 5159 2806 5215 homines
2860 5179 3082 5234 sumus,
3133 5172 3174 5222 si
3223 5176 3671 5252 qualemcumque

2083 5243 2366 5308 rationem,
2405 5247 2447 5298 si
2476 5263 2690 5304 sensum
2721 5254 2973 5309 habemus
3000 5257 3310 5328 humanmn,
3349 5269 3391 5320 si
3425 5285 3530 5324 non
3568 5243 3668 5341 pe-

2084 5347 2206 5384 cora
2240 5336 2539 5402 pccoribus,
2572 5341 2614 5392 si
2645 5357 2746 5430 non
2784 5345 2919 5413 ligna
2951 5360 3005 5401 et
3036 5349 3236 5419 lapides
3269 5354 3420 5424 lignis
3445 5370 3498 5412 et
3532 5336 3666 5431 lapi-

2083 5423 2237 5477 dibus
2287 5426 2568 5496 loquimur,
2618 5421 2720 5485 non
2767 5438 2897 5492 meis
2940 5448 3172 5508 tantum,
3216 5446 3310 5499 sed
3343 5451 3502 5504 etiam
3535 5421 3665 5521 ipsis

2085 5536 2175 5640 nu;
2193 5536 2470 5586 l'articulatu
2495 5552 2757 5603 negantem
2803 5554 3017 5606 pra‘tcrit
3064 5567 3188 5604 unus
3223 5559 3376 5610 codex
3420 5566 3660 5622 Miclueli-

2151 5657 2169 5688 ι
2189 5658 2259 5706 sic
2284 5664 2386 5707 Mss.
2413 5667 2467 5709 At
2493 5663 2626 5726 editi,
2651 5666 2896 5732 sacrilege.
