4024 6196
242 310 333 366 569

244 431 335 484 tnis
361 427 528 481 verbis
575 427 807 491 eminet,
854 440 1090 498 apparet,
1135 431 1341 494 elucet.
1390 433 1440 485 in
1485 433 1788 489 Maximiani

242 522 477 589 sacrilego
518 520 802 574 schismate
830 521 1152 592 Baptismnm
1197 522 1375 577 datum
1404 534 1609 580 vestros
1635 542 1794 581 ausos

244 626 337 664 non
383 610 535 662 luisse
582 609 925 672 rescindere.
968 612 1056 678 qui
1103 612 1344 667 homines
1398 613 1689 682 baptizatos
1740 616 1792 669 in

245 700 473 755 Ecclesiis
506 713 636 769 quas
661 699 710 753 in
741 701 908 770 gratia
941 701 1146 757 Domini
1178 704 1396 773 proprio
1442 704 1622 762 labore
1646 709 1792 776 Apo-

240 791 346 844 stoli
374 800 810 860 propagarernnt,
834 807 938 849 non
961 792 1205 847 dubitant
1231 794 1550 851 christianos
1576 814 1789 868 negare,

241 878 526 942 exsufﬂare,
577 879 926 948 rchaptizarc.
971 881 1047 936 Tu
1092 881 1255 949 dicis,
1297 894 1351 937 tu
1394 886 1620 951 scribis;
1670 903 1795 943 ecce

244 984 288 1027 te
312 973 469 1040 ipsum
500 972 643 1035 audi,
685 973 798 1042 lege
828 984 877 1029 te
905 974 1096 1042 ipsum.
1126 974 1203 1028 Tu
1223 1016 1239 1039 ,
1268 976 1479 1046 inquam
1498 1018 1513 1041 ,
1542 977 1708 1042 dicis,
1737 975 1795 1033 tu

242 1065 428 1129 scribis,
455 1064 505 1116 in
530 1080 613 1117 eos
646 1081 816 1118 omnes
852 1067 937 1132 qui
973 1066 1024 1118 in
1053 1064 1355 1121 Maximiani
1383 1068 1650 1123 schismate
1675 1087 1793 1138 per-

243 1152 476 1217 stitissent,
506 1163 761 1207 contracto
785 1171 814 1205 a
840 1155 1011 1207 vestris
1038 1155 1249 1209 concilio
1278 1157 1525 1225 prolatam
1551 1174 1655 1211 esse
1680 1175 1792 1213 sen-

243 1242 444 1292 tentiam.
477 1240 553 1294 Τιι
594 1242 742 1306 dicis,
780 1251 832 1295 tu
872 1241 1094 1307 scribis,
1126 1243 1220 1295 hac
1262 1246 1506 1299 sententia
1551 1262 1793 1302 consensu

242 1330 439 1383 omnium
463 1331 761 1399 conﬁrmata
783 1373 797 1397 ,
826 1332 1073 1401 placuisse
1098 1343 1260 1386 tamen
1289 1333 1579 1388 dilationem
1603 1347 1791 1408 tempo«

239 1422 299 1472 ris
321 1421 444 1483 dari,
476 1422 610 1473 intra
651 1422 785 1490 quod
812 1423 855 1474 si
895 1423 1004 1491 quis
1040 1423 1222 1493 corrigi
1263 1425 1515 1490 voluisset,
1556 1425 1791 1479 innocens

240 1511 498 1563 haberetur.
533 1509 611 1563 Tu
650 1510 812 1574 dicis,
846 1522 896 1563 tu
938 1513 1148 1578 scribis,
1194 1529 1294 1566 non
1332 1514 1492 1566 solum
1522 1514 1647 1567 duos
1676 1516 1793 1570 inde

237 1617 345 1667 quos
371 1617 584 1653 memoro
604 1642 617 1661 .
643 1601 731 1654 sed
756 1601 940 1655 multos
967 1602 1094 1654 alios
1119 1612 1356 1670 purgatos
1382 1612 1527 1673 atque
1553 1604 1789 1657 innocen-

238 1700 298 1743 tes
319 1707 366 1743 se
392 1700 563 1743 vestrm
589 1687 831 1743 Ecclesia:
854 1690 1155 1744 reddidisse.
1186 1690 1264 1745 Τιι
1291 1691 1421 1745 dicis
1438 1734 1452 1755 ,
1485 1703 1537 1745 tu
1577 1694 1785 1755 scribis,

235 1779 332 1831 ideo
354 1796 517 1832 eorum
543 1779 806 1849 Baptisma
849 1794 946 1832 non
986 1780 1214 1834 debuisse
1245 1781 1482 1849 rescindi,
1511 1782 1628 1851 quia
1658 1783 1790 1836 intra

235 1869 351 1921 diem
379 1870 707 1937 prwstitutum
737 1870 953 1922 restituti
978 1912 991 1935 ,
1039 1871 1373 1940 peremptoriis
1410 1872 1665 1925 sententia
1689 1889 1789 1927 non

233 1967 512 2012 tenerentur.

291 2046 506 2103 CAPUT
536 2047 720 2102 XXXI.
753 2079 821 2087 —
846 2047 933 2104 58.
967 2046 1100 2114 Quid
1143 2056 1341 2101 tantum
1370 2050 1620 2119 praevalet
1641 2050 1788 2120 inge-

233 2136 311 2188 nio
340 2147 437 2190 tam
466 2137 608 2190 bono
654 2144 811 2191 eausa
842 2146 945 2190 tam
982 2137 1141 2203 mala,
1173 2135 1331 2190 homo
1353 2138 1591 2203 cordate,
1624 2138 1787 2194 homo

231 2228 472 2282 litterate?
503 2228 590 2281 Isti
619 2229 669 2282 in
702 2243 835 2296 quos
865 2238 1143 2297 prOpterea
1184 2218 1266 2282 est
1297 2227 1385 2281 illa
1429 2229 1629 2300 prolata
1659 2244 1787 2287 sett-

229 2319 394 2385 tentia,
420 2319 545 2390 quia
571 2319 708 2375 sicut
734 2319 846 2390 ipse
874 2317 1028 2385 dicis,
1076 2317 1128 2374 in
1154 2317 1453 2376 Maximiani
1500 2322 1787 2376 schismate

227 2411 582 2477 persistehant,
612 2421 894 2481 antequam
921 2411 1056 2465 sicut
1077 2409 1206 2464 dicis
1236 2410 1657 2476 restituerentur,
1696 2412 1787 2467 ubi

224 2513 380 2564 erant,
432 2502 503 2556 ibi
553 2502 894 2557 Sacramenta
924 2501 1282 2564 celebrabant,
1315 2501 1384 2554 ibi
1429 2501 1783 2571 baptizabant.

226 2592 351 2646 litat
381 2593 558 2647 verbis
606 2592 712 2646 illis
748 2592 965 2663 pIcnarii
989 2593 1201 2646 eoneilii
1227 2593 1396 2660 magis
1419 2602 1565 2656 utar,
1592 2590 1666 2644 Ibi
1709 2593 1785 2645 vi—

222 2687 343 2752 perei
373 2686 578 2739 seminis
609 2685 786 2738 noxios
844 2692 1020 2754 partus
1047 2683 1192 2736 tardo
1227 2680 1395 2734 calore
1437 2682 1743 2750 vaporabant
1764 2698 1785 2737 :

221 2774 279 2828 ibi
305 2774 489 2844 publici
514 2773 756 2844 facinoris
776 2781 820 2827 et
843 2771 1105 2839 parricidii
1148 2771 1229 2823 sui
1255 2774 1356 2840 feta
1382 2770 1623 2824 scelerum
1670 2781 1785 2824 rota

218 2866 465 2937 gignebant
494 2881 513 2920 :
542 2865 611 2918 ibi
656 2863 996 2936 parturiebant
1052 2863 1352 2933 injustitiam
1375 2903 1389 2927 ,
1441 2860 1784 2931 concipiebant

217 2960 439 3019 laborem,
473 2964 519 3008 et
571 2955 831 3024 pariebant
870 2952 1182 3021 iniquitatem
1212 2967 1232 3005 :
1262 2950 1330 3005 ibi
1351 2952 1466 3031 jam
1509 2967 1610 3003 non
1662 2967 1783 3003 con-

217 3048 318 3117 fusa
346 3048 617 3099 criminum
645 3045 792 3109 silva,
820 3044 1030 3098 nemina
1073 3058 1245 3096 eorum
1293 3042 1684 3111 designabantur
1714 3041 1782 3095 ad

214 3153 397 3205 plenam
428 3155 448 3192 :
474 3137 543 3192 ibi
571 3137 642 3191 eis
668 3136 998 3205 indulgentia:
1020 3135 1160 3203 funis
1187 3134 1203 3165 ¹
1233 3135 1355 3186 dum
1379 3132 1659 3186 clementia:
1696 3130 1779 3184 di-

214 3228 477 3281 mitteretur
523 3226 677 3292 linea,
714 3226 829 3297 jam
885 3241 1037 3276 causa
1085 3240 1208 3293 quos
1253 3223 1452 3293 puniret
1492 3224 1780 3286 invenerat;

212 3318 319 3370 illac
345 3332 521 3373 eorum
548 3330 786 3388 tanquam
813 3316 864 3368 in
894 3330 1096 3383 asperos
1137 3315 1370 3380 scopulos
1402 3313 1621 3366 veridica
1644 3313 1781 3366 unda

210 3413 451 3478 naufraga
499 3406 723 3458 membra
770 3405 1045 3474 projecerat
1067 3418 1087 3466 ;
1136 3418 1307 3455 eorum
1357 3403 1671 3471 pereuntium
1712 3402 1783 3456 ibi

208 3509 331 3550 erant
381 3498 555 3550 littora
605 3492 971 3564 JEgyptiorum
1017 3492 1245 3562 exemplo
1295 3492 1559 3561 funeribus
1606 3491 1775 3561 plena,

207 3605 281 3643 nec
302 3593 470 3660 ipsam
500 3586 847 3639 inuenientium
892 3584 1198 3653 sepulturam
1219 3584 1241 3613 ²
1281 3581 1472 3651 (Exod.
1501 3597 1611 3648 XIV,
1642 3583 1730 3653 3|)
1760 3600 1773 3637 :

208 3677 264 3731 ibi
300 3695 401 3730 non
448 3678 613 3730 solum
668 3674 1034 3728 Maximianum
1082 3673 1203 3742 ﬁdei
1257 3673 1515 3738 cumulum,
1558 3674 1778 3726 veritatis

204 3768 494 3833 adulterum,
544 3763 780 3818 Ecclesia:
817 3764 990 3817 matris
1026 3763 1304 3828 inimicam,
1364 3761 1569 3823 Dathw,
1613 3762 1778 3815 Chore

205 3865 243 3907 et
268 3855 455 3910 Abit-on
481 3840 781 3918 ministrum,
815 3854 875 3906 de
902 3854 1040 3922 pacis
1069 3852 1257 3923 gremio
1300 3852 1557 3904 sententia:
1583 3851 1776 3922 fulmen

205 3954 495 4011 excusserat,
526 3961 614 3999 nec
641 3945 802 3998 solum
840 3952 980 3995 mors
1000 3943 1141 4011 justa
1180 3942 1258 3994 sui
1297 3940 1496 3993 sceleris
1536 3940 1774 3994 condem-

204 4036 378 4101 nabat;
403 4036 495 4090 sed
514 4037 663 4088 etiam
697 4033 921 4088 trahebat
943 4034 1009 4084 ad
1035 4033 1338 4085 consortium
1363 4031 1587 4085 criminis
1616 4024 1777 4100 pluri-

207 4139 303 4178 mos
330 4136 511 4179 catena
537 4124 790 4193 sacrilegii
819 4137 838 4179 :
863 4123 932 4177 ibi
960 4132 1068 4177 erat
1117 4138 1356 4176 venenum
1399 4121 1635 4191 aspidum
1682 4123 1774 4174 sub

204 4212 335 4268 labiis
363 4230 537 4268 eorum
569 4229 587 4267 :
617 4214 685 4267 ibi
717 4229 887 4266 eorum
909 4228 963 4264 os
996 4210 1341 4264 maledicti’one
1368 4219 1414 4263 et
1433 4210 1774 4263 amaritudine

206 4303 442 4370 plenum:
471 4303 543 4357 ibi
616 4304 804 4355 celoces
867 4316 1045 4354 eorum
1091 4299 1242 4369 pedes
1297 4299 1366 4352 ad
1415 4297 1773 4365 effundendum

204 4397 483 4466 sanguinem
513 4411 532 4448 :
552 4393 620 4448 ibi
667 4394 899 4447 contritio
927 4402 974 4470 ct
1016 4392 1285 4461 infelicitas
1310 4392 1363 4445 in
1385 4392 1475 4445 viis
1500 4406 1693 4456 eorum,
1723 4401 1771 4445 et

204 4484 320 4539 viam
344 4486 487 4556 pacis
517 4502 615 4538 non
643 4482 1044 4554 cognoscebant;
1087 4500 1177 4535 nec
1221 4492 1329 4537 erat
1368 4483 1515 4535 timor
1540 4480 1635 4536 Dei
1656 4492 1773 4537 ante

204 4577 359 4630 oculos
383 4592 556 4647 eorum
588 4573 758 4648 (Psal.
786 4590 900 4640 xm,
932 4572 1010 4646 5),
1044 4572 1112 4628 ibi
1140 4572 1381 4644 jacebant
1428 4575 1646 4627 membra
1683 4574 1774 4628 ab-

205 4666 341 4731 scisa,
371 4683 486 4738 qua:
516 4666 753 4735 pestifera
796 4664 1011 4733 putredo
1064 4665 1135 4716 ita
1184 4674 1499 4730 corruperat,
1552 4673 1607 4716 at
1655 4664 1770 4733 plus

204 4757 391 4813 haberet
415 4760 467 4812 in
495 4758 771 4811 abscisione
789 4755 1047 4809 salaminis
1064 4796 1077 4815 .
1105 4770 1257 4823 quam
1280 4755 1332 4807 in
1353 4754 1641 4808 remissione
1667 4773 1771 4809 me-

202 4848 452 4903 dicaminis
483 4865 502 4902 :
529 4848 598 4902 ibi
638 4847 791 4902 erant
836 4845 1019 4917 famosi
1073 4845 1295 4898 criminis
1333 4844 1407 4897 rei
1457 4842 1769 4898 Victorianus

201 4936 623 5001 Carcabianensis,
671 4947 725 4992 et
762 4937 938 4991 caeteri
964 4948 1089 4991 cum
1136 4935 1236 4988 isto
1288 4933 1588 5001 duodecim,
1632 4936 1770 4990 inter

199 5043 323 5097 quos
370 5031 719 5085 Praetextatus
768 5027 1133 5091 Assuritanus,
1166 5036 1219 5080 et
1240 5025 1537 5080 Felicianus
1582 5025 1767 5079 Mnsil-

200 5129 362 5183 tanus,
394 5120 461 5176 de
486 5121 676 5190 quibus
700 5117 929 5187 receptis-
957 5117 1182 5186 agimus,
1207 5114 1299 5185 qui
1319 5115 1569 5169 eumdem
1598 5115 1767 5169 Maxi-

201 5211 422 5266 tnianum
479 5220 768 5281 praesentes
814 5209 1218 5271 ordinarerant;
1277 5208 1376 5260 hoc
1418 5216 1520 5271 est,
1567 5211 1766 5277 funesto

201 5289 341 5372 opere
360 5303 655 5372 perditionis
680 5317 766 5355 vas
805 5299 1068 5354 sordidum
1092 5299 1300 5353 collecta
1328 5297 1614 5369 fa’culentia
1651 5297 1767 5367 glu-

198 5393 490 5461 tinaverant,
520 5396 604 5450 ubi
635 5405 773 5448 tanto
800 5393 1015 5461 facinori
1049 5401 1284 5459 tanquam
1331 5388 1508 5443 illicito
1553 5390 1765 5442 incestui

255 5528 343 5598 {tu
380 5527 704 5598 tiss.__legitur
729 5562 743 5586 ,
783 5523 1049 5587 indulgenti
1081 5519 1214 5584 fune.
1255 5520 1455 5572 Confer“
1482 5521 1654 5572 librum
1700 5524 1764 5574 de

194 5590 342 5635 (hstis
363 5602 471 5637 cum
493 5590 714 5636 Emerita.

253 5648 273 5677 ¹
294 5652 365 5698 ste
401 5658 503 5701 mss.
545 5650 661 5699 tzditi
712 5661 853 5709 vero,
899 5659 984 5697 nec
1027 5645 1181 5710 ipsam
1226 5643 1507 5717 invenietuia
1551 5646 1762 5711 sepultu-

194 5726 308 5761 rant.

1556 319 1751 375 LIBZLR
1791 323 2130 390 Quin-rus.

3354 374 3359 379 ·
3377 358 3480 412 570

1901 442 2069 494 clerici
2092 442 2415 517 Carthaginis
2452 450 2759 510 lenocinium
2794 459 3106 527 prabuerunt
3174 464 3328 520 Tales
3376 471 3479 522 nti-

1903 533 2052 587 nistri
2084 534 2547 597 Sacr-anicularum
2573 549 2806 600 nondum
2833 552 3080 613 correcti,
3114 557 3345 610 nondum
3386 574 3481 612 vo-

1899 623 1983 677 ltis
2012 625 2202 681 redditi
2226 644 2288 684 ac
2327 633 2577 700 restituti,
2631 636 2683 691 in
2711 639 2997 695 schismate
3030 643 3332 701 Maximiani
3380 649 3472 702 ba-

1903 716 2229 782 lnizaverant
2277 732 2447 788 :post
2491 724 2625 781 tales
2688 728 2962 785 ministros
3008 732 3469 791 Sacrantentormn

1899 817 2188 873 correctos,
2213 809 2466 879 redditos,
2489 815 2784 885 restitutus,
2808 822 2971 874 vestri
2989 839 3093 875 non
3116 824 3476 893 rebaptizavc-

1894 904 2042 948 runt.

1969 985 2191 1041 CAPUT
2220 988 2411 1044 XXXII
2455 994 2630 1049 —59.
2664 995 2797 1063 Quid
2824 999 2934 1052 sitia
2972 1000 3022 1055 in
3071 1002 3221 1056 vobis
3272 1021 3474 1072 ριίυνι-

1896 1074 1967 1129 let
1992 1078 2339 1134 animositas?
2368 1082 2667 1150 Aliquando
2695 1088 3015 1153 attendatttr,
3058 1093 3344 1161 aliquando
3372 1111 3469 1149 att-

1896 1163 2070 1218 diatur
2090 1175 2144 1220 et
2166 1172 2377 1224 veritas.
2396 1170 2531 1239 Quid
2555 1173 2860 1242 injiciuntur
2885 1178 3237 1234 inanissitmc‘
3262 1184 3474 1238 nebulae

1895 1254 2164 1310 dilationis
2196 1258 2370 1313 datae?
2412 1253 2524 1316 Non
2567 1264 2693 1331 ipsis
2742 1265 2863 1320 data
2904 1277 3007 1334 est,
3057 1268 3123 1325 de
3159 1271 3348 1337 quibus
3390 1272 3473 1327 di—

1895 1356 2036 1399 ctum
2066 1357 2169 1414 est,
2200 1348 2475 1406 Dantnatos
2500 1369 2606 1407 esse
2628 1357 2944 1425 cognoscite;
2983 1359 3051 1413 de
3093 1361 3288 1429 quibus
3308 1362 3470 1416 etiam

1896 1435 2208 1502 pra-dictum
2240 1450 2320 1495 est
2346 1444 2530 1511 quales
2564 1442 2786 1509 iuerint,
2817 1447 2941 1515 quid
2966 1449 3213 1514 “fecerint,
3254 1465 3347 1505 cur
3377 1467 3469 1507 eos

1894 1530 2187 1594 oportuerit
2211 1531 2319 1599 jam
2348 1535 2463 1588 sine
2501 1533 2754 1590 dilatione
2797 1537 3057 1602 damnari,
3090 1540 3227 1609 quod
3270 1518 3495 1597 scilicet.

1895 1616 2268 1676 Maximianum
2302 1624 2562 1692 impositis
2594 1628 2835 1684 manibus
2879 1640 3167 1698 pra'setttes
3190 1632 3470 1688 ordinave-

1892 1721 2034 1764 runt.
2070 1712 2180 1768 Iloc
2206 1726 2285 1769 cst
2313 1718 2453 1771 enim
2481 1718 2619 1786 quod
2651 1719 3011 1788 sigttiliearunt
3047 1721 3294 1788 dicendo,
3335 1725 3469 1792 quod

1893 1804 2091 1871 funesto
2119 1821 2268 1872 apere
2319 1808 2613 1875 perditionis
2641 1825 2727 1862 vas
2776 1810 3035 1865 sordidum
3076 1812 3283 1865 collecta
3309 1814 3467 1881 [arcu-

1889 1892 2045 1945 leutia
2072 1892 2446 1961 glutinaverint.
2480 1896 2584 1951 Illis
2613 1908 2788 1952 autem
2827 1899 2948 1952 data
2996 1908 3078 1960 est
3126 1901 3331 1966 dtlatio,
3374 1904 3464 1971 qni

1890 1982 2204 2037 ordinationi
2237 1985 2535 2040 Maximiani
2565 2005 2670 2042 tton
2703 1989 3075 2056 interfuerunt,
3121 1993 3364 2059 quamvis
3411 1993 3465 2047 in

1888 2069 2004 2140 ejus
2040 2073 2297 2130 societate
2347 2085 2507 2146 atque
2565 2076 2853 2135 schismate
2894 2080 3208 2147 constituti;
3259 2092 3462 2137 tantum

1879 2157 2001 2223 quia
2044 2172 2232 2212 manus
2274 2159 2343 2225 ci,
2395 2159 2537 2229 quod
2583 2163 2831 2217 absentes
2875 2164 3099 2228 fuerant,
3135 2180 3239 2218 n‘vn
3283 2165 3454 2232 impo-

1878 2259 2123 2317 suerunt,
2157 2266 2185 2304 a
2217 2251 2479 2306 damnatis
2510 2254 2530 2283 ²
2560 2253 2955 2309 ortlinntorihus
3004 2255 3188 2311 eadem
3245 2255 3455 2308 concilii

1881 2343 2141 2398 sententia
2158 2343 2574 2413 distinguuntur.
2598 2344 2729 2399 Nam
2747 2361 2865 2401 cum
2883 2345 3135 2399 dixissvnt
3162 2347 3300 2410 illos,
3325 2361 3457 2415 quo—

1880 2450 1997 2495 rum
2027 2443 2080 2488 et
2103 2434 2315 2489 nomina
2353 2436 2802 2504 conscripserunt,
2840 2437 3105 2491 damnatos
3143 2454 3247 2491 esse
3273 2454 3459 2507 cogno-

1881 2527 2035 2580 scite:
2068 2525 2168 2581 Eos
2192 2535 2375 2590 autem,
2406 2528 2668 2596 inquiunt,
2709 2545 2834 2596 quos
2870 2530 3104 2599 sacrilegi
3142 2529 3332 2584 surculi
3358 2546 3459 2584 non

1881 2618 2106 2688 polluere
2146 2620 2417 2687 plantaria,
2467 2608 2561 2672 ltoc
2601 2630 2691 2682 est,
2738 2620 2824 2689 qui
2866 2637 2899 2672 a
2954 2619 3254 2674 Maximiani
3297 2622 3461 2690 capite

1859 2710 2112 2779 proprias
2138 2726 2314 2764 manus
2343 2711 2617 2767 verecundo
2644 2711 2765 2775 ﬁdei
2809 2712 3002 2780 pudore
3030 2720 3361 2777 retraxerunt,
3392 2713 3460 2764 ad

1885 2809 2092 2853 matrem
2126 2798 2402 2854 Ecclesium
2446 2800 2611 2854 redire
2648 2801 2996 2869 permisimus.
3045 2800 3179 2867 Quid
3210 2801 3460 2869 planius?

1881 2890 2007 2959 quid
2042 2889 2375 2945 distinctius?
2414 2889 2537 2960 quid
2565 2891 2836 2960 apertius?
2861 2890 2984 2945 Illos
3011 2892 3216 2958 dicuttt,
3271 2893 3458 2959 fauos:

1883 2980 2106 3034 criminis
2139 2997 2269 3045 reos,
2314 2980 2400 3047 qui
2437 2983 2635 3051 funesto
2661 2997 2809 3049 apere
2833 2981 3127 3050 perditionis
3165 2996 3251 3035 vas
3290 2981 3459 3035 sordi-

1883 3068 2005 3122 dum
2021 3068 2226 3123 collecta
2242 3068 2521 3140 fa'culentia
2538 3068 2871 3139 glutinarunt,
2887 3071 3151 3125 damnatos
3165 3087 3270 3125 esse
3284 3088 3462 3141 cogito.

1882 3160 2023 3212 scite.
2078 3158 2185 3213 llos
2223 3168 2398 3213 autem
2444 3160 2648 3226 dicunt,
2688 3176 2813 3230 quos
2853 3161 3082 3229 sacrileqi
3130 3161 3322 3215 surculi
3362 3179 3461 3216 non

1886 3249 2110 3316 polluere
2135 3249 2408 3319 plantaria,
2435 3250 2528 3303 Itoc
2553 3260 2643 3311 est,
2671 3250 2808 3318 quia
2832 3250 3132 3305 Maximiani
3155 3253 3316 3321 capite
3340 3269 3459 3322 pro-

1854 3340 2025 3409 .prias
2062 3357 2240 3393 manus
2288 3342 2564 3395 uerecundo
2607 3342 2725 3409 fidei
2772 3344 2964 3411 pudore
3005 3344 3358 3408 retraxerunt,
3395 3359 3460 3396 ac

1884 3440 2092 3485 matrem
2114 3428 2395 3483 Ecclesium
2433 3431 2748 3499 permisimus
2772 3431 2935 3485 redire
2966 3448 2985 3486 .'
3019 3440 3074 3488 et
3109 3433 3230 3502 quia
3256 3447 3327 3488 ex
3355 3434 3455 3490 illis

1879 3520 2144 3575 damnatis
2169 3520 2273 3575 duo
2294 3531 2476 3591 postea
2507 3521 2653 3575 salvo
2684 3522 2887 3579 honore
2907 3522 3139 3591 suscepti
3169 3533 3312 3584 sunt.
3344 3538 3449 3579 non

1881 3611 2147 3666 invenitur
2190 3611 2291 3665 hoc
2340 3610 2789 3680 quemadmodum
2851 3611 3187 3679 defendatur,
3238 3612 3340 3668 nisi
3401 3621 3458 3669 ut

1878 3708 2129 3757 omnibus
2142 3701 2349 3756 dicatur
2375 3702 2559 3756 dilatio
2588 3702 2749 3756 fuisse
2769 3717 3045 3758 mssa.

1949 3791 2170 3846 CAPUT
2201 3789 2527 3844 XXXIII.—
2547 3791 2633 3844 40.
2660 3790 2761 3844 Sed
2783 3806 3037 3846 concessa
3066 3794 3135 3844 sit
3163 3792 3411 3847 omnibus
3437 3808 3451 3844 :

1879 3888 2350 3949 nctnpeqnotquot
2375 3877 2440 3931 ad
2478 3892 2571 3930 vos
2593 3877 2662 3930 ab
2689 3878 2782 3930 illo
2828 3878 3116 3933 schismate
3160 3879 3455 3943 redierunt,

1878 3979 2158 4038 antequam
2188 3967 2443 4031 redirent,
2476 3967 2581 4021 illic
2607 3965 2842 4033 luerunt,
2876 3968 2981 4021 ilIie
3011 3968 3409 4036 baptisaverunt
3437 3987 3451 4027 :

1844 4118 1851 4123 _
1877 4059 2001 4115 inde
2028 4060 2093 4113 ad
2124 4073 2217 4114 vos
2238 4058 2355 4113 sine
2375 4057 2740 4113 destructione
2766 4057 2846 4110 sui
2878 4055 3095 4111 honoris
3120 4069 3171 4111 et
3201 4057 3454 4126 Baptismi

1875 4151 2184 4216 redeuntes,
2224 4149 2269 4203 si
2327 4147 2476 4204 frons
2517 4148 2676 4211 adsit,
2735 4162 2829 4200 ora
2864 4156 3066 4213 _restra
3119 4147 3446 4202 clauserunt.

1875 4242 2009 4301 Cum
2037 4239 2186 4294 enim
2208 4240 2512 4308 quaerimus,
2536 4249 2818 4306 antequam
2836 4251 2918 4302 se,
2943 4236 3080 4291 sicut
3106 4237 3220 4307 ipse
3247 4237 3450 4301 dixisti,

1876 4330 2131 4386 Ecclesia:
2151 4330 2597 4396 reddidissent,et
2624 4338 2748 4382 ante
2776 4327 2915 4382 diem
2958 4329 3306 4396 praestitutum
3359 4342 3448 4382 re—

1874 4422 2044 4476 stituti
2092 4421 2336 4482 fuissent,
2389 4419 2477 4474 ubi
2526 4427 2710 4485 erant;
2754 4418 2878 4489 quid
2914 4417 3057 4471 aliud
3087 4433 3184 4472 vos
3222 4433 3308 4473 res
3339 4419 3449 4487 ipsa

1875 4510 2201 4581 respondere
2228 4509 2520 4580 compellit,
2553 4509 2676 4574 nisi,
2702 4508 2755 4563 In
2802 4508 3090 4563 schismate
3123 4508 3450 4572 Maximiani,

1876 4611 2092 4670 propter
2117 4599 2257 4670 quod
2288 4601 2375 4655 illa
2405 4600 2456 4652 in
2485 4614 2673 4654 omnes
2699 4607 2782 4652 est
2817 4599 3019 4668 prolata
3048 4598 3347 4653 sententia?
3377 4598 3450 4653 Ibi

1875 4707 2001 4761 ergo
2023 4692 2420 4758 baptizavcrunt
2441 4704 2555 4754 eos,
2594 4688 2644 4742 in
2675 4688 2869 4757 quibus
2895 4687 2960 4742 ad
2992 4704 3089 4742 vos
3119 4688 3274 4742 simul
3325 4687 3448 4742 inde

1874 4781 2208 4838 venientibus
2246 4780 2572 4850 Baptismum
2599 4776 2796 4832 Christi
2824 4793 2927 4831 non
2957 4779 3068 4830 ausi
3090 4778 3218 4832 estis
3249 4779 3452 4831 rescin-

1873 4875 2023 4939 dere,
2068 4872 2190 4943 quia
2233 4873 2401 4927 coacti
2427 4872 2556 4925 estis
2602 4884 2912 4940 agnoseerc.
2970 4867 3120 4922 Unde
3167 4868 3281 4937 ipso
3312 4869 3449 4923 facta

1873 4973 2070 5029 vestro,
2090 4977 2252 5029 opere
2283 4972 2479 5025 vestro,
2493 4959 2695 5030 judicio
2719 4966 2894 5013 vestro
2914 4957 3168 5010 adversus
3193 4972 3302 5019 vos,
3331 4972 3447 5011 nte—

1872 5056 1976 5109 rito
2004 5063 2255 5123 recteque
2292 5051 2642 5113 concluditur,
2692 5049 3085 5119 agnoscendum
3130 5063 3249 5102 esse
3272 5048 3449 5114 Bapti-

1871 5161 2045 5203 smum
2074 5142 2292 5207 Christi,
2337 5144 2543 5200 etiamsi
2569 5152 2715 5196 extra
2747 5140 3037 5196 Eccleiimt
3068 5138 3221 5193 datus
3260 5137 3447 5200 fuerit;

1871 5245 1926 5291 et
1940 5235 2067 5290 ideo
2109 5250 2206 5289 nos
2234 5234 2338 5289 hoc
2377 5234 2459 5303 pie
2485 5246 2807 5303 cognoscere
2830 5231 2883 5285 in
2914 5231 3128 5297 vestris,
3159 5244 3252 5283 vos
3283 5226 3444 5295 impie

1872 5324 2174 5380 rescindere
2204 5322 2255 5377 in
2289 5324 2502 5377 nostris.

1940 5415 2166 5471 CAPUT
2196 5413 2438 5469 XXXIV.
2465 5441 2537 5452 —
2563 5412 2652 5467 41.
2683 5411 2786 5468 Sed
2817 5411 2950 5466 forte
2977 5409 3199 5482 paenitet
3243 5405 3360 5461 talia
3396 5414 3447 5459 te

1853 5508 2033 5576 ,verba
2062 5507 2326 5581 posuisse,
2358 5520 2477 5574 quas
2508 5504 2645 5559 hanc
2671 5503 2948 5559 veritatem
2980 5500 3138 5577 nimis
3175 5505 3442 5569 urgerent,

1934 5642 1947 5673 ί
1976 5639 2110 5699 Editi,
2133 5635 2463 5689 insanissime.
2486 5637 2649 5687 Melius
2668 5644 2792 5691 Mss.
2816 5633 3121 5689 inanissima.

1934 5705 1953 5732 ¹
1980 5698 2105 5765 Mss,
2128 5700 2196 5754 sic
2216 5699 2340 5752 enim
2356 5714 2386 5751 a
2405 5698 2659 5752 danmatis.
