4024 6196
542 351 632 404 5'”

543 527 670 604 svnt.
714 559 758 600 et
803 556 919 597 ante
967 543 1096 595 diem
1152 555 1243 607 pra
1259 540 1484 590 stitutum
1524 532 1753 594 restituti,
1789 527 2121 598 perentptoria

539 640 785 694 sententia
815 654 913 690 non
945 643 1224 689 tenerentur
1250 649 1268 684 :
1297 639 1351 683 ut
1383 625 1792 696 responderetur
1821 621 1938 684 tibi,
1966 619 2114 686 Quo-

546 729 702 783 modo
737 743 796 780 se
823 726 1075 780 Ecclesia:
1106 721 1470 782 reddiderunt,
1503 715 1769 788 quomodo
1809 713 1982 767 eidem
2032 725 2120 764 re-

542 819 707 872 stituti
737 827 880 880 sunt,
913 817 956 869 si
988 815 1054 868 ab
1083 830 1141 867 ea
1170 827 1274 867 nett
1303 819 1454 864 erant
1491 806 1760 877 separati?
1780 813 1870 858 ant
1901 805 1944 858 si
1970 817 2124 871 sepa-

545 913 640 964 rati
663 918 833 972 erant,
863 906 1130 978 quomodo
1157 902 1526 974 baptizabant?
1549 899 1652 954 Sed
1693 896 1817 967 quid
1853 893 1994 948 aliud
2037 893 2118 947 di-

541 1018 714 1065 ceres,
759 1001 858 1055 nisi
905 998 1043 1068 quod
1084 997 1151 1052 ab
1197 997 1276 1051 eis
1327 993 1591 1055 audieras,
1629 1004 1762 1058 quos
1789 985 2118 1047 consuluisti,

543 1109 664 1146 cum
720 1109 783 1146 ex
834 1092 931 1145 hac
965 1104 1122 1145 causa
1154 1087 1342 1141 litteris
1364 1086 1495 1138 meis
1520 1082 1673 1136 valde
1704 1076 2122 1150 permovereris?

545 1196 598 1238 et
629 1195 803 1237 tamen
835 1181 1078 1236 fortassis
1104 1187 1158 1234 te
1195 1185 1439 1247 arguant,
1466 1185 1516 1228 te
1545 1169 1953 1240 reprehendant,
1983 1165 2122 1236 quod

555 1277 676 1330 talia
719 1273 881 1328 verba
927 1273 1138 1324 incaute
1164 1267 1425 1337 posueris.
1474 1265 1564 1318 Eat
1606 1261 1743 1332 quod
1783 1269 1835 1315 te
1866 1259 2124 1312 adversus

545 1379 637 1416 eos
656 1363 885 1416 maxime
899 1359 1118 1424 muniat,
1135 1371 1198 1410 ac
1215 1365 1354 1409 luant
1379 1353 1641 1406 tristitiam
1656 1349 1976 1404 consoletur.
1992 1345 2122 1399 Nam

546 1467 596 1510 et
629 1453 725 1521 ipsi
768 1453 819 1504 in
873 1449 1110 1518 ejusdem
1139 1445 1347 1501 concilii
1391 1442 1606 1497 decreto
1648 1441 1768 1494 talia
1811 1445 2121 1507 posuerunt.

548 1545 720 1609 Unde,
753 1545 796 1597 si
829 1542 982 1597 nobis
1003 1542 1144 1594 lecto
1169 1539 1270 1591 isto
1293 1535 1548 1605 opusculo
1576 1540 1757 1586 nostro
1807 1531 1876 1584 ita
1908 1543 2126 1597 respuu-

545 1638 673 1691 dere
714 1633 996 1697 voluerint,
1025 1631 1166 1700 quod
1194 1629 1271 1683 eis
1317 1643 1419 1680 non
1450 1623 1798 1695 prtujudicent
1824 1621 1981 1675 verba
2007 1619 2122 1672 laici

514 1732 648 1800 _sni,
684 1729 840 1783 verba
870 1728 1103 1796 ipsorum
1132 1723 1386 1776 continuo
1418 1717 1778 1772 rccitabimns.
1808 1713 1907 1766 Eos
1935 1722 2122 1775 autem,

550 1822 814 1890 inquiunt,
846 1835 967 1888 quos
988 1815 1220 1884 sacrilegi
1249 1812 1439 1866 surculi
1465 1827 1563 1863 non
1591 1807 1817 1878 polluere
1848 1803 2123 1874 plantaria,

557 1914 650 1964 ltoc
672 1922 764 1974 est,
794 1910 879 1976 qui
908 1926 938 1960 a
968 1904 1269 1961 Maximiani
1301 1902 1462 1971 capite
1509 1900 1738 1969 praprias
1783 1911 1963 1948 manus
2042 1910 2125 1946 ve-

553 2004 770 2056 rct‘undo
795 2001 912 2068 fidei
936 1999 1123 2067 pudore
1143 2001 1477 2053 retraxerunt,
1506 1991 1574 2043 ad
1604 1998 1812 2041 matrem
1847 1984 2124 2038 Ecclesium

555 2093 716 2145 redire
746 2091 1077 2161 permisimus.
1107 2087 1237 2141 Cum
1266 2084 1406 2138 enim
1436 2083 1512 2135 cis
1537 2081 1750 2143 dicitur,
1784 2077 1871 2130 Isti
1899 2093 2032 2146 quos
2061 2077 2127 2128 ad

557 2193 776 2236 matrem
809 2178 1097 2234 Ecclesiam
1127 2176 1302 2230 redire
1333 2172 1666 2242 pcrntisistis,
1697 2178 1979 2238 antequam
2009 2166 2133 2220 red—

556 2277 731 2339 irent,
781 2272 867 2326 ubi
899 2269 1085 2326 erant?
1132 2267 1376 2323 similiter
1435 2275 1708 2333 urgentur,
1759 2275 1823 2314 ac
1875 2267 1928 2313 tu
1976 2257 2131 2327 paulo

555 2375 686 2440 aute_
701 2363 872 2416 verbis
898 2377 926 2415 a
958 2371 1008 2414 te
1038 2359 1228 2430 positis
1257 2356 1547 2426 urgebaris.
1570 2353 1666 2410 Ubi
1686 2353 1824 2407 enim
1848 2366 1942 2405 eos
1971 2349 2133 2404 fuisse

561 2438 972 2521 respondebunt,
1007 2450 1108 2503 nisi
1132 2449 1185 2501 in
1225 2447 1512 2500 schismate
1542 2441 1876 2497 Maximiani?
1902 2440 2004 2494 Sed
2043 2438 2130 2491 ubi

565 2543 750 2594 volunt
793 2555 886 2594 eos
931 2539 1092 2591 fuisse
1141 2535 1502 2597 contendant;
1535 2544 1681 2587 certe
1722 2532 1810 2600 qui
1838 2529 1904 2584 ad
1952 2529 2135 2583 Eccle-

561 2635 692 2688 siam
721 2632 893 2686 redire
947 2628 1191 2699 permissi
1221 2636 1363 2691 sttnt,
1413 2626 1464 2679 itt
1497 2622 1736 2678 Ecclesia
1767 2636 1871 2676 non
1899 2619 2132 2674 fuerunt.

562 2725 698 2792 I'ngo
727 2732 872 2776 extra
902 2719 1195 2774 Ecclesium
1219 2716 1622 2786 baptizaverunt
1655 2730 1668 2766 :
1697 2722 1750 2766 et
1771 2711 1927 2764 simu!
1959 2709 2134 2777 bapti-

559 2825 766 2868 zatorcs
793 2820 848 2865 et
867 2809 1114 2881 baptizati
1142 2806 1210 2862 ad
1253 2805 1546 2861 Ecclesium
1579 2802 1886 2860 redeuntes.
1936 2814 2034 2853 nec
2064 2798 2136 2851 illi

560 2907 792 2959 honores
818 2917 952 2971 quos
973 2908 1123 2954 extra
1154 2904 1449 2969 ge-serant,
1474 2909 1572 2948 m-e
1597 2893 1670 2947 illi
1699 2892 1963 2961 Baptisma
1995 2887 2136 2959 qttod

558 3006 705 3050 extra
737 2999 1068 3063 act-cperant,
1101 2991 1414 3043 amiserunt.

636 3083 856 3138 CAPUT
914 3080 1128 3135 XXXV.
1157 3078 1340 3131 —42.
1381 3077 1446 3130 Et
1495 3085 1547 3128 tu
1597 3072 1832 3141 quidem,
1887 3077 2137 3138 quantum

563 3173 779 3243 potuisti
811 3172 862 3224 in
891 3186 1048 3224 causa
1091 3168 1251 3233 mala,
1283 3173 1438 3219 eaute
1468 3166 1674 3217 locutus
1702 3175 1780 3225 es,
1815 3169 1871 3213 ut
1914 3159 2138 3222 diceres,

573 3267 768 3321 l‘lucuit
797 3275 960 3316 tamen
985 3262 1182 3315 decreto
1204 3257 1403 3312 concilii
1428 3255 1718 3308 dilationem
1741 3250 1978 3318 tentporis
2005 3249 2138 3313 dari,

569 3364 702 3413 intra
748 3358 882 3429 quod
906 3357 948 3409 si
977 3355 1086 3425 quis
1111 3352 1295 3421 corrigi
1318 3349 1571 3412 voluisset,
1599 3346 1833 3399 innocens
1862 3343 2140 3394 ltuberetur.

569 3452 649 3506 Illi
680 3460 854 3502 autem
889 3460 985 3501 nec
1010 3441 1354 3511 corrigendos
1393 3453 1487 3492 eos
1510 3435 1670 3490 fuisse
1715 3435 1980 3494 dixerant,
2029 3431 2146 3497 qui-

569 3543 667 3594 bus
695 3539 814 3592 data
843 3545 925 3589 est
969 3535 1054 3587 illa
1111 3531 1326 3594 dilatio;
1365 3527 1460 3582 sed
1489 3535 1737 3594 tanquam
1781 3521 1998 3575 omnino
2044 3520 2144 3570 im-

573 3627 752 3698 polluti
781 3635 939 3695 atque
965 3625 1274 3676 innocentes
1306 3619 1356 3672 in
1384 3614 1686 3671 Maximiani
1737 3611 1990 3666 societate
2030 3607 2145 3661 l‘ue-

572 3721 698 3782 rint,
730 3717 807 3772 sic
833 3715 899 3769 de
947 3713 1050 3767 illis
1082 3712 1386 3780 loquuntur,
1416 3721 1535 3762 eum
1567 3706 1732 3774 ipsum
1765 3709 2045 3771 prorogant
2068 3698 2149 3752 di-

573 3812 842 3864 lationem.
866 3806 1000 3874 Quid
1027 3811 1109 3859 est
1132 3803 1275 3858 enim
1306 3799 1446 3854 aliud
1477 3797 1616 3868 quod
1655 3797 1871 3850 dicunt:
1907 3792 2008 3846 Eos
2051 3808 2148 3843 au-

571 3912 668 3956 tem
694 3917 818 3972 quos
848 3897 1078 3968 sacrilegi
1117 3893 1308 3950 surculi
1355 3908 1455 3946 non
1503 3891 1726 3958 polluere
1778 3886 2051 3956 plantaria,
2083 3883 2150 3936 ad

573 4004 780 4046 matrent
807 3990 1086 4044 Ecclesium
1131 3987 1296 4041 redire
1339 3980 1730 4054 permisimus"?
1763 3981 1840 4034 Ac
1867 3995 1933 4034 ne
1966 3992 2148 4046 parum

577 4084 668 4148 sit,
697 4081 814 4136 vide
862 4079 986 4150 quid
1031 4077 1355 4146 adiungant:
1389 4073 1589 4138 Quanto
1637 4070 1767 4122 enim
1817 4069 1879 4121 de
1929 4081 2149 4129 reorum,

577 4173 840 4243 inquiunt,
870 4179 1027 4223 morte
1049 4183 1343 4238 purgamur,
1390 4173 1528 4216 tanto
1559 4167 1624 4215 de
1667 4159 2002 4213 innocentium
2031 4157 2149 4210 red-

583 4265 655 4317 itu
696 4260 1034 4333 gratulantur.
1066 4259 1173 4312 Cur
1208 4257 1384 4325 itaque
1415 4262 1470 4308 tu
1520 4251 1673 4315 dicis,
1726 4248 1971 4318 placuisse
2017 4247 2153 4299 dila-

580 4357 762 4408 tionem
789 4352 1026 4420 temporis
1064 4350 1199 4414 dari,
1231 4349 1366 4401 intra
1393 4345 1529 4417 quod
1554 4346 1596 4398 si
1621 4344 1734 4416 quis
1758 4341 1944 4410 corrigi
1977 4339 2151 4405 uellet,

580 4449 822 4500 innocens
850 4444 1117 4496 haberetur
1133 4457 1152 4506 ;
1177 4456 1297 4496 cum
1324 4455 1440 4493 eam
1469 4438 1650 4491 videas
1678 4433 1962 4504 impollutis
1999 4442 2157 4501 atque

584 4533 957 4591 innocentibus
1009 4532 1218 4586 datam?
1273 4529 1375 4586 Sed
1433 4527 1680 4582 videlicet
1737 4536 1790 4577 tn
1838 4523 2058 4578 timuisti
2092 4537 2158 4576 ne

581 4627 677 4681 tibi
728 4625 1012 4688 diceretur,
1043 4623 1220 4692 Quare
1281 4620 1508 4674 dabatur
1546 4617 1730 4671 dilatio
1773 4615 1852 4669 eis
1893 4629 2024 4682 quos
2050 4628 2156 4666 non

585 4720 843 4789 polluerat
883 4711 1268 4770 Maximianus?
1316 4711 1437 4765 ideo
1466 4709 1719 4762 dilatione
1763 4706 1848 4759 illa
1887 4704 2158 4772 corrigen-

582 4811 678 4863 tIHS
700 4825 818 4864 esse
871 4805 1142 4863 censuisti.
1179 4804 1253 4858 Illi
1300 4802 1589 4856 timuerunt
1627 4814 1692 4852 ne
1734 4797 1832 4851 sibi
1872 4796 2157 4856 diceretur,

585 4905 760 4969 QUare
783 4901 832 4954 in
863 4899 972 4952 suis
1002 4895 1291 4951 honoribus
1328 4893 1556 4962 pollutos
1583 4890 1854 4958 suscipere
1879 4885 2161 4941 voluistis?

585 4993 703 5047 ideo
729 5007 786 5045 se
808 4987 1094 5058 intpollutis
1123 4985 1428 5039 dilationem
1454 4981 1664 5037 dedisse
1694 4980 1960 5034 dixerunt.

655 5081 878 5138 CAPUT
921 5078 1155 5134 XXXVI.
1183 5107 1254 5118 ——
1281 5079 1368 5132 45.
1403 5074 1629 5130 Proinde
1651 5071 1855 5141 singula
1885 5069 2155 5135 timuistis,

587 5175 680 5230 sed
707 5174 1024 5227 alterutrum
1055 5176 1392 5238 oppugnatur
1437 5180 1499 5219 ex
1530 5164 1716 5216 altero.
1746 5161 1877 5215 Nam
1918 5160 2007 5214 tibi
2036 5159 2166 5211 dici-

590 5277 694 5329 tur,
725 5259 1001 5328 Quomodo
1027 5259 1299 5313 existimas
1338 5253 1703 5324 corrigendos,
1737 5267 1870 5318 quos
1917 5251 1989 5304 ttti
2035 5267 2170 5319 pra:-

589 5359 762 5412 dieanl
811 5351 1147 5421 impollutus?
1190 5349 1294 5404 Illis
1323 5356 1499 5400 autem
1527 5344 1738 5408 dicitur,
1776 5342 2055 5410 Quomodo
2081 5355 2169 5394 as-

589 5449 769 5502 seritis
799 5444 1124 5514 impt‘tllutos,
1155 5440 1255 5495 etsi
1281 5457 1384 5493 tton
1408 5453 1620 5492 manum
1655 5434 1974 5504 imponendo
2012 5432 2172 5500 capiti

597 5540 916 5605 Maximiani,
949 5547 1122 5590 tamen
1151 5533 1454 5590 schismatis
1483 5530 1602 5600 ejus
1645 5528 2016 5584 communione
2063 5539 2174 5577 ma-

661 5703 673 5729 ι
703 5699 783 5744 ttic
821 5699 915 5742 duo
942 5699 1030 5741 Mss
1073 5689 1269 5742 addunt,
1295 5684 1386 5736 nisi
1413 5697 1521 5745 quos
1563 5694 1654 5745 non
1701 5672 2175 5745 polluitfonsm'tinm

598 5737 889 5814 Maximiani,
909 5737 1198 5802 adiutorem
1226 5737 1479 5798 scaenam
1505 5744 1662 5792 redire
1693 5737 2008 5803 pernititntts.

1283 333 1547 389 ιιυλτίιι
1589 323 2013 383 causaoxtua
2057 322 2507 391 noxn'ts'mu,
2549 330 2601 384 s.
2648 331 3018 388 AlfGUSTINl

543 480 610 530 qu
651 461 788 512 uiam
818 455 1012 510 dixisti.
1051 452 1254 504 Factum
1301 457 1372 500 est
1411 456 1464 498 ut
1511 461 1563 496 se
1593 440 1834 494 Ecclesia:
1867 436 2118 490 redditlis-
2147 427 2158 437 ’

3707 333 3811 364 ’(Ὗνὶ

3704 355 3815 382 οὶὸξῦ

2235 440 2475 495 tralatos?
2502 443 2660 511 Cujus
2687 457 2859 500 autem
2888 447 3113 506 animus.
3152 447 3303 516 cujus
3349 449 3504 506 vires.
3533 450 3684 514 cujus
3709 453 3815 500 Ilu-

2229 547 2326 598 gUa
2363 533 2585 586 sufﬁciat
2615 535 2852 604 proloqui
2877 544 2980 590 tam
3011 535 3402 589 intolerandum
3431 536 3717 590 dolorem?
3747 549 3813 589 ut

2230 637 2351 688 pars
2401 623 2583 676 Donati
2629 625 2848 680 discissa
2901 627 3241 690 resarciatur,
3275 641 3372 682 nec
3425 627 3600 680 socios
3647 628 3813 681 Afros

2230 713 2281 766 itt
2309 713 2482 768 Africa
2508 715 2695 784 polluit
2736 716 3121 780 Maximianus;
3153 733 3219 772 ne
3257 718 3322 771 ad
3374 719 3540 786 ipsam
3573 719 3810 772 radicem

2230 805 2445 859 unitatis
2469 808 2596 860 rami
2622 808 2768 861 fracti
2800 810 3004 878 regredi
3035 811 3428 878 permittantnr,
3461 821 3537 863 tot
3559 812 3810 865 remotis-

2228 895 2389 949 simas
2418 906 2602 964 gentes
2629 897 2816 964 polluit
2845 914 2908 953 ex
2942 895 3114 953 Africa
3140 899 3488 954 Gecilianus!

2298 988 2520 1044 CAPUT
2549 988 2812 1044 XXXVII.
2836 1021 2905 1030 —
2932 991 3020 1045 44.
3054 991 3130 1044 Ex
3160 991 3246 1046 die
3293 992 3503 1046 concilii
3556 992 3808 1059 Bagrieu-

2229 1080 2322 1141 sis,
2356 1080 2457 1135 ltoc
2484 1093 2586 1147 e5t,
2619 1083 2685 1136 ab
2723 1091 2911 1138 octavo
2963 1084 3302 1138 calendarum
3349 1084 3495 1149 mali,
3547 1098 3714 1153 usque
3740 1084 3805 1136 ad

2229 1171 2365 1225 diem
2387 1172 2524 1227 data:
2545 1173 2811 1229 dilationis
2841 1175 3001 1242 illius,
3032 1175 3133 1230 hoc
3153 1185 3253 1240 est,
3282 1185 3525 1230 octavum
3557 1177 3807 1230 calenda-

2231 1279 2346 1316 rutn
2371 1264 2619 1330 jauuarii,
2649 1276 2769 1320 octo
2809 1283 3018 1322 menses
3058 1278 3421 1322 mtmerantnr.
3472 1268 3524 1321 In
3571 1268 3670 1322 hoc
3702 1280 3807 1320 tam

2231 1354 2389 1425 longo
2419 1359 2672 1426 temporis
2700 1359 3000 1421 intervallo,
3033 1359 3103 1413 illi
3132 1362 3324 1428 quibus
3345 1360 3530 1414 dilatio
3560 1360 3682 1414 data
3705 1371 3805 1418 est,

2232 1448 2632 1503 maeulabantur
2662 1451 2916 1505 societate
2947 1451 3180 1506 damnati
3232 1451 3557 1518 Maximiani,
3590 1467 3655 1504 an
3704 1466 3807 1504 non

2232 1541 2668 1596 maculabantur?
2719 1543 2772 1598 Si
2814 1543 3230 1609 maculabantur,
3281 1544 3545 1612 quomodo
3592 1544 3806 1606 dit-itur,

2235 1631 2337 1684 Eos
2365 1641 2532 1704 autem
2550 1649 2674 1701 quos
2695 1633 2926 1704 sacrilegi
2953 1632 3142 1686 surculi
3160 1651 3257 1686 non
3281 1631 3504 1703 polluere
3530 1632 3806 1698 plantaria,

2232 1722 2300 1774 ad
2325 1731 2530 1773 matrem
2562 1719 2842 1775 Ecclesiattt
2873 1723 3038 1775 redire
3077 1722 3435 1792 permisimus?
3464 1723 3519 1775 Si
3550 1739 3652 1774 non
3701 1739 3813 1774 nta-

2233 1809 2567 1873 culabantnr,
2612 1812 2877 1880 quomodo
2922 1827 3020 1866 nos
3063 1822 3218 1881 atque
3245 1827 3433 1866 omnes
3463 1818 3580 1881 que
3613 1813 3813 1880 ultique

2234 1914 2356 1955 sunt
2389 1903 2706 1957 cltristianas
2735 1913 2918 1969 gentes
2947 1904 3114 1971 potuit
3140 1904 3453 1973 ignotorum.
3488 1919 3592 1955 non
3639 1903 3810 1955 dicam

2235 1995 2510 2061 falsorum,
2549 1996 2813 2049 maculare
2839 1996 3130 2049 alienorum
3171 1995 3414 2062 contagio
3438 1994 3815 2062 peccatorum?

2236 2087 2342 2139 Sed
2379 2087 2510 2148 ideo,
2545 2087 2732 2156 inquit,
2758 2085 2934 2138 dilatio
2964 2085 3085 2138 data
3133 2097 3226 2148 est,
3280 2101 3393 2151 qua’
3434 2085 3477 2138 si
3533 2087 3811 2146 transisset,

2234 2177 2337 2232 illis
2363 2195 2461 2230 non
2487 2178 2806 2232 redeuntibus
2851 2188 2965 2230 tunc
3007 2178 3400 2240 macularentur,
3448 2187 3497 2231 et
3537 2179 3590 2229 in
3620 2193 3816 2245 prmum

2236 2267 2574 2321 damnationis
2599 2268 2932 2321 incurrerent.
2965 2267 3082 2322 Non
3106 2283 3232 2337 ergo
3259 2282 3352 2320 eos
3373 2276 3644 2334 peccatum
3678 2267 3822 2319 illius

2235 2358 2526 2424 societatis,
2565 2357 2657 2412 scd
2712 2357 2814 2412 dici
2861 2357 3170 2412 constitutio
3224 2355 3640 2410 maculabatzsi
3692 2371 3826 2424 ergo.

2238 2451 2413 2504 nullus
2442 2451 2556 2504 dies
2582 2451 3013 2516 Constituerettfr,
3048 2448 3367 2503 intntaculati
3394 2449 3574 2517 utique
3606 2462 3816 2516 perma-

2239 2551 2428 2595 nerett
2476 2541 2610 2608 Quid
2634 2541 2698 2594 de
2724 2541 2873 2594 vobis
2914 2540 3052 2594 male
3100 2539 3294 2593 meruit
3332 2538 3476 2592 orbis
3515 2537 3821 2591 terrarum?

2238 2629 2346 2684 Cur
2371 2630 2509 2683 cnim
2533 2630 2845 2682 maculatum
2869 2627 3155 2697 perhibetis
3197 2627 3426 2696 peccatis
3462 2627 3673 2687 alienis,
3728 2627 3813 2680 cui

2242 2720 2443 2774 nulluut
2476 2730 2682 2788 tempus
2704 2719 2970 2773 d.lati0nis
2994 2717 3378 2780 constituistis;
3424 2731 3543 2771 eum
3583 2725 3726 2769 tanta
3755 2716 3827 2769 sit

2243 2821 2413 2864 vestra
2439 2809 2688 2879 potentia,
2719 2817 2775 2862 ut
2800 2808 3042 2862 homines
3081 2806 3292 2876 quando
3338 2807 3538 2869 volunt,
3574 2816 3826 2872 peccato-

2244 2902 2390 2956 ribus
2410 2901 2698 2965 sociemur,
2735 2909 2785 2954 et
2832 2897 3042 2969 quando
3090 2898 3395 2962 volueritis,
3452 2896 3829 2964 inquiin-mur?

2244 2993 2557 3047 Iunoceutcs
2581 3002 2632 3047 et
2660 2991 2916 3062 impolluti
2960 3000 3114 3046 erant
3134 2993 3173 3058 ¹,
3204 2989 3398 3058 quibus
3426 2988 3476 3041 in
3524 2996 3670 3055 parte
3714 2986 3829 3039 Ma-

2245 3083 2458 3137 ximiani
2486 3081 2709 3136 dabatur
2728 3081 2932 3146 dilatio,
2957 3081 3092 3135 intra
3113 3080 3261 3150 cujus
3292 3079 3430 3132 diem
3453 3078 3495 3130 si
3523 3085 3833 3131 remearent

2247 3173 2311 3226 ad
2341 3188 2454 3234 vos,
2486 3172 2948 3242 ltabereutintegri
2980 3170 3194 3224 honoris
3216 3185 3277 3223 ac
3294 3168 3410 3222 titlei
3441 3167 3780 3220 fundamenta
3815 3186 3828 3220 :

2247 3263 2496 3317 siautem
2543 3263 2627 3316 ille
2653 3261 2770 3316 dies
2819 3263 2898 3315 eis
2947 3276 3048 3314 non
3104 3258 3448 3313 redeuntibus
3501 3257 3828 3325 praeteriret,

2253 3363 2375 3406 tunc
2406 3353 2618 3422 polluti,
2663 3361 2786 3406 tunc
2823 3349 3088 3412 scelerati,
3124 3360 3247 3402 tunc
3283 3347 3470 3416 perditi
3509 3343 3832 3413 supplicium

2249 3444 2606 3499 damnationis
2631 3444 2978 3503 incurrerent,
3004 3450 3127 3494 tunc
3152 3438 3557 3504 lmmiliarentnr
3598 3451 3695 3504 per
3717 3449 3834 3504 pcn-

2251 3534 2548 3589 nitentiam.
2576 3532 2886 3600 Degradatio
2912 3531 3041 3584 mira
3066 3527 3461 3599 przndicentium
3489 3525 3766 3578 hominum
3789 3525 3831 3585 ’,

2255 3641 2358 3678 non
2399 3624 2530 3694 jam,
2574 3632 2646 3688 ut,
2681 3632 2832 3677 vetns
2877 3621 3214 3692 proverbium
3265 3620 3446 3680 fertur,
3500 3617 3650 3682 Quod
3693 3616 3838 3670 volu-

2253 3733 2365 3769 mus
2412 3725 2638 3768 sanctum
2679 3723 2784 3778 est;
2829 3713 2922 3766 sed
2978 3713 3158 3777 etiam,
3209 3708 3427 3778 Quando
3470 3708 3740 3768 volumus,
3784 3714 3841 3762 ct

2254 3805 2502 3876 quamdiu
2531 3804 2807 3858 volumus!
2846 3803 3126 3872 Contingat
3174 3799 3326 3854 alicui
3358 3796 3671 3852 vestrumin
3717 3797 3837 3849 navi

2255 3911 2410 3952 orare
2436 3895 2731 3960 nobiscum,
2769 3896 2878 3964 jam
2907 3894 3158 3963 pollutus,
3209 3892 3317 3962 jam
3363 3889 3585 3944 traditor
3606 3889 3845 3958 appella-

2259 3994 2363 4040 tur.
2387 3984 2788 4040 Communicnnt
2815 3983 2996 4038 altaria
3019 3981 3357 4037 damnatores
3405 3978 3662 4034 Primiani
3717 3993 3842 4031 cum

2257 4077 2576 4131 Maximiano
2596 4076 2830 4130 veritatis
2849 4074 3107 4140 adultero,
3123 4072 3376 4127 Ecclesiae
3399 4070 3578 4124 matris
3601 4068 3840 4130 inimico,

2259 4167 2464 4232 Datbat,
2495 4167 2672 4222 Chore
2698 4178 2750 4221 et
2779 4167 2980 4221 Abit-on
3027 4164 3289 4230 ministro,
3318 4171 3373 4218 et
3396 4178 3489 4232 per
3531 4170 3652 4214 octo
3694 4175 3848 4214 meu-

2259 4275 2346 4315 ses
2394 4260 2704 4315 innocentes
2748 4257 3111 4328 impollutique
3153 4257 3462 4325 persistuut.
3515 4251 3749 4307 Proinde
3801 4253 3844 4305 si

2261 4353 2348 4422 qui
2375 4367 2436 4407 ex
2464 4352 2543 4404 his
2568 4367 2706 4404 nono
2732 4350 3068 4403 calendarum
3089 4347 3110 4378 ⁸
3133 4347 3359 4417 januarii
3392 4362 3450 4400 se
3479 4354 3671 4399 vestrae
3699 4359 3848 4398 com-

2263 4443 2500 4496 munioni
2537 4439 2900 4502 reddiderunt,
2954 4438 3022 4494 de
3073 4439 3431 4492 innocentium
3483 4434 3612 4488 estis
3671 4434 3848 4486 reditu

2261 4532 2526 4603 gratulati,
2571 4547 2755 4586 eorum
2799 4531 3021 4593 scilicet,
3068 4543 3200 4597 quos
3221 4525 3462 4595 sacrilegi
3504 4523 3706 4578 surculi
3740 4538 3846 4575 non

2265 4627 2502 4696 polluere
2551 4625 2827 4694 plantaria.
2872 4622 3006 4690 Quid
3041 4635 3132 4674 vos
3185 4627 3589 4690 promeruernnt
3629 4625 3708 4668 tot
3734 4616 3852 4668 dies

2266 4729 2386 4774 octo
2428 4717 2712 4781 mensium,
2767 4731 2795 4768 a
2840 4715 2928 4769 die
2971 4723 3163 4768 octavo
3206 4709 3542 4766 calendarum
3585 4708 3851 4760 maiarum

2270 4825 2435 4880 usque
2461 4808 2524 4862 ad
2566 4808 2706 4862 diem
2759 4816 3003 4860 octavum
3048 4802 3389 4858 calendarum
3427 4799 3677 4870 januarii,
3716 4814 3855 4866 quos

2271 4902 2340 4955 ita
2395 4898 2785 4962 sanetilicastis,
2835 4906 2894 4951 ut
2951 4910 3045 4965 per
3092 4910 3186 4952 eos
3220 4893 3539 4963 quicumque
3609 4905 3856 4942 commu-

2272 4993 2413 5047 nioni
2440 4989 2679 5059 Sacrilegi
2709 4997 2866 5059 atque
2895 4986 3129 5042 damnati
3154 4982 3456 5043 Maximiani
3495 4981 3855 5039 cobasrerent,

2272 5101 2377 5139 non
2409 5084 2792 5154 polluerentur,
2821 5094 2920 5135 nec
2962 5077 3302 5134 efﬁcerentur
3330 5072 3616 5129 nocentes?
3651 5072 3857 5140 thuid

2341 5242 2355 5272 ι
2384 5238 2736 5308 aestimando
2751 5232 3000 5308 ,υοιυρνίιέε
3021 5231 3346 5308 ρβεσρφτίδιέξ
3366 5228 3695 5308 ερεῗςπέειπξεε
3711 5239 3864 5308 911ἮΞ⁴

2231 5321 2240 5330 ο
2279 5301 2344 5351 do
2365 5287 2602 5350 t‘oluet'it'ix
2625 5287 2932 5360 inguinentur
2963 5287 3250 5346 itu'tocattes.
3287 5297 3342 5342 ει
3368 5290 3480 5353 jam
3509 5287 3681 5352 polluti
3704 5294 3862 5336 erant.

2277 5364 2574 5424 Castigantur
2595 5374 2657 5410 ex
2685 5369 2787 5424 Mss.

2343 5409 2457 5471 ῐςίέ
2482 5409 2583 5470 uss.
2609 5409 2664 5470 At
2687 5422 2824 5482 editi,
2858 5431 2944 5482 per
2982 5415 3308 5482 pwniteutiam
3350 5409 3696 5482 degradatione
3741 5409 3870 5482 ﬁtfit!

2281 5469 2658 5546 prteiliccntinm
2689 5469 2952 5546 hominum.
2976 5469 3038 5517 ἷ-
3059 5477 3223 5546 Morel.
3251 5469 3610 5546 ﬂent-:CriliC-g
3637 5484 3749 5546 [133-
3765 5469 3867 5537 W9»

2281 5530 2860 5606 hriiti'istuigttigcmium,
2900 5555 2986 5606 per
3019 5530 3358 5604 pamitcntiam.
3404 5543 3442 5584 Ο
3481 5530 3708 5597 gradatio
3747 5530 3872 5586 "tim

2282 5606 2362 5671 pie
2379 5602 2643 5671 dignationi
2660 5602 2935 5671 hominum!
2955 5666 2964 5671 _
2982 5602 3036 5651 Μ’.

2345 5668 2523 5776 inditi,
2550 5666 2708 5730 quinta
2731 5665 2823 5716 cal.
2861 5666 3028 5714 verius
3064 5670 3227 5714 autem
3250 5658 3555 5710 Oorbeiensis
3591 5663 3674 5706 tus.
3696 5689 3709 5716 ,
3750 5662 3872 5702 none

2289 5743 2378 5778 ται.
