4024 6196
242 346 331 403 επ
1191 390 1194 392 γ
1587 337 1783 393 LIBER
1820 337 2166 404 QUARTUS.

237 475 321 512 vos
359 455 572 511 oll‘endit
619 461 723 508 tam
758 465 970 509 sanctus
1013 458 1128 510 dies
1174 459 1363 510 natalis
1389 455 1550 525 ipsius
1588 455 1795 510 Domini

238 548 407 612 nostri,
440 555 496 600 ut
528 545 672 600 solus
697 545 924 600 adventi
957 556 1008 599 et
1034 547 1254 600 transitu
1298 561 1396 600 suo
1423 546 1680 616 pollueret
1717 545 1797 598 in-

236 648 503 700 nocentes;
530 647 689 705 atque
718 636 772 691 in
799 637 876 690 eis
903 637 990 705 qui
1020 638 1070 690 in
1100 638 1188 690 illo
1231 636 1517 691 schismate
1557 637 1795 705 baptiza-

237 740 422 792 verunt,
458 743 551 797 per
593 743 781 782 omnes
816 728 937 781 illos
978 728 1092 782 dies
1144 738 1361 782 sanctus
1408 737 1648 784 maneret
1696 727 1798 782 Ba-

236 824 438 888 ptismus
480 818 777 882 Cbristi,et
831 819 1132 874 immundus
1188 818 1340 874 tieret
1407 835 1506 890 per
1559 819 1791 872 natalem

232 911 406 966 Christi
424 910 448 962 ?

292 999 508 1055 CAPUT
537 998 822 1054 XXXVIII.
853 1029 918 1040 --
941 1000 1029 1054 45.
1057 999 1191 1068 Quid
1221 1016 1323 1053 non
1346 999 1538 1054 audeat
1563 999 1794 1054 humana

232 1091 522 1153 temeritas,
567 1105 685 1144 cum
727 1090 777 1143 in
817 1091 1130 1144 sententiam
1178 1089 1387 1144 nefandi
1434 1090 1794 1159 pra~cipitatur

231 1183 431 1247 erroris,
463 1197 619 1251 quam
646 1183 946 1250 relinquere
975 1193 1188 1251 propter
1211 1183 1497 1236 vanitatem
1530 1182 1709 1251 pudet.
1737 1191 1793 1235 et

231 1273 502 1331 defendere
531 1282 711 1326 contra
741 1275 1012 1327 veritatem
1039 1290 1140 1326 non
1163 1273 1370 1344 pudet?
1395 1272 1499 1328 Sed
1521 1273 1644 1342 quid
1670 1273 1793 1326 hinc

231 1366 386 1434 plura,
419 1365 506 1417 ubi
533 1363 756 1433 quilibet
782 1361 1248 1429 obstinatissimus,
1277 1365 1363 1433 qui
1390 1374 1570 1418 contra
1603 1378 1790 1418 omnes

228 1473 368 1512 voces
397 1458 616 1511 rationis
643 1456 914 1522 obduruit,
946 1470 1166 1510 necesse
1195 1465 1277 1509 est
1308 1455 1552 1520 fateatur,
1579 1455 1643 1509 de
1668 1455 1789 1522 qui-

228 1549 312 1601 bus
336 1547 527 1601 dicitur
546 1589 559 1609 ,
596 1546 656 1600 Si
682 1562 736 1600 se
773 1544 1012 1600 Ecclesia:
1043 1545 1377 1599 reddidissent
1398 1587 1412 1606 ,
1445 1556 1490 1598 et
1515 1554 1631 1598 ante
1655 1545 1787 1597 diem

225 1632 546 1706 prastitutum
585 1638 796 1692 restituti
819 1647 1020 1700 essent;
1048 1653 1166 1707 qum
1193 1637 1352 1690 verba
1384 1637 1495 1705 ipse
1524 1637 1739 1705 posuisti
1771 1653 1784 1689 :

221 1748 304 1788 eos
328 1732 554 1801 denique
591 1732 656 1786 de
698 1731 888 1799 quibus
913 1730 1139 1795 dicitur,
1171 1729 1251 1782 Ad
1274 1737 1480 1782 matrem
1510 1727 1788 1781 Ecclesium

219 1825 366 1877 redire
405 1823 745 1893 permisimus.
782 1821 858 1875 De
895 1822 1232 1875 innocentium
1254 1821 1416 1874 reditu
1447 1820 1783 1890 gratulamur.

220 1917 282 1966 Ac
304 1930 363 1967 ne
387 1922 663 1982 angustum
685 1912 1008 1967 redeuntibus
1034 1921 1230 1980 tempus
1257 1927 1395 1981 spem
1415 1909 1590 1963 salutis
1621 1920 1787 1962 arcta-

217 2017 274 2057 tte
297 2004 390 2056 diei
421 2019 662 2073 pressura
686 2002 950 2065 subducat,
979 2018 1133 2070 usque
1154 2003 1206 2054 in
1232 2000 1378 2056 illum
1404 2001 1535 2054 diem
1564 1999 1784 2070 agnitio-

219 2095 285 2147 nis
312 2093 583 2162 pandimus
595 2093 833 2163 januam,
853 2101 908 2144 ut
927 2092 1110 2161 integri
1130 2091 1335 2144 honoris
1354 2107 1414 2144 ac
1435 2090 1553 2157 ﬁdei
1575 2090 1786 2160 regressi

214 2186 411 2243 habeant
442 2185 776 2254 fundamenta
797 2200 817 2249 ;
845 2200 996 2254 quam
1023 2183 1284 2252 quisquam
1313 2183 1358 2236 si
1385 2181 1582 2252 ingredi
1609 2181 1786 2250 nequi-

213 2279 320 2332 rerit
346 2280 496 2354 pigra
521 2277 765 2346 segnitia,
795 2277 920 2330 sciat
945 2275 1040 2330 sibi
1068 2275 1135 2328 ad
1161 2291 1332 2330 omnes
1361 2275 1576 2328 veniales
1615 2274 1785 2329 aditus

211 2371 328 2422 riam
355 2386 465 2423 esse
487 2368 801 2423 subductam.
830 2367 894 2420 Et
921 2376 1031 2436 post
1056 2366 1387 2436 prmstitutum
1415 2365 1545 2416 diem
1569 2365 1784 2417 redeun-

211 2461 328 2514 tibus
353 2460 464 2528 ῥεια
492 2459 782 2528 poenitentia
805 2457 858 2520 ’ς
902 2471 1020 2526 qua:
1056 2455 1216 2509 verba
1257 2453 1477 2508 trecenti
1521 2461 1574 2506 et
1597 2452 1782 2511 decem

210 2551 254 2601 in
281 2549 547 2604 sententia
583 2563 676 2602 sua
707 2547 864 2602 toties
895 2545 1226 2600 inculcarunt
1255 2562 1268 2598 :
1297 2558 1516 2597 necesse
1551 2551 1632 2595 est
1657 2583 1669 2604 ,
1701 2541 1781 2594 in-

207 2656 351 2708 quam
372 2682 387 2706 ,
421 2640 650 2710 quilibet
686 2639 1024 2694 adversarius
1056 2637 1316 2702 fateatur,
1346 2635 1560 2689 eosdem
1592 2635 1784 2704 quibus

209 2733 297 2784 ista
323 2731 618 2788 dicuntur.
662 2739 945 2800 antequam
988 2744 1047 2783 se
1092 2729 1242 2782 vobis
1283 2727 1603 2788 redderent,
1636 2737 1786 2780 ante-

206 2839 355 2892 quam
385 2823 542 2879 vobis
567 2822 992 2887 restituerentur,
1015 2830 1296 2890 antequam
1319 2818 1385 2873 ad
1408 2834 1501 2872 vos
1529 2817 1781 2882 redirent,

207 2925 486 2984 antequam
537 2915 762 2985 regressi
799 2914 1014 2984 januam
1058 2912 1326 2967 dilationis
1356 2909 1780 2980 ingrederentur,

208 3021 304 3058 non
335 3006 505 3060 fuisse
536 3006 835 3066 vobiscum;
881 3013 1029 3058 extra
1069 3011 1299 3057 vestram
1327 2999 1780 3062 conununionem,

208 3094 254 3146 in
280 3110 345 3148 eo
372 3086 664 3149 schismate
684 3137 699 3160 ,
727 3109 832 3164 quo
862 3108 920 3148 se
946 3109 974 3146 a
1000 3093 1150 3146 vobis
1173 3097 1576 3160 separaverant,
1609 3089 1782 3157 bapti-

206 3197 350 3238 sasse
383 3202 397 3238 :
424 3184 549 3239 inde
570 3184 720 3238 vobis
742 3183 929 3237 redditi
956 3198 1018 3235 ac
1039 3181 1288 3244 restituti,
1315 3181 1400 3233 ubi
1423 3195 1452 3232 a
1479 3179 1626 3232 vobis
1649 3179 1782 3232 alie-

208 3276 306 3328 nati
333 3283 516 3338 crant,
543 3273 663 3327 inde
685 3273 749 3326 ad
773 3286 866 3325 vos
893 3272 1176 3325 redeuntes
1199 3279 1252 3324 et
1276 3269 1655 3337 rcgredientes,
1679 3284 1784 3337 quo

200 3377 224 3415 a
253 3364 407 3418 vobis
441 3364 572 3416 foris
603 3370 751 3416 erant
777 3402 789 3422 ,
833 3370 885 3414 et
918 3369 1194 3413 tenuerunt
1233 3374 1335 3410 non
1363 3358 1653 3410 diminutos
1689 3355 1785 3409 bo-

202 3473 354 3510 nores
387 3470 521 3508 suos
547 3495 562 3519 ,
591 3462 644 3506 et
673 3467 852 3506 secum
883 3449 1290 3505 introduxerunt
1317 3464 1420 3503 non
1453 3448 1783 3517 rebaptizan-

197 3545 284 3601 dos
313 3545 619 3613 baptizatos
649 3543 818 3596 suos?

258 3634 500 3690 CAPUT
525 3633 765 3688 XXXIX.
785 3663 856 3673 -—
879 3632 966 3687 46.
990 3631 1124 3699 Quid
1149 3631 1320 3686 adhuc
1345 3631 1585 3700 pessima:
1607 3647 1784 3687 causa:

200 3724 553 3792 patrocinium
625 3721 1104 3791 pertinacissimum
1173 3721 1422 3788 prcebes?
1491 3721 1783 3788 Acquiesce

200 3815 433 3879 tandem,
472 3828 577 3866 non
608 3812 760 3878 mihi,
788 3811 880 3865 sed
905 3811 1003 3880 ipsi
1032 3826 1131 3880 qua
1156 3808 1528 3862 convincimini
1552 3808 1780 3861 veritati.

200 3904 325 3960 Vide
352 3919 519 3975 quam
562 3917 745 3957 verum
771 3901 993 3955 dixerim
1017 3942 1030 3964 ,
1058 3899 1198 3968 quod
1238 3899 1429 3952 frustra
1467 3897 1784 3954 labefactare

199 4004 422 4047 conatus
449 4008 528 4054 es,
559 4002 751 4060 quanta
785 3992 886 4045 sint
919 4005 1016 4060 pro
1044 4004 1170 4057 pace
1199 3987 1493 4042 toleranda.
1525 3990 1697 4056 Atque
1727 3997 1787 4042 ut

200 4083 396 4138 eisdem
431 4082 722 4137 identidem
755 4081 930 4134 verbis
961 4089 1080 4132 utar
1101 4121 1116 4144 ,
1143 4078 1334 4148 quibus
1364 4079 1416 4132 in
1454 4078 1560 4132 illis
1599 4079 1784 4133 litteris

200 4191 318 4229 usus
342 4191 487 4238 sum,
520 4190 612 4242 pro
638 4189 760 4243 pace
779 4171 967 4226 Christi
987 4171 1142 4224 redite
1162 4171 1228 4222 ad
1258 4168 1532 4222 Ecclesium
1553 4184 1665 4236 quia
1684 4185 1786 4222 non

203 4265 458 4319 danmarit
485 4265 762 4334 incognita,
793 4263 837 4316 si
863 4279 954 4332 pro
978 4277 1096 4327 pace
1125 4260 1313 4313 Donati
1341 4259 1530 4327 placuit
1554 4275 1788 4314 revocare

199 4359 436 4406 damnata
487 4353 640 4423 (Lib.
677 4353 699 4406 1
758 4361 930 4405 contra
976 4350 1186 4404 Litteras
1241 4349 1512 4408 Petiliani,
1554 4366 1608 4401 η.
1655 4348 1782 4419 14).

198 4441 252 4495 Si
297 4445 443 4498 enim
512 4459 577 4497 ex
629 4443 708 4496 his
755 4441 1036 4496 duodecim
1093 4456 1227 4509 quos
1291 4457 1411 4494 cum
1467 4440 1786 4494 Maximiano

201 4535 308 4588 sine
346 4535 612 4589 dilatione
649 4533 1066 4598 damnaverant,
1106 4532 1428 4586 Felieiannm
1463 4541 1517 4586 et
1558 4533 1788 4586 Praetex-

207 4633 364 4678 totum
415 4633 603 4694 postea
649 4632 984 4694 receperunt,
1030 4623 1295 4692 quomodo
1341 4621 1529 4676 falsum
1570 4631 1652 4677 est
1692 4636 1788 4676 eos

206 4729 488 4769 revocasse
515 4714 759 4768 damnata
783 4714 805 4766 ?
830 4713 882 4768 Si
911 4722 1085 4766 autem
1109 4721 1161 4766 et
1187 4713 1315 4780 ipsis
1340 4713 1522 4766 dilatio
1540 4712 1660 4766 data
1682 4721 1782 4774 est,

202 4817 332 4869 quos
357 4805 638 4869 dixerunt,
669 4804 935 4857 damnatos
955 4818 1060 4856 esse
1083 4803 1400 4872 cognoscite;
1425 4802 1631 4856 etiamsi
1663 4801 1786 4855 nul-

202 4895 280 4946 lus
304 4908 500 4948 eorum
531 4903 710 4962 postea
753 4904 1053 4960 remearet,
1088 4893 1283 4962 placuit
1323 4902 1497 4947 tamen
1535 4907 1787 4947 revocare

200 4991 448 5039 damnata
480 5026 496 5049 ,
529 4985 741 5055 quando
781 4992 898 5054 post
924 4985 1241 5039 sententiam
1283 4999 1385 5052 qua
1423 4983 1620 5036 dictum
1665 4991 1741 5036 cst
1767 5023 1784 5049 ,

199 5082 472 5131 damnatos
498 5093 603 5130 esse
625 5077 924 5146 cognoscite,
954 5075 1075 5128 data
1098 5083 1180 5128 est
1203 5074 1408 5138 dilatio,
1431 5089 1530 5142 qua
1558 5074 1636 5127 eis
1659 5073 1786 5128 lice-

201 5177 278 5221 ret
305 5180 568 5222 evacuata
613 5167 949 5222 damnatione
971 5181 1228 5220 remeare.
1255 5165 1377 5218 Haec
1404 5165 1542 5218 dicta
1570 5162 1787 5218 sufﬁce-

203 5271 351 5322 rent.
385 5261 601 5315 etiamsi
646 5275 827 5314 verum
874 5267 1017 5314 esset
1061 5256 1199 5326 quod
1241 5265 1293 5311 te
1328 5255 1498 5322 dicis,
1528 5271 1647 5309 cum
1691 5254 1790 5308 hac

200 5367 354 5403 caiisa
389 5350 884 5404 Maximianensium
915 5349 1065 5402 valde
1106 5357 1378 5417 permotus
1408 5362 1583 5406 esses,
1616 5361 1644 5398 a
1686 5346 1788 5399 tuis

201 5460 212 5489 ι
234 5440 475 5508 ιιὶθευνίε
503 5443 814 5508 cognovisse
840 5457 852 5492 :
880 5439 1003 5508 quid
1027 5451 1201 5491 autem
1225 5439 1358 5506 agis,
1383 5437 1502 5506 quia
1524 5447 1576 5490 et
1599 5436 1791 5489 falsum

198 5537 317 5584 est?
345 5534 574 5599 Quaere,
604 5543 692 5585 aut
719 5533 760 5586 si
787 5531 966 5597 habes,
993 5531 1190 5601 inspice
1210 5531 1348 5584 diem
1370 5539 1638 5599 gestorum
1664 5545 1784 5597 pto-

198 5747 216 5808 l
259 5689 274 5717 ¹
300 5686 410 5736 Sola
432 5686 591 5796 ,εξἳὶϋο
607 5694 735 5748 l.0v.,
756 5685 907 5752 fixam
930 5684 1286 5752 postliminium;
1324 5683 1584 5744 referendo
1607 5684 1664 5738 ad
1689 5699 1791 5738 ver-

220 5761 330 5808 um,
366 5760 472 5798 seta
503 5781 513 5793 .

220 5761 330 5808 um,
366 5760 513 5798 seuit.

3383 359 3486 415 574

1908 461 2262 515 consularium
2289 505 2301 525 ,
2333 480 2436 534 quo
2469 468 2750 536 postulatio
2789 472 2923 528 dicta
2966 485 3048 529 est
3085 491 3114 530 a
3147 477 3357 533 Titiano
3383 483 3480 536 ad-

1905 562 2091 603 versus
2135 550 2458 610 Felicianum
2508 569 2561 613 et
2601 561 2971 619 Prmtextatum
2999 607 3014 629 ,
3063 578 3118 622 ut
3165 571 3482 637 pellerentur

1905 640 2036 695 locis
2062 642 2158 714 (a),
2185 653 2238 699 et
2256 647 2375 718 vide
2395 663 2592 719 quanto
2617 665 2733 722 post
2753 656 2892 710 diem
2920 658 3186 715 dilationis
3217 663 3358 717 illius
3382 665 3481 722 hoc

1905 729 2096 786 factum
2126 745 2226 788 est.
2254 736 2384 792 Nam
2407 739 2521 796 dies
2543 751 2626 797 est
2645 747 2850 800 concilii
2877 747 3179 817 Bagaieusis
3203 755 3478 808 consulatu

1903 822 2258 893 Augustorum
2290 829 2501 886 Arcadii
2533 848 2587 887 tu
2618 844 2671 889 et
2706 835 2922 891 Honorii
2957 840 3144 894 iterum
3173 854 3359 896 octavo
3386 860 3477 898 ca-

1905 915 2178 974 lendarum
2204 922 2324 975 maii
2347 964 2359 984 ,
2391 923 2504 979 dies
2534 937 2708 981 autem
2740 929 3006 986 dilationis
3047 933 3169 988 hinc
3207 950 3374 1005 usque
3414 939 3476 991 ad

1900 1015 2142 1062 Octavum
2186 1009 2524 1068 calendarum
2569 1016 2793 1084 januarii
2829 1035 2842 1071 :
2885 1022 3167 1088 postulatio
3208 1039 3334 1078 vero
3378 1026 3474 1079 ista

1900 1099 2094 1156 Titiani
2119 1101 2260 1158 dicta
2279 1115 2372 1170 est
2398 1115 2518 1175 post
2546 1108 2690 1162 illum
2719 1111 3054 1166 consulatum
3085 1113 3171 1168 die
3197 1128 3347 1170 sexto
3378 1135 3474 1171 uo-

1899 1206 1994 1244 nas
2022 1193 2214 1246 martii.

1967 1279 2193 1336 CAPUT
2221 1283 2328 1338 XL.
2362 1315 2433 1324 —
2453 1286 2542 1340 47.
2574 1286 2801 1343 Proinde
2830 1301 3046 1358 apparet
3073 1293 3283 1346 tertium
3309 1293 3475 1350 ferme

1896 1372 1979 1441 agi
2005 1389 2261 1441 mensem,
2294 1391 2412 1431 cum
2440 1393 2468 1432 a
2502 1381 2817 1448 proconsule
2849 1386 3064 1450 petitur,
3091 1394 3147 1437 ut
3174 1385 3474 1441 belieianus

1897 1475 1947 1518 ct
1974 1465 2322 1522 Prmtextatus
2343 1469 2558 1525 sedibus
2585 1473 2960 1542 propulsentur
2982 1485 3226 1544 tanquam
3257 1478 3473 1548 collegae

1896 1553 2215 1620 Maximiani,
2247 1573 2379 1627 quos
2409 1559 2507 1613 sibi
2535 1563 2933 1617 consociaverat
2962 1565 3028 1618 ad
3057 1564 3309 1622 furorem.
3340 1568 3471 1622 Nam

1895 1659 2014 1698 cum
2046 1657 2373 1700 memoratus
2414 1649 2698 1704 advocatus
2724 1652 2790 1704 de
2815 1652 3132 1709 Maximiano
3159 1656 3298 1724 quod
3324 1657 3472 1712 sufli-

1894 1749 2018 1788 cere
2043 1735 2351 1803 videbatur,
2383 1738 2433 1792 in
2460 1739 2644 1794 eadem
2678 1743 3030 1809 postulatione
3059 1744 3286 1798 dixisset
3317 1764 3330 1798 :
3365 1745 3471 1801 Eos

1893 1843 2109 1898 quoque,
2143 1828 2349 1898 inquit,
2379 1847 2502 1900 quos
2541 1833 2720 1886 aliena:
2758 1836 3165 1905 praesumptionis
3205 1853 3344 1891 error
3389 1848 3469 1890 at-

1895 1925 2153 1979 traxerat,
2190 1928 2337 1986 portu
2376 1921 2538 1989 primo
2571 1923 2828 1990 preposilo
2865 1924 3134 1990 ptenitendi
3155 1965 3170 1989 ,
3210 1926 3255 1977 si
3294 1928 3470 1979 rercrli

1891 2017 2162 2075 cuperent,
2193 2009 2329 2061 intra
2356 2020 2549 2079 tempus
2576 2012 2645 2064 ad
2673 2013 2931 2082 religionis
2971 2016 3217 2068 tramitem
3257 2017 3469 2070 destitu-

1893 2108 1996 2150 tum
2013 2099 2052 2161 ¹,
2080 2100 2195 2168 pari
2222 2101 2404 2170 vigoris
2423 2103 2763 2158 admonitione
2785 2107 3105 2174 compescuit.
3127 2106 3234 2161 Sed
3257 2109 3360 2162 suis
3385 2108 3436 2162 in
3450 2139 3469 2149 -

1891 2190 2098 2254 stitutis,
2130 2191 2298 2261 inquit
2318 2233 2332 2258 ,
2365 2194 2602 2261 iniquitas
2628 2194 2924 2258 delectatur,
2956 2205 3002 2250 et
3026 2198 3340 2267 semetipsum
3369 2216 3468 2252 non

1891 2281 2097 2345 deserit,
2128 2298 2240 2334 cum
2268 2284 2419 2336 semel
2444 2285 2759 2353 pra'cipitata
2785 2287 3050 2340 corruerit.
3086 2287 3226 2340 Idem
3257 2305 3470 2358 namque

1894 2370 2239 2424 Maximianus
2274 2382 2488 2443 coeptam
2529 2376 2684 2427 nutrit
2711 2376 2976 2428 audaciam
3001 2417 3014 2439 ,
3049 2386 3094 2430 et
3126 2380 3248 2431 (lius
3276 2378 3469 2432 sibimet

1891 2462 2144 2514 consociat
2175 2463 2241 2516 ad
2269 2467 2512 2534 furorem.
2543 2463 2684 2518 Inter
2708 2482 2832 2535 quos
2857 2467 3008 2520 etiam
3045 2467 3329 2522 Felicianns
3353 2471 3468 2539 qui-

1890 2552 2026 2614 dam,
2054 2555 2138 2622 qui
2171 2555 2332 2624 primo
2359 2565 2494 2609 recta
2523 2565 2737 2611 sectatus
2764 2558 3135 2626 depravatiouis
3161 2561 3310 2631 hujus
3337 2573 3472 2615 atta-

1890 2644 2166 2696 minatione
2205 2645 2453 2714 fuscatur,
2489 2646 2541 2699 in
2569 2646 2849 2700 Mustitana
2889 2649 3079 2718 positus
3106 2651 3332 2716 civitate,
3362 2650 3468 2707 Deo

1889 2734 2216 2800 omnipotenti
2245 2735 2459 2801 parietes
2480 2745 2790 2790 consecratos
2811 2779 2825 2800 ,
2849 2738 3108 2790 ecclesiam
3133 2742 3466 2794 venerandam

1889 2827 2034 2892 quasi
2080 2824 2298 2891 quadam
2343 2823 2622 2879 obsessione
2666 2827 2877 2880 credidit
2923 2828 3254 2882 retinendam.
3315 2830 3469 2886 llune

1891 2918 2039 2969 etiam
2074 2914 2412 2969 Prcetextatus
2433 2917 2485 2969 in
2509 2915 2818 2970 Assuritanis
2845 2919 3067 2986 partibus
3089 2920 3333 2976 imitatur.
3361 2923 3466 2977 Au-

1888 3005 2041 3059 disne
2067 3004 2305 3058 advocati
2330 3004 2486 3058 verba
2511 3006 2912 3072 prteclarissima
2937 3016 2991 3061 et
3017 3008 3464 3074 manifestissima,

1888 3097 2079 3165 quibus
2109 3095 2236 3150 dicit
2259 3097 2389 3149 istos
2409 3094 2477 3149 de
2503 3095 2697 3164 quibus
2717 3096 2940 3165 agimus,
2965 3099 3082 3166 quia
3116 3109 3323 3167 portmn
3346 3117 3468 3169 pro-

1891 3186 2119 3254 positum
2152 3186 2465 3254 paenitendi,
2499 3187 2621 3242 dum
2651 3187 2761 3241 suis
2783 3188 3035 3242 institutis
3058 3189 3304 3258 iniquitas
3323 3190 3470 3246 deie-

1889 3285 2079 3340 ctatur,
2111 3293 2232 3330 eum
2256 3278 2421 3332 semel
2452 3278 2773 3346 prmcipitata
2806 3280 3103 3344 corruerit,
3131 3290 3466 3349 contempse-

1891 3376 2048 3432 runt,
2099 3369 2229 3422 locis
2273 3369 2645 3423 ecclesiasticis
2689 3370 3078 3438 espellcndos?
3130 3371 3223 3426 Ubi
3271 3372 3313 3424 si
3351 3371 3467 3425 dies

1889 3465 2072 3527 posset
2098 3458 2264 3512 latere
2291 3466 2598 3528 gestorum,
2625 3460 2790 3513 cuivis
2817 3459 3155 3516 obtusissimo
3194 3462 3323 3516 satis
3351 3463 3466 3515 elu—

1888 3559 2054 3611 ceret,
2087 3549 2226 3618 quod
2257 3560 2440 3604 contra
2469 3565 2562 3605 eos
2588 3567 2691 3605 non
2716 3551 2784 3604 ita
2815 3553 3206 3620 proconsularis
3235 3559 3468 3622 potestas

1889 3639 2150 3702 adiretur,
2181 3639 2279 3692 nisi
2305 3650 2396 3693 aut
2421 3640 2512 3692 illo
2543 3640 2769 3695 concilio
2800 3639 3039 3706 fuissent,
3065 3641 3198 3695 sicut
3225 3641 3330 3694 illic
3355 3656 3467 3694 ma-

1887 3730 1968 3798 gis
2009 3737 2262 3797 apparet,
2315 3730 2430 3782 sine
2473 3730 2578 3781 ulla
2617 3729 2881 3797 impertita
2916 3729 3166 3783 dilatione
3195 3731 3465 3796 damnati,

1889 3827 1980 3870 aut
2009 3819 2142 3870 intra
2171 3816 2312 3870 diem
2337 3816 2625 3881 dilationis,
2659 3819 2700 3870 si
2729 3818 2976 3872 omnibus
3002 3820 3120 3872 data
3144 3829 3224 3874 est
3245 3823 3289 3884 ',
3316 3819 3467 3872 vobis

1889 3907 2094 3963 restitui
2141 3907 2449 3961 noluissent.
2495 3905 2625 3961 Cum
2671 3923 2799 3962 vero
2840 3909 2998 3962 etiam
3038 3909 3151 3964 dies
3196 3921 3465 3980 gestorum

1890 3997 2169 4067 enjuslibet
2199 3997 2448 4051 obstinati
2479 3997 2664 4052 oculos
2691 4012 2954 4067 auresque
2982 3999 3059 4052 sic
3087 3998 3269 4064 feriat,
3303 4015 3469 4069 uSqne

1891 4088 2024 4142 adeo
2070 4089 2190 4142 illos
2233 4087 2389 4142 etiam
2429 4095 2550 4156 post
2593 4095 2914 4141 transactum
2954 4087 3221 4142 dilationis
3245 4089 3384 4143 diem
3413 4091 3466 4145 in

1893 4187 2069 4231 vestra
2097 4178 2474 4232 communione
2509 4193 2613 4232 non
2646 4177 2844 4244 fuisse,
2875 4187 2928 4232 et
2952 4178 3268 4234 Maximiano
3293 4181 3470 4235 colue-

1892 4269 2046 4328 sisse.
2079 4269 2221 4322 urob
2253 4269 2352 4321 hoc
2380 4267 2636 4323 adversus
2657 4283 2753 4324 eos
2777 4279 2882 4322 tam
2907 4269 3154 4324 terribilis
3175 4270 3467 4338 iudiciaria:

1889 4359 2142 4429 jussionis
2183 4359 2561 4427 impetraretur
2587 4359 2911 4424 auctoritas;
2943 4360 3072 4430 quid
3103 4360 3166 4414 ad
3199 4359 3313 4416 haec
3341 4361 3469 4416 dici-

1895 4452 2022 4506 tur?
2049 4450 2187 4519 Quid
2230 4450 2404 4504 adhuc
2441 4461 2624 4505 contra
2670 4461 2776 4506 tam
2819 4453 3146 4521 perspicuam
3188 4454 3467 4509 veritatem

1893 4543 2027 4597 mira
2074 4540 2417 4610 impudentia:
2455 4542 2694 4597 cst-citate
2732 4542 3112 4597 contenditur?
3135 4541 3269 4610 Quid
3295 4542 3471 4598 adhuc

1892 4633 1960 4688 ab
1983 4635 2082 4699 eis,
2111 4633 2199 4702 qui
2230 4648 2349 4686 cum
2376 4633 2578 4686 unitate.
2599 4632 2622 4664 ³
2650 4633 2814 4702 partis
2838 4632 3026 4687 Donati
3055 4633 3211 4688 etiam
3241 4648 3470 4688 concor-

1893 4724 2032 4778 diam
2081 4722 2459 4792 sacrilegorum
2503 4722 2872 4776 damnatorum
2927 4733 3108 4778 tenere
3150 4723 3470 4790 voluerunt,

1893 4824 2077 4868 contra
2101 4813 2354 4866 ttnitatem
2376 4811 2572 4866 Christi
2597 4821 2739 4865 tanta
2767 4811 2970 4866 insania
2995 4811 3315 4867 rebellatur?
3335 4812 3469 4879 Quid

1895 4904 2067 4958 adhuc
2091 4903 2390 4972 Baptismus
2410 4901 2628 4967 Christi,
2651 4902 2808 4956 etiam
2832 4900 2885 4954 in
2906 4901 3162 4971 sacrilego
3186 4902 3472 4957 schismate

1895 4993 2237 5048 veneratione
2257 4991 2434 5046 debita
2456 4992 2720 5061 cognitus,
2745 4990 2796 5044 in
2827 4998 2902 5044 tot
2931 4989 3202 5045 catholicis
3227 4992 3472 5060 gentibus

1897 5085 2055 5152 impia
2087 5083 2500 5153 praesumptione
2525 5081 2825 5152 respuitur,
2871 5081 3122 5152 sacrilega
3159 5081 3474 5150 repetitione

1899 5173 2167 5229 violatur?

1969 5263 2196 5319 CAPUT
2245 5261 2378 5317 XLI.
2416 5291 2490 5302 ——
2525 5261 2614 5317 48.
2655 5260 2790 5317 Nolo
2830 5277 3068 5331 quaerere
3114 5271 3312 5332 quanto
3358 5271 3476 5330 post

1904 5357 2059 5427 hujus
2090 5355 2456 5425 postulationis
2483 5353 2621 5408 diem
2644 5395 2660 5422 ,
2693 5368 2794 5423 qua
2826 5351 3122 5409 Felicianus
3161 5360 3213 5407 et
3242 5352 3473 5408 Ρηέιθκ·

1965 5572 1976 5588 ·
2007 5564 2164 5610 Forte,
2189 5550 2525 5618 pratstitutum.
2615 5610 2626 5618 _
2773 5608 2784 5618 υ

1962 5625 1981 5650 ι
2009 5625 2072 5681 tta
2113 5608 2221 5664 Mss.
2268 5619 2322 5662 At
2362 5612 2507 5680 editi,
2543 5608 2870 5681 quikciwtibus
2907 5609 3048 5659 datus
3070 5613 3152 5664 est.

1965 5681 1984 5711 ³
2004 5679 2169 5727 Μαι-εδ
2192 5683 2321 5736 Mss,
2341 5679 2422 5736 qui
2445 5679 2742 5736 pro‘nnitatc.

1967 5687 1984 5711 ³
2004 5687 2169 5727 l‘lures
2193 5687 2321 5729 ωδε..
2341 5687 2422 5783 (Em
2445 5687 2534 5736 pro
2552 5687 2572 5720 il

1967 5741 2037 5802 (a)
2060 5748 2224 5802 Supra,
2254 5735 2334 5785 lib.
2388 5770 2401 5797 ,
2422 5747 2470 5782 ιι.
2495 5733 2572 5784 62.
