4024 6196
547 342 651 393 ius
1334 333 1598 386 comm
1629 323 2055 383 ClitiSL’ONtUM
2103 319 2549 382 ooxarts'mi,
2595 321 2651 374 s.
2687 321 3075 383 AUGUS'I'INI-

550 462 686 501 Litus
717 449 905 501 'l‘itiani
933 447 1171 501 advocati
1203 445 1375 499 verbis
1396 455 1499 496 tam
1524 442 1751 509 graviter
1780 444 2114 491 accusantur.

551 540 601 592 in
628 550 852 589 vestiam
884 551 1306 589 communzonem
1339 535 1534 597 recepti
1574 540 1715 585 sunt.
1749 529 1956 581 Sufficit
1983 523 2121 593 quod

554 628 737 680 eadem
790 627 1072 694 ρομιιιιιιιὶο
1121 635 1265 679 tanto
1305 636 1419 693 post
1453 626 1610 677 finem
1646 622 1953 689 prwstitutm
1986 619 2122 674 illius

551 716 816 769 dilationis
844 757 857 779 ,
895 732 987 769 eos
1025 732 1052 768 a
1098 726 1271 768 vestra
1316 714 1690 767 communiene
1732 720 2042 779 separatos,
2072 709 2121 760 in

554 806 851 860 Maximiani
900 808 1184 860 schismate
1233 806 1391 859 fuisse
1430 805 1735 864 convincit,
1777 815 1912 870 quos
1942 810 2122 868 postea

557 897 827 963 recepi~tis
853 938 867 959 ,
898 912 1120 963 quorum
1149 896 1379 949 honores
1407 896 1542 946 nulla
1573 910 1637 945 ex
1666 902 1811 959 parte
1837 888 2120 953 minuistis,

551 1006 577 1037 ιι
609 988 989 1054 quibusdaluui
1012 989 1249 1056 quamvis
1268 989 1318 1039 in
1349 988 1605 1053 sacrilego
1635 984 1921 1037 schismate
1950 980 2125 1047 Bapti-

551 1096 746 1144 snnnn,
791 1083 922 1133 sicut
970 1096 1147 1134 :cvera
1174 1078 1460 1132 linendum
1486 1077 1598 1137 fuit,
1625 1074 1923 1129 rescindere
1950 1071 2125 1123 timui-

556 1172 671 1221 stis.
704 1172 963 1238 Numquid
1001 1188 1106 1235 jam
1137 1171 1185 1222 in
1220 1169 1316 1221 hac
1341 1184 1496 1220 causa
1526 1181 1584 1219 se
1613 1180 1654 1216 c.
1681 1173 1792 1216 utra
1824 1178 1919 1216 nos
1953 1163 2124 1230 lingua

556 1264 835 1330 cujuslibet
866 1259 1262 1332 pertinacissinii
1290 1268 1665 1320 commoveret,
1698 1258 1738 1309 si
1770 1272 1824 1309 se
1851 1256 2047 1307 moveri
2076 1255 2126 1305 iu

562 1354 792 1405 hominis
820 1370 911 1406 ore
938 1393 952 1417 ,
983 1365 1033 1405 et
1064 1352 1161 1405 sub
1193 1351 1416 1403 hominis
1449 1348 1620 1401 fronte
1651 1344 1913 1398 sentiret?
1949 1341 2125 1395 iirravi

561 1445 712 1509 plane
740 1485 753 1504 ,
786 1442 951 1496 fateor
974 1484 987 1507 ,
1020 1458 1083 1495 eo
1126 1440 1264 1509 quod
1309 1442 1359 1493 in
1404 1440 1505 1492 illis
1546 1437 1732 1489 litteris
1773 1435 1917 1502 posui
1947 1433 2012 1487 de
2040 1432 2125 1483 illa

562 1534 860 1600 liagaiensis
904 1532 1113 1585 concilii
1158 1530 1457 1594 sententia,
1504 1527 1750 1596 quoniam
1797 1525 1901 1577 dixi
1946 1542 1957 1575 :
2004 1522 2127 1575 Cum

555 1625 697 1692 apud
721 1642 801 1676 eos
823 1624 1131 1676 decernenda
1153 1623 1357 1674 recitata
1384 1631 1475 1678 est.
1499 1637 1582 1671 ore
1612 1617 1852 1670 latissimo
1873 1614 2127 1668 acclama-

557 1727 727 1767 verunt
748 1731 766 1777 ,'
788 1732 917 1766 nunc
942 1725 1108 1777 autem
1138 1731 1252 1766 cum
1280 1730 1311 1764 a
1338 1712 1482 1765 nobis
1507 1712 1714 1762 recitata
1741 1710 1888 1779 fuerit
1911 1749 1925 1772 ,
1956 1708 2130 1760 obmu-

555 1815 748 1857 tescunt
776 1804 911 1871 (Lib.
943 1807 958 1857 l
993 1815 1167 1857 contra
1182 1803 1394 1857 Litteras
1424 1802 1685 1865 Petiliani,
1716 1819 1767 1854 ιι.
1798 1800 1906 1867 ll).
1936 1800 2125 1852 Verum

556 1906 637 1949 est
668 1898 805 1964 quod
839 1897 1017 1949 dixisti
1044 1938 1056 1956 ,
1090 1894 1220 1948 Ecce
1244 1912 1340 1947 non
1378 1895 1717 1948 obmutescunt
1754 1908 1771 1945 :
1811 1891 2127 1945 veremindia

555 1986 748 2053 quippe
777 1986 825 2038 in
856 1987 1012 2039 rebus
1044 1995 1147 2038 tam
1177 1984 1487 2047 manifestis,
1520 1984 1601 2037 vel
1631 1983 1787 2037 etiam
1818 1985 1926 2050 ipsa
1957 1983 2128 2049 impn-

559 2079 735 2130 dentia
760 2078 1128 2132 obmutescere
1152 2087 1343 2145 potest,
1376 2078 1576 2130 insania
1608 2091 1710 2129 non
1737 2084 1925 2142 potest.
1951 2074 2131 2141 Neque

564 2169 660 2221 hoc
699 2170 894 2221 dictum
934 2170 1001 2224 de
1042 2179 1092 2223 te
1131 2170 1401 2237 accipias:
1434 2169 1523 2235 qui
1554 2168 1654 2221 tuis
1693 2168 1954 2236 episcopis
1983 2183 2132 2220 men-

560 2259 809 2311 tientibns
839 2260 1129 2323 credidisti,
1156 2274 1251 2313 nec
1271 2259 1337 2312 de
1361 2258 1463 2310 illis
1483 2256 1729 2311 omnibus
1754 2272 1768 2319 ;
1800 2273 1968 2324 neque
1991 2257 2128 2308 enitn

559 2366 748 2402 onmes
787 2350 850 2402 de
891 2348 989 2402 hac
1030 2364 1087 2403 re
1126 2358 1395 2417 permotus
1424 2348 1704 2401 consulere
1745 2346 1959 2413 potuisti
1992 2363 2005 2399 :
2038 2345 2129 2397 sed

559 2441 625 2494 de
656 2442 717 2493 iis
742 2441 828 2509 qui
856 2456 974 2493 cum
1017 2441 1213 2493 scirent
1250 2450 1443 2508 quanta
1469 2450 1520 2492 et
1545 2437 1755 2507 quando
1778 2445 1960 2489 contra
1991 2436 2125 2487 Prw-

560 2540 812 2584 textatum
844 2540 897 2583 et
928 2529 1249 2582 Felicianum
1279 2529 1417 2597 apud
1446 2529 1649 2596 judiccs
1676 2538 1824 2598 gesta
1855 2535 1997 2591 sunt,
2033 2527 2132 2580 hoc

555 2619 693 2687 quod
746 2619 847 2671 tuis
890 2620 1157 2672 inseruisti
1204 2618 1430 2683 litteris,
1462 2618 1551 2671 tibi
1596 2618 1709 2670 ausi
1750 2626 1871 2669 sunt
1912 2616 2128 2678 dicere,

556 2708 696 2775 quod
740 2717 862 2761 ante
905 2707 1044 2761 diem
1091 2710 1394 2776 praistitutae
1434 2707 1701 2761 dilationis
1745 2706 2040 2760 Felieianus
2080 2714 2132 2758 et

562 2798 909 2851 Prmtextatns
939 2808 1128 2852 vestra:
1153 2798 1511 2853 communioni
1540 2798 1798 2861 restituti,
1830 2805 2132 2865 perempto-

560 2887 634 2940 ria
677 2888 937 2940 sententia
980 2903 1082 2941 non
1125 2897 1432 2942 tenerentur
1469 2887 1728 2941 obstricti.
1758 2887 1862 2939 Aut
1884 2886 1926 2938 si
1954 2895 2007 2938 et
2032 2885 2129 2952 ipsi

558 2978 695 3031 forte
722 2978 819 3031 ista
851 2980 1187 3042 nescierunt,
1217 2994 1354 3032 nunc
1388 2979 1574 3032 saltem
1606 2994 1725 3032 cum
1771 2982 1885 3032 haec
1924 2978 2126 3045 legitis,

563 3080 731 3124 taceat
757 3070 1093 3129 verecundia,
1124 3078 1292 3122 taceat
1321 3077 1376 3122 et
1402 3070 1511 3136 ipsa
1538 3069 1934 3137 qualiscumque
1957 3066 2130 3120 homi—

560 3162 641 3215 nis
683 3172 764 3216 est
805 3160 1123 3231 impiulentia
1153 3177 1164 3212 :
1198 3160 1309 3214 sola
1348 3170 1492 3213 certe
1528 3176 1646 3229 quae
1682 3169 1863 3213 contra
1894 3167 1997 3212 tam
2025 3158 2134 3212 evi-

559 3252 771 3303 dentem
802 3253 1072 3305 veritatetu
1104 3249 1318 3315 clamat,
1352 3250 1555 3303 insania
1585 3250 1942 3319 relinquatur;
1970 3258 2022 3303 et
2045 3248 2131 3302 illa

557 3343 657 3393 erit
680 3342 913 3395 fortassis
941 3343 1212 3409 sanabilis,
1243 3344 1285 3397 si
1311 3349 1678 3413 compescatur
1701 3355 1730 3392 a
1761 3340 1923 3393 sanis.

627 3431 847 3484 CAPUT
874 3432 1031 3485 XLII.
1057 3463 1126 3471 —
1148 3433 1235 3486 49.
1267 3433 1417 3487 Nunc
1443 3434 1562 3488 vide
1596 3430 2039 3503 quemadmodum
2066 3430 2132 3486 de

559 3535 643 3571 me
686 3520 883 3572 dixeris
905 3561 919 3583 ,
955 3520 1114 3574 Testis
1143 3522 1358 3575 mendax
1389 3540 1489 3576 non
1534 3525 1624 3576 erit
1668 3525 1985 3592 impunitus:
2011 3542 2129 3579 cum

559 3618 768 3676 putares
793 3627 875 3664 me
904 3612 951 3663 in
980 3611 1075 3665 hac
1100 3613 1586 3667 ilaximianensium
1611 3629 1767 3668 causa
1799 3614 1957 3668 fuisse
1980 3632 2129 3669 men-

558 3702 729 3753 titum.
758 3701 864 3769 Ego
891 3702 979 3755 tibi
1013 3702 1044 3755 li
1069 3718 1112 3757 »ο
1140 3718 1241 3755 non
1270 3718 1470 3770 repono
1495 3720 1506 3754 :
1533 3706 1729 3773 quippe
1762 3704 1897 3759 forte
1924 3706 2131 3760 locutus

559 3808 616 3843 es
645 3791 784 3859 quod
814 3792 1017 3846 incauta
1047 3794 1280 3847 amicitia
1310 3794 1617 3861 credidisti,
1651 3812 1756 3849 non
1786 3797 1923 3864 quod
1962 3797 2129 3851 fallaci

558 3881 717 3933 corde
746 3881 959 3935 finxisti.
996 3881 1247 3937 Homines
1275 3900 1456 3936 smnus
1485 3902 1496 3937 :
1531 3901 1632 3953 qua
1670 3886 1878 3939 tandem
1914 3886 2132 3955 vigilan-

558 3973 627 4025 tia
655 3972 866 4027 efficere
912 3990 1188 4043 possumus
1208 4014 1222 4039 ,
1259 3984 1314 4028 ut
1345 3976 1423 4028 vel
1458 3976 1690 4043 putando
1710 4017 1724 4039 ,
1756 3978 1837 4029 vel
1868 3978 2132 4045 loquendo

556 4066 605 4116 in
654 4064 829 4135 aliquo
868 4081 970 4119 non
1012 4067 1291 4120 labantur?
1319 4068 1419 4121 Sed
1448 4078 1627 4121 contra
1659 4068 1970 4122 medicinam
2009 4084 2128 4124 cor-

553 4155 802 4207 rectionis
831 4155 1207 4210 olisurdescere
1238 4172 1340 4209 non
1370 4156 1644 4210 debemus.

622 4244 847 4299 CAPUT
887 4245 1255 4303 ΚΗΛ-50.
1285 4247 1431 4301 Nunc
1468 4248 1681 4302 attende
1715 4256 1964 4317 quautam
2002 4248 2129 4302 mihi

554 4334 710 4387 etiam
731 4335 780 4386 in
802 4337 1007 4389 caneris
1039 4338 1270 4403 partibus
1296 4339 1534 4404 epistola:
1554 4348 1655 4389 tum
1673 4353 1829 4391 causa
1850 4338 1944 4390 ista
1963 4338 2128 4391 Maxi-

554 4425 901 4479 tnianensium
942 4428 1172 4494 praebeat
1216 4428 1566 4496 respondendi
1610 4428 1932 4483 facilitatem.
1961 4428 2128 4496 Quid-

552 4514 674 4586 quid
718 4515 786 4569 de
817 4516 1157 4573 traditovibus
1192 4520 1335 4573 velut
1364 4522 1556 4572 nostris
1588 4520 1867 4573 dicendum
1912 4521 2123 4589 putasti,

554 4623 852 4676 quanquam
884 4611 1041 4664 vestri
1064 4612 1237 4680 potius
1264 4612 1364 4664 hoc
1380 4612 1565 4666 fecisse
1582 4612 1889 4673 doceantur,
1910 4612 2049 4680 quod
2077 4620 2130 4665 et

550 4697 604 4749 in
624 4697 711 4750 illo
732 4698 885 4751 trium
911 4699 1235 4753 voluminum
1256 4715 1417 4768 opere
1437 4701 1566 4754 satis
1584 4716 1844 4769 superque
1868 4710 2129 4755 monstra-

550 4787 596 4839 vi
622 4805 634 4841 :
662 4788 781 4843 vide
804 4797 977 4851 tamen
1000 4830 1014 4856 ,
1039 4800 1092 4844 et
1118 4790 1399 4858 responde.
1429 4791 1471 4845 si
1501 4800 1670 4859 potes,
1692 4800 1867 4845 utrum
1897 4791 1995 4845 hoc
2023 4792 2127 4845 cri-

550 4896 691 4942 men,
720 4883 1077 4950 quorumlibet
1120 4881 1294 4946 fuerit,
1332 4883 1569 4951 polluere
1594 4884 1823 4951 potuerit
1851 4884 1900 4935 in
1931 4883 2128 4936 unitate

546 4979 623 5024 tot
648 4972 884 5041 gentium
908 4972 1240 5026 Christianos
1265 5013 1279 5037 ,
1308 4973 1389 5027 vel
1416 4974 1572 5041 longe
1602 4974 1984 5028 remotissimus
2005 5013 2018 5036 ,
2045 4974 2123 5026 vel

547 5064 702 5133 longe
733 5074 1007 5132 posteros;
1039 5065 1082 5118 si
1110 5066 1309 5119 crimen
1332 5066 1574 5134 sacrilegi
1605 5064 1801 5119 surculi
1826 5065 2123 5118 Maximiani

548 5156 814 5207 maculare
842 5170 943 5207 non
979 5157 1147 5224 potuit
1179 5157 1261 5210 vel
1291 5158 1464 5210 socios
1492 5157 1646 5210 Afros
1668 5198 1681 5219 ,
1711 5157 1900 5225 quibus
1938 5157 2124 5209 dantes

546 5245 852 5297 dilationem
883 5247 1100 5300 trecenti
1126 5256 1180 5299 et
1199 5246 1382 5300 decem
1405 5247 1639 5317 episcopi
1669 5246 1826 5301 vestri
1852 5245 2119 5307 dixerunt,

550 5335 686 5398 Quos
711 5335 945 5404 sacrilegi
975 5336 1164 5389 surculi
1206 5354 1305 5389 non
1348 5338 1575 5404 polluere
1600 5339 1851 5407 plantaria
1871 5378 1885 5402 ,
1918 5337 1996 5390 vel
2031 5350 2123 5390 vos

545 5426 690 5489 ipsius
710 5466 723 5487 ,
756 5424 843 5492 qui
876 5441 977 5479 non
1007 5426 1176 5479 solum
1220 5426 1346 5479 istos
1373 5443 1506 5496 quos
1545 5428 1850 5482 innocentes
1878 5426 2084 5479 dixistis
2105 5466 2117 5487 ,

544 5530 725 5567 verum
757 5516 915 5568 etiam
961 5516 1011 5569 in
1058 5516 1146 5571 illo
1177 5518 1453 5587 sacrilegio
1495 5518 1601 5586 jnn
1632 5516 1909 5570 damnatos
1930 5557 1942 5577 ,
1978 5525 2118 5568 tanta

542 5606 825 5658 concordia
855 5608 1180 5676 suscepistis.

612 5695 697 5748 51.
734 5695 891 5763 Dicis,
923 5698 1277 5752 Orientalibus
1310 5708 1431 5752 uota
1461 5697 1618 5753 fuisse
1649 5696 1868 5751 crimina
1903 5697 2117 5750 tradito-

3702 323 3810 375 5'76

2234 444 2350 481 rum
2371 469 2385 494 ,
2413 430 2625 499 quando
2662 433 2757 485 tibi
2789 431 2916 485 Afro
2945 432 3436 487 lilaximiancnsimu
3477 436 3709 488 schisma
3752 437 3813 489 in

2232 517 2424 573 Africa:
2468 522 2641 589 capite
2683 523 3063 588 commissum,
3093 533 3375 591 antequam
3417 542 3560 579 meas
3608 527 3815 581 litteras

2231 607 2411 676 legens
2437 609 2585 663 valde
2626 620 2892 678 permotus
2910 614 3220 667 consuleres
3263 615 3539 681 epis-epos
3580 627 3816 681 vestros,

2234 698 2555 767 incognitum
2600 698 2729 766 fuit,
2768 710 2821 754 et
2849 716 2969 755 eum
3000 702 3385 768 consuluisses,
3418 720 3599 758 verum
3640 705 3706 759 ab
3735 708 3818 760 eis

2228 789 2414 843 audire
2458 791 2675 849 minime
2719 792 2963 861 potuisti!
2994 791 3138 857 Quos
3168 804 3312 847 certe
3353 796 3397 847 si
3428 794 3669 850 defendis
3695 837 3710 860 ,
3747 813 3816 850 ne

2230 878 2374 933 dicas
2407 882 2654 933 mentitos
2679 923 2694 947 ,
2724 883 2973 936 concedis
3000 883 3209 952 ignaros
3235 902 3248 937 :
3276 895 3328 939 et
3373 895 3545 939 tamen
3589 903 3687 942 nec
3714 904 3813 941 nos

2232 985 2329 1023 nec
2357 969 2585 1025 Orientis
2615 982 2669 1025 et
2696 972 2997 1027 Occidentis
3029 984 3104 1029 tot
3142 984 3420 1045 tantosque
3461 981 3683 1048 populos
3710 983 3811 1033 sal-

2232 1069 2337 1115 tem
2385 1065 2592 1116 nescire
2638 1063 2897 1131 permittis
2948 1079 3162 1119 eausam
3213 1066 3511 1134 Creciliani;
3556 1084 3678 1124 cum
3724 1073 3810 1125 isti

2233 1154 2467 1206 nesciant
2499 1154 2807 1207 Pra‘textati
2833 1165 2888 1209 et
2914 1155 3162 1211 Feliciani
3186 1199 3201 1223 ,
3233 1174 3364 1226 quos
3392 1162 3609 1215 trecenti
3637 1173 3690 1215 et
3719 1164 3810 1215 de-

2231 1258 2368 1305 cem,
2404 1244 2501 1296 hoc
2527 1252 2627 1308 est,
2655 1254 2745 1297 aut
2777 1261 2996 1308 omnes,
3038 1257 3127 1299 aut
3159 1264 3321 1315 prepe
3359 1264 3546 1304 omnes
3574 1252 3811 1321 episcopi

2231 1333 2395 1400 partis
2428 1334 2613 1385 Donati
2639 1333 2751 1386 Afri
2778 1333 2934 1388 Afros
2960 1336 3011 1388 in
3044 1338 3215 1391 Africa
3244 1339 3662 1404 damnaverunt,
3697 1342 3813 1395 Afri

2233 1424 2388 1477 Afros
2415 1424 2464 1475 in
2497 1425 2671 1477 Africa
2701 1428 3081 1493 susceperunt!

2303 1514 2524 1569 CAPUT
2565 1515 2746 1569 XLIV.
2774 1546 2843 1556 -—-—
2863 1518 2950 1572 52.
2978 1520 3169 1572 luseris
3194 1521 3504 1589 principium
3531 1524 3813 1578 Sardicrn-

2234 1605 2307 1658 sis
2345 1607 2588 1669 concilii,
2631 1608 2769 1660 unde
2816 1609 3041 1675 probare
3080 1612 3289 1663 conaris
3330 1612 3473 1680 quod
3513 1614 3813 1670 Orientales

2234 1694 2467 1763 episcopi
2513 1698 2725 1765 cognito
2770 1699 2993 1752 crimine
3045 1701 3391 1765 traditurum,
3445 1704 3579 1770 parti
3623 1705 3813 1760 Denati

2234 1786 2737 1838 communicavcrint
2762 1802 2775 1849 ;
2804 1787 2901 1841 hoc
2923 1805 3027 1841 uno
3051 1806 3240 1859 magno
3257 1792 3451 1846 scilicet
3469 1792 3811 1859 documento,

2234 1873 2373 1940 quod
2403 1875 2541 1927 inter
2572 1876 2856 1945 episcOpos
2885 1880 3073 1947 quibus
3100 1882 3369 1945 scribunt,
3402 1884 3588 1937 Donati
3618 1904 3814 1941 nomen

2237 1963 2502 2016 inventum
2548 1980 2645 2019 est.
2688 1967 2798 2021 Nee
2842 1979 3016 2023 tamen
3062 1972 3131 2024 ibi
3172 1974 3369 2041 aliquid
3402 1975 3591 2043 legitur
3625 1994 3720 2032 eos
3747 1980 3814 2035 de

2236 2052 2374 2105 Afris
2390 2054 2724 2109 traditoribus
2739 2059 3066 2126 ροειιονίςδο.
3088 2060 3237 2126 Quod
3271 2064 3481 2130 quidem
3504 2069 3811 2132 coni-ilium,

2238 2162 2302 2197 ne
2341 2156 2391 2198 te
2426 2146 2609 2213 lateat,
2648 2148 2961 2202 Arianorum
2995 2161 3105 2207 est.
3138 2168 3267 2222 quos
3292 2154 3401 2221 jam
3434 2164 3487 2209 tu
3519 2157 3653 2211 inter
3679 2159 3815 2213 alios

2239 2234 2514 2291 lliUi'CliCUS
2558 2240 2837 2293 nominasti
2869 2260 2881 2293 ε
2912 2258 3007 2295 nec
3050 2243 3241 2296 additis
3270 2245 3536 2299 civitatum
3584 2250 3813 2302 nomini-

2236 2327 2332 2379 bus
2361 2327 2458 2396 logi
2488 2330 2654 2394 solet,
2688 2332 2807 2397 quia
2845 2347 2942 2385 nec
2980 2332 3088 2401 ipse
3119 2349 3233 2386 lllOS
3261 2345 3341 2388 est
3382 2337 3773 2395 ecclesiasticus
3795 2383 3809 2403 ,

2235 2421 2445 2486 quando
2474 2421 2703 2489 episcopi
2736 2423 2997 2490 episeopis
3040 2424 3278 2477 scribunt
3324 2428 3619 2494 epistolam.
3666 2428 3815 2485 Unde

2237 2509 2415 2561 nescio
2440 2511 2557 2577 quis
2588 2511 2684 2563 iste
2717 2512 2947 2565 Donatus
2971 2554 2985 2574 ,
3016 2513 3180 2566 miror
3209 2515 3252 2567 si
3286 2531 3387 2568 non
3422 2517 3471 2569 in
3501 2520 3691 2573 vestris
3732 2521 3815 2573 lit-

2239 2601 2364 2653 teris
2407 2600 2836 2671 Carthaginiensis
2870 2603 3037 2659 factus
3072 2616 3153 2658 est
3177 2623 3189 2658 :
3217 2622 3519 2677 quanquam
3550 2612 3815 2677 potuerint

2238 2689 2311 2740 illi
2342 2699 2447 2742 tam
2482 2691 2779 2761 longinquis
2809 2695 2962 2748 terris
3004 2695 3071 2747 ab
3100 2695 3277 2749 Africa
3303 2698 3531 2763 separati
3556 2739 3572 2763 ,
3605 2714 3671 2753 eo
3701 2702 3815 2769 ipso

2239 2791 2474 2850 tempore
2518 2801 2623 2853 quo
2667 2786 2899 2839 scribere
2945 2788 3225 2851 volebant,
3262 2789 3530 2856 requirere
3568 2792 3811 2858 quisnam

2184 2878 2189 2881 ‘
2236 2874 2511 2941 episcopus
2537 2875 3043 2946 essetCarthaginis.
3063 2876 3262 2930 Omitto
3283 2879 3424 2930 enirn
3451 2878 3648 2944 dicere,
3673 2882 3813 2949 quod

2236 2964 2458 3018 fortaSse
2487 2965 2784 3021 Orientales
2811 2967 3073 3021 lucreticis
3097 2969 3111 2996 ¹
3136 2968 3316 3036 aliquo
3344 2968 3498 3021 modo
3521 2984 3579 3023 se
3607 2971 3815 3027 sociare

2239 3067 2585 3113 tentaverant.
2616 3058 2719 3113 Sed
2751 3068 2825 3124 tu,
2854 3060 3011 3113 homo
3040 3060 3269 3128 prudens
3293 3103 3307 3123 ,
3340 3076 3461 3114 cum
3494 3062 3662 3117 velles
3695 3065 3806 3117 sol-

2237 3162 2360 3201 vere
2402 3150 2745 3216 quaestionem
2772 3190 2787 3213 ,
2818 3165 2936 3202 cum
2985 3151 3073 3203 tibi
3114 3150 3215 3204 dici
3264 3161 3479 3219 pisset,
3510 3150 3564 3206 Si
3605 3152 3719 3206 haec
3745 3155 3811 3208 ita

2236 3244 2388 3302 sunt,
2422 3246 2477 3291 ut
2502 3236 2799 3293 Orientales
2835 3239 3127 3292 scriberent
3155 3239 3219 3291 ad
3253 3240 3507 3293 Donatum
3542 3253 3808 3308 vestrum,

2237 3328 2681 3396 quemadmodum
2726 3342 2755 3381 a
2795 3330 3162 3383 canimunione
3193 3338 3485 3383 vestrortnu
3515 3330 3811 3387 Orientales

2236 3428 2420 3490 postea
2448 3419 2728 3489 disgregati
2754 3421 2913 3473 sunt?
2936 3420 3254 3489 respondisti
3283 3432 3335 3475 et
3359 3423 3567 3487 dixisti,
3604 3426 3737 3492 Quia
3758 3428 3809 3481 in

2237 3509 2537 3582 recipiendis
2562 3510 2739 3561 iterum
2761 3512 2932 3563 vestris
2958 3511 3209 3564 damnata:
3230 3528 3398 3568 causa:
3417 3531 3515 3579 non
3546 3528 3811 3583 potuerunt

2234 3620 2430 3659 scrvare
2458 3600 2811 3659 constantiam.
2854 3600 2921 3653 Et
2966 3603 3206 3673 scriptum
3241 3616 3350 3671 est,
3385 3624 3404 3655 ‹
3448 3606 3549 3670 Qui
3580 3610 3817 3685 jungitur

2237 3695 2560 3764 foruicariw,
2580 3712 2737 3749 unum
2762 3713 2944 3765 corpus
2976 3704 3046 3752 en
3074 3692 3264 3768 (ἶσον.
3288 3710 3337 3757 .Vt
3355 3743 3369 3764 ,
3394 3699 3460 3755 16
3485 3702 3524 3769 ).
3559 3702 3662 3758 Ubi
3719 3721 3811 3759 ve-

2236 3793 2373 3837 stros
2403 3800 2542 3840 nunc
2571 3786 2820 3840 atrociter
2860 3790 3118 3843 accusasti
3145 3832 3159 3851 ,
3191 3791 3235 3843 si
3266 3791 3316 3844 in
3346 3808 3501 3845 causa
3542 3794 3808 3849 Maximia-

2238 3874 2477 3928 nensium
2523 3891 2625 3929 non
2668 3885 2949 3945 potuerunt
2992 3893 3205 3934 servare
3233 3884 3616 3949 constantiam,
3653 3902 3814 3942 exse--

2237 3968 2509 4021 crabiliter
2532 3968 2833 4024 damnando
2871 3972 3187 4041 sacrilegos,
3232 3973 3609 4030 honorabiliter
3647 3979 3814 4031 susci-

2238 4059 2431 4126 piendo
2459 4059 2754 4113 damnatos.
2787 4061 2912 4115 Illud
2938 4062 3079 4116 enim
3109 4063 3175 4117 de
3201 4063 3562 4119 Orientalibus
3597 4068 3816 4120 omnino

2238 4167 2340 4204 non
2374 4152 2599 4219 probas;
2632 4152 2732 4207 hoc
2759 4152 2826 4207 de
2855 4155 3043 4208 vestris
3066 4155 3219 4209 audis
3248 4166 3301 4209 et
3330 4156 3462 4226 legis
3482 4199 3497 4220 ,
3523 4167 3579 4211 et
3599 4160 3808 4223 cernis,

2236 4252 2290 4296 et
2314 4243 2536 4311 judicas.

2305 4331 2530 4386 CAPUT
2557 4331 2808 4386 XLV.—-—
2831 4334 2918 4387 53.
2956 4333 3120 4389 Jubes
3162 4351 3247 4390 me
3293 4336 3591 4405 relinquere
3628 4338 3816 4394 Eccleo

2236 4423 2367 4476 siam
2396 4422 2727 4486 traditornm,
2754 4440 2888 4493 quos
2915 4440 3012 4479 nec
3036 4440 3132 4480 vos
3157 4428 3293 4495 apud
3324 4443 3440 4489 nos,
3465 4445 3564 4483 nec
3585 4430 3817 4498 majores

2236 4516 2395 4570 vestri
2423 4516 2558 4583 apud
2592 4516 2817 4585 majores
2856 4526 3070 4570 nostros
3091 4559 3105 4583 ,
3134 4520 3448 4573 convincere
3487 4535 3550 4574 ac
3585 4521 3815 4575 demon-

2236 4615 2405 4659 strare
2428 4614 2740 4672 potuerunt:
2767 4623 2901 4675 quos
2927 4624 3065 4661 nunc
3090 4609 3133 4661 si
3161 4608 3603 4675 demonstrasses,
3626 4628 3813 4666 eorum

2235 4696 2433 4749 facinus
2475 4697 2779 4765 crimenque
2824 4697 3169 4762 damnarcm;
3214 4716 3316 4753 non
3360 4711 3573 4769 propter
3609 4718 3706 4756 eos
3738 4714 3817 4758 tot

2233 4785 2467 4853 gentium
2491 4826 2504 4847 ,
2548 4786 2738 4853 quibus
2764 4787 2925 4855 ignoti
2958 4796 3115 4843 sunt.
3145 4790 3461 4844 catholicam
3500 4793 3816 4848 societatem

2232 4875 2556 4930 desererem.
2584 4876 2690 4930 Sed
2718 4877 2836 4931 vide
2857 4894 2958 4945 qua
2988 4881 3410 4936 consideratione
3434 4882 3571 4936 nolis
3591 4884 3643 4936 in
3666 4899 3817 4937 eom-

2234 4968 2485 5020 munione
2511 4978 2690 5021 nostra
2721 4983 2902 5023 eorum
2945 4981 3273 5027 mortuorum
3306 4974 3614 5028 memoriam
3660 4978 3812 5041 fieri,

2230 5077 2457 5129 quorum
2485 5061 2619 5115 facta
2648 5078 2754 5115 non
2785 5062 3049 5127 novimus,
3077 5081 3301 5132 quorum
3329 5066 3484 5118 etiam
3514 5066 3707 5119 bonam
3733 5070 3815 5122 in-

2234 5160 2314 5205 ter
2350 5166 2475 5205 Suos
2513 5150 2703 5205 famam
2742 5153 3068 5221 posteritatis
3107 5154 3445 5209 successione
3486 5155 3813 5209 didicimus:

2231 5258 2348 5295 eum
2398 5242 2448 5295 in
2502 5251 2669 5297 vestra
2715 5245 3089 5298 communione
3133 5246 3248 5299 sine
3292 5246 3396 5298 ulla
3423 5246 3816 5314 degradatione

2231 5332 2439 5393 vivant,
2486 5347 2709 5401 quorum
2757 5334 2890 5388 mala
2942 5334 3210 5399 sensistis,
3257 5351 3482 5404 quorum
3531 5336 3813 5405 sacrilegia

2230 5421 2640 5476 condemnastis.

2302 5513 2387 5566 54.
2423 5513 2599 5567 Audes
2621 5513 2746 5567 milii
2769 5515 2966 5579 dicere,
2996 5515 3155 5569 homo
3179 5514 3424 5582 prudens,
3457 5514 3554 5570 Hie
3582 5519 3669 5585 qui
3703 5528 3815 5569 tra-

2294 5644 2305 5671 ¹
2334 5640 2524 5703 Quidam
2552 5651 2650 5689 \‘ss.
2681 5658 2781 5703 j-I‘U,
2829 5642 3067 5692 Inrrcticis
3086 5679 3099 5701 ,
3124 5644 3321 5697 habent,
3365 5642 3597 5693 hwrrtici.
3619 5651 3818 5694 t'trum—

2227 5713 2323 5761 que
2343 5702 2531 5749 videtur
2556 5704 2628 5752 hic
2650 5702 2703 5751 ad
2737 5708 2991 5753 scntentim
3017 5706 3341 5766 iitegrttatetu
3367 5718 3715 5754 neccs‘x'n‘tunt.
