4024 6196
150 366 246 421 577

150 480 312 547 didit,
349 488 397 532 te
420 475 643 539 creavit;
680 474 923 531 nesciens
952 473 1099 530 illum
1140 488 1258 529 esse
1300 482 1593 527 creatorem
1640 485 1737 525 no-

151 580 313 624 strum
346 567 398 621 in
430 582 497 622 eo
522 565 661 635 quod
689 565 962 620 christiani
992 579 1177 620 sumus
1202 606 1217 631 ,
1263 563 1355 635 qui
1404 572 1487 618 est
1530 570 1739 616 creator

160 670 338 715 noster
360 658 413 713 in
438 673 503 714 eo
523 657 662 728 quod
694 654 938 712 homines
958 672 1142 712 sumus
1165 676 1177 711 :
1203 654 1442 726 quamvis
1469 669 1566 707 nec
1589 653 1735 706 illum

151 768 304 823 quem
335 762 495 822 putas
520 760 814 806 creatorem
844 766 1021 805 meum
1044 792 1059 818 ,
1086 750 1151 804 de
1180 750 1462 805 traditione
1488 749 1734 803 convice-

159 845 250 899 ris.
285 843 399 914 Ego
423 852 601 897 autem
632 856 738 895 non
769 841 1003 911 rependo
1032 842 1128 895 tibi
1158 841 1296 896 hanc
1327 839 1569 911 injuriam
1589 856 1602 903 ;
1622 838 1736 893 nec

154 944 334 998 tuum,
386 947 487 987 nec
528 931 796 998 ﬁliorum,
836 931 918 988 vel
960 941 1241 1003 nepotum,
1269 940 1359 985 aut
1386 937 1734 1001 pronepotum

156 1039 367 1081 tuorum
393 1066 411 1092 ,
440 1025 487 1080 si
518 1025 569 1080 in
602 1034 752 1095 parte
777 1024 965 1080 Donati
998 1023 1195 1079 iuerint
1216 1064 1230 1089 ,
1262 1022 1587 1078 Felicianum
1617 1020 1737 1075 dico

152 1131 472 1175 creatorem.
520 1117 785 1183 Tantum,
836 1118 956 1188 quia
1010 1117 1311 1186 permittis,
1359 1116 1620 1171 admoneo
1670 1129 1737 1168 ne

153 1219 361 1266 creator
392 1219 515 1264 tuus
544 1218 663 1281 post
688 1223 882 1263 nomen
915 1207 1146 1262 hominis
1178 1207 1339 1277 impia
1360 1207 1592 1260 vanitate
1619 1220 1738 1257 cur—

155 1309 358 1356 rentem
385 1302 401 1332 ¹
433 1309 485 1354 te
509 1298 740 1357 inveniat
767 1298 1119 1355 desertorem.
1146 1297 1345 1354 Deinde
1388 1297 1739 1368 plausibiliter

159 1394 247 1448 tibi
276 1391 474 1447 videris
502 1390 793 1461 adjungere
817 1408 830 1444 :
858 1389 901 1444 Α
931 1394 1070 1462 fonte
1098 1388 1360 1445 deducitur
1380 1390 1535 1456 rivus,
1567 1399 1617 1443 et
1641 1406 1733 1442 ca-

157 1493 240 1553 put
282 1481 508 1537 membra
550 1493 823 1550 sequuntur
847 1498 866 1535 :
894 1497 1018 1535 sano
1053 1482 1216 1551 capite
1260 1498 1407 1534 omne
1447 1498 1625 1534 sanum
1667 1489 1737 1533 est

156 1587 367 1643 corpus;
389 1582 434 1625 et
455 1572 497 1627 si
522 1570 646 1644 quid
667 1570 720 1625 in
744 1571 838 1625 hoc
863 1571 1023 1625 morbi
1048 1572 1123 1625 vel
1143 1571 1246 1624 vitii
1272 1580 1364 1637 est,
1391 1570 1559 1623 omnia
1582 1586 1739 1622 mem-

155 1664 241 1715 bra
277 1658 607 1716 debilitantur
633 1675 654 1716 :
682 1661 927 1732 originem
956 1678 1099 1714 suam
1139 1661 1372 1728 respicit,
1406 1660 1650 1729 quidquid
1686 1660 1737 1712 in

155 1753 312 1823 stirpe
342 1751 582 1822 processit
611 1767 629 1804 :
652 1768 752 1806 non
798 1760 957 1823 potest
1000 1752 1237 1806 innocens
1271 1767 1374 1804 esse
1395 1791 1409 1813 ,
1441 1750 1525 1819 qui
1554 1759 1738 1803 sectam

159 1862 253 1898 non
297 1842 521 1915 sequitur
558 1844 871 1909 innocentis;
900 1861 1012 1898 cum
1056 1846 1332 1914 prazsertim
1370 1844 1611 1912 scriptum
1637 1844 1735 1909 sit,

160 1956 181 1984 ι
208 1932 275 1987 In
296 1933 543 2005 legalibus
560 1944 760 2005 patrum
778 1943 1049 1988 vestrorum
1067 1952 1127 1987 ne
1145 1934 1513 1987 ambulaveritis
1527 1931 1544 2005 (
1555 1932 1735 1986 Ezeclt.

160 2040 225 2078 xx
252 2065 267 2085 ,
312 2025 381 2080 18
403 2028 441 2092 ).
471 2024 526 2078 lu
557 2020 640 2079 bis
663 2023 910 2079 omnibus
938 2022 1113 2081 verbis
1146 2024 1247 2081 tuis
1272 2024 1458 2082 omitto
1485 2038 1604 2099 quta
1631 2038 1736 2082 non

152 2103 441 2170 est‘similt'
468 2114 607 2192 quod
632 2111 701 2176 de
729 2113 961 2174 humano
984 2130 1210 2190 corpore
1234 2118 1571 2188 comparasti.
1597 2117 1737 2172 Fieri

151 2217 295 2270 enim
323 2221 503 2284 potest
533 2221 590 2267 ut
613 2222 666 2269 et
693 2228 787 2283 pes
809 2213 986 2267 doleat
1010 2213 1182 2282 capite
1203 2227 1353 2276 sano,
1376 2220 1428 2266 et
1454 2211 1588 2281 pede
1609 2224 1740 2265 sano

150 2315 328 2376 caput.
364 2305 567 2361 Omitto
596 2306 778 2372 etiam,
811 2305 956 2375 quod
990 2306 1081 2360 tibi
1109 2304 1391 2371 exciderit,
1424 2303 1549 2375 quid
1582 2305 1740 2373 paulo

151 2405 276 2451 ante
302 2395 503 2450 dixeris
528 2396 573 2459 ’,
603 2393 716 2448 Hoc
739 2403 784 2447 et
813 2411 904 2448 nos
932 2394 1161 2448 volumus
1183 2435 1198 2459 ,
1231 2394 1323 2447 hoc
1352 2393 1619 2448 suademus
1638 2436 1653 2460 ,
1685 2404 1740 2447 ut

153 2485 385 2539 Christus
426 2483 689 2538 christiani
731 2485 794 2538 sit
838 2493 989 2554 caput
1024 2500 1042 2537 :
1071 2485 1156 2554 qui
1190 2499 1329 2538 nunc
1361 2486 1541 2538 nescio
1580 2500 1738 2554 quem

154 2574 469 2628 tmditorem
514 2575 593 2628 vis
632 2584 789 2644 caput
820 2589 941 2629 esse
986 2574 1282 2643 ignotarum
1322 2574 1558 2643 gentium
1599 2574 1741 2629 ebri-

152 2667 472 2732 stianarum,
496 2664 583 2720 ubi
609 2665 788 2720 datum
815 2674 870 2721 et
893 2675 1168 2735 acceptum
1195 2664 1389 2718 Citriin
1415 2665 1739 2735 Baptismum

156 2772 258 2811 non
289 2757 453 2812 vultis
480 2769 769 2826 agnoscere
793 2797 808 2822 ,
844 2765 1092 2825 tanquam
1137 2756 1386 2825 baptizali
1434 2755 1642 2810 nonnisi
1673 2754 1742 2809 ab

154 2846 242 2900 illo
267 2847 530 2902 traditore
555 2847 717 2903 creati
747 2848 872 2901 sint.
896 2845 1100 2902 Omitto
1130 2858 1181 2901 et
1215 2846 1340 2901 illud
1372 2857 1626 2916 quantum
1655 2862 1743 2902 me

152 2936 391 3005 adjuvet,
413 2936 553 3007 quod
574 2937 641 2992 de
667 2937 944 3007 Scriptura
968 2937 1327 2992 testimonium
1356 2937 1468 3007 ipse
1494 2936 1737 3008 posuisti,

150 3025 357 3081 dictum
389 3040 510 3082 esse
536 3025 755 3093 Iudaeis,
786 3027 853 3081 In
879 3027 1119 3100 legalibus
1144 3037 1344 3098 patrum
1374 3038 1651 3082 vestrarum
1679 3044 1743 3082 ne

152 3116 534 3171 ambulaveritis
560 3133 579 3171 :
598 3131 719 3173 cum
743 3119 844 3173 hoc
874 3119 1054 3188 utique
1079 3128 1402 3189 praeceptum
1421 3122 1740 3189 quicumque

153 3215 284 3260 tunc
313 3206 607 3262 observare
650 3206 965 3272 voluerunt,
1000 3207 1136 3261 sicut
1166 3209 1437 3278 propheta:
1477 3209 1645 3275 sancti
1686 3219 1742 3263 et

149 3303 361 3365 septem
394 3296 561 3352 millia
591 3297 828 3351 virorum
851 3338 867 3363 ,
899 3296 989 3366 qui
1035 3311 1140 3350 non
1171 3305 1530 3351 curvaverant
1571 3314 1740 3369 genua

149 3392 273 3439 ante
301 3384 451 3450 Baal,
484 3400 511 3438 a
543 3385 737 3454 p0pulu
770 3394 943 3439 tamen
973 3400 1071 3439 suo
1112 3393 1167 3440 et
1194 3401 1224 3439 a
1254 3387 1623 3441 communibus
1652 3402 1738 3443 sa-

149 3477 448 3529 oramentis
480 3489 585 3528 non
613 3483 671 3526 se
693 3473 1006 3528 diviserunt.
1029 3475 1139 3530 lloc
1162 3474 1304 3543 dico,
1331 3474 1432 3531 hoc
1454 3478 1582 3535 velis
1605 3478 1743 3533 nalis

150 3565 487 3642 repetendo,
516 3566 804 3636 quamlibet
842 3567 935 3621 tibi
967 3567 1147 3622 videar
1170 3567 1427 3623 molestus
1447 3612 1461 3633 ,
1491 3569 1699 3625 inculco
1723 3588 1738 3625 :

155 3654 275 3711 Noli
302 3654 653 3709 Caecilianum
678 3654 830 3709 toties
862 3653 1161 3710 absolutum
1183 3664 1340 3728 caput
1361 3656 1534 3713 facere
1561 3668 1740 3728 poste-

155 3747 223 3801 ris
273 3745 512 3812 nobis";
556 3761 677 3800 cum
713 3761 812 3818 ego
851 3755 905 3802 ct
946 3747 1272 3803 Primianum
1301 3762 1331 3802 a
1357 3748 1657 3815 Feliciauo,
1689 3761 1743 3806 et

156 3838 483 3894 Feliciauum
512 3852 540 3891 a
569 3824 838 3894 Primiauo
861 3838 1191 3908 damnatum,
1216 3855 1320 3894 non
1345 3848 1521 3895 tamen
1552 3837 1741 3895 faciam

155 3939 317 4000 caput
347 3930 572 3999 posteris
598 3930 808 3984 vestris.

221 4017 459 4074 CAPUT
493 4019 671 4074 XLVI.
697 4020 877 4075 —55.
921 4019 1037 4075 Jam
1082 4034 1209 4074 vero
1249 4018 1316 4074 de
1359 4019 1745 4091 persecutionis

158 4112 356 4166 invidia
381 4152 396 4179 ,
424 4126 583 4181 quam
613 4127 643 4166 a
673 4112 899 4167 terrenis
934 4112 1282 4182 potestatibus
1324 4127 1419 4165 vos
1461 4128 1555 4182 pro
1595 4127 1676 4182 pan
1694 4123 1745 4168 te

159 4200 353 4255 Donati
373 4201 571 4269 perpeti
589 4201 1173 4272 gloriamini,quamvis
1198 4202 1252 4256 in
1281 4201 1373 4258 illo
1402 4203 1556 4258 trium
1584 4203 1747 4259 libro-

159 4308 277 4346 rum
307 4306 472 4362 opere
500 4293 630 4346 satis
661 4294 751 4348 tibi
779 4292 1097 4364 abundeque
1123 4292 1491 4364 responderim
1516 4337 1529 4361 ,
1572 4312 1746 4366 neque

159 4396 302 4436 nunc
330 4381 422 4436 tibi
449 4382 653 4450 tacebo,
674 4382 815 4453 quod
845 4399 907 4437 ex
940 4382 1039 4438 hac
1064 4398 1221 4438 causa
1250 4378 1744 4442 Maximiauensium

163 4470 399 4526 breviter
426 4472 737 4542 responderi
774 4480 983 4542 potest:
1016 4472 1134 4527 nam
1164 4475 1310 4544 quasi
1341 4486 1621 4546 propterea
1651 4492 1748 4532 vos

166 4562 430 4632 imperitis
458 4572 619 4632 atque
650 4563 1071 4634 imprudentibus
1099 4562 1309 4636 populis
1337 4567 1743 4622 connnendatis.

160 4651 256 4707 Sic
282 4654 423 4708 enim
456 4669 514 4709 se
539 4652 888 4710 Maximianus
915 4655 1058 4725 ipse,
1087 4657 1164 4711 sic
1192 4657 1308 4726 ejus
1337 4657 1499 4724 socii,
1531 4658 1617 4727 qui
1648 4674 1748 4714 nec

160 4745 624 4819 persecutionibus
660 4756 962 4801 vestrorum
1000 4757 1056 4800 ut
1097 4746 1162 4800 ad
1193 4762 1378 4802 eorum
1410 4749 1747 4804 communio-

165 4853 292 4893 nem
322 4838 579 4904 redirent,
609 4838 801 4894 cedere
829 4837 1176 4910 potuerunt‘,
1207 4840 1355 4894 vanis
1385 4840 1748 4914 imperitisque

160 4927 562 4983 mmmendant.
586 4928 691 4984 Sed
711 4930 801 5001 qui
832 4930 1008 4985 sobrie
1035 4930 1289 5000 cogitant,
1319 4945 1503 4986 eorum
1533 4932 1622 5002 qui
1651 4932 1748 4986 ali-

160 5036 326 5091 quam
371 5021 668 5077 molestiam
709 5023 1000 5093 patiuntur,
1041 5038 1145 5078 non
1188 5038 1376 5094 paruas
1419 5023 1746 5079 considerari

160 5121 439 5181 oportere.
469 5112 563 5167 sed
595 5128 813 5179 causas;
842 5113 1140 5185 intelligunt
1164 5128 1257 5168 eos
1286 5130 1381 5186 pro
1408 5114 1630 5169 crimine
1659 5130 1748 5170 sae

158 5204 346 5276 erilegi
390 5205 720 5270 scitismatis,
768 5206 819 5259 in
868 5221 973 5275 quo
1018 5221 1047 5260 a
1092 5205 1243 5260 vobis
1288 5207 1476 5259 merito
1501 5206 1749 5278 justeque

158 5294 405 5349 damnati
436 5304 588 5361 sunt,
619 5297 1006 5352 commotiones
1031 5296 1190 5351 etiam
1227 5295 1549 5365 judiciorum
1578 5312 1749 5352 smcu-

164 5387 360 5441 larium
392 5389 584 5443 merito
606 5389 853 5460 justeque
893 5403 1191 5460 perpessos.
1220 5387 1401 5459 Neque
1436 5389 1576 5443 enim
1619 5388 1748 5445 illud

232 5547 248 5609 ξ
275 5544 416 5602 Fditi,
442 5540 697 5609 currentis.
718 5548 885 5609 Aptius
907 5554 1030 5602 Mss,
1054 5551 1341 5609 currentem.

231 5607 519 5678 ξιξι-λμιεύ.
545 5615 661 5678 ven.
690 5605 1263 5678 toi-.,_qaou_paalom_ue
1299 5605 1507 5678 dixeris.
1567 5615 1623 5678 μ.

168 5666 672 5775 ἑ’βε-Ἀὶιίζριωκιετὶδ
734 5666 924 5719 nostris.
983 5666 1155 5717 Helius
1196 5675 1333 5729 Mss,
1402 5668 1600 5730 pastoris
1665 5681 1743 5719 na-

199 5741 258 5774 ις.

238 5799 259 5818 ⁸
281 5789 388 5839 Sola
409 5791 556 5839 mliti)
579 5798 707 5851 t.ov.,
734 5789 990 5839 coluerunt.
1162 5776 1169 5782 ’

1493 355 1688 411 LIBER
1729 352 2063 422 QUARTUS.

3311 362 3416 420 57B

1847 482 2226 538 commemoro,
2249 473 2390 541 quod
2412 481 2466 528 tn
2489 482 2574 528 tua
2597 473 2818 544 epistola
2838 475 3082 544 posuisti,
3101 476 3237 544 quod
3260 477 3421 530 Mari

1847 561 2001 614 miani
2025 579 2124 616 non
2155 563 2411 618 basilicam
2430 607 2446 632 ,
2484 567 2575 621 sed
2598 567 2909 638 speluncam,
2933 585 3030 622 non
3061 567 3299 637 Optatus,
3335 572 3424 623 sed

1846 652 2062 721 populus
2091 655 2282 709 evertit.
2309 655 2622 726 Quanquam
2665 658 2824 712 etiam
2857 659 2965 712 illic
2985 701 3000 725 ,
3029 660 3127 713 etsi
3159 661 3420 714 incertum

1842 753 1923 797 est
1948 753 2157 798 vestros
2184 744 2407 812 fecisse,
2439 756 2644 803 certum
2685 754 2766 813 est
2811 758 2985 803 tamen
3018 750 3166 804 illum
3210 766 3421 820 passum

1842 831 2001 888 fuisse
2045 837 2468 909 persecutionem
2493 854 2509 905 ;
2539 854 2638 895 nec
2681 848 2854 893 tamen
2895 840 3095 910 justum
3136 855 3292 906 esse,
3325 844 3420 895 sed

1842 925 2079 995 impium.
2105 926 2256 984 Unde
2275 928 2382 998 jam
2412 932 2618 1000 cogeris
2646 931 2908 997 conﬁteri,
2940 948 3043 986 non
3072 931 3268 987 debere
3293 933 3418 1002 quid

1841 1018 2067 1095 quisque
2095 1019 2342 1088 patiatur,
2376 1022 2470 1075 sed
2502 1037 2665 1092 quare
2691 1024 2919 1092 patiatur
2945 1023 3167 1077 attendi.

1912 1109 1999 1165 56.
2027 1108 2131 1165 Sed
2161 1112 2286 1165 mihi
2320 1129 2504 1182 parum
2548 1121 2661 1180 est,
2706 1115 2807 1167 hoc
2841 1113 3137 1167 Maximiani
3176 1115 3423 1183 exemplo

1838 1197 2053 1253 interim
2088 1199 2491 1267 demonstrare,
2534 1217 2639 1255 non
2687 1203 2940 1256 continuo
2965 1202 3164 1271 justum
3189 1217 3307 1257 esse
3335 1203 3422 1272 qui

1840 1291 2058 1345 obtento
2089 1300 2247 1362 atque
2271 1291 2588 1349 admnbrato
2611 1294 2805 1348 Christi
2839 1295 3052 1349 nomine
3079 1296 3276 1364 patitur
3305 1311 3424 1364 per-

1841 1382 2191 1446 secutionem,
2223 1384 2433 1453 quando
2459 1393 2510 1438 et
2536 1385 2887 1439 Maximianus
2920 1386 3205 1456 sacrilegus
3235 1402 3299 1456 pa
3332 1401 3423 1439 sus

1841 1480 1955 1534 est;
1990 1472 2088 1524 nisi
2122 1482 2170 1526 te
2197 1489 2382 1543 cogam
2409 1475 2580 1539 interi,
2605 1476 2746 1545 quod
2778 1485 2830 1530 et
2850 1474 3083 1547 religiOsi
3112 1477 3417 1546 sacrilegos,

1841 1570 1894 1614 et
1916 1560 2043 1628 jnSti
2077 1566 2266 1633 in-pios
2295 1578 2709 1635 persequuntur,
2745 1581 2856 1621 non
2887 1582 3014 1621 sane
3048 1567 3269 1622 nocendi
3309 1576 3422 1621 stu-

1840 1649 1949 1714 dio,
1980 1650 2075 1705 sed
2102 1655 2415 1709 necessitate
2442 1655 2617 1725 ponus
2642 1657 2972 1711 consulendi.
3001 1656 3110 1712 Nec
3140 1657 3205 1712 de
3227 1658 3420 1713 Vetere

1841 1736 2181 1796 Testamento
2203 1744 2418 1814 profero
2446 1746 2687 1815 exempla
2713 1764 2727 1799 :
2756 1748 2998 1816 quamvis
3026 1757 3076 1801 te
3100 1749 3260 1803 etiam
3292 1764 3419 1818 pro-

1841 1830 2066 1901 pheticis
2095 1837 2359 1906 exemplis
2390 1838 2567 1893 doceri
2595 1838 2732 1894 velle
2756 1840 2937 1894 dixisti
2963 1841 3001 1895 ⁸.
3029 1841 3117 1895 Illa
3139 1884 3151 1906 ,
3184 1843 3419 1912 inquam,

1841 1918 2000 1978 nimis
2024 1925 2235 1995 antiqua
2261 1942 2364 1980 non
2398 1927 2610 1997 profero
2636 1947 2649 1983 :
2674 1929 2884 1985 luerunt
2903 1931 3043 1985 enim
3071 1931 3287 1985 alterius
3313 1932 3422 1986 dis-

1842 2015 2173 2083 penSationis
2221 2026 2275 2070 et
2302 2019 2577 2087 tetttporis.
2605 2019 2720 2074 Jam
2757 2031 2875 2089 pOsl
2916 2022 3202 2076 revelatam
3243 2032 3296 2077 et
3326 2038 3423 2093 0p-

1841 2120 2073 2180 portuno
2135 2116 2377 2186 tempore
2437 2111 2861 2167 commendatam
2922 2115 3421 2178 mansuetudinem,

1842 2203 2077 2275 episcopi
2098 2204 2281 2273 vestri,
2311 2206 2452 2276 quod
2472 2207 2682 2277 quidem
2710 2218 2808 2264 nos
2828 2219 2931 2264 non
2958 2203 3182 2259 dicimus
3197 2204 3421 2276 justum,

1842 2291 1938 2346 sed
1966 2294 2221 2362 quamdiu
2251 2295 2321 2349 ibi
2351 2310 2432 2363 es,
2461 2306 2516 2351 et
2542 2296 2698 2352 talem
2733 2313 2949 2354 causam
2977 2293 3238 2367 defendis,
3263 2304 3317 2350 tu
3337 2295 3421 2351 di-

1842 2397 1966 2437 cere
1992 2385 2234 2453 eogeris;
2266 2386 2537 2458 episcopi,
2571 2386 2786 2459 inquam
2804 2431 2818 2457 ,
2847 2391 3010 2446 vestri
3049 2402 3254 2448 vestros
3280 2393 3426 2448 sciti-

1843 2478 2098 2533 smaticos
2130 2481 2388 2548 persecuti
2417 2490 2561 2534 sunt.

1915 2567 2142 2624 CAPUT
2169 2567 2373 2623 XLVII.
2397 2601 2467 2609 —
2486 2568 2574 2626 57.
2604 2570 2719 2626 Jam
2754 2571 2930 2642 itaque
2956 2587 3061 2627 non
3101 2573 3220 2627 dico
3239 2617 3254 2641 ,
3296 2573 3423 2629 Pcr-

1845 2658 2179 2712 secutionem
2216 2674 2401 2726 passus
2446 2669 2529 2715 est
2571 2661 2918 2717 Maximianus
2942 2705 2958 2730 ,
2997 2660 3121 2718 fecit
3162 2661 3425 2733 Optatus:

1845 2750 2099 2818 quoniam
2126 2749 2234 2804 hoc
2262 2766 2355 2805 vos
2403 2748 2646 2821 ignorare
2689 2754 3013 2822 reSpondes,
3045 2764 3100 2808 et
3126 2756 3195 2809 ita
3225 2754 3348 2810 fecit
3371 2764 3430 2809 nt

1828 2839 1971 2895 ~binc
1999 2839 2139 2895 nulla
2178 2842 2378 2912 possim
2405 2853 2552 2914 gesta
2593 2844 2853 2911 recitare;
2880 2860 3181 2916 quanquam
3224 2848 3276 2900 in
3322 2857 3429 2901 tam

1846 2932 2047 2988 recenti
2080 2935 2333 2988 memoria
2376 2935 2623 2990 civitates
2651 2937 2778 3005 ipsa:
2808 2938 2852 2991 si
2892 2938 3302 3008 interrogentur,
3331 2953 3428 2993 ne-

1845 3039 1971 3093 gare
2019 3040 2123 3078 non
2173 3037 2414 3095 possunt.
2460 3027 2571 3082 Iloc
2615 3016 2892 3098 ergo'non
2928 3028 3092 3084 dico:
3125 3031 3217 3084 sed
3268 3029 3426 3094 dico,

1847 3116 2280 3172 Persecutiouem
2315 3133 2501 3186 passus
2531 3127 2615 3174 est
2637 3119 2983 3174 Maximianus
3005 3163 3017 3179 .
3047 3119 3171 3174 fecit
3201 3121 3429 3174 Primia-

1849 3223 1966 3260 nns.
2002 3207 2063 3261 Et
2096 3208 2260 3263 recito
2287 3220 2435 3278 gesta
2467 3209 2661 3277 quibus
2687 3209 2962 3264 Ostendam
2990 3208 3204 3264 domum
3225 3252 3239 3274 ,
3270 3225 3435 3280 quam

1850 3296 2200 3352 Maximianus
2232 3302 2497 3368 propriam
2523 3301 2860 3362 defendebat.
2891 3301 3211 3371 Primianum
3238 3316 3433 3373 procu-

1848 3389 2053 3443 ratione
2093 3389 2375 3456 mandata,
2423 3391 2752 3446 exorcisterii
2797 3390 3137 3446 ecclesiastici
3177 3393 3427 3459 nomine,

1847 3480 2057 3534 favente
2089 3481 2188 3534 sibi
2215 3480 2490 3535 sacerdote
2529 3480 2701 3551 legato
2723 3480 2821 3552 (η),
2856 3481 2993 3552 quod
3036 3484 3144 3552 ipsa
3174 3492 3320 3551 gesta
3351 3484 3432 3538 in-

1846 3571 2040 3637 diCanI,
2062 3572 2367 3627 abstulisse.
2386 3572 2721 3642 Sedjustiliae
2744 3586 2846 3626 non
2870 3573 3048 3641 gratiae
3066 3572 3221 3626 fuerit
3237 3573 3425 3643 judex,

1852 3680 1957 3716 non
2002 3661 2178 3715 abnuo
2204 3704 2217 3719 .
2260 3679 2364 3716 nou
2411 3662 2614 3716 refello.
2644 3663 2752 3718 Cur
2795 3678 2923 3732 ergo
2964 3664 3259 3719 Primianus
3292 3649 3457 3733 apud.

1848 3764 1963 3807 acta
2016 3753 2358 3820 magistratus
2403 3751 2835 3822 Cartitagincnsis
2882 3755 3017 3806 inter
3061 3756 3159 3806 alia
3204 3769 3323 3821 qua:
3363 3755 3434 3809 de

1848 3842 2002 3896 nobis
2028 3836 2415 3894 contumeliose
2462 3840 2824 3910 prosequenda
2857 3841 3142 3903 mandavit,
3173 3840 3303 3906 Illi,
3344 3843 3429 3896 in—

1847 3932 1996 4000 quit,
2024 3929 2259 3997 auferunt
2286 3928 2451 3981 aliena
2470 3970 2484 3989 ,
2514 3944 2622 3982 nos
2663 3929 3035 3983 intermittimus
3075 3932 3280 3994 ablata;
3308 3946 3431 3986 cum

1848 4023 1964 4099 ipse
2005 4020 2312 4078 abstulisset
2354 4022 2524 4076 aliena
2548 4063 2563 4088 ,
2592 4021 2636 4076 si
2660 4020 2965 4076 Maximiani
2992 4030 3106 4076 erat
3132 4023 3355 4087 domus;
3385 4026 3432 4079 si

1849 4127 2029 4171 autem
2056 4114 2405 4170 Maximianus
2434 4127 2550 4168 eam
2595 4113 2768 4183 potius
2794 4121 3172 4182 usurpaverat,
3209 4128 3315 4166 non
3347 4113 3432 4168 iu—

1852 4208 2167 4262 termisisset
2205 4203 2419 4259 ablata?
2443 4202 2549 4259 Sed
2575 4204 2618 4257 si
2650 4216 2823 4272 neque
2864 4204 2965 4256 boc
3004 4203 3068 4257 ad
3101 4203 3432 4272 persecutio-

1851 4314 1971 4352 nem
2003 4297 2083 4351 vis
2111 4295 2373 4366 pertinere
2399 4312 2412 4361 ;
2441 4294 2560 4349 dico
2589 4294 2869 4364 episcopos
2895 4300 3101 4348 vestros
3122 4302 3176 4347 et
3208 4293 3436 4348 Cll‘fiCttS

1850 4400 2055 4445 Vestros
2089 4386 2626 4451 lilaximiancnsibns,
2659 4387 2709 4439 itt
2733 4387 2810 4440 eis
2840 4384 3055 4439 sedibus
3094 4384 3436 4439 manentibus

1851 4484 1902 4536 in
1935 4482 2125 4550 quibus
2150 4481 2441 4550 antiquitus
2474 4476 2679 4532 fuerant
2719 4477 2982 4543 ordinati,
3014 4475 3203 4532 fecisse
3246 4480 3431 4547 perse-

1849 4574 2107 4637 cuiioues,
2132 4570 2269 4640 apud
2299 4568 2643 4639 proconsules
2664 4582 2964 4632 accusasse,
2988 4568 3432 4636 impetrassejus-

1851 4658 2047 4726 siones,
2075 4664 2382 4733 eisdemque
2398 4662 2725 4730 jussionibus
2746 4659 3097 4730 exsequendis
3120 4660 3433 4715 Oiﬁciornm

1851 4758 2179 4823 instantium,
2211 4764 2264 4809 et
2294 4755 2563 4809 civitatmn
2593 4753 2786 4808 auxilia
2820 4754 3078 4807 meruisse
3103 4796 3117 4815 ,
3155 4762 3213 4807 ut
3241 4754 3311 4806 illi
3342 4755 3435 4823 qui

1846 4849 1954 4920 jam
1984 4847 2191 4903 fuerant
2220 4846 2521 4918 Bagaiensis
2552 4844 2828 4899 sentcntiae
2858 4845 3140 4899 severitate
3161 4845 3393 4899 damnati
3416 4887 3435 4911 ,

1852 4948 1906 4994 et
1952 4953 1982 4992 a
2032 4948 2219 4993 vestrae
2267 4935 2655 4992 communionis
2689 4950 2949 5004 corpore,
2991 4952 3062 4990 tte
3105 4952 3199 5005 per
3242 4946 3436 4991 cuncta

1852 5029 2092 5084 membra
2124 5028 2378 5098 pestilens
2406 5028 2554 5080 virus
2584 5028 2873 5096 irreperet,
2915 5026 3297 5096 compendiosa
3332 5026 3435 5080 do-

1857 5121 1967 5174 lure
1996 5119 2224 5187 praecisi,
2249 5127 2302 5173 et
2329 5118 2532 5172 nullum
2556 5117 2664 5185 jam
2690 5117 2840 5172 vobis
2866 5116 3120 5170 facientes
3147 5128 3256 5171 Sua-
3286 5132 3437 5171 com-

1852 5214 2119 5268 munionis
2136 5211 2371 5266 morbida
2389 5209 2704 5279 contagione
2724 5207 3036 5277 periculum,
3058 5223 3178 5261 cum
3196 5209 3437 5277 pne-visis

1854 5307 2056 5377 pariter
2080 5301 2323 5373 plebibus
2350 5301 2458 5356 suis
2483 5301 2692 5372 propria
2724 5298 3095 5353 conventicula
3130 5298 3439 5367 frequenta-

1856 5398 2001 5462 bant,
2032 5396 2145 5451 Ioca
2169 5404 2221 5450 et
2245 5393 2488 5449 basilicas
2513 5404 2647 5463 quas
2677 5406 2781 5445 non
2810 5390 3150 5452 invaserant,
3193 5404 3314 5444 entn
3347 5405 3442 5457 pu-

1858 5487 1994 5560 pulis
2014 5486 2111 5543 sibi
2141 5484 2533 5542 coha-reutibus
2570 5493 2824 5555 perpetua
2864 5483 3204 5553 possessione
3245 5482 3443 5536 retine—

1920 5668 1937 5697 ί
1963 5665 2035 5714 sic
2056 5671 2148 5713 Mss
2191 5669 2245 5712 Αι
2269 5661 2403 5718 editi,
2430 5659 2603 5709 docere
2625 5656 2710 5709 illa
2732 5656 2920 5709 (licini.

1920 5726 1992 5788 (α)
2017 5733 2147 5774 Itnac
2161 5725 2481 5789 Lux-anieqses
2503 5724 2548 5770 in
2570 5722 2961 5789 Aunotatiombus
2974 5720 3260 5789 ipsumesse
3279 5719 3458 5771 obser-

1861 5782 1988 5847 vant;
2016 5790 2095 5851 qui
2117 5800 2189 5849 su,
2208 5799 2277 5846 ra,
2305 5800 2352 5834 η.
2378 5785 2426 5846 5,
2454 5791 2646 5833 vocatur
2670 5782 2862 5844 legatus
2881 5782 3192 5841 Ca'tiiaginis.
