4024 6194
497 446 658 503 bant,
712 441 1073 493 terrerentur,
1114 426 1594 496 .pmtnrbarentur,
1642 418 2075 488 expellerentur,

499 533 788 584 retinentes
814 522 1219 578 exhiberentur.

567 617 788 676 CAPUT
830 609 1054 669 XLVIII.
1095 605 1275 664 —'58.
1324 607 1460 675 Lege
1497 619 1616 674 qme
1658 602 1726 656 de
1770 601 1875 654 illis
1903 599 1982 653 vel
2030 599 2082 650 ia

499 713 615 764 illos
643 706 913 762 advocatis
941 698 1386 773 prosequentibus
1407 695 1548 748 dicta
1591 701 1714 747 sunt
1737 732 1752 756 ,
1793 707 1911 761 qua:
1937 688 2086 755 obth

498 815 583 857 cta
611 800 835 856 crimina
867 794 1151 864 sacrilegii,
1177 805 1282 861 quo
1312 790 1512 857 impetu
1527 782 1886 840 accusati-onis
1909 779 2089 834 conci-

501 903 620 946 tata:
665 901 788 947 sunt
833 896 1143 960 potestates.
1191 883 1379 948 Qua-re
1409 895 1525 947 quae
1555 876 1692 931 facta
1721 873 1865 928 sint‘
1907 869 2088 926 Salvio

500 959 936 1044 Meinliresitano,
967 977 1089 1047 quia
1116 975 1165 1028 ei
1197 989 1300 1027 non
1333 969 1504 1041 potuit
1535 967 1674 1021 illius
1700 959 2088 1034 persecutionis

497 1072 937 1144 exagitatiouibus
966 1065 1306 1136 extorqueri,
1341 1070 1400 1116 ut
1429 1059 1629 1115 rediret
1658 1056 1726 1110 ad
1759 1052 2088 1109 consortium

496 1167 766 1227 criminis;
809 1161 1098 1229 maluitque
1113 1153 1517 1210 secommittere
1545 1146 1802 1210 examini,
1829 1152 1882 1198 et
1903 1155 2088 1211 perse-

497 1257 772 1311 cutorilius
798 1253 908 1308 suis
938 1252 989 1305 in
1023 1244 1382 1319 proconsulari
1403 1241 1606 1310 judicio
1633 1235 1990 1307 respondere;
2025 1248 2088 1286 ea

497 1348 661 1401 credo
701 1344 923 1408 ﬁducia,
961 1341 1102 1412 quod
1141 1340 1305 1395 sciret
1342 1333 1676 1389 adversarios
1717 1344 1844 1384 suos
1886 1327 2089 1396 legibus

500 1446 682 1490 contra
728 1434 1007 1489 luercticos
1046 1427 1394 1500 promulgatis
1423 1425 1496 1478 uti
1523 1439 1625 1476 non
1656 1435 1812 1491 posse
1835 1417 1973 1487 apud
1999 1416 2089 1484 ju-

497 1527 692 1590 dicem,
731 1523 832 1578 nisi
865 1522 1026 1577 etiam
1065 1535 1124 1572 se
1161 1518 1307 1586 ipsos
1341 1515 1388 1568 ei
1431 1513 1630 1584 pariter
1667 1509 1950 1563 irretirent.
1983 1504 2090 1561 Sed

500 1619 688 1674 fefellit
710 1631 832 1672 eum
861 1615 961 1667 ista
988 1611 1276 1680 cogitatio:
1305 1606 1443 1676 apud
1475 1604 1736 1659 Seranum
1779 1600 1920 1654 enim
1967 1607 2091 1650 tunc

500 1707 871 1779 proconsulem
900 1703 979 1756 vel
1025 1700 1193 1771 gratia
1238 1698 1354 1768 plus
1400 1695 1590 1757 valuit,
1624 1692 1705 1745 vel
1745 1689 1913 1759 magis
1957 1687 2091 1741 forte

503 1777 791 1868 iiagaieuse
819 1793 1125 1856 concilium,
1151 1787 1290 1858 quod
1321 1787 1426 1840 illic
1452 1786 1612 1840 etiam
1635 1791 1818 1836 contra
1842 1777 2089 1862 eumdem

498 1889 732 1942 Salvium
764 1885 1042 1939 recitatum
1079 1889 1180 1934 est.
1233 1876 1470 1944 Quadam
1514 1889 1643 1928 sane
1683 1868 2090 1925 interlocutione

500 1979 625 2049 quid
659 1993 751 2047 per
775 1992 835 2031 se
860 1982 1105 2044 ageretur
1129 1968 1395 2032 ostendit,
1429 1966 1480 2020 id
1507 1974 1620 2030 est,
1653 1972 1710 2016 ut
1739 1962 1970 2016 Salvium
2002 1968 2091 2013 aut

441 2051 484 2121 Ρ
503 2071 671 2147 om
695 2068 1067 2136 episcoporum
1095 2057 1488 2115 communionis
1521 2051 1772 2107 Primiani
1803 2049 2087 2113 redderet,

503 2169 594 2212 aut
640 2146 844 2226 fugaret
886 2170 914 2207 a
963 2152 1222 2215 sedibus;
1261 2157 1318 2202 ut
1361 2146 1676 2208 Restitutus,
1709 2154 1865 2212 quem
1905 2148 2091 2192 contra

502 2267 624 2304 eum
657 2249 956 2304 Primianus
977 2243 1337 2304 ordinaverat,
1362 2231 1478 2292 loca
1509 2234 1684 2289 omnia
1706 2249 1823 2302 qua:
1849 2248 1877 2285 a
1905 2227 2090 2286 Salvio

505 2342 854 2402 tenebantur,
882 2339 996 2391 sine
1026 2331 1330 2388 adversario
1367 2327 1664 2400 possideret
1692 2342 1705 2376 :
1739 2332 1793 2378 et
1824 2333 2001 2376 tamen
2033 2319 2086 2374 in

503 2431 689 2487 eadem
734 2427 1173 2486 interlocutione,
1223 2412 1364 2491 quod
1411 2415 1836 2488 persecutionem
1884 2412 2092 2467 Salvius

507 2533 809 2594 pateretur,
848 2516 1128 2588 expressit.
1163 2515 1251 2570 Sic
1280 2513 1422 2568 enim
1451 2510 1502 2563 in
1531 2507 1729 2563 eisdem
1767 2504 1932 2574 gestis
1959 2501 2090 2572 legi-

485 2600 590 2687 itur
620 2635 632 2669 :
662 2616 889 2670 Serenus
917 2607 1188 2681 proconsul
1215 2605 1342 2658 dixit
1373 2619 1389 2656 :
1414 2600 1501 2654 Lis
1531 2600 1882 2669 episcoporum
1907 2610 2089 2648 secun-

505 2711 626 2761 dum
659 2709 814 2776 legem
841 2705 902 2757 ab
932 2700 1178 2773 episcOpis
1208 2695 1461 2750 audienda
1489 2702 1560 2746 est
1587 2690 1607 2745 έ
1634 2688 1856 2760 episwpi
1885 2687 2092 2755 judica-

506 2808 699 2853 veruut.
753 2797 922 2864 Quare
969 2809 1072 2847 non
1113 2800 1201 2843 aut
1244 2788 1337 2843 sub
1383 2778 1725 2854 satisfactione
1771 2776 1837 2833 ad
1884 2781 2093 2832 chorum

506 2891 763 2946 rwerteris
790 2887 1076 2947 vetustatis;
1114 2893 1222 2945 aut,
1258 2891 1310 2934 ut
1342 2878 1494 2932 habes
1527 2877 1790 2945 scriptum,
1820 2882 1957 2942 terga
1979 2887 2095 2940 per-

506 2983 809 3039 secutoribus
855 2978 1064 3049 prodis?
1105 2973 1242 3042 Quid
1289 2971 1376 3025 ltic
1420 2969 1510 3024 tibi
1554 2964 1798 3020 videtur?
1843 2964 2092 3017 Placetne

510 3079 672 3131 istum
712 3073 946 3128 Salvium
977 3067 1243 3137 appellare
1263 3065 1464 3132 justum
1487 3101 1502 3125 ,
1534 3057 1617 3112 cui
1647 3053 1926 3125 proconsul
1953 3051 2094 3122 apud

509 3183 668 3235 quem
695 3179 724 3216 a
754 3161 1018 3216 Restituto
1043 3156 1294 3225 episcolio
1326 3160 1502 3205 vestro
1527 3157 1712 3202 contra
1737 3152 1910 3198 stante
1937 3158 2096 3197 accu-

511 3258 746 3318 sabatur,
775 3255 935 3308 etiam
961 3249 1027 3304 de
1053 3254 1236 3301 sancta
1270 3243 1541 3311 Scriptura
1580 3238 1670 3292 dat
1706 3236 2008 3298 consilium,
2036 3243 2096 3290 ut

510 3358 653 3416 terga
699 3340 1131 3415 persecutoribus
1175 3334 1390 3407 prodat;
1436 3330 1685 3402 quoniam
1731 3327 1982 3396 scriptum
2012 3333 2098 3380 est

511 3442 562 3492 in
589 3415 898 3506 Evangelio,
929 3433 989 3487 Si
1015 3448 1099 3485 vos
1124 3427 1368 3499 persecuti
1389 3426 1592 3490 fuerint,
1617 3421 1775 3492 fugite
1803 3415 2014 3490 (Matth.
2037 3433 2090 3482 x,

512 3527 604 3597 23)
627 3528 650 3580 ’ἔ
683 3525 839 3579 Vides
867 3533 1012 3577 certe
1035 3536 1194 3590 quam
1216 3517 1448 3586 speciem
1477 3514 1687 3569 Salvius
1707 3511 1845 3578 apud
1864 3525 1993 3564 suos
2012 3509 2096 3563 vel

513 3615 761 3686 martyris
791 3612 874 3667 vel
913 3607 1237 3665 confessoris
1281 3603 1566 3668 ostendat,
1607 3601 1696 3671 qui
1743 3606 2098 3669 persequente

513 3710 776 3765 Restituto
808 3705 922 3758 haec
949 3701 1143 3757 meruit
1167 3715 1198 3753 a
1227 3695 1546 3768 proconsule
1573 3693 1759 3747 audire
1791 3709 1804 3744 :
1834 3700 1890 3744 et
1917 3698 2094 3744 tamen

511 3814 618 3854 non
641 3797 813 3851 soluat
841 3791 1132 3848 secundum
1155 3803 1274 3853 nos,
1300 3801 1482 3840 verum
1505 3783 1664 3839 etiam
1691 3780 1981 3836 secundum
2003 3795 2098 3834 vos

511 3889 703 3958 impius
729 3896 782 3941 et
807 3884 1098 3951 sacrilegus
1119 3880 1408 3949 iudicatur.

579 3979 804 4037 CAPUT
843 3974 1031 4032 XLIX.
1055 4003 1126 4014 —-
1150 3972 1239 4028 59.
1287 3971 1407 4026 Jam
1435 3983 1560 4024 vero
1587 3976 1930 4038 posteaquam
1967 3980 2095 4020 sen—

511 4076 729 4130 tentiain
773 4068 1104 4140 proconsulis
1138 4061 1536 4120 Abitinensibus
1579 4059 1806 4129 allegata
1843 4067 1958 4123 est;
2005 4069 2099 4127 per

511 4181 671 4236 quam
715 4163 984 4219 civitatem
1024 4158 1253 4212 vicinam
1290 4153 1579 4224 judicatum
1630 4145 1894 4218 implere'
1932 4148 2098 4203 vestri

512 4263 836 4318 meruerant,
854 4266 920 4307 eo
935 4248 1075 4317 quod
1099 4261 1232 4316 pene
1247 4258 1434 4300 omnes
1451 4237 1842 4296 Membresitani
1862 4237 2097 4294 Salvium

512 4344 831 4414 diligebant;
881 4355 1001 4410 quae
1046 4336 1271 4392 fecerint
1313 4333 1472 4388 iidem
1513 4331 1853 4386 Abitinenses
1896 4329 2099 4383 homini

514 4446 670 4491 aetate
691 4431 1025 4507 gravissimo,
1053 4427 1194 4497 piget
1218 4425 1397 4480 dicere
1416 4442 1430 4478 :
1450 4423 1570 4494 quia
1597 4437 1658 4476 ea
1681 4436 1786 4474 non
1817 4419 1955 4490 apud
1980 4428 2124 4480 acta,

515 4529 779 4592 fecerunt,
805 4525 898 4579 sed
929 4533 1036 4576 tam
1066 4520 1266 4576 recenti
1295 4518 1550 4573 memoria
1579 4531 1700 4571 cum
1730 4514 1977 4569 omnibus
2005 4514 2100 4568 do-

514 4621 780 4677 cumculis
805 4618 874 4674 sit
901 4615 1094 4673 clarior
1119 4615 1231 4684 ipsa
1261 4610 1561 4666 testiﬁcatio
1590 4608 1888 4673 civitatum,
1921 4606 2098 4662 brevi-

515 4724 598 4768 ter
623 4711 900 4781 attingam,
941 4705 1084 4778 quod
1127 4703 1267 4769 illlc,
1297 4717 1419 4756 cum
1443 4701 1547 4754 iter
1571 4713 1804 4768 agerem,
1838 4696 2094 4766 comperi.

515 4803 645 4862 Nam
693 4803 816 4872 quia
855 4800 935 4856 eis
958 4839 972 4862 ,
1028 4814 1124 4866 pro
1163 4791 1512 4850 defendendis
1551 4805 1620 4846 ex
1670 4797 2100 4859 quantacumque

516 4903 662 4964 parte
688 4890 901 4946 sedibus
935 4888 1045 4942 suis
1077 4886 1239 4941 etiam
1280 4891 1398 4951 post
1425 4879 1758 4951 proconsulis
1779 4877 2096 4948 judicatum,

517 4987 683 5041 turba:
713 4983 814 5038 sibi
840 4982 1063 5036 faventis
1087 4977 1276 5032 fiducia
1302 4976 1510 5031 Salvius
1535 4988 1832 5043 repugnare
1863 4981 2099 5026 tentave—

519 5089 620 5142 rat,
647 5077 818 5131 victus
841 5071 1122 5141 aliquando
1150 5066 1569 5136 comprehensus
1597 5074 1699 5128 est,
1732 5081 1835 5116 non
1860 5059 1969 5132 jam
1997 5062 2095 5116 du-

516 5168 718 5224 cendus
761 5164 827 5219 ad
861 5163 1114 5233 jndicem,
1161 5159 1250 5214 tibi
1295 5159 1434 5212 inter
1476 5164 1654 5226 partes
1691 5153 1861 5208 fuerat
1895 5153 2096 5223 prolata

516 5259 800 5322 sententia,
820 5254 914 5310 sed
942 5269 1132 5323 pompa
1159 5248 1447 5305 miserabili
1471 5245 1899 5317 triumpliandus.
1931 5242 2099 5314 Capto

515 5356 656 5410 enim
683 5351 822 5416 seni,
855 5360 1094 5402 mortuos
1121 5358 1283 5399 canes
1304 5342 1653 5411 alligaverunt
1679 5339 1731 5392 in
1761 5335 1923 5401 collo,
1950 5345 2004 5390 et
2024 5336 2101 5389 sic

516 5464 637 5502 cum
681 5445 770 5500 illo
811 5448 1064 5512 quantum
1106 5436 1258 5490 libuit
1303 5434 1650 5489 saltaverunt.
1694 5430 1806 5485 Hoc
1835 5431 1878 5483 si
1906 5429 2098 5483 vellem

517 5551 836 5608 exaggerate
863 5531 1116 5594 dicendo,
1147 5543 1323 5583 nonne
1355 5528 1577 5582 fortasm
1609 5524 1742 5578 lianc
1770 5539 1980 5595 ptenatu
2014 5523 2097 5576 vix

580 5689 592 5716 θ
622 5687 692 5733 Sic
707 5691 814 5732 uss.
845 5690 897 5731 At
920 5681 1054 5737 editi,
1081 5684 1256 5727 statuta
1279 5674 1387 5728 sint.

577 5747 597 5776 ⁸
616 5745 832 5794 nou-nulli
850 5751 973 5805 Mss,
999 5738 1205 5803 inpleri.

1221 315 1491 371 CONTRA
1531 305 1960 366 CRESCONIUM
2004 299 2456 366 DONATlSTAM,
2497 301 2553 355 S.
2594 300 2959 356 AUGUSTINI

3678 302 3788 356 580

2192 413 2467 465 tormentis
2509 428 2690 481 rt-gunt
2743 412 3121 476 Etruscorum,
3163 411 3357 480 quibus
3400 422 3605 466 mortua
3643 415 3780 468 vivis

2188 520 2409 573 corpora
2450 505 2840 573 conjttngebant
2869 503 2943 574 (ιι)
2967 545 2980 567 ,
3013 503 3426 572 comparandam
3457 519 3578 559 esse
3615 522 3776 558 tuon-

2189 596 2450 649 strarem?
2492 594 2677 649 Nonne
2719 594 2880 648 homo
2910 610 3093 654 senex.
3136 604 3188 648 et
3223 599 3311 662 qui
3353 595 3533 650 haberi
3565 597 3782 651 volebat

2190 687 2491 754 episeopus,
2521 685 2756 738 omnium
2773 684 2972 753 juditio
2994 684 3061 739 tle
3083 685 3340 739 societate
3363 685 3598 740 vivorum
3620 696 3785 755 atque

2191 788 2521 830 mortuorum
2553 776 2990 830 exterminandus
3019 785 3180 841 esset,
3213 776 3256 829 si
3285 773 3491 830 duobus
3521 777 3621 830 sibi
3654 794 3785 845 snp-

2191 867 2361 937 pliciis
2390 866 2527 921 unde
2566 883 2728 921 unum
2769 862 3105 921 subeundum
3147 871 3291 921 esset
3333 866 3642 936 propositis,
3672 884 3779 923 ιιοιι

2192 958 2366 1026 potius
2411 956 2636 1012 haereret
2677 956 3025 1012 cadaveribus
3072 956 3337 1024 humanis,
3378 961 3539 1028 quam
3579 959 3781 1014 saltare

2190 1048 2411 1118 eligeret
2431 1063 2549 1101 cum
2580 1047 2820 1103 caninis?
2919 1065 2924 1074 π
3553 1057 3806 1082 κ·-
3841 1083 3846 1106 Α

2263 1138 2488 1194 CAPUT
2521 1139 2581 1193 L.
2606 1170 2676 1178 —
2697 1140 2785 1194 60.
2815 1138 2969 1194 Nunc
2990 1141 3169 1210 aspice
3195 1140 3280 1194 illa
3310 1148 3428 1196 mea
3448 1143 3630 1208 verba,
3659 1161 3780 1214 qua:

2195 1239 2246 1284 te
2276 1229 2533 1284 refellisse
2561 1230 2847 1284 arbitratus
2872 1247 2957 1293 es;
2990 1231 3096 1284 imo
3119 1231 3228 1300 jam
3255 1248 3358 1285 non
3393 1233 3522 1301 ipsa,
3555 1235 3651 1288 sed
3684 1251 3783 1303 pro

2193 1322 2319 1391 ipsis
2348 1322 2445 1375 ista
2473 1339 2592 1392 quae
2617 1323 2812 1376 diezuu.
2856 1322 2996 1376 Ecce
3024 1323 3162 1375 enim
3194 1339 3298 1376 non
3327 1323 3480 1390 dico,
3510 1323 3562 1379 Si
3597 1339 3782 1394 perse-

2192 1413 2460 1466 cutionem
2491 1411 2667 1466 facere
2696 1429 2799 1465 non
2830 1412 2971 1478 licet,
2999 1410 3119 1466 fecit
3148 1414 3399 1482 Optatos;
3431 1414 3524 1468 sed
3551 1413 3696 1482 dico,
3725 1417 3781 1470 Si

2195 1503 2615 1572 persecutionem
2657 1503 2830 1559 facere
2865 1520 2968 1558 non
3000 1505 3141 1570 licet,
3172 1506 3295 1560 fecit
3320 1505 3637 1561 Restitutus.
3673 1508 3781 1563 Nec

2193 1594 2333 1660 dico,
2365 1594 2420 1649 Si
2451 1595 2872 1664 perseCutionent
2911 1596 2998 1664 qui
3039 1597 3252 1665 patitur,
3283 1595 3562 1651 habendus
3586 1607 3670 1652 est
3700 1599 3784 1652 in-

2193 1698 2411 1746 nocens,
2436 1698 2623 1752 passus
2644 1695 2724 1739 est
2747 1684 3126 1749 Maximianus;
3158 1686 3251 1740 sed
3279 1686 3419 1749 dico,
3444 1687 3498 1740 Si
3529 1695 3777 1757 persecu-

2195 1775 2391 1829 tionem
2435 1775 2524 1843 qui
2571 1775 2784 1843 patitur,
2829 1774 3102 1828 habendus
3145 1785 3225 1828 est
3268 1777 3546 1841 innocens,
3592 1793 3784 1847 passus

2194 1873 2277 1919 εει
2301 1865 2524 1918 Salvius.
2567 1863 2724 1919 Gesta
2759 1866 2944 1930 recito,
2973 1865 3134 1919 verba
3161 1882 3278 1934 qua:
3305 1882 3409 1919 non
3443 1868 3523 1920 vis
3550 1879 3735 1936 repeto
3768 1889 3780 1924 :

2193 1955 2343 2009 Fecit
2372 1955 2683 2018 Restitutus,
2716 1969 2900 2024 passus
2944 1965 3026 2008 e.t
3069 1955 3303 2009 Salvius.
3346 1955 3520 2021 Quem
3553 1959 3685 2011 mihi
3715 1975 3779 2012 ev

2195 2045 2277 2098 bis
2303 2045 2507 2100 duobus
2527 2046 2893 2110 christianum,
2919 2046 3017 2099 nisi
3041 2046 3393 2113 Restitutum;
3426 2064 3586 2118 quem
3614 2053 3783 2105 sacri-

2193 2137 2391 2206 legum,
2424 2136 2522 2190 nisi
2559 2137 2791 2190 Salvium
2835 2137 3211 2205 respondebis?
3236 2137 3416 2192 iaceat
3443 2139 3602 2208 igitur
3623 2156 3785 2209 opor-

2198 2239 2291 2294 tet,
2321 2229 2778 2298 itnprobattnuque
2813 2239 3113 2297 respuatur,
3146 2239 3199 2282 et
3241 2229 3380 2298 quod
3426 2229 3636 2292 dixisti,
3667 2232 3784 2282 uul-

2196 2319 2297 2372 lum
2325 2334 2433 2372 esse
2446 2320 2645 2388 justam
2672 2320 3098 2388 persecutionem;
3142 2329 3197 2372 et
3233 2319 3373 2388 quod
3413 2318 3619 2382 dixisti,
3657 2320 3782 2385 Quis

2195 2427 2295 2464 non
2323 2409 2425 2463 vult
2455 2419 2747 2462 testamento
2773 2410 3051 2462 consentire
3079 2409 3314 2479 prolato?
3349 2411 3437 2479 qui
3477 2413 3786 2478 persecutia-

2195 2518 2308 2553 nem
2340 2501 2546 2570 patitur,
2580 2518 2647 2553 an
2685 2501 2770 2569 qui
2808 2501 2970 2570 facit?
3018 2500 3138 2569 quia
3191 2508 3246 2554 et
3292 2499 3432 2568 justa
3481 2505 3788 2569 perseeutio

2194 2597 2278 2648 est
2313 2609 2466 2663 quam
2500 2593 2714 2662 pertulit
2750 2593 2996 2656 Salvius,
3038 2602 3093 2646 et
3121 2591 3417 2646 Restitutus
3456 2592 3582 2646 fecit
3613 2611 3627 2646 :
3663 2609 3785 2662 pas-

2195 2699 2288 2738 sus
2334 2694 2417 2738 est
2463 2683 2709 2746 Salvius,
2754 2692 2809 2737 et
2853 2683 2944 2736 tibi
2988 2691 3071 2737 est
3122 2681 3417 2736 Restitutus
3464 2681 3782 2743 laudabilis.

2195 2777 2512 2832 damnabilis
2549 2776 2780 2831 Salvius.
2823 2774 3004 2844 Neque
3030 2775 3172 2829 enim
3204 2775 3412 2829 occulte
3440 2774 3638 2829 factum
3665 2791 3789 2830 esst:

2194 2868 2435 2922 dicturus
2461 2883 2520 2921 es
2551 2885 2562 2920 :
2592 2877 2676 2920 aut
2709 2875 2888 2936 posset
2917 2865 3019 2919 hoc
3049 2864 3215 2920 latere
3252 2865 3601 2920 Primianutu.
3640 2865 3788 2936 quod

2197 2961 2250 3014 iu
2286 2976 2348 3016 ea
2378 2960 2590 3013 civitate
2615 2957 2810 3012 facttnn
2837 2966 2938 3022 est,
2964 2957 3053 3010 ubi
3085 2957 3197 3027 ipse
3219 2957 3499 3026 episcopus
3531 2957 3792 3026 prwside-

2196 3054 2306 3117 bat,
2337 3065 2391 3107 et
2420 3053 2471 3106 iu
2501 3061 2645 3127 tanta
2665 3051 2875 3107 civitate
2895 3091 2908 3114 ,
2936 3049 3076 3120 apud
3108 3060 3310 3103 tantum
3333 3048 3572 3119 judicem
3593 3091 3606 3112 ,
3639 3062 3698 3102 ut
3721 3054 3792 3103 εἰ

2199 3145 2301 3200 hoc
2329 3145 2448 3198 aliis
2476 3144 2636 3197 etiam
2672 3142 2973 3196 civitatibus
3005 3141 3268 3196 occultum
3297 3155 3417 3195 esse
3447 3157 3554 3194 non
3585 3152 3791 3210 posset.

2197 3242 2306 3291 Aut
2343 3236 2386 3289 si
2421 3245 2474 3290 et
2499 3233 2601 3289 hoc
2629 3235 2764 3288 inter
2784 3234 2990 3288 occulta
3019 3231 3375 3303 deputandum
3397 3240 3481 3286 est
3510 3250 3525 3286 :
3554 3247 3654 3285 cur
3683 3247 3792 3285 non

2198 3331 2280 3384 vis
2307 3331 2549 3400 ignorare
2577 3327 2760 3382 orbem
2792 3335 2951 3381 terrae
2971 3326 3016 3380 si
3042 3325 3166 3395 quid
3189 3325 3312 3379 mali
3339 3323 3462 3379 fecit
3484 3323 3649 3394 (quod
3673 3327 3798 3394 qui-

2201 3423 2321 3477 dem
2354 3423 2489 3476 absit
2519 3429 2578 3474 ut
2602 3419 2830 3490 fecerit)
2864 3417 3246 3488 persecutionis
3277 3425 3517 3484 tempore
3547 3414 3795 3470 Caecilia-

2200 3527 2329 3576 nus;
2354 3511 2399 3564 si
2426 3511 2846 3580 persecutionem
2876 3524 3032 3578 quam
3059 3521 3243 3577 passus
3267 3515 3349 3560 est
3370 3506 3580 3560 Salvius
3601 3506 3669 3560 ab
3700 3507 3794 3559 illo

2199 3619 2356 3673 quem
2390 3603 2502 3672 ipse
2526 3611 2710 3657 contra
2736 3616 2859 3655 eum
2885 3593 3170 3663 ordinavit,
3199 3610 3252 3652 et
3277 3599 3327 3651 in
3365 3613 3426 3652 ea
3454 3598 3673 3652 civitate
3701 3599 3790 3651 ubi

2200 3709 2362 3764 super
2383 3693 2615 3762 collegas
2642 3691 2988 3760 principatum
3022 3690 3182 3758 gerit,
3213 3689 3378 3758 potuit
3414 3689 3628 3742 nescire
3667 3687 3792 3742 Pri-

2201 3783 2448 3839 mianus?
2486 3777 2762 3837 Fateberis
2788 3796 2937 3851 ergo,
2966 3781 3098 3835 velis
3129 3781 3286 3844 nolis,
3324 3794 3390 3834 ne
3436 3780 3790 3844 Restitutum,

2202 3889 2271 3930 ne
2311 3868 2655 3936 Primiannm,
2685 3886 2752 3925 ne
2781 3880 2981 3939 partem
3021 3870 3212 3924 Donati
3253 3869 3508 3925 danmare
3555 3873 3792 3939 cogaris,

2204 3981 2309 4020 non
2332 3965 2502 4019 solum
2538 3972 2591 4016 et
2629 3963 2854 4030 iniustos
2879 3962 3007 4030 pati,
3032 3977 3218 4015 verum
3244 3961 3403 4014 etiam
3429 3971 3486 4016 et
3505 3961 3684 4030 justus
3714 3960 3794 4014 fa-

2202 4070 2327 4110 cere
2361 4067 2518 4124 posse
2557 4053 3001 4121 persecutionem.
3045 4053 3149 4106 Aut
3188 4052 3232 4106 si
3274 4066 3391 4105 eam
3422 4053 3712 4120 qutejuste
3741 4056 3797 4104 tit

2205 4161 2308 4200 non
2335 4159 2454 4199 esse
2478 4143 2846 4215 appellandam
2888 4141 3312 4211 persecutionem
3352 4153 3503 4210 putas
3529 4160 3543 4195 :
3571 4157 3673 4196 nec
3700 4159 3796 4196 vos

2203 4252 2233 4290 a
2259 4233 2444 4300 nobis,
2473 4249 2570 4289 nec
2600 4243 2807 4288 vestros
2831 4248 2860 4286 a
2895 4233 3092 4289 nostris
3130 4231 3552 4290 uersecntioncm
3592 4234 3799 4301 poteris

2205 4327 2432 4398 probare
2476 4338 2790 4394 perpessos;
2845 4338 3116 4394 magisque
3142 4338 3238 4376 nos
3264 4322 3755 4376 demonstrabimus
3777 4323 3794 4353 ¹

2203 4433 2320 4472 eam
2355 4431 2450 4470 nos
2478 4416 2678 4485 perpeti
2722 4431 2751 4468 a
2793 4415 3000 4469 clericis
3039 4425 3092 4468 et
3136 4411 3669 4469 Circumcellionibus
3698 4426 3796 4468 ve-

2205 4509 2352 4572 stris,
2380 4507 2468 4576 qui
2495 4505 2657 4560 corde
2681 4505 2817 4559 duro
2844 4516 2898 4560 et
2929 4505 3150 4571 insulso,
3180 4521 3278 4560 nec
3307 4504 3670 4574 intelligentes
3692 4522 3794 4559 nec

2205 4600 2436 4652 ferentes
2455 4595 2595 4666 quod
2629 4598 2708 4650 eis
2732 4588 3058 4649 consulimus
3074 4595 3140 4649 ad
3163 4596 3408 4660 salutem,
3437 4603 3585 4649 tanto
3612 4596 3664 4649 in
3694 4612 3798 4650 nos

2206 4688 2381 4744 furore
2419 4689 2662 4754 saeviunt,
2695 4697 2751 4740 ut
2784 4702 2844 4741 ea
2875 4703 2991 4755 qua:
3024 4687 3177 4740 nobis
3214 4687 3425 4751 faciunt,
3464 4701 3563 4740 nec
3602 4704 3798 4742 nume-

2206 4798 2346 4843 rare.
2377 4796 2476 4836 nec
2509 4793 2951 4843 commemorare,
2980 4793 3082 4834 nec
3116 4777 3275 4848 digne
3305 4779 3481 4833 verbis
3518 4778 3801 4848 explicare

2205 4873 2486 4928 sufficiam.

2275 4963 2499 5020 CAPUT
2526 4961 2613 5018 LI.
2631 4992 2695 5001 -
2721 4961 2810 5016 6i.
2841 4959 3088 5025 Proinde,
3111 4976 3231 5016 cum
3255 4961 3591 5030 phreneticus
3617 4963 3800 5016 medi-

2204 5072 2325 5112 cum
2358 5065 2545 5119 vexat,
2573 5063 2628 5108 et
2651 5053 2887 5108 medicus
2917 5052 3282 5122 pbreneticum
3313 5052 3466 5122 ligat,
3498 5060 3594 5106 aut
3630 5057 3802 5107 aint»

2206 5149 2430 5201 invicem
2460 5153 2866 5215 persequuntur,
2882 5151 2974 5197 aut
2992 5144 3034 5197 si
3057 5144 3624 5214 persecutio,nisiqu:e
3653 5147 3802 5198 male

2209 5237 2286 5304 ﬁt,
2319 5253 2423 5291 non
2452 5237 2597 5299 est‘,
2627 5251 2732 5288 non
2765 5235 2945 5304 utique
2978 5235 3311 5303 persequitur
3353 5234 3592 5288 medicus
3630 5235 3800 5303 pbre-

2207 5333 2438 5384 ueticutn
2465 5369 2479 5391 ,
2525 5321 2620 5381 sed
2657 5325 2997 5396 phreneticus
3040 5325 3325 5379 medicum.
3376 5324 3589 5379 Str-vitia
3633 5325 3795 5392 igitur

2207 5433 2382 5480 vestra
2422 5431 2475 5477 et
2509 5417 2890 5474 violentissima
2927 5417 3148 5471 audacia
3187 5431 3280 5485 per
3323 5415 3801 5471 Circumcelliones

3553 1057 3806 1082 ᾗ

2274 5613 2287 5638 ι
2316 5612 2364 5653 ιιι
2388 5609 2514 5658 διεδ..
2539 5595 2980 5650 άειιιοιιςιναυὶηιιις.
3022 5655 3032 5658 _
3094 5652 3116 5658 Δ
3324 5611 3327 5615 ·

2271 5671 2290 5699 ν
2315 5648 2613 5716 iisiiss:
2637 5661 2771 5710 etim.
2799 5670 2908 5719 qua!
2935 5655 3061 5706 malo
3082 5652 3394 5719 #3,,“Q9-w;
3437 5655 3633 5710 οτηίδεοο
3676 5648 3798 5701 ’⁵⁵-

2271 5731 2341 5791 (a)
2364 5725 2520 5787 Virgil.
2545 5723 2728 5772 .tiueid.
2755 5715 2839 5770 lib.
2864 5718 2914 5780 8,
2938 5733 3066 5769 vers.
3082 5715 3310 5765 1485-488.
