4024 6196
260 333 349 401 un
1594 329 1793 392 Lmen
1835 333 2175 400 QUAItlew‘.

261 468 459 510 vestros
478 453 793 507 clericorum
822 462 1117 506 chtrorum
1137 446 1394 506 satellites
1417 451 1665 505 omnibus
1685 457 1828 510 nota,

259 542 650 614 comprimenda
681 541 779 596 fuit
801 542 1033 614 legibus,
1066 557 1183 611 qua:
1208 551 1391 594 eontra
1424 556 1519 594 vos
1545 541 1660 593 lata-
1688 549 1829 600 sunt,

260 648 306 689 et
341 635 571 706 quodam
604 634 762 688 modo
793 634 1091 703 eulliganda
1122 651 1134 685 :
1168 632 1325 687 simul
1354 643 1409 686 ut
1435 634 1487 687 in
1514 649 1619 703 quo
1646 634 1834 687 essetis

258 740 455 787 errore,
503 733 556 778 et
595 738 699 793 quo
740 724 1015 794 sacrilegio
1045 735 1227 777 contra
1257 724 1511 778 unitatem
1545 737 1834 793 pacemque

257 817 446 871 Christi
485 812 799 869 videremini
824 815 863 880 ί,
896 815 1082 868 saltem
1128 815 1242 883 ipso
1281 824 1485 869 terrore
1526 814 1832 868 commoniti

256 908 484 975 cogitare
509 914 667 975 atque
685 905 973 960 emendare
997 905 1202 960 velletis
1229 922 1242 959 :
1272 906 1408 959 sicut
1431 906 1722 959 terroribus
1744 920 1833 958 ves

256 991 376 1045 stris
419 1004 517 1058 per
560 995 881 1058 potestatum
918 987 1252 1043 smcularium
1277 989 1548 1057 jus-siones
1585 989 1831 1057 exagitati

263 1078 556 1133 Felicianus
585 1086 638 1132 et
674 1077 1025 1132 Prmtextatus
1053 1077 1234 1151 (quod
1262 1077 1423 1133 corde
1454 1079 1672 1149 nimium
1700 1078 1835 1133 duro

255 1176 306 1223 ει
330 1168 734 1239 perversissimo
759 1168 966 1222 Salvius
986 1167 1212 1240 noluit),
1242 1167 1473 1223 schisma
1506 1168 1646 1238 quod
1674 1182 1703 1221 a
1734 1181 1831 1221 vo-

259 1259 334 1314 bis
377 1258 630 1323 fecerant,
675 1258 1088 1320 correxerunt‘,
1127 1268 1179 1312 et
1214 1257 1280 1311 ad
1323 1266 1553 1312 vestram
1588 1272 1830 1312 commu-

258 1352 464 1404 nionem
491 1349 906 1418 societatemque
927 1347 1221 1404 redteruut.
1248 1349 1439 1402 Totum
1464 1356 1643 1403 autem
1662 1348 1832 1402 corri-

256 1448 483 1509 geretur,
518 1438 563 1493 si
601 1437 667 1492 ad
704 1437 933 1492 radicem
976 1439 1292 1492 catholicam
1329 1434 1549 1492 a‘vobis
1582 1437 1832 1493 omnibus

252 1531 537 1585 rediretur.
579 1527 846 1599 Quidquid
873 1544 1000 1584 vero
1040 1531 1362 1584 facttmtest
1405 1530 1663 1584 adversus
1710 1543 1828 1595 vos,

255 1621 388 1692 quod
426 1629 902 1690 temperamentum
941 1619 1244 1674 christiana:
1280 1617 1577 1674 dilectionis
1601 1618 1830 1674 excede-

250 1719 349 1774 ret,
400 1721 510 1765 tam
550 1724 655 1764 non
699 1718 783 1764 est
821 1709 1192 1779 imputandum
1235 1710 1510 1764 catholica:
1555 1709 1827 1776 Ecclesia,

250 1816 549 1872 quamrnec
593 1801 718 1856 illud
760 1801 899 1871 quod
943 1801 1126 1856 Salvio
1170 1802 1409 1856 feceruht
1451 1802 1827 1869 Abitinenses,

253 1890 522 1946 Primiano
547 1892 631 1947 vel
664 1892 930 1947 Restituto
955 1893 1347 1962 impulaverim.

318 1983 545 2039 CAPUT
572 1984 678 2038 LII.
694 1984 866 2039 —6‘!.
890 1986 1039 2054 Quod
1063 2002 1191 2042 vero
1209 1997 1325 2056 post
1345 1994 1686 2057 exaggeratas
1709 2000 1830 2056 per-

252 2074 572 2140 secutiones,
593 2088 724 2145 quas
750 2085 950 2145 partem
983 2078 1168 2132 Donati
1190 2094 1268 2148 pet
1282 2094 1491 2149 passam
1514 2076 1678 2133 fuisse
1695 2078 1831 2132 dixi-

252 2164 334 2228 sti,
356 2173 415 2219 et
442 2173 609 2218 totum
640 2175 820 2220 tacens
848 2168 989 2237 quod
1017 2170 1287 2238 pnecessit
1307 2184 1335 2222 a
1362 2170 1572 2235 vestris,
1592 2179 1644 2223 et
1664 2170 1827 2224 multa

251 2254 432 2308 dicens
459 2270 579 2325 qua:
609 2271 714 2309 non
743 2259 1028 2326 probantur
1056 2260 1107 2313 in
1140 2263 1356 2326 nostris,
1384 2261 1451 2315 de
1485 2261 1706 2315 Psalmis
1745 2270 1827 2315 te-

249 2345 555 2399 stimonium
584 2346 852 2414 subjecisti
883 2358 936 2403 et
962 2349 1173 2415 dixisti,
1210 2348 1395 2403 Nonne
1420 2351 1484 2404 de
1508 2353 1568 2404 iis
1591 2352 1678 2422 qui
1706 2350 1829 2404 talia

248 2435 445 2503 faciunt
470 2438 660 2513 dictum
690 2448 762 2493 est
778 2478 796 2506 ,
845 2458 864 2490 ι
886 2439 1089 2495 Veloces
1112 2444 1261 2511 pedes
1281 2459 1451 2495 eorum
1477 2444 1544 2495 ad
1567 2442 1831 2509 emcndan-

253 2544 270 2577 ι
298 2527 426 2580 dum
472 2529 786 2599 sanguinem,
834 2539 881 2583 et
923 2531 1055 2583 viam
1103 2532 1241 2599 pacis
1289 2548 1390 2585 non
1439 2543 1823 2602 cognoverunt»

245 2616 420 2686 (Psal.
449 2634 573 2684 xm,
602 2618 692 2690 5)?
720 2619 832 2675 huic
858 2621 970 2690 ipsa
998 2633 1052 2675 et
1080 2623 1177 2674 alia
1209 2621 1375 2674 multo
1405 2622 1663 2691 longeque
1701 2637 1830 2692 gra-

247 2710 391 2764 viora
416 2710 555 2773 ,‘iIIo
580 2710 852 2780 Bagaiensi
883 2711 1110 2765 concilio
1137 2712 1367 2781 episcopi
1392 2714 1549 2766 vestri
1593 2713 1642 2765 in
1683 2712 1824 2767 Feli-

245 2800 456 2853 rianum
487 2800 970 2872 Prtetextatunnpte
1005 2802 1272 2857 dixerunt.
1322 2803 1386 2857 Et
1425 2812 1571 2857 certe
1599 2803 1674 2857 illi
1703 2803 1827 2858 nul-

246 2892 341 2945 lius
369 2893 553 2947 carnis
580 2894 887 2963 sanguinem
932 2894 1194 2961 fuderant,
1243 2889 1444 2949 nullum
1483 2896 1534 2948 in
1571 2910 1666 2949 vos
1709 2895 1827 2948 vio-

243 2985 421 3038 lentia:
448 2986 742 3054 corporalis
767 2987 1020 3056 impetum
1064 2987 1298 3042 fecerant
1329 3006 1340 3041 :
1367 2988 1462 3042 sed
1494 2988 1582 3059 qui
1622 2987 1739 3041 haec
1772 2988 1824 3041 in

240 3088 331 3128 eos
370 3074 646 3143 dicebant,
691 3076 857 3130 multo
891 3078 1200 3133 sceleratius
1237 3092 1332 3132 eos
1364 3078 1647 3147 sacrilegio
1679 3077 1823 3132 schi-

238 3165 433 3218 smatis
483 3165 793 3235 sanguinem
840 3165 1169 3234 spiritualem
1222 3166 1441 3222 fundere
1487 3150 1817 3234 judicabant.

238 3251 391 3309 Unde
417 3295 434 3320 ,
476 3255 522 3308 si
568 3270 690 3309 cum
723 3254 829 3309 illis
859 3264 978 3324 post
1006 3264 1110 3308 tam
1139 3257 1313 3324 gravia
1340 3273 1459 3326 qua:
1486 3258 1534 3310 in
1562 3272 1657 3311 eos
1684 3258 1824 3312 dicta

235 3357 378 3410 sunt,
422 3360 607 3415 pacem
644 3346 761 3400 sine
795 3345 1013 3424 honoris
1040 3361 1237 3399 eorum
1262 3347 1677 3414 decoloratioie,
1711 3351 1830 3405 sine

236 3435 505 3505 vatismi
547 3435 879 3512 rescissione.
906 3436 1133 3499 fecistis;
1179 3452 1282 3491 non
1320 3439 1719 3507 deSperaudum.
1740 3449 1830 3495 est

231 3529 355 3596 quin
418 3535 477 3580 et
521 3526 793 3580 nobiscum
834 3527 1158 3581 concordare
1196 3528 1430 3598 possitis.
1480 3529 1643 3583 Multo
1683 3530 1825 3584 enim

233 3634 326 3673 vos
351 3619 536 3688 magis
570 3616 838 3674 delectare
865 3618 1022 3674 debet
1054 3619 1119 3673 ad
1149 3635 1332 3688 pacem
1362 3619 1653 3675 facit-udam
1686 3630 1826 3677 totus

232 3709 383 3761 orbis
425 3706 769 3771 christianos,
801 3724 956 3778 quam
991 3709 1339 3763 Praetextatus
1385 3719 1436 3764 ct
1481 3709 1823 3765 Felicianns:

234 3798 496 3865 quoniam
536 3797 579 3849 si
612 3811 714 3851 non
741 3813 835 3850 vos
869 3798 1285 3867 inquinaveruut
1309 3814 1443 3866 quos
1471 3808 1614 3852 tanta
1643 3799 1825 3853 crimi-

240 3889 479 3943 nationis
518 3890 797 3943 atrocitate
837 3889 1160 3953 damnastis;
1205 3888 1373 3943 multo
1405 3889 1579 3942 minus
1612 3903 1708 3943 vos
1742 3889 1826 3942 in-

236 3981 431 4049 quinat
461 3979 634 4033 unitas
667 3989 742 4034 tot
777 3980 1012 4049 gentiqu
1043 3979 1447 4033 Christianarum
1473 4019 1487 4041 ,
1526 3980 1611 4034 cui
1649 3979 1827 4034 nescio

240 4086 472 4140 quorum
496 4070 742 4124 Afrorum
772 4071 994 4125 erimina
1015 4071 1454 4126 demonstrastis‘
1482 4089 1495 4124 :
1527 4081 1577 4125 et
1605 4071 1825 4128 multum

242 4177 335 4215 vos
379 4161 623 4231 inquinat
660 4163 833 4217 Scelus
862 4176 971 4231 quo
995 4172 1223 4215 vestram
1257 4161 1564 4217 societatem
1603 4162 1672 4216 ab
1709 4162 1827 4232 ejus

244 4251 523 4309 Eccli-sia‘,
553 4266 649 4320 pro
677 4268 776 4321 qtta
802 4260 879 4306 tot
906 4269 965 4305 ac
993 4259 1137 4305 tanta
1161 4251 1343 4306 divina
1368 4252 1665 4306 testimonia
1694 4253 1829 4307 reei-

241 4351 461 4401 tsutur,
500 4341 757 4396 societate
782 4341 1068 4410 separastis
1099 4358 1114 4393 :
1142 4341 1334 4411 quibus
1361 4340 1559 4395 divinis
1580 4342 1825 4396 testimo-

243 4433 344 4485 niis
376 4432 609 4485 humana
650 4432 946 4487 temeritate
980 4447 1139 4486 ausus
1174 4446 1236 4487 es
1270 4432 1670 4495 contradicere.
1703 4447 1825 4487 cum

242 4533 292 4577 et
327 4533 386 4577 tu
418 4523 532 4592 ipse
561 4524 743 4578 nescio
771 4523 1036 4593 quomodo
1073 4523 1259 4579 eadem
1300 4523 1350 4577 vi
1388 4525 1626 4579 veritatis
1672 4523 1824 4579 fateri

242 4625 465 4669 sinicius
490 4615 583 4673 sis,
615 4614 754 4684 quod
794 4615 845 4667 in
889 4615 1234 4669 christianum
1261 4629 1455 4669 nomen
1487 4624 1628 4669 totus
1647 4617 1823 4686 qunti-

242 4706 329 4761 die
358 4706 588 4762 vertitur
612 4707 857 4760 mundus.

311 4796 542 4853 CAPUT
577 4797 705 4852 LIII.
729 4827 796 4837 —
816 4797 904 4853 65.
932 4799 1104 4852 Ausus
1125 4811 1183 4853 es
1203 4839 1217 4863 ,
1249 4799 1483 4868 inquam,
1505 4806 1827 4855 testamento

242 4888 335 4943 Dei
364 4887 653 4953 reluctari,
694 4904 814 4942 cum
858 4889 999 4943 dicat
1043 4889 1359 4959 Apostolus,
1405 4888 1643 4946 Honiinis
1679 4900 1828 4945 testa.

241 4991 470 5033 utentum
511 4981 862 5048 conﬁrmaturus
889 4972 1266 5034 nemo'irritetn
1298 4981 1448 5051 facit,
1478 4992 1569 5034 aut
1595 4999 1828 5052 superor-

241 5073 386 5125 tlinat
417 5086 439 5125 :
466 5071 688 5126 Abrahae
712 5071 863 5126 dictat
896 5080 1012 5127 sunt
1046 5071 1401 5141 promissione:
1427 5081 1476 5125 et
1506 5072 1684 5126 semini
1719 5074 1828 5146 ejus

238 5161 438 5223 (Gatat.
494 5179 582 5229 ut,
629 5164 739 5232 15).
772 5163 883 5217 Hoc
934 5171 1312 5217 testamentum
1361 5163 1568 5216 irritum
1616 5163 1823 5228 facere,

239 5252 368 5307 huic
399 5262 718 5307 testamento
744 5261 947 5322 partem
975 5251 1159 5307 Donati
1175 5250 1584 5321 superordinare
1608 5252 1828 5308 minime

237 5344 463 5398 timuisti
495 5362 509 5399 :
536 5354 594 5398 ut
620 5360 741 5399 cum
788 5344 927 5400 Deus
951 5344 1003 5399 in
1029 5343 1216 5399 eodem
1250 5351 1567 5398 testamento
1591 5343 1729 5398 dicat
1757 5345 1825 5398 ad

301 5498 317 5527 ι
347 5501 509 5552 Forte,
535 5468 901 5546 diciderendm.‘

298 5558 322 5587 ³
348 5549 554 5616 manu
575 5562 892 5616 metentem;
913 5550 1059 5603 corde
1081 5550 1284 5602 tumtum
1305 5549 1431 5602 duro
1450 5557 1498 5603 et
1519 5550 1823 5616 pet'rerst'ssi-

232 5631 313 5667 suo
334 5614 547 5668 seldsina
568 5616 698 5679 quod
713 5631 744 5666 α
765 5614 890 5667 vobis
904 5616 1134 5679 feceram,
1156 5620 1487 5664 correxerunt.
1507 5614 1650 5663 timeo
1671 5614 1825 5664 lantur

233 5686 504 5802 "statim
519 5753 611 5808 non
635 5735 1009 5790 demonstrasti;

3420 270 3455 291 Ο

3423 348 3527 401 581

1948 448 2209 502 Abraham
2228 493 2241 512 ,
2274 451 2362 505 Sic
2385 454 2477 505 erit
2502 469 2666 507 semen
2694 464 2832 508 (nam
2860 455 2989 509 sicut
3010 458 3171 511 stellae
3194 459 3325 520 ca'li.
3346 462 3405 513 et'
3421 462 3525 514 sic-

1942 548 2021 615 ιιι⁸
2050 554 2205 593 arena
2244 543 2398 595 maris
2439 542 2590 615 (Cen.
2632 560 2737 599 xxtt
2761 587 2776 609 ,
2813 546 2898 615 Π)
2928 563 2941 610 ;
2971 549 3073 602 hoc
3102 558 3154 602 tu
3206 549 3417 603 irritum
3445 552 3517 605 fa-

1941 611 2110 693 citius,
2142 638 2192 682 ct
2219 643 2417 698 partem
2448 611 2631 687 Donati
2664 649 2759 702 pro
2787 611 2889 704 qua
2932 638 3132 703 nultum
3163 640 3518 694 testimonium

1942 718 2134 771 recitas
2152 721 2587 789 superordinans,
2614 722 2676 778 In
2698 727 2892 795 paucis,
2920 725 3114 798 inquis,
3145 727 3430 799 frequenter
3447 743 3520 785 est

1943 807 2145 873 vetitas;
2172 824 2342 864 errare
2366 813 2638 867 multarunt
2663 826 2777 869 est:
2802 832 2905 871 non
2934 819 3233 888 intelligens
3251 822 3519 890 quomodo

1940 912 1970 951 a
2000 898 2226 954 Domino
2255 901 2452 957 dictum
2495 905 2584 972 sit,
2629 921 2824 975 paucos
2862 910 3063 966 intrare
3107 886 3204 981 per
3240 886 3514 984 angustam
3568 886 3593 925 ¹

1942 1000 2148 1061 portam
2195 993 2409 1061 (Matth.
2440 1012 2545 1060 vn.
2593 1000 2705 1071 14);
2733 1016 2851 1056 cum
2880 1012 2933 1058 et
2967 1005 3159 1060 multos
3205 1007 3397 1061 dixerit
3448 1009 3517 1062 ab

1939 1085 2145 1139 oriente
2171 1096 2224 1141 et
2248 1088 2523 1144 occidente
2555 1092 2885 1148 recubituros
2926 1109 3047 1149 cum
3078 1096 3345 1151 Abraham
3366 1139 3381 1162 ,
3411 1098 3519 1152 Isa-

1939 1188 2021 1240 ac,
2045 1183 2100 1230 et
2124 1175 2289 1231 .Iacob
2315 1178 2423 1248 (Id.
2457 1195 2584 1249 vm,
2621 1182 2708 1251 Η)
2737 1200 2752 1237 :
2784 1182 2876 1238 sed
2919 1193 2972 1239 et
3000 1185 3050 1238 in
3078 1187 3394 1258 Apocalypsi
3418 1189 3514 1242 «ιιι.

1941 1275 2304 1323 monstrantur
2338 1285 2401 1325 ex
2436 1273 2579 1326 omni
2606 1283 2763 1343 gente
2792 1286 2847 1329 et
2877 1275 3015 1329 tribu
3045 1287 3098 1331 et
3131 1277 3304 1347 lingua
3353 1281 3515 1334 nullia

1938 1355 2360 1422 candidatorum,
2385 1375 2504 1430 qua:
2525 1377 2683 1416 nemo
2714 1379 2994 1419 numerare
3016 1366 3183 1435 possit
3211 1368 3385 1437 (Apoc.
3416 1383 3483 1422 vti
3500 1411 3515 1431 ,

1937 1445 2016 1517 9).
2043 1447 2142 1515 Qui
2177 1451 2410 1517 profecto
2435 1460 2490 1506 et
2512 1454 2659 1506 multi
2688 1464 2811 1508 sunt
2843 1472 2935 1523 per
2959 1471 3019 1509 se
3047 1456 3191 1525 ipsos
3216 1498 3230 1519 ,
3273 1468 3327 1512 et
3353 1458 3515 1512 iidem

1939 1536 2037 1604 ipsi
2078 1539 2227 1605 pauci
2254 1548 2377 1594 sunt
2420 1540 2471 1594 in
2508 1545 2907 1611 comparatione
2954 1544 3108 1615 longe
3151 1546 3378 1614 plurium
3423 1548 3513 1616 qui

1935 1639 2056 1680 cum
2085 1627 2299 1682 diabolo
2320 1631 2569 1699 puniendi
2591 1643 2732 1686 sunt.
2766 1634 2897 1700 Qua:
2927 1642 3102 1689 tamen
3137 1636 3397 1689 frumenta
3429 1638 3513 1689 di-
3564 1688 3569 1692 .

1936 1715 2074 1769 vinis
2108 1717 2156 1770 in
2180 1727 2439 1773 aeternum
2480 1719 2686 1775 horreis
2722 1721 2980 1776 destinata
3002 1761 3017 1786 ,
3048 1739 3141 1792 per
3170 1732 3335 1778 totum
3363 1741 3507 1778 mun-

1934 1805 2063 1860 dum
2105 1808 2407 1862 dilectionis
2456 1811 2659 1865 unitate
2692 1811 2892 1866 sociata
2921 1812 3003 1866 vel
3032 1810 3101 1867 ab
3144 1814 3408 1867 scandulis
3453 1825 3508 1867 et

1935 1895 2199 1951 violentiis
2246 1897 2651 1965 hrereticorum,
2694 1900 2806 1954 sive
2853 1901 2922 1955 ab
2968 1902 3219 1958 interiore
3265 1912 3513 1973 tanquam

1936 1986 2082 2054 palea
2110 2001 2203 2042 sua
2234 1989 2412 2043 multis
2452 2004 2556 2042 non
2588 2000 2734 2045 recte
2766 1991 3098 2055 viventibus,
3131 2003 3293 2045 :estus
3336 2003 3391 2046 et
3421 1996 3515 2046 tri-

1935 2085 2105 2130 turam
2134 2076 2290 2147 hujus
2316 2079 2495 2133 s:cculi
2527 2079 2788 2145 tolerant,
2817 2080 2999 2133 ultima
3019 2081 3359 2135 ventilatione
3389 2097 3515 2151 pur-

1932 2166 2121 2237 ganda.
2155 2165 2258 2222 Sed
2288 2168 2378 2221 tibi
2429 2167 2494 2221 ad
2539 2169 2714 2222 omnia
2746 2170 2873 2222 nihil
2918 2169 3122 2223 facilius
3162 2186 3320 2240 quam
3351 2171 3514 2225 Maxi-

1934 2257 2287 2312 mianensium
2341 2271 2496 2310 causa
2553 2259 2856 2326 respondet.
2917 2257 2975 2312 Si
3025 2260 3167 2311 enim
3223 2260 3274 2311 in
3328 2261 3514 2326 paucis

1933 2349 2235 2418 ftequenter
2260 2356 2343 2402 est
2374 2349 2570 2401 veritas
2588 2387 2603 2411 ,
2631 2358 2684 2402 et
2719 2362 2900 2402 errare
2929 2347 3215 2402 multorum
3249 2358 3366 2413 est,
3394 2364 3513 2417 pcr-

1934 2440 2083 2495 mitte
2108 2448 2163 2494 ut
2188 2439 2647 2516 Maximianeuscs,
2677 2451 2874 2509 quanto
2916 2440 3065 2495 vobis
3114 2450 3240 2494 sunt
3282 2440 3514 2509 impares

1933 2531 2232 2599 paucitate,
2279 2538 2430 2584 tanto
2471 2543 2566 2583 vos
2611 2520 2869 2598 superent'
2916 2529 3160 2584 veritate.
3214 2529 3330 2584 Non
3375 2528 3508 2584 facis

1932 2632 2097 2676 certe.
2125 2621 2243 2676 Noli
2290 2623 2497 2692 crgoin
2546 2621 2941 2690 comparatione
2990 2620 3344 2676 multitudinis
3383 2636 3512 2691 gen-

1934 2714 2063 2767 tium
2093 2713 2470 2768 catholicarum
2493 2713 2561 2768 de
2589 2722 2763 2768 vestra
2801 2714 3062 2782 paucitate
3092 2714 3343 2783 gloriari,
3375 2713 3512 2767 sicut

1934 2817 2038 2856 non
2068 2802 2147 2855 vis
2176 2812 2231 2855 ut
2251 2800 2690 2855 Maximiancnses
2715 2801 2765 2854 in
2788 2803 3185 2870 comparatione
3208 2801 3509 2855 multitudi-

1933 2892 2015 2947 nis
2044 2901 2236 2945 vestrm
2256 2890 2323 2944 de
2350 2905 2443 2943 sua
2475 2891 2735 2959 paucitate
2752 2891 3062 2960 glorientur.

2001 2983 2226 3039 CAPUT
2251 2983 2382 3037 LIV.
2411 3012 2483 3022 —
2505 2982 2593 3037 64.
2638 2982 2788 3059 Quod
2816 2995 2992 3037 autem
3031 2981 3099 3037 de
3129 2980 3272 3037 Afris
3288 2981 3509 3036 tradito-

1933 3077 2081 3133 ribus
2116 3091 2337 3143 narras,
2367 3077 2435 3129 ita
2478 3075 2672 3140 neseis,
2700 3085 2789 3129 aut
2836 3074 3233 3144 qualiscumque
3280 3073 3512 3128 hominis

1932 3167 2094 3222 corde
2132 3181 2236 3220 non
2266 3165 2437 3220 sentis
2455 3206 2472 3230 ,
2507 3165 2559 3217 in
2589 3164 2836 3218 conﬂictu
2879 3177 2984 3232 quo
3012 3164 3208 3230 veritas
3230 3162 3509 3233 quaeritur,

1931 3273 2053 3312 cum
2082 3257 2321 3325 probatio
2364 3271 2469 3309 non
2506 3257 2745 3325 sequitur
2763 3294 2778 3316 ,
2808 3269 2966 3324 quam
3001 3253 3070 3308 sit
3099 3269 3230 3309 vana
3252 3264 3307 3309 et
3332 3256 3509 3324 inepta

1932 3346 2264 3401 narratio?ln
2290 3361 2387 3414 qua
2419 3344 2705 3399 refellenda
2732 3359 2947 3412 operam
2976 3359 3081 3398 non
3110 3359 3505 3410 consumerem,

1932 3452 2031 3493 nec
2077 3438 2123 3491 si
2150 3454 2253 3492 non
2295 3436 2544 3491 haberem
2578 3436 2628 3490 in
2656 3450 2813 3489 causa
2855 3434 3347 3490 Maximianensium
3396 3446 3506 3491 tam

1931 3530 2083 3584 facile
2111 3530 2225 3583 sine
2252 3528 2354 3581 ulla
2381 3527 2602 3595 ambage
2633 3526 3024 3596 compendimu.
3041 3524 3221 3581 Sacra:
3250 3535 3375 3581 sunt
3400 3526 3508 3580 Lit-

1932 3632 2058 3677 tera:
2092 3638 2105 3675 :
2134 3619 2270 3675 Deus
2310 3619 2517 3674 deerant
2576 3617 2824 3672 Dominus
2869 3617 3066 3672 locutus
3113 3628 3184 3672 est
3205 3659 3220 3683 ,
3248 3630 3296 3671 et
3318 3620 3507 3672 vocavit

1934 3724 2120 3767 terram
2150 3729 2182 3764 a
2208 3712 2329 3763 solis
2370 3721 2484 3764 ortu
2507 3726 2661 3779 usque
2688 3709 2757 3761 ad
2780 3725 3014 3763 occasum
3036 3726 3054 3771 ;
3084 3725 3146 3762 ea:
3166 3709 3293 3762 Sion
3321 3712 3511 3778 species

1930 3802 2123 3854 decoris
2149 3800 2257 3868 ejus
2281 3797 2432 3869 (Psal
2478 3813 2595 3852 xux
2615 3838 2628 3859 ,
2662 3798 2686 3851 1
2710 3839 2725 3861 ,
2754 3796 2833 3867 2).
2857 3797 2992 3850 IIuic
3018 3797 3327 3865 prophetico
3357 3797 3505 3849 testi-

1932 3891 2111 3944 monio
2134 3887 2366 3941 concinit
2397 3885 2759 3954 Evangelium,
2791 3884 2879 3937 ubi
2905 3886 2972 3937 de
2997 3898 3059 3938 se
3087 3885 3201 3952 ipso
3230 3884 3367 3937 idem
3400 3884 3525 3937 Do-'

1930 3982 2107 4036 minus
2143 3978 2269 4032 dicit
2297 3994 2310 4029 :
2342 3976 2616 4046 Oportebat
2658 3974 2915 4029 Christum
2938 3974 3078 4044 pati,
3108 3983 3157 4027 et
3194 3990 3451 4044 resurgere
3474 3993 3508 4028 ιι

1929 4072 2140 4127 mortuis
2171 4071 2317 4124 tertia
2340 4069 2439 4132 die,
2472 4079 2518 4122 et
2540 4067 2806 4138 praedicari
2829 4070 2882 4120 tn
2908 4066 3110 4120 nomine
3133 4066 3245 4137 ejus
3265 4066 3513 4135 ρωιιίιειιο.

1931 4167 2050 4219 tiam
2081 4173 2125 4218 et
2144 4163 2485 4218 remissionem
2509 4171 2824 4231 peccatorum
2853 4175 2943 4230 per
2962 4175 3132 4213 omncs
3152 4168 3320 4229 gentes
3338 4201 3352 4222 ,
3381 4159 3508 4212 inci-

1930 4254 2179 4328 pientibus
2202 4252 2265 4307 ab
2292 4252 2574 4306 Jerusalem
2600 4249 2752 4321 (Luc.
2776 4266 2918 4316 xxxv,
2943 4251 3035 4315 ιθ,
3059 4247 3168 4322 47).
3188 4250 3340 4317 Quod
3366 4251 3508 4304 enim

1932 4347 2039 4401 illic
2064 4345 2262 4400 dictum
2290 4352 2402 4408 est,
2442 4340 2649 4396 Vocatn't
2691 4352 2876 4396 terram
2906 4358 2938 4394 α
2974 4340 3101 4395 satis
3121 4351 3234 4395 ortu
3257 4357 3412 4412 usque
3439 4342 3509 4393 ad

1930 4455 2202 4503 occasura;
2243 4438 2344 4493 hoc
2386 4436 2586 4492 dictum
2610 4445 2692 4491 est
2718 4435 2825 4500 hic,
2877 4433 2980 4489 Per
3006 4451 3177 4489 omnes
3217 4444 3408 4505 gentes.
3439 4434 3507 4489 Et

1930 4529 2071 4601 quod
2103 4530 2171 4583 ibi
2202 4529 2399 4584 dictum
2424 4537 2506 4583 est
2523 4568 2538 4591 ,
2564 4526 2646 4580 Ea:
2673 4526 2799 4582 Sion
2820 4527 3011 4596 species
3034 4526 3231 4580 decoris
3256 4527 3387 4592 ejus,
3404 4525 3509 4580 hoc

1930 4623 2126 4677 dictum
2147 4630 2232 4676 est
2257 4621 2374 4684 hic,
2401 4617 2764 4690 Incipientibtts
2783 4616 2843 4670 ab
2873 4610 3178 4671 Jerusalem.
3211 4616 3324 4670 Non
3364 4618 3509 4671 enim

1933 4711 2300 4766 tantummodo
2331 4710 2397 4765 ibi
2439 4725 2625 4780 passus
2651 4719 2733 4764 est
2770 4706 3015 4763 Christus
3039 4751 3053 4771 ,
3083 4708 3175 4763 sed
3224 4708 3382 4763 etiam
3436 4708 3506 4763 ibi

1929 4805 2221 4859 resurrexit
2246 4845 2260 4867 ,
2292 4802 2414 4858 inde
2456 4801 2696 4856 ascendit
2725 4802 2776 4854 in
2826 4800 3052 4864 ccelum,
3083 4800 3154 4855 ibi
3193 4808 3406 4854 centum
3428 4800 3510 4853 vi-

1929 4896 2059 4967 ginti
2092 4895 2333 4950 hmnines
2359 4902 2706 4964 congregatos
2740 4891 2827 4946 die
2857 4891 3202 4946 Pentecostes
3246 4893 3413 4945 misso
3436 4890 3510 4946 de

1930 4986 2068 5043 coelo
2096 4985 2293 5055 Spiritu
2344 4995 2529 5040 sancto
2566 4984 2811 5053 implevit
2842 4998 2857 5035 :
2884 4982 2951 5036 ibi
2980 4996 3086 5034 uno
3126 4979 3214 5035 die
3241 4980 3336 5035 tria
3358 5021 3373 5045 ,
3401 4980 3512 5034 alio

1930 5082 2162 5150 quinque
2190 5077 2354 5132 millia
2398 5075 2727 5132 credentium
2756 5075 2807 5129 in
2838 5088 2991 5128 suum
3027 5086 3221 5141 corpus
3249 5085 3508 5127 conversa

1931 5171 2198 5241 suscepit;
2229 5169 2349 5224 inde
2379 5168 2430 5222 in
2463 5176 2624 5223 totam
2663 5166 2899 5222 Judzeam
2925 5174 2979 5219 et
3005 5164 3296 5220 Samariam
3322 5201 3337 5229 ,
3367 5171 3423 5216 et
3451 5163 3508 5215 in

1930 5264 2077 5320 Orbis
2108 5273 2365 5318 terrarum
2391 5269 2614 5314 caeteras
2651 5266 2838 5329 gentes
2866 5271 2927 5310 se
2954 5255 3323 5310 frui-tifieando
3347 5253 3509 5308 ditiu-

1930 5357 2007 5411 dit
2033 5366 2087 5410 et
2106 5353 2349 5408 diffundit
2377 5349 2633 5406 Ecclesia.
2664 5347 2816 5417 Quod
2855 5346 3133 5417 discipulis
3176 5343 3508 5413 praedicens,

1930 5463 1986 5505 et
2024 5449 2133 5519 jam
2189 5457 2508 5501 ascensurus
2555 5442 2606 5497 in
2645 5441 2837 5497 caelum
2867 5458 2882 5495 :
2917 5439 3113 5504 Erin's,
3154 5438 3352 5506 inquit,
3384 5434 3508 5488 mihi

1932 5549 2076 5594 testes
2102 5538 2152 5591 in
2184 5536 2469 5591 Jerusalem
2489 5574 2505 5599 ,
2537 5542 2585 5587 et
2610 5542 2764 5611 tutan}
2807 5529 3041 5585 Indicant
3063 5572 3079 5591 ,
3106 5539 3152 5581 ct
3178 5526 3502 5583 Samariam.

1931 5642 1976 5686 et
2000 5647 2156 5699 usque
2198 5629 2249 5681 in
2279 5628 2405 5692 [inrs
2443 5635 2588 5679 terra:
2619 5624 2753 5693 (Act.
2782 5637 2838 5689 ι,
2867 5622 2948 5690 8).
2989 5622 3111 5676 Ilaec
3138 5620 3294 5690 igitur
3322 5618 3507 5673 Eche~

1934 5724 2043 5787 sia,
2070 5721 2329 5792 incipiens
2348 5718 2415 5772 ab
2443 5715 2738 5773 Jerusalem
2758 5754 2778 5780 ,
2800 5727 2963 5783 seque
2987 5726 3080 5782 per
3107 5725 3292 5766 omnes
3318 5720 3507 5780 gentes
