  <div class='ocr_page' id='page_1' title='image "/cluster/home/n/w/nwhite01/storage/ocr_20150623/43/hvd.32044096580659/297.png"; bbox 0 0 4024 6196; ppageno 0'>
   <div class='ocr_carea' id='block_1_1' title="bbox 447 326 553 382">
    <p class='ocr_par' dir='ltr' id='par_1_1' title="bbox 447 326 553 382">
     <span class='ocr_line' id='line_1_1' title="bbox 447 326 553 382; baseline 0.019 -2"><span class='ocrx_word' id='word_1_1' title='bbox 447 326 553 382; x_wconf 75' lang='lat'>583</span> 
     </span>
    </p>
   </div>
   <div class='ocr_carea' id='block_1_2' title="bbox 451 414 2032 494">
    <p class='ocr_par' dir='ltr' id='par_1_2' title="bbox 451 414 2032 494">
     <span class='ocr_line' id='line_1_2' title="bbox 451 414 2032 494; baseline -0.026 0"><span class='ocrx_word' id='word_1_2' title='bbox 451 452 558 494; x_wconf 87' lang='lat' dir='ltr'>tam</span> <span class='ocrx_word' id='word_1_3' title='bbox 581 434 809 494; x_wconf 88' lang='lat' dir='ltr'>evidenti</span> <span class='ocrx_word' id='word_1_4' title='bbox 844 428 1156 488; x_wconf 69' lang='lat' dir='ltr'>ficuuditate</span> <span class='ocrx_word' id='word_1_5' title='bbox 1190 422 1490 478; x_wconf 74' lang='lat' dir='ltr'>diffundens</span> <span class='ocrx_word' id='word_1_6' title='bbox 1516 461 1530 483; x_wconf 92' lang='lat'>,</span> <span class='ocrx_word' id='word_1_7' title='bbox 1561 427 1618 468; x_wconf 93' lang='grc' dir='ltr'>ιιι</span> <span class='ocrx_word' id='word_1_8' title='bbox 1642 426 1689 469; x_wconf 87' lang='lat' dir='ltr'>te</span> <span class='ocrx_word' id='word_1_9' title='bbox 1712 414 1881 481; x_wconf 87' lang='lat' dir='ltr'>ipsum</span> <span class='ocrx_word' id='word_1_10' title='bbox 1904 424 2032 461; x_wconf 78' lang='lat' dir='ltr'>Cou-</span> 
     </span>
    </p>
   </div>
   <div class='ocr_carea' id='block_1_3' title="bbox 454 498 2031 593">
    <p class='ocr_par' dir='ltr' id='par_1_3' title="bbox 454 498 2031 593">
     <span class='ocr_line' id='line_1_3' title="bbox 454 498 2031 593; baseline -0.025 -9"><span class='ocrx_word' id='word_1_11' title='bbox 454 529 586 584; x_wconf 89' lang='lat' dir='ltr'>literi</span> <span class='ocrx_word' id='word_1_12' title='bbox 613 533 784 593; x_wconf 79' lang='lat' dir='ltr'>cogat.</span> <span class='ocrx_word' id='word_1_13' title='bbox 817 518 957 588; x_wconf 84' lang='lat' dir='ltr'>quod</span> <span class='ocrx_word' id='word_1_14' title='bbox 989 519 1038 570; x_wconf 93' lang='lat' dir='ltr'>in</span> <span class='ocrx_word' id='word_1_15' title='bbox 1082 514 1428 569; x_wconf 84' lang='lat' dir='ltr'>christianum</span> <span class='ocrx_word' id='word_1_16' title='bbox 1464 522 1655 560; x_wconf 89' lang='lat' dir='ltr'>nomen</span> <span class='ocrx_word' id='word_1_17' title='bbox 1705 498 2031 571; x_wconf 73' lang='lat' dir='ltr'>providentia</span> 
     </span>
    </p>
   </div>
   <div class='ocr_carea' id='block_1_4' title="bbox 455 592 2030 683">
    <p class='ocr_par' dir='ltr' id='par_1_4' title="bbox 455 592 2030 683">
     <span class='ocr_line' id='line_1_4' title="bbox 455 592 2030 683; baseline -0.022 -12"><span class='ocrx_word' id='word_1_18' title='bbox 455 619 546 672; x_wconf 78' lang='lat' dir='ltr'>Dei</span> <span class='ocrx_word' id='word_1_19' title='bbox 587 592 822 683; x_wconf 82' lang='lat' dir='ltr'>quotidie</span> <span class='ocrx_word' id='word_1_20' title='bbox 880 617 1019 661; x_wconf 84' lang='lat' dir='ltr'>totus</span> <span class='ocrx_word' id='word_1_21' title='bbox 1049 605 1267 674; x_wconf 72' lang='lat' dir='ltr'>vertitur</span> <span class='ocrx_word' id='word_1_22' title='bbox 1312 598 1541 653; x_wconf 78' lang='lat' dir='ltr'>mlladus</span> <span class='ocrx_word' id='word_1_23' title='bbox 1568 613 1579 645; x_wconf 89' lang='lat'><strong>:</strong></span> <span class='ocrx_word' id='word_1_24' title='bbox 1613 594 1747 655; x_wconf 79' lang='lat' dir='ltr'>hrrc,</span> <span class='ocrx_word' id='word_1_25' title='bbox 1778 592 1990 657; x_wconf 74' lang='lat' dir='ltr'>inqu-im</span> <span class='ocrx_word' id='word_1_26' title='bbox 2018 626 2030 648; x_wconf 92' lang='lat'>,</span> 
     </span>
    </p>
   </div>
   <div class='ocr_carea' id='block_1_5' title="bbox 459 679 2037 772">
    <p class='ocr_par' dir='ltr' id='par_1_5' title="bbox 459 679 2037 772">
     <span class='ocr_line' id='line_1_5' title="bbox 459 679 2037 772; baseline -0.022 -10"><span class='ocrx_word' id='word_1_27' title='bbox 459 706 716 765; x_wconf 77' lang='lat' dir='ltr'>Ecclesia,</span> <span class='ocrx_word' id='word_1_28' title='bbox 746 719 863 772; x_wconf 79' lang='lat' dir='ltr'>qua:</span> <span class='ocrx_word' id='word_1_29' title='bbox 899 698 1121 753; x_wconf 87' lang='lat' dir='ltr'>Domino</span> <span class='ocrx_word' id='word_1_30' title='bbox 1147 697 1255 748; x_wconf 90' lang='lat' dir='ltr'>Deo</span> <span class='ocrx_word' id='word_1_31' title='bbox 1276 693 1496 746; x_wconf 83' lang='lat' dir='ltr'>deorum</span> <span class='ocrx_word' id='word_1_32' title='bbox 1523 688 1769 755; x_wconf 85' lang='lat' dir='ltr'>loquente</span> <span class='ocrx_word' id='word_1_33' title='bbox 1789 721 1802 747; x_wconf 92' lang='lat'>,</span> <span class='ocrx_word' id='word_1_34' title='bbox 1832 698 1859 733; x_wconf 88' lang='lat' dir='ltr'>a</span> <span class='ocrx_word' id='word_1_35' title='bbox 1910 679 2037 730; x_wconf 89' lang='lat' dir='ltr'>solis</span> 
     </span>
    </p>
   </div>
   <div class='ocr_carea' id='block_1_6' title="bbox 456 769 2041 864">
    <p class='ocr_par' dir='ltr' id='par_1_6' title="bbox 456 769 2041 864">
     <span class='ocr_line' id='line_1_6' title="bbox 456 769 2041 864; baseline -0.02 -13"><span class='ocrx_word' id='word_1_36' title='bbox 456 808 575 851; x_wconf 90' lang='lat' dir='ltr'>ortu</span> <span class='ocrx_word' id='word_1_37' title='bbox 605 810 769 864; x_wconf 83' lang='lat' dir='ltr'>usque</span> <span class='ocrx_word' id='word_1_38' title='bbox 798 792 861 846; x_wconf 80' lang='lat' dir='ltr'>ad</span> <span class='ocrx_word' id='word_1_39' title='bbox 892 803 1137 844; x_wconf 77' lang='lat' dir='ltr'>occasum</span> <span class='ocrx_word' id='word_1_40' title='bbox 1165 792 1402 845; x_wconf 84' lang='lat' dir='ltr'>vocatur,</span> <span class='ocrx_word' id='word_1_41' title='bbox 1437 780 1580 833; x_wconf 89' lang='lat' dir='ltr'>nullo</span> <span class='ocrx_word' id='word_1_42' title='bbox 1617 773 1774 829; x_wconf 84' lang='lat' dir='ltr'>modo</span> <span class='ocrx_word' id='word_1_43' title='bbox 1807 773 1872 823; x_wconf 90' lang='lat' dir='ltr'>ab</span> <span class='ocrx_word' id='word_1_44' title='bbox 1902 769 2041 822; x_wconf 79' lang='lat' dir='ltr'>Afris</span> 
     </span>
    </p>
   </div>
   <div class='ocr_carea' id='block_1_7' title="bbox 459 860 2036 950">
    <p class='ocr_par' dir='ltr' id='par_1_7' title="bbox 459 860 2036 950">
     <span class='ocr_line' id='line_1_7' title="bbox 459 860 2036 950; baseline -0.019 -8"><span class='ocrx_word' id='word_1_45' title='bbox 459 888 717 942; x_wconf 87' lang='lat' dir='ltr'>traditoril</span> <span class='ocrx_word' id='word_1_46' title='bbox 741 900 799 941; x_wconf 69' lang='lat' dir='ltr'>us</span> <span class='ocrx_word' id='word_1_47' title='bbox 852 882 1009 950; x_wconf 83' lang='lat' dir='ltr'>pollui</span> <span class='ocrx_word' id='word_1_48' title='bbox 1044 878 1242 947; x_wconf 82' lang='lat' dir='ltr'>potuit,</span> <span class='ocrx_word' id='word_1_49' title='bbox 1275 889 1409 943; x_wconf 86' lang='lat' dir='ltr'>quos</span> <span class='ocrx_word' id='word_1_50' title='bbox 1445 869 1665 923; x_wconf 89' lang='lat' dir='ltr'>omnino</span> <span class='ocrx_word' id='word_1_51' title='bbox 1707 862 1962 925; x_wconf 78' lang='lat' dir='ltr'>nescivit;</span> <span class='ocrx_word' id='word_1_52' title='bbox 1993 860 2036 913; x_wconf 85' lang='lat' dir='ltr'>si</span> 
     </span>
    </p>
   </div>
   <div class='ocr_carea' id='block_1_8' title="bbox 460 954 2044 1040">
    <p class='ocr_par' dir='ltr' id='par_1_8' title="bbox 460 954 2044 1040">
     <span class='ocr_line' id='line_1_8' title="bbox 460 954 2044 1040; baseline -0.02 -6"><span class='ocrx_word' id='word_1_53' title='bbox 460 971 1027 1040; x_wconf 75' lang='lat' dir='ltr'>Maxiuiiatusacrilrgi</span> <span class='ocrx_word' id='word_1_54' title='bbox 1054 968 1250 1024; x_wconf 84' lang='lat' dir='ltr'>surculi</span> <span class='ocrx_word' id='word_1_55' title='bbox 1279 981 1380 1017; x_wconf 90' lang='lat' dir='ltr'>non</span> <span class='ocrx_word' id='word_1_56' title='bbox 1407 962 1639 1031; x_wconf 86' lang='lat' dir='ltr'>polluere</span> <span class='ocrx_word' id='word_1_57' title='bbox 1682 954 1937 1025; x_wconf 88' lang='lat' dir='ltr'>plantaria</span> <span class='ocrx_word' id='word_1_58' title='bbox 1966 959 2044 1003; x_wconf 89' lang='lat' dir='ltr'>tot</span> 
     </span>
    </p>
   </div>
   <div class='ocr_carea' id='block_1_9' title="bbox 460 1043 2041 1137">
    <p class='ocr_par' dir='ltr' id='par_1_9' title="bbox 460 1043 2041 1137">
     <span class='ocr_line' id='line_1_9' title="bbox 460 1043 2041 1137; baseline -0.018 -16"><span class='ocrx_word' id='word_1_59' title='bbox 460 1072 687 1137; x_wconf 65' lang='lat' dir='ltr'>collegas</span> <span class='ocrx_word' id='word_1_60' title='bbox 711 1067 823 1134; x_wconf 85' lang='lat' dir='ltr'>cjns</span> <span class='ocrx_word' id='word_1_61' title='bbox 851 1106 862 1127; x_wconf 94' lang='lat'>,</span> <span class='ocrx_word' id='word_1_62' title='bbox 889 1073 1089 1117; x_wconf 87' lang='lat' dir='ltr'>tantum</span> <span class='ocrx_word' id='word_1_63' title='bbox 1118 1061 1237 1128; x_wconf 92' lang='lat' dir='ltr'>quia</span> <span class='ocrx_word' id='word_1_64' title='bbox 1286 1052 1583 1109; x_wconf 74' lang='lat' dir='ltr'>ordinando</span> <span class='ocrx_word' id='word_1_65' title='bbox 1633 1060 1819 1100; x_wconf 89' lang='lat' dir='ltr'>manus</span> <span class='ocrx_word' id='word_1_66' title='bbox 1860 1043 1907 1097; x_wconf 91' lang='lat' dir='ltr'>ei</span> <span class='ocrx_word' id='word_1_67' title='bbox 1938 1057 2041 1095; x_wconf 80' lang='lat' dir='ltr'>non</span> 
     </span>
    </p>
   </div>
   <div class='ocr_carea' id='block_1_10' title="bbox 466 1135 2045 1226">
    <p class='ocr_par' dir='ltr' id='par_1_10' title="bbox 466 1135 2045 1226">
     <span class='ocr_line' id='line_1_10' title="bbox 466 1135 2045 1226; baseline -0.018 -15"><span class='ocrx_word' id='word_1_68' title='bbox 466 1160 869 1226; x_wconf 87' lang='lat' dir='ltr'>imposuerunt;</span> <span class='ocrx_word' id='word_1_69' title='bbox 902 1151 1142 1220; x_wconf 82' lang='lat' dir='ltr'>quamvis</span> <span class='ocrx_word' id='word_1_70' title='bbox 1186 1163 1307 1201; x_wconf 90' lang='lat' dir='ltr'>eum</span> <span class='ocrx_word' id='word_1_71' title='bbox 1351 1160 1378 1197; x_wconf 91' lang='lat' dir='ltr'>a</span> <span class='ocrx_word' id='word_1_72' title='bbox 1423 1141 1692 1196; x_wconf 82' lang='lat' dir='ltr'>Prituiano</span> <span class='ocrx_word' id='word_1_73' title='bbox 1738 1135 2045 1189; x_wconf 88' lang='lat' dir='ltr'>damnatum</span> 
     </span>
    </p>
   </div>
   <div class='ocr_carea' id='block_1_11' title="bbox 466 1221 2047 1308">
    <p class='ocr_par' dir='ltr' id='par_1_11' title="bbox 466 1221 2047 1308">
     <span class='ocr_line' id='line_1_11' title="bbox 466 1221 2047 1308; baseline -0.016 -8"><span class='ocrx_word' id='word_1_74' title='bbox 466 1246 828 1308; x_wconf 72' lang='lat' dir='ltr'>laudaverim,</span> <span class='ocrx_word' id='word_1_75' title='bbox 877 1242 1311 1305; x_wconf 83' lang='lat' dir='ltr'>Primianumque</span> <span class='ocrx_word' id='word_1_76' title='bbox 1357 1228 1755 1289; x_wconf 85' lang='lat' dir='ltr'>damnaverint;</span> <span class='ocrx_word' id='word_1_77' title='bbox 1807 1221 2047 1294; x_wconf 76' lang='lat' dir='ltr'>quamvis</span> 
     </span>
    </p>
   </div>
   <div class='ocr_carea' id='block_1_12' title="bbox 468 1323 2046 1406">
    <p class='ocr_par' dir='ltr' id='par_1_12' title="bbox 468 1323 2046 1406">
     <span class='ocr_line' id='line_1_12' title="bbox 468 1323 2046 1406; baseline -0.017 -15"><span class='ocrx_word' id='word_1_78' title='bbox 468 1339 517 1391; x_wconf 90' lang='lat' dir='ltr'>in</span> <span class='ocrx_word' id='word_1_79' title='bbox 548 1339 661 1406; x_wconf 73' lang='lat' dir='ltr'>ejus</span> <span class='ocrx_word' id='word_1_80' title='bbox 692 1335 981 1390; x_wconf 88' lang='lat' dir='ltr'>schismate</span> <span class='ocrx_word' id='word_1_81' title='bbox 1004 1328 1310 1391; x_wconf 87' lang='lat' dir='ltr'>constituti,</span> <span class='ocrx_word' id='word_1_82' title='bbox 1345 1323 1651 1379; x_wconf 90' lang='lat' dir='ltr'>dilationem</span> <span class='ocrx_word' id='word_1_83' title='bbox 1687 1331 1787 1387; x_wconf 89' lang='lat' dir='ltr'>qua</span> <span class='ocrx_word' id='word_1_84' title='bbox 1810 1325 2046 1369; x_wconf 87' lang='lat' dir='ltr'>reverte-</span> 
     </span>
    </p>
   </div>
   <div class='ocr_carea' id='block_1_13' title="bbox 470 1424 995 1492">
    <p class='ocr_par' dir='ltr' id='par_1_13' title="bbox 470 1424 995 1492">
     <span class='ocr_line' id='line_1_13' title="bbox 470 1424 995 1492; baseline -0.015 -10"><span class='ocrx_word' id='word_1_85' title='bbox 470 1439 652 1482; x_wconf 73' lang='lat' dir='ltr'>rentur</span> <span class='ocrx_word' id='word_1_86' title='bbox 678 1424 995 1492; x_wconf 70' lang='lat' dir='ltr'>acet‘periut.</span> 
     </span>
    </p>
   </div>
   <div class='ocr_carea' id='block_1_14' title="bbox 538 1494 2053 1575">
    <p class='ocr_par' dir='ltr' id='par_1_14' title="bbox 538 1494 2053 1575">
     <span class='ocr_line' id='line_1_14' title="bbox 538 1494 2053 1575; baseline -0.017 -5"><span class='ocrx_word' id='word_1_87' title='bbox 538 1513 761 1570; x_wconf 69' lang='lat' dir='ltr'>CAPUT</span> <span class='ocrx_word' id='word_1_88' title='bbox 796 1512 989 1566; x_wconf 83' lang='lat' dir='ltr'>l.V.——-</span> <span class='ocrx_word' id='word_1_89' title='bbox 1015 1511 1102 1563; x_wconf 70' lang='lat'>()5.</span> <span class='ocrx_word' id='word_1_90' title='bbox 1133 1507 1268 1575; x_wconf 85' lang='lat' dir='ltr'>Quin</span> <span class='ocrx_word' id='word_1_91' title='bbox 1302 1505 1460 1559; x_wconf 81' lang='lat' dir='ltr'>etiam</span> <span class='ocrx_word' id='word_1_92' title='bbox 1495 1502 1615 1570; x_wconf 87' lang='lat' dir='ltr'>quia</span> <span class='ocrx_word' id='word_1_93' title='bbox 1648 1500 1753 1553; x_wconf 75' lang='lat' dir='ltr'>dixi</span> <span class='ocrx_word' id='word_1_94' title='bbox 1778 1540 1791 1562; x_wconf 93' lang='lat'>,</span> <span class='ocrx_word' id='word_1_95' title='bbox 1822 1494 2053 1549; x_wconf 87' lang='lat' dir='ltr'>traditio-</span> 
     </span>
    </p>
   </div>
   <div class='ocr_carea' id='block_1_15' title="bbox 468 1586 2053 1673">
    <p class='ocr_par' dir='ltr' id='par_1_15' title="bbox 468 1586 2053 1673">
     <span class='ocr_line' id='line_1_15' title="bbox 468 1586 2053 1673; baseline -0.015 -14"><span class='ocrx_word' id='word_1_96' title='bbox 468 1624 582 1661; x_wconf 84' lang='lat' dir='ltr'>nem</span> <span class='ocrx_word' id='word_1_97' title='bbox 607 1606 762 1658; x_wconf 88' lang='lat' dir='ltr'>multo</span> <span class='ocrx_word' id='word_1_98' title='bbox 798 1602 1102 1673; x_wconf 75' lang='lat' dir='ltr'>probabilius</span> <span class='ocrx_word' id='word_1_99' title='bbox 1133 1615 1222 1650; x_wconf 87' lang='lat' dir='ltr'>nos</span> <span class='ocrx_word' id='word_1_100' title='bbox 1249 1597 1383 1649; x_wconf 85' lang='lat' dir='ltr'>vobis</span> <span class='ocrx_word' id='word_1_101' title='bbox 1412 1592 1674 1661; x_wconf 84' lang='lat' dir='ltr'>objicimus</span> <span class='ocrx_word' id='word_1_102' title='bbox 1703 1586 1839 1657; x_wconf 86' lang='lat' dir='ltr'>(Lib.</span> <span class='ocrx_word' id='word_1_103' title='bbox 1869 1588 1892 1639; x_wconf 80' lang='lat' dir='ltr'>l</span> <span class='ocrx_word' id='word_1_104' title='bbox 1928 1601 2053 1637; x_wconf 81' lang='lat' dir='ltr'>cou-</span> 
     </span>
    </p>
   </div>
   <div class='ocr_carea' id='block_1_16' title="bbox 468 1673 2053 1756">
    <p class='ocr_par' dir='ltr' id='par_1_16' title="bbox 468 1673 2053 1756">
     <span class='ocr_line' id='line_1_16' title="bbox 468 1673 2053 1756; baseline -0.016 -6"><span class='ocrx_word' id='word_1_105' title='bbox 468 1710 546 1752; x_wconf 85' lang='lat' dir='ltr'>tra</span> <span class='ocrx_word' id='word_1_106' title='bbox 579 1698 793 1751; x_wconf 76' lang='lat' dir='ltr'>Litteras</span> <span class='ocrx_word' id='word_1_107' title='bbox 825 1692 1060 1747; x_wconf 83' lang='lat' dir='ltr'>I’etiliani</span> <span class='ocrx_word' id='word_1_108' title='bbox 1086 1730 1101 1754; x_wconf 92' lang='lat'>,</span> <span class='ocrx_word' id='word_1_109' title='bbox 1133 1707 1181 1741; x_wconf 87' lang='lat' dir='ltr'>n.</span> <span class='ocrx_word' id='word_1_110' title='bbox 1211 1685 1323 1756; x_wconf 72' lang='lat'>‘25);</span> <span class='ocrx_word' id='word_1_111' title='bbox 1346 1682 1634 1753; x_wconf 72' lang='lat' dir='ltr'>reszmdes</span> <span class='ocrx_word' id='word_1_112' title='bbox 1658 1695 1741 1732; x_wconf 89' lang='lat' dir='ltr'>me</span> <span class='ocrx_word' id='word_1_113' title='bbox 1768 1678 1870 1731; x_wconf 88' lang='lat' dir='ltr'>hoc</span> <span class='ocrx_word' id='word_1_114' title='bbox 1896 1673 2053 1728; x_wconf 84' lang='lat' dir='ltr'>modo</span> 
     </span>
    </p>
   </div>
   <div class='ocr_carea' id='block_1_17' title="bbox 471 1767 2056 1851">
    <p class='ocr_par' dir='ltr' id='par_1_17' title="bbox 471 1767 2056 1851">
     <span class='ocr_line' id='line_1_17' title="bbox 471 1767 2056 1851; baseline -0.016 -9"><span class='ocrx_word' id='word_1_115' title='bbox 471 1789 635 1843; x_wconf 67' lang='lat' dir='ltr'>fuis~e</span> <span class='ocrx_word' id='word_1_116' title='bbox 661 1786 961 1841; x_wconf 66' lang='lat' dir='ltr'>confessum</span> <span class='ocrx_word' id='word_1_117' title='bbox 992 1825 1005 1846; x_wconf 96' lang='lat'>,</span> <span class='ocrx_word' id='word_1_118' title='bbox 1035 1781 1175 1851; x_wconf 85' lang='lat' dir='ltr'>quod</span> <span class='ocrx_word' id='word_1_119' title='bbox 1217 1793 1333 1831; x_wconf 85' lang='lat' dir='ltr'>eam</span> <span class='ocrx_word' id='word_1_120' title='bbox 1378 1790 1471 1827; x_wconf 88' lang='lat' dir='ltr'>vos</span> <span class='ocrx_word' id='word_1_121' title='bbox 1519 1773 1673 1827; x_wconf 84' lang='lat' dir='ltr'>nobis</span> <span class='ocrx_word' id='word_1_122' title='bbox 1712 1767 2056 1839; x_wconf 83' lang='lat' dir='ltr'>probabiliter</span> 
     </span>
    </p>
   </div>
   <div class='ocr_carea' id='block_1_18' title="bbox 472 1861 2055 1948">
    <p class='ocr_par' dir='ltr' id='par_1_18' title="bbox 472 1861 2055 1948">
     <span class='ocr_line' id='line_1_18' title="bbox 472 1861 2055 1948; baseline -0.018 -14"><span class='ocrx_word' id='word_1_123' title='bbox 472 1880 734 1948; x_wconf 81' lang='lat' dir='ltr'>objicitis;</span> <span class='ocrx_word' id='word_1_124' title='bbox 767 1878 967 1931; x_wconf 69' lang='lat' dir='ltr'>docvns</span> <span class='ocrx_word' id='word_1_125' title='bbox 993 1874 1153 1928; x_wconf 89' lang='lat' dir='ltr'>etiam</span> <span class='ocrx_word' id='word_1_126' title='bbox 1186 1869 1419 1938; x_wconf 76' lang='lat' dir='ltr'>regulam</span> <span class='ocrx_word' id='word_1_127' title='bbox 1458 1861 1761 1925; x_wconf 88' lang='lat' dir='ltr'>locutionis,</span> <span class='ocrx_word' id='word_1_128' title='bbox 1789 1875 1887 1927; x_wconf 86' lang='lat' dir='ltr'>qua</span> <span class='ocrx_word' id='word_1_129' title='bbox 1916 1872 2055 1908; x_wconf 76' lang='lat' dir='ltr'>(om-</span> 
     </span>
    </p>
   </div>
   <div class='ocr_carea' id='block_1_19' title="bbox 477 1956 2057 2040">
    <p class='ocr_par' dir='ltr' id='par_1_19' title="bbox 477 1956 2057 2040">
     <span class='ocr_line' id='line_1_19' title="bbox 477 1956 2057 2040; baseline -0.017 -17"><span class='ocrx_word' id='word_1_130' title='bbox 477 1971 734 2040; x_wconf 81' lang='lat' dir='ltr'>paratiuus</span> <span class='ocrx_word' id='word_1_131' title='bbox 784 1968 973 2037; x_wconf 79' lang='lat' dir='ltr'>gradus</span> <span class='ocrx_word' id='word_1_132' title='bbox 1022 1962 1158 2033; x_wconf 86' lang='lat' dir='ltr'>quod</span> <span class='ocrx_word' id='word_1_133' title='bbox 1204 1970 1319 2014; x_wconf 81' lang='lat' dir='ltr'>ante</span> <span class='ocrx_word' id='word_1_134' title='bbox 1372 1956 1587 2025; x_wconf 88' lang='lat' dir='ltr'>positum</span> <span class='ocrx_word' id='word_1_135' title='bbox 1631 1961 1699 2005; x_wconf 86' lang='lat' dir='ltr'>est</span> <span class='ocrx_word' id='word_1_136' title='bbox 1745 1959 1925 2019; x_wconf 77' lang='lat' dir='ltr'>auget,</span> <span class='ocrx_word' id='word_1_137' title='bbox 1958 1961 2057 1998; x_wconf 86' lang='lat' dir='ltr'>non</span> 
     </span>
    </p>
   </div>
   <div class='ocr_carea' id='block_1_20' title="bbox 474 2036 2058 2129">
    <p class='ocr_par' dir='ltr' id='par_1_20' title="bbox 474 2036 2058 2129">
     <span class='ocr_line' id='line_1_20' title="bbox 474 2036 2058 2129; baseline -0.017 -17"><span class='ocrx_word' id='word_1_138' title='bbox 474 2036 608 2129; x_wconf 68' lang='lat' dir='ltr'>quod</span> <span class='ocrx_word' id='word_1_139' title='bbox 655 2036 794 2111; x_wconf 71' lang='lat' dir='ltr'>ante</span> <span class='ocrx_word' id='word_1_140' title='bbox 817 2061 1005 2124; x_wconf 67' lang='lat' dir='ltr'>factum</span> <span class='ocrx_word' id='word_1_141' title='bbox 1051 2062 1123 2106; x_wconf 81' lang='lat' dir='ltr'>est</span> <span class='ocrx_word' id='word_1_142' title='bbox 1156 2047 1439 2117; x_wconf 87' lang='lat' dir='ltr'>improbat,</span> <span class='ocrx_word' id='word_1_143' title='bbox 1470 2054 1523 2098; x_wconf 87' lang='lat' dir='ltr'>et</span> <span class='ocrx_word' id='word_1_144' title='bbox 1568 2042 1880 2109; x_wconf 80' lang='lat' dir='ltr'>adjungeus.</span> <span class='ocrx_word' id='word_1_145' title='bbox 1911 2036 2058 2090; x_wconf 78' lang='lat' dir='ltr'>Sicut</span> 
     </span>
    </p>
   </div>
   <div class='ocr_carea' id='block_1_21' title="bbox 473 2126 2056 2209">
    <p class='ocr_par' dir='ltr' id='par_1_21' title="bbox 473 2126 2056 2209">
     <span class='ocr_line' id='line_1_21' title="bbox 473 2126 2056 2209; baseline -0.016 -9"><span class='ocrx_word' id='word_1_146' title='bbox 473 2126 597 2202; x_wconf 80' lang='lat' dir='ltr'>bene</span> <span class='ocrx_word' id='word_1_147' title='bbox 626 2157 669 2199; x_wconf 84' lang='lat' dir='ltr'>et</span> <span class='ocrx_word' id='word_1_148' title='bbox 700 2146 896 2208; x_wconf 68' lang='lat' dir='ltr'>melius,</span> <span class='ocrx_word' id='word_1_149' title='bbox 922 2143 1052 2195; x_wconf 86' lang='lat' dir='ltr'>male</span> <span class='ocrx_word' id='word_1_150' title='bbox 1075 2152 1117 2194; x_wconf 81' lang='lat' dir='ltr'>et</span> <span class='ocrx_word' id='word_1_151' title='bbox 1149 2140 1309 2209; x_wconf 85' lang='lat' dir='ltr'>pejus,</span> <span class='ocrx_word' id='word_1_152' title='bbox 1340 2133 1643 2189; x_wconf 78' lang='lat' dir='ltr'>ltorribiliter</span> <span class='ocrx_word' id='word_1_153' title='bbox 1670 2140 1713 2182; x_wconf 88' lang='lat' dir='ltr'>et</span> <span class='ocrx_word' id='word_1_154' title='bbox 1744 2126 2056 2189; x_wconf 75' lang='lat' dir='ltr'>horribilius,</span> 
     </span>
    </p>
   </div>
   <div class='ocr_carea' id='block_1_22' title="bbox 477 2218 2061 2304">
    <p class='ocr_par' dir='ltr' id='par_1_22' title="bbox 477 2218 2061 2304">
     <span class='ocr_line' id='line_1_22' title="bbox 477 2218 2061 2304; baseline -0.013 -14"><span class='ocrx_word' id='word_1_155' title='bbox 477 2240 549 2291; x_wconf 86' lang='lat' dir='ltr'>ita</span> <span class='ocrx_word' id='word_1_156' title='bbox 575 2255 679 2291; x_wconf 81' lang='lat' dir='ltr'>esse</span> <span class='ocrx_word' id='word_1_157' title='bbox 709 2235 1031 2304; x_wconf 77' lang='lat' dir='ltr'>probabiliter</span> <span class='ocrx_word' id='word_1_158' title='bbox 1057 2242 1100 2285; x_wconf 88' lang='lat' dir='ltr'>et</span> <span class='ocrx_word' id='word_1_159' title='bbox 1148 2228 1475 2299; x_wconf 84' lang='lat' dir='ltr'>probabilius.</span> <span class='ocrx_word' id='word_1_160' title='bbox 1504 2221 1658 2279; x_wconf 88' lang='lat' dir='ltr'>Unde</span> <span class='ocrx_word' id='word_1_161' title='bbox 1695 2220 1786 2273; x_wconf 88' lang='lat' dir='ltr'>tibi</span> <span class='ocrx_word' id='word_1_162' title='bbox 1813 2218 2061 2285; x_wconf 77' lang='lat' dir='ltr'>colligere</span> 
     </span>
    </p>
   </div>
   <div class='ocr_carea' id='block_1_23' title="bbox 479 2310 2058 2391">
    <p class='ocr_par' dir='ltr' id='par_1_23' title="bbox 479 2310 2058 2391">
     <span class='ocr_line' id='line_1_23' title="bbox 479 2310 2058 2391; baseline -0.015 -10"><span class='ocrx_word' id='word_1_163' title='bbox 479 2330 696 2391; x_wconf 82' lang='lat' dir='ltr'>videris,</span> <span class='ocrx_word' id='word_1_164' title='bbox 718 2338 772 2383; x_wconf 83' lang='lat' dir='ltr'>et</span> <span class='ocrx_word' id='word_1_165' title='bbox 792 2326 948 2391; x_wconf 78' lang='lat' dir='ltr'>ilicis,</span> <span class='ocrx_word' id='word_1_166' title='bbox 974 2326 1035 2380; x_wconf 87' lang='lat' dir='ltr'>Si</span> <span class='ocrx_word' id='word_1_167' title='bbox 1075 2340 1160 2376; x_wconf 79' lang='lat' dir='ltr'>vos</span> <span class='ocrx_word' id='word_1_168' title='bbox 1185 2319 1520 2389; x_wconf 80' lang='lat' dir='ltr'>probabilius,</span> <span class='ocrx_word' id='word_1_169' title='bbox 1555 2331 1644 2367; x_wconf 83' lang='lat' dir='ltr'>nos</span> <span class='ocrx_word' id='word_1_170' title='bbox 1671 2329 1788 2382; x_wconf 82' lang='lat' dir='ltr'>ergo</span> <span class='ocrx_word' id='word_1_171' title='bbox 1822 2310 2058 2380; x_wconf 83' lang='lat' dir='ltr'>probabi-</span> 
     </span>
    </p>
   </div>
   <div class='ocr_carea' id='block_1_24' title="bbox 482 2405 2062 2486">
    <p class='ocr_par' dir='ltr' id='par_1_24' title="bbox 482 2405 2062 2486">
     <span class='ocr_line' id='line_1_24' title="bbox 482 2405 2062 2486; baseline -0.013 -14"><span class='ocrx_word' id='word_1_172' title='bbox 482 2420 613 2472; x_wconf 83' lang='lat' dir='ltr'>liter.</span> <span class='ocrx_word' id='word_1_173' title='bbox 645 2418 777 2471; x_wconf 88' lang='lat' dir='ltr'>lliuc</span> <span class='ocrx_word' id='word_1_174' title='bbox 816 2433 913 2486; x_wconf 78' lang='lat' dir='ltr'>ego</span> <span class='ocrx_word' id='word_1_175' title='bbox 936 2418 986 2469; x_wconf 91' lang='lat' dir='ltr'>in</span> <span class='ocrx_word' id='word_1_176' title='bbox 1013 2415 1100 2471; x_wconf 84' lang='lat' dir='ltr'>illo</span> <span class='ocrx_word' id='word_1_177' title='bbox 1138 2410 1421 2481; x_wconf 81' lang='lat' dir='ltr'>prolixiore</span> <span class='ocrx_word' id='word_1_178' title='bbox 1446 2407 1602 2461; x_wconf 90' lang='lat' dir='ltr'>trium</span> <span class='ocrx_word' id='word_1_179' title='bbox 1632 2405 1880 2457; x_wconf 89' lang='lat' dir='ltr'>librorum</span> <span class='ocrx_word' id='word_1_180' title='bbox 1901 2414 2062 2468; x_wconf 86' lang='lat' dir='ltr'>opere</span> 
     </span>
    </p>
   </div>
   <div class='ocr_carea' id='block_1_25' title="bbox 487 2491 2062 2571">
    <p class='ocr_par' dir='ltr' id='par_1_25' title="bbox 487 2491 2062 2571">
     <span class='ocr_line' id='line_1_25' title="bbox 487 2491 2062 2571; baseline -0.013 -10"><span class='ocrx_word' id='word_1_181' title='bbox 487 2524 583 2562; x_wconf 83' lang='lat' dir='ltr'>suo</span> <span class='ocrx_word' id='word_1_182' title='bbox 609 2509 727 2562; x_wconf 85' lang='lat' dir='ltr'>loco</span> <span class='ocrx_word' id='word_1_183' title='bbox 779 2507 870 2561; x_wconf 82' lang='lat' dir='ltr'>tibi</span> <span class='ocrx_word' id='word_1_184' title='bbox 900 2507 1029 2560; x_wconf 79' lang='lat' dir='ltr'>satis</span> <span class='ocrx_word' id='word_1_185' title='bbox 1070 2503 1160 2557; x_wconf 76' lang='lat' dir='ltr'>aut</span> <span class='ocrx_word' id='word_1_186' title='bbox 1210 2503 1327 2571; x_wconf 87' lang='lat' dir='ltr'>plus</span> <span class='ocrx_word' id='word_1_187' title='bbox 1352 2514 1508 2568; x_wconf 90' lang='lat' dir='ltr'>quam</span> <span class='ocrx_word' id='word_1_188' title='bbox 1550 2494 1678 2548; x_wconf 84' lang='lat' dir='ltr'>satis</span> <span class='ocrx_word' id='word_1_189' title='bbox 1724 2491 1946 2545; x_wconf 82' lang='lat' dir='ltr'>fortasse</span> <span class='ocrx_word' id='word_1_190' title='bbox 1976 2502 2062 2542; x_wconf 84' lang='lat' dir='ltr'>re-</span> 
     </span>
    </p>
   </div>
   <div class='ocr_carea' id='block_1_26' title="bbox 483 2580 2063 2667">
    <p class='ocr_par' dir='ltr' id='par_1_26' title="bbox 483 2580 2063 2667">
     <span class='ocr_line' id='line_1_26' title="bbox 483 2580 2063 2667; baseline -0.013 -16"><span class='ocrx_word' id='word_1_191' title='bbox 483 2600 713 2667; x_wconf 84' lang='lat' dir='ltr'>spondi,</span> <span class='ocrx_word' id='word_1_192' title='bbox 744 2608 795 2652; x_wconf 88' lang='lat' dir='ltr'>et</span> <span class='ocrx_word' id='word_1_193' title='bbox 842 2595 1051 2651; x_wconf 84' lang='lat' dir='ltr'>ostendi</span> <span class='ocrx_word' id='word_1_194' title='bbox 1099 2610 1162 2649; x_wconf 83' lang='lat' dir='ltr'>ex</span> <span class='ocrx_word' id='word_1_195' title='bbox 1194 2592 1296 2646; x_wconf 81' lang='lat' dir='ltr'>illis</span> <span class='ocrx_word' id='word_1_196' title='bbox 1318 2589 1508 2644; x_wconf 87' lang='lat' dir='ltr'>litteris</span> <span class='ocrx_word' id='word_1_197' title='bbox 1554 2585 1642 2638; x_wconf 84' lang='lat' dir='ltr'>tibi</span> <span class='ocrx_word' id='word_1_198' title='bbox 1668 2583 1825 2637; x_wconf 86' lang='lat' dir='ltr'>verba</span> <span class='ocrx_word' id='word_1_199' title='bbox 1874 2580 2063 2634; x_wconf 83' lang='lat' dir='ltr'>didici-</span> 
     </span>
    </p>
   </div>
   <div class='ocr_carea' id='block_1_27' title="bbox 484 2676 2067 2757">
    <p class='ocr_par' dir='ltr' id='par_1_27' title="bbox 484 2676 2067 2757">
     <span class='ocr_line' id='line_1_27' title="bbox 484 2676 2067 2757; baseline -0.013 -16"><span class='ocrx_word' id='word_1_200' title='bbox 484 2705 623 2749; x_wconf 76' lang='lat' dir='ltr'>mus,</span> <span class='ocrx_word' id='word_1_201' title='bbox 646 2686 912 2757; x_wconf 84' lang='lat' dir='ltr'>quomodo</span> <span class='ocrx_word' id='word_1_202' title='bbox 950 2683 1340 2752; x_wconf 82' lang='lat' dir='ltr'>comparativus</span> <span class='ocrx_word' id='word_1_203' title='bbox 1380 2676 1572 2748; x_wconf 74' lang='lat' dir='ltr'>gradus</span> <span class='ocrx_word' id='word_1_204' title='bbox 1608 2691 1711 2727; x_wconf 92' lang='lat' dir='ltr'>non</span> <span class='ocrx_word' id='word_1_205' title='bbox 1736 2686 1944 2738; x_wconf 85' lang='lat' dir='ltr'>semper</span> <span class='ocrx_word' id='word_1_206' title='bbox 1973 2684 2067 2721; x_wconf 86' lang='lat' dir='ltr'>au-</span> 
     </span>
    </p>
   </div>
   <div class='ocr_carea' id='block_1_28' title="bbox 481 2764 2066 2851">
    <p class='ocr_par' dir='ltr' id='par_1_28' title="bbox 481 2764 2066 2851">
     <span class='ocr_line' id='line_1_28' title="bbox 481 2764 2066 2851; baseline -0.015 -15"><span class='ocrx_word' id='word_1_207' title='bbox 481 2791 603 2851; x_wconf 75' lang='lat' dir='ltr'>geat</span> <span class='ocrx_word' id='word_1_208' title='bbox 648 2780 787 2851; x_wconf 87' lang='lat' dir='ltr'>quod</span> <span class='ocrx_word' id='word_1_209' title='bbox 826 2788 1133 2847; x_wconf 82' lang='lat' dir='ltr'>comparat,</span> <span class='ocrx_word' id='word_1_210' title='bbox 1163 2771 1447 2843; x_wconf 85' lang='lat' dir='ltr'>aliquando</span> <span class='ocrx_word' id='word_1_211' title='bbox 1489 2767 1750 2835; x_wconf 88' lang='lat' dir='ltr'>improbet</span> <span class='ocrx_word' id='word_1_212' title='bbox 1792 2764 1875 2816; x_wconf 90' lang='lat' dir='ltr'>cui</span> <span class='ocrx_word' id='word_1_213' title='bbox 1916 2776 2066 2815; x_wconf 90' lang='lat' dir='ltr'>eom-</span> 
     </span>
    </p>
   </div>
   <div class='ocr_carea' id='block_1_29' title="bbox 483 2850 2067 2945">
    <p class='ocr_par' dir='ltr' id='par_1_29' title="bbox 483 2850 2067 2945">
     <span class='ocr_line' id='line_1_29' title="bbox 483 2850 2067 2945; baseline -0.016 -18"><span class='ocrx_word' id='word_1_214' title='bbox 483 2850 719 2945; x_wconf 80' lang='lat' dir='ltr'>paratur.</span> <span class='ocrx_word' id='word_1_215' title='bbox 771 2870 894 2924; x_wconf 88' lang='lat' dir='ltr'>Inde</span> <span class='ocrx_word' id='word_1_216' title='bbox 943 2878 1059 2933; x_wconf 87' lang='lat' dir='ltr'>est,</span> <span class='ocrx_word' id='word_1_217' title='bbox 1094 2867 1174 2918; x_wconf 86' lang='lat' dir='ltr'>Dii</span> <span class='ocrx_word' id='word_1_218' title='bbox 1220 2864 1428 2917; x_wconf 80' lang='lat' dir='ltr'>meliora</span> <span class='ocrx_word' id='word_1_219' title='bbox 1483 2861 1578 2929; x_wconf 84' lang='lat' dir='ltr'>piis</span> <span class='ocrx_word' id='word_1_220' title='bbox 1618 2850 2067 2927; x_wconf 78' lang='lat' dir='ltr'>(Virgil.,Gcorg.</span> 
     </span>
    </p>
   </div>
   <div class='ocr_carea' id='block_1_30' title="bbox 486 2944 2070 3032">
    <p class='ocr_par' dir='ltr' id='par_1_30' title="bbox 486 2944 2070 3032">
     <span class='ocr_line' id='line_1_30' title="bbox 486 2944 2070 3032; baseline -0.016 -12"><span class='ocrx_word' id='word_1_221' title='bbox 486 2944 575 3019; x_wconf 81' lang='lat' dir='ltr'>lib.</span> <span class='ocrx_word' id='word_1_222' title='bbox 609 2967 661 3029; x_wconf 80' lang='grc'>5,</span> <span class='ocrx_word' id='word_1_223' title='bbox 692 2981 819 3018; x_wconf 80' lang='lat' dir='ltr'>vers.</span> <span class='ocrx_word' id='word_1_224' title='bbox 853 2962 999 3032; x_wconf 77' lang='lat' dir='ltr'>5l5).</span> <span class='ocrx_word' id='word_1_225' title='bbox 1035 2959 1160 3013; x_wconf 89' lang='lat' dir='ltr'>Inde</span> <span class='ocrx_word' id='word_1_226' title='bbox 1187 2966 1269 3011; x_wconf 85' lang='lat' dir='ltr'>est</span> <span class='ocrx_word' id='word_1_227' title='bbox 1293 2995 1308 3020; x_wconf 85' lang='lat'>,</span> <span class='ocrx_word' id='word_1_228' title='bbox 1341 2951 1634 3006; x_wconf 65' lang='lat' dir='ltr'>Melior-ibus</span> <span class='ocrx_word' id='word_1_229' title='bbox 1670 2959 1788 3019; x_wconf 88' lang='lat' dir='ltr'>opto</span> <span class='ocrx_word' id='word_1_230' title='bbox 1831 2944 2070 3014; x_wconf 79' lang='lat' dir='ltr'>auspiciis</span> 
     </span>
    </p>
   </div>
   <div class='ocr_carea' id='block_1_31' title="bbox 486 3036 2068 3125">
    <p class='ocr_par' dir='ltr' id='par_1_31' title="bbox 486 3036 2068 3125">
     <span class='ocr_line' id='line_1_31' title="bbox 486 3036 2068 3125; baseline -0.016 -15"><span class='ocrx_word' id='word_1_231' title='bbox 486 3056 625 3125; x_wconf 84' lang='lat' dir='ltr'>(ld.,</span> <span class='ocrx_word' id='word_1_232' title='bbox 655 3054 868 3108; x_wconf 83' lang='lat' dir='ltr'>/Eneid.</span> <span class='ocrx_word' id='word_1_233' title='bbox 899 3053 985 3105; x_wconf 88' lang='lat' dir='ltr'>lib.</span> <span class='ocrx_word' id='word_1_234' title='bbox 1018 3052 1085 3115; x_wconf 79' lang='lat'>5,</span> <span class='ocrx_word' id='word_1_235' title='bbox 1117 3064 1246 3101; x_wconf 76' lang='lat' dir='ltr'>vers.</span> <span class='ocrx_word' id='word_1_236' title='bbox 1281 3046 1417 3103; x_wconf 65' lang='lat'>498.</span> <span class='ocrx_word' id='word_1_237' title='bbox 1445 3041 1590 3109; x_wconf 63' lang='lat'>499).</span> <span class='ocrx_word' id='word_1_238' title='bbox 1612 3039 1747 3107; x_wconf 60' lang='lat' dir='ltr'>Lege</span> <span class='ocrx_word' id='word_1_239' title='bbox 1769 3036 2068 3104; x_wconf 68' lang='lat' dir='ltr'>diligenter,</span> 
     </span>
    </p>
   </div>
   <div class='ocr_carea' id='block_1_32' title="bbox 491 3127 2073 3217">
    <p class='ocr_par' dir='ltr' id='par_1_32' title="bbox 491 3127 2073 3217">
     <span class='ocr_line' id='line_1_32' title="bbox 491 3127 2073 3217; baseline -0.015 -18"><span class='ocrx_word' id='word_1_240' title='bbox 491 3157 641 3217; x_wconf 86' lang='lat' dir='ltr'>plura</span> <span class='ocrx_word' id='word_1_241' title='bbox 675 3148 783 3212; x_wconf 82' lang='lat' dir='ltr'>ipse</span> <span class='ocrx_word' id='word_1_242' title='bbox 816 3141 1072 3210; x_wconf 87' lang='lat' dir='ltr'>reperies,</span> <span class='ocrx_word' id='word_1_243' title='bbox 1105 3138 1197 3191; x_wconf 85' lang='lat' dir='ltr'>sed</span> <span class='ocrx_word' id='word_1_244' title='bbox 1240 3148 1419 3189; x_wconf 89' lang='lat' dir='ltr'>nonne</span> <span class='ocrx_word' id='word_1_245' title='bbox 1463 3130 1704 3193; x_wconf 88' lang='lat' dir='ltr'>miraris,</span> <span class='ocrx_word' id='word_1_246' title='bbox 1731 3127 1951 3179; x_wconf 89' lang='lat' dir='ltr'>obsecro</span> <span class='ocrx_word' id='word_1_247' title='bbox 1979 3131 2029 3176; x_wconf 89' lang='lat' dir='ltr'>te</span> <span class='ocrx_word' id='word_1_248' title='bbox 2054 3161 2073 3187; x_wconf 85' lang='lat'>,</span> 
     </span>
    </p>
   </div>
   <div class='ocr_carea' id='block_1_33' title="bbox 496 3213 2071 3291">
    <p class='ocr_par' dir='ltr' id='par_1_33' title="bbox 496 3213 2071 3291">
     <span class='ocr_line' id='line_1_33' title="bbox 496 3213 2071 3291; baseline -0.018 0"><span class='ocrx_word' id='word_1_249' title='bbox 496 3238 549 3291; x_wconf 90' lang='lat' dir='ltr'>in</span> <span class='ocrx_word' id='word_1_250' title='bbox 577 3237 676 3288; x_wconf 87' lang='lat' dir='ltr'>hac</span> <span class='ocrx_word' id='word_1_251' title='bbox 708 3248 863 3286; x_wconf 83' lang='lat' dir='ltr'>causa</span> <span class='ocrx_word' id='word_1_252' title='bbox 896 3224 1390 3285; x_wconf 69' lang='lat' dir='ltr'>Masimianensium</span> <span class='ocrx_word' id='word_1_253' title='bbox 1418 3263 1430 3285; x_wconf 89' lang='lat'>,</span> <span class='ocrx_word' id='word_1_254' title='bbox 1459 3237 1519 3275; x_wconf 79' lang='lat' dir='ltr'>ex</span> <span class='ocrx_word' id='word_1_255' title='bbox 1548 3235 1649 3288; x_wconf 86' lang='lat' dir='ltr'>qua</span> <span class='ocrx_word' id='word_1_256' title='bbox 1690 3218 1779 3271; x_wconf 88' lang='lat' dir='ltr'>tibi</span> <span class='ocrx_word' id='word_1_257' title='bbox 1805 3214 1868 3268; x_wconf 89' lang='lat' dir='ltr'>ad</span> <span class='ocrx_word' id='word_1_258' title='bbox 1895 3213 2071 3267; x_wconf 85' lang='lat' dir='ltr'>omnia</span> 
     </span>
    </p>
   </div>
   <div class='ocr_carea' id='block_1_34' title="bbox 502 3304 2073 3389">
    <p class='ocr_par' dir='ltr' id='par_1_34' title="bbox 502 3304 2073 3389">
     <span class='ocr_line' id='line_1_34' title="bbox 502 3304 2073 3389; baseline -0.017 -8"><span class='ocrx_word' id='word_1_259' title='bbox 502 3340 643 3381; x_wconf 78' lang='lat' dir='ltr'>nilne</span> <span class='ocrx_word' id='word_1_260' title='bbox 668 3322 825 3377; x_wconf 83' lang='lat' dir='ltr'>statui</span> <span class='ocrx_word' id='word_1_261' title='bbox 868 3318 1192 3389; x_wconf 81' lang='lat' dir='ltr'>reSpondere</span> <span class='ocrx_word' id='word_1_262' title='bbox 1211 3356 1226 3381; x_wconf 92' lang='lat'>,</span> <span class='ocrx_word' id='word_1_263' title='bbox 1268 3330 1369 3370; x_wconf 87' lang='lat' dir='ltr'>nec</span> <span class='ocrx_word' id='word_1_264' title='bbox 1399 3312 1554 3381; x_wconf 81' lang='lat' dir='ltr'>hujus</span> <span class='ocrx_word' id='word_1_265' title='bbox 1584 3308 1711 3364; x_wconf 88' lang='lat' dir='ltr'>mihi</span> <span class='ocrx_word' id='word_1_266' title='bbox 1734 3306 1963 3360; x_wconf 82' lang='lat' dir='ltr'>defuisse</span> <span class='ocrx_word' id='word_1_267' title='bbox 1991 3304 2073 3356; x_wconf 82' lang='lat' dir='ltr'>lo-</span> 
     </span>
    </p>
   </div>
   <div class='ocr_carea' id='block_1_35' title="bbox 497 3398 2077 3482">
    <p class='ocr_par' dir='ltr' id='par_1_35' title="bbox 497 3398 2077 3482">
     <span class='ocr_line' id='line_1_35' title="bbox 497 3398 2077 3482; baseline -0.017 -7"><span class='ocrx_word' id='word_1_268' title='bbox 497 3419 727 3475; x_wconf 86' lang='lat' dir='ltr'>cuti0nis</span> <span class='ocrx_word' id='word_1_269' title='bbox 772 3411 1118 3482; x_wconf 75' lang='lat' dir='ltr'>exemplum?</span> <span class='ocrx_word' id='word_1_270' title='bbox 1146 3410 1199 3463; x_wconf 94' lang='lat' dir='ltr'>In</span> <span class='ocrx_word' id='word_1_271' title='bbox 1229 3409 1313 3461; x_wconf 89' lang='lat' dir='ltr'>illa</span> <span class='ocrx_word' id='word_1_272' title='bbox 1342 3406 1535 3475; x_wconf 80' lang='lat' dir='ltr'>quippe</span> <span class='ocrx_word' id='word_1_273' title='bbox 1584 3398 1998 3455; x_wconf 85' lang='lat' dir='ltr'>luculentissima</span> <span class='ocrx_word' id='word_1_274' title='bbox 2023 3404 2077 3448; x_wconf 86' lang='lat' dir='ltr'>et.</span> 
     </span>
    </p>
   </div>
   <div class='ocr_carea' id='block_1_36' title="bbox 496 3485 2076 3564">
    <p class='ocr_par' dir='ltr' id='par_1_36' title="bbox 496 3485 2076 3564">
     <span class='ocr_line' id='line_1_36' title="bbox 496 3485 2076 3564; baseline -0.018 0"><span class='ocrx_word' id='word_1_275' title='bbox 496 3507 870 3564; x_wconf 75' lang='lat' dir='ltr'>facundissime</span> <span class='ocrx_word' id='word_1_276' title='bbox 929 3503 1186 3557; x_wconf 74' lang='lat' dir='ltr'>sententia</span> <span class='ocrx_word' id='word_1_277' title='bbox 1239 3495 1540 3564; x_wconf 81' lang='lat' dir='ltr'>Bagaieusis</span> <span class='ocrx_word' id='word_1_278' title='bbox 1584 3490 1831 3545; x_wconf 87' lang='lat' dir='ltr'>concilii:</span> <span class='ocrx_word' id='word_1_279' title='bbox 1866 3485 2076 3539; x_wconf 84' lang='lat' dir='ltr'>Inventa</span> 
     </span>
    </p>
   </div>
   <div class='ocr_carea' id='block_1_37' title="bbox 495 3576 2078 3665">
    <p class='ocr_par' dir='ltr' id='par_1_37' title="bbox 495 3576 2078 3665">
     <span class='ocr_line' id='line_1_37' title="bbox 495 3576 2078 3665; baseline -0.016 -13"><span class='ocrx_word' id='word_1_280' title='bbox 495 3611 586 3663; x_wconf 81' lang='lat' dir='ltr'>est,</span> <span class='ocrx_word' id='word_1_281' title='bbox 619 3597 891 3665; x_wconf 86' lang='lat' dir='ltr'>inquiunt,</span> <span class='ocrx_word' id='word_1_282' title='bbox 938 3608 1089 3645; x_wconf 77' lang='lat' dir='ltr'>causa</span> <span class='ocrx_word' id='word_1_283' title='bbox 1118 3587 1385 3649; x_wconf 84' lang='lat' dir='ltr'>salubrior,</span> <span class='ocrx_word' id='word_1_284' title='bbox 1419 3601 1479 3636; x_wconf 87' lang='lat' dir='ltr'>ne</span> <span class='ocrx_word' id='word_1_285' title='bbox 1520 3598 1607 3652; x_wconf 82' lang='lat' dir='ltr'>per</span> <span class='ocrx_word' id='word_1_286' title='bbox 1651 3588 1827 3632; x_wconf 86' lang='lat' dir='ltr'>cuncta</span> <span class='ocrx_word' id='word_1_287' title='bbox 1858 3576 2078 3629; x_wconf 89' lang='lat' dir='ltr'>membra</span> 
     </span>
    </p>
   </div>
   <div class='ocr_carea' id='block_1_38' title="bbox 498 3669 2077 3758">
    <p class='ocr_par' dir='ltr' id='par_1_38' title="bbox 498 3669 2077 3758">
     <span class='ocr_line' id='line_1_38' title="bbox 498 3669 2077 3758; baseline -0.016 -14"><span class='ocrx_word' id='word_1_288' title='bbox 498 3691 733 3758; x_wconf 71' lang='lat' dir='ltr'>pestilens</span> <span class='ocrx_word' id='word_1_289' title='bbox 783 3687 967 3752; x_wconf 80' lang='lat' dir='ltr'>irrepat</span> <span class='ocrx_word' id='word_1_290' title='bbox 996 3683 1128 3735; x_wconf 84' lang='lat' dir='ltr'>uirus</span> <span class='ocrx_word' id='word_1_291' title='bbox 1153 3721 1167 3743; x_wconf 97' lang='lat'>,</span> <span class='ocrx_word' id='word_1_292' title='bbox 1197 3688 1247 3730; x_wconf 91' lang='lat' dir='ltr'>ut</span> <span class='ocrx_word' id='word_1_293' title='bbox 1297 3673 1649 3744; x_wconf 84' lang='lat' dir='ltr'>compendiosa</span> <span class='ocrx_word' id='word_1_294' title='bbox 1693 3669 1865 3722; x_wconf 82' lang='lat' dir='ltr'>dolore</span> <span class='ocrx_word' id='word_1_295' title='bbox 1905 3675 2077 3719; x_wconf 88' lang='lat' dir='ltr'>natum</span> 
     </span>
    </p>
   </div>
   <div class='ocr_carea' id='block_1_39' title="bbox 497 3759 2077 3835">
    <p class='ocr_par' dir='ltr' id='par_1_39' title="bbox 497 3759 2077 3835">
     <span class='ocr_line' id='line_1_39' title="bbox 497 3759 2077 3835; baseline -0.016 0"><span class='ocrx_word' id='word_1_296' title='bbox 497 3781 692 3835; x_wconf 66' lang='lat' dir='ltr'>decidat</span> <span class='ocrx_word' id='word_1_297' title='bbox 720 3780 916 3832; x_wconf 83' lang='lat' dir='ltr'>vulnus.</span> <span class='ocrx_word' id='word_1_298' title='bbox 948 3774 1103 3829; x_wconf 80' lang='lat' dir='ltr'>Certe</span> <span class='ocrx_word' id='word_1_299' title='bbox 1142 3768 1433 3825; x_wconf 86' lang='lat' dir='ltr'>secundum</span> <span class='ocrx_word' id='word_1_300' title='bbox 1465 3766 1697 3835; x_wconf 79' lang='lat' dir='ltr'>regulam</span> <span class='ocrx_word' id='word_1_301' title='bbox 1739 3772 1880 3814; x_wconf 89' lang='lat' dir='ltr'>tuam</span> <span class='ocrx_word' id='word_1_302' title='bbox 1922 3759 2077 3813; x_wconf 86' lang='lat' dir='ltr'>Salu-</span> 
     </span>
    </p>
   </div>
   <div class='ocr_carea' id='block_1_40' title="bbox 497 3851 2075 3936">
    <p class='ocr_par' dir='ltr' id='par_1_40' title="bbox 497 3851 2075 3936">
     <span class='ocr_line' id='line_1_40' title="bbox 497 3851 2075 3936; baseline -0.018 -6"><span class='ocrx_word' id='word_1_303' title='bbox 497 3877 645 3936; x_wconf 85' lang='lat' dir='ltr'>bris,</span> <span class='ocrx_word' id='word_1_304' title='bbox 678 3888 782 3925; x_wconf 90' lang='lat' dir='ltr'>nou</span> <span class='ocrx_word' id='word_1_305' title='bbox 831 3868 1083 3924; x_wconf 79' lang='lat' dir='ltr'>salubrior</span> <span class='ocrx_word' id='word_1_306' title='bbox 1126 3865 1306 3918; x_wconf 81' lang='lat' dir='ltr'>dicere</span> <span class='ocrx_word' id='word_1_307' title='bbox 1345 3861 1662 3913; x_wconf 86' lang='lat' dir='ltr'>debuerunt.</span> <span class='ocrx_word' id='word_1_308' title='bbox 1706 3854 1889 3923; x_wconf 86' lang='lat' dir='ltr'>Neque</span> <span class='ocrx_word' id='word_1_309' title='bbox 1934 3851 2075 3905; x_wconf 88' lang='lat' dir='ltr'>enim</span> 
     </span>
    </p>
   </div>
   <div class='ocr_carea' id='block_1_41' title="bbox 498 3952 2080 4026">
    <p class='ocr_par' dir='ltr' id='par_1_41' title="bbox 498 3952 2080 4026">
     <span class='ocr_line' id='line_1_41' title="bbox 498 3952 2080 4026; baseline -0.016 -7"><span class='ocrx_word' id='word_1_310' title='bbox 498 3966 625 4020; x_wconf 91' lang='lat' dir='ltr'>illud</span> <span class='ocrx_word' id='word_1_311' title='bbox 671 3963 918 4024; x_wconf 86' lang='lat' dir='ltr'>salubre,</span> <span class='ocrx_word' id='word_1_312' title='bbox 947 3958 1039 4012; x_wconf 88' lang='lat' dir='ltr'>sed</span> <span class='ocrx_word' id='word_1_313' title='bbox 1092 3954 1451 4026; x_wconf 80' lang='lat' dir='ltr'>perniciosum</span> <span class='ocrx_word' id='word_1_314' title='bbox 1483 3958 1596 4003; x_wconf 88' lang='lat' dir='ltr'>erat</span> <span class='ocrx_word' id='word_1_315' title='bbox 1621 3990 1634 4009; x_wconf 95' lang='lat'>,</span> <span class='ocrx_word' id='word_1_316' title='bbox 1665 3956 1719 4000; x_wconf 92' lang='lat' dir='ltr'>ut</span> <span class='ocrx_word' id='word_1_317' title='bbox 1753 3961 1845 4015; x_wconf 85' lang='lat' dir='ltr'>per</span> <span class='ocrx_word' id='word_1_318' title='bbox 1893 3952 2080 3997; x_wconf 88' lang='lat' dir='ltr'>cuncta</span> 
     </span>
    </p>
   </div>
   <div class='ocr_carea' id='block_1_42' title="bbox 499 4037 2083 4123">
    <p class='ocr_par' dir='ltr' id='par_1_42' title="bbox 499 4037 2083 4123">
     <span class='ocr_line' id='line_1_42' title="bbox 499 4037 2083 4123; baseline -0.016 -11"><span class='ocrx_word' id='word_1_319' title='bbox 499 4056 737 4112; x_wconf 80' lang='lat' dir='ltr'>membra</span> <span class='ocrx_word' id='word_1_320' title='bbox 768 4053 1022 4123; x_wconf 73' lang='lat' dir='ltr'>pestilens</span> <span class='ocrx_word' id='word_1_321' title='bbox 1044 4048 1186 4101; x_wconf 88' lang='lat' dir='ltr'>virus</span> <span class='ocrx_word' id='word_1_322' title='bbox 1215 4048 1491 4112; x_wconf 86' lang='lat' dir='ltr'>irreperet.</span> <span class='ocrx_word' id='word_1_323' title='bbox 1522 4037 1800 4093; x_wconf 85' lang='lat' dir='ltr'>Salubrior</span> <span class='ocrx_word' id='word_1_324' title='bbox 1821 4050 1946 4104; x_wconf 75' lang='lat' dir='ltr'>ergo</span> <span class='ocrx_word' id='word_1_325' title='bbox 1968 4042 2083 4086; x_wconf 87' lang='lat' dir='ltr'>erat</span> 
     </span>
    </p>
   </div>
   <div class='ocr_carea' id='block_1_43' title="bbox 500 4124 2081 4212">
    <p class='ocr_par' dir='ltr' id='par_1_43' title="bbox 500 4124 2081 4212">
     <span class='ocr_line' id='line_1_43' title="bbox 500 4124 2081 4212; baseline -0.018 -10"><span class='ocrx_word' id='word_1_326' title='bbox 500 4162 655 4202; x_wconf 86' lang='lat' dir='ltr'>causa</span> <span class='ocrx_word' id='word_1_327' title='bbox 682 4188 696 4212; x_wconf 93' lang='lat'>,</span> <span class='ocrx_word' id='word_1_328' title='bbox 728 4154 785 4198; x_wconf 90' lang='lat' dir='ltr'>ut</span> <span class='ocrx_word' id='word_1_329' title='bbox 820 4138 1203 4210; x_wconf 79' lang='lat' dir='ltr'>compendiosa</span> <span class='ocrx_word' id='word_1_330' title='bbox 1227 4136 1412 4190; x_wconf 88' lang='lat' dir='ltr'>dolore</span> <span class='ocrx_word' id='word_1_331' title='bbox 1444 4141 1623 4185; x_wconf 88' lang='lat' dir='ltr'>uatum</span> <span class='ocrx_word' id='word_1_332' title='bbox 1668 4126 1938 4181; x_wconf 86' lang='lat' dir='ltr'>decideret</span> <span class='ocrx_word' id='word_1_333' title='bbox 1965 4124 2081 4175; x_wconf 89' lang='lat' dir='ltr'>vul-</span> 
     </span>
    </p>
   </div>
   <div class='ocr_carea' id='block_1_44' title="bbox 502 4216 2081 4306">
    <p class='ocr_par' dir='ltr' id='par_1_44' title="bbox 502 4216 2081 4306">
     <span class='ocr_line' id='line_1_44' title="bbox 502 4216 2081 4306; baseline -0.017 -14"><span class='ocrx_word' id='word_1_334' title='bbox 502 4256 601 4292; x_wconf 90' lang='lat' dir='ltr'>nus</span> <span class='ocrx_word' id='word_1_335' title='bbox 625 4281 639 4303; x_wconf 95' lang='lat'>,</span> <span class='ocrx_word' id='word_1_336' title='bbox 672 4236 914 4306; x_wconf 82' lang='lat' dir='ltr'>quamvis</span> <span class='ocrx_word' id='word_1_337' title='bbox 941 4248 1046 4285; x_wconf 87' lang='lat' dir='ltr'>non</span> <span class='ocrx_word' id='word_1_338' title='bbox 1076 4238 1219 4284; x_wconf 85' lang='lat' dir='ltr'>esset</span> <span class='ocrx_word' id='word_1_339' title='bbox 1254 4225 1483 4280; x_wconf 87' lang='lat' dir='ltr'>salubris</span> <span class='ocrx_word' id='word_1_340' title='bbox 1502 4262 1518 4289; x_wconf 87' lang='lat'>,</span> <span class='ocrx_word' id='word_1_341' title='bbox 1549 4220 1642 4275; x_wconf 89' lang='lat' dir='ltr'>sed</span> <span class='ocrx_word' id='word_1_342' title='bbox 1675 4229 1857 4273; x_wconf 86' lang='lat' dir='ltr'>contra</span> <span class='ocrx_word' id='word_1_343' title='bbox 1890 4216 2081 4270; x_wconf 81' lang='lat' dir='ltr'>exitia-</span> 
     </span>
    </p>
   </div>
   <div class='ocr_carea' id='block_1_45' title="bbox 504 4305 2081 4394">
    <p class='ocr_par' dir='ltr' id='par_1_45' title="bbox 504 4305 2081 4394">
     <span class='ocr_line' id='line_1_45' title="bbox 504 4305 2081 4394; baseline -0.016 -13"><span class='ocrx_word' id='word_1_344' title='bbox 504 4330 643 4389; x_wconf 82' lang='lat' dir='ltr'>bilis,</span> <span class='ocrx_word' id='word_1_345' title='bbox 673 4305 731 4379; x_wconf 88' lang='lat' dir='ltr'>ut</span> <span class='ocrx_word' id='word_1_346' title='bbox 759 4340 851 4394; x_wconf 85' lang='lat' dir='ltr'>per</span> <span class='ocrx_word' id='word_1_347' title='bbox 894 4331 1081 4377; x_wconf 87' lang='lat' dir='ltr'>cuncta</span> <span class='ocrx_word' id='word_1_348' title='bbox 1134 4318 1373 4373; x_wconf 86' lang='lat' dir='ltr'>membra</span> <span class='ocrx_word' id='word_1_349' title='bbox 1419 4313 1680 4385; x_wconf 86' lang='lat' dir='ltr'>pestilens</span> <span class='ocrx_word' id='word_1_350' title='bbox 1714 4311 1975 4376; x_wconf 71' lang='lat' dir='ltr'>irreperet</span> <span class='ocrx_word' id='word_1_351' title='bbox 2000 4305 2081 4356; x_wconf 88' lang='lat' dir='ltr'>vi-</span> 
     </span>
    </p>
   </div>
   <div class='ocr_carea' id='block_1_46' title="bbox 504 4396 2087 4480">
    <p class='ocr_par' dir='ltr' id='par_1_46' title="bbox 504 4396 2087 4480">
     <span class='ocr_line' id='line_1_46' title="bbox 504 4396 2087 4480; baseline -0.016 -7"><span class='ocrx_word' id='word_1_352' title='bbox 504 4436 614 4474; x_wconf 87' lang='lat' dir='ltr'>rus.</span> <span class='ocrx_word' id='word_1_353' title='bbox 664 4418 751 4473; x_wconf 88' lang='lat' dir='ltr'>Sic</span> <span class='ocrx_word' id='word_1_354' title='bbox 795 4414 1133 4471; x_wconf 83' lang='lat' dir='ltr'>traditionem</span> <span class='ocrx_word' id='word_1_355' title='bbox 1185 4408 1512 4480; x_wconf 85' lang='lat' dir='ltr'>probabilius</span> <span class='ocrx_word' id='word_1_356' title='bbox 1561 4417 1659 4458; x_wconf 90' lang='lat' dir='ltr'>nos</span> <span class='ocrx_word' id='word_1_357' title='bbox 1700 4400 1851 4454; x_wconf 83' lang='lat' dir='ltr'>vobis</span> <span class='ocrx_word' id='word_1_358' title='bbox 1903 4396 2087 4465; x_wconf 87' lang='lat' dir='ltr'>objici-</span> 
     </span>
    </p>
   </div>
   <div class='ocr_carea' id='block_1_47' title="bbox 504 4485 2089 4578">
    <p class='ocr_par' dir='ltr' id='par_1_47' title="bbox 504 4485 2089 4578">
     <span class='ocr_line' id='line_1_47' title="bbox 504 4485 2089 4578; baseline -0.018 -13"><span class='ocrx_word' id='word_1_359' title='bbox 504 4525 654 4577; x_wconf 84' lang='lat' dir='ltr'>mus,</span> <span class='ocrx_word' id='word_1_360' title='bbox 692 4506 932 4578; x_wconf 83' lang='lat' dir='ltr'>quamvis</span> <span class='ocrx_word' id='word_1_361' title='bbox 957 4519 1074 4560; x_wconf 88' lang='lat' dir='ltr'>eam</span> <span class='ocrx_word' id='word_1_362' title='bbox 1102 4517 1195 4558; x_wconf 84' lang='lat' dir='ltr'>vos</span> <span class='ocrx_word' id='word_1_363' title='bbox 1226 4500 1381 4556; x_wconf 88' lang='lat' dir='ltr'>nobis</span> <span class='ocrx_word' id='word_1_364' title='bbox 1428 4512 1532 4551; x_wconf 89' lang='lat' dir='ltr'>non</span> <span class='ocrx_word' id='word_1_365' title='bbox 1578 4489 1924 4563; x_wconf 85' lang='lat' dir='ltr'>probabiliter</span> <span class='ocrx_word' id='word_1_366' title='bbox 1953 4485 2089 4555; x_wconf 84' lang='lat' dir='ltr'>obji-</span> 
     </span>
    </p>
   </div>
   <div class='ocr_carea' id='block_1_48' title="bbox 502 4604 676 4659">
    <p class='ocr_par' dir='ltr' id='par_1_48' title="bbox 502 4604 676 4659">
     <span class='ocr_line' id='line_1_48' title="bbox 502 4604 676 4659; baseline -0.023 0"><span class='ocrx_word' id='word_1_367' title='bbox 502 4604 676 4659; x_wconf 86' lang='lat' dir='ltr'>ciatis.</span> 
     </span>
    </p>
   </div>
   <div class='ocr_carea' id='block_1_49' title="bbox 572 4668 2089 4752">
    <p class='ocr_par' dir='ltr' id='par_1_49' title="bbox 572 4668 2089 4752">
     <span class='ocr_line' id='line_1_49' title="bbox 572 4668 2089 4752; baseline -0.021 0"><span class='ocrx_word' id='word_1_368' title='bbox 572 4692 798 4752; x_wconf 68' lang='lat' dir='ltr'><strong>CAPUT</strong></span> <span class='ocrx_word' id='word_1_369' title='bbox 824 4690 953 4746; x_wconf 79' lang='lat' dir='ltr'>LVI.</span> <span class='ocrx_word' id='word_1_370' title='bbox 981 4719 1050 4729; x_wconf 92' lang='lat'>——</span> <span class='ocrx_word' id='word_1_371' title='bbox 1079 4687 1168 4743; x_wconf 77' lang='lat'>66.</span> <span class='ocrx_word' id='word_1_372' title='bbox 1197 4685 1311 4740; x_wconf 76' lang='lat' dir='ltr'>Jam</span> <span class='ocrx_word' id='word_1_373' title='bbox 1332 4680 1479 4741; x_wconf 88' lang='lat' dir='ltr'>illud,</span> <span class='ocrx_word' id='word_1_374' title='bbox 1502 4675 1640 4747; x_wconf 89' lang='lat' dir='ltr'>quod</span> <span class='ocrx_word' id='word_1_375' title='bbox 1667 4674 1940 4729; x_wconf 86' lang='lat' dir='ltr'>Silvanum</span> <span class='ocrx_word' id='word_1_376' title='bbox 1971 4668 2089 4723; x_wconf 89' lang='lat' dir='ltr'>Cir-</span> 
     </span>
    </p>
   </div>
   <div class='ocr_carea' id='block_1_50' title="bbox 506 4761 2084 4853">
    <p class='ocr_par' dir='ltr' id='par_1_50' title="bbox 506 4761 2084 4853">
     <span class='ocr_line' id='line_1_50' title="bbox 506 4761 2084 4853; baseline -0.022 -10"><span class='ocrx_word' id='word_1_377' title='bbox 506 4799 711 4843; x_wconf 70' lang='lat' dir='ltr'>tensem</span> <span class='ocrx_word' id='word_1_378' title='bbox 751 4784 1061 4853; x_wconf 81' lang='lat' dir='ltr'>episcopum</span> <span class='ocrx_word' id='word_1_379' title='bbox 1106 4785 1340 4831; x_wconf 87' lang='lat' dir='ltr'>vestrum</span> <span class='ocrx_word' id='word_1_380' title='bbox 1373 4770 1479 4825; x_wconf 77' lang='lat' dir='ltr'>dixi</span> <span class='ocrx_word' id='word_1_381' title='bbox 1533 4766 1694 4820; x_wconf 87' lang='lat' dir='ltr'>fuisse</span> <span class='ocrx_word' id='word_1_382' title='bbox 1741 4761 2084 4822; x_wconf 88' lang='lat' dir='ltr'>traditorem,</span> 
     </span>
    </p>
   </div>
   <div class='ocr_carea' id='block_1_51' title="bbox 504 4853 2087 4947">
    <p class='ocr_par' dir='ltr' id='par_1_51' title="bbox 504 4853 2087 4947">
     <span class='ocr_line' id='line_1_51' title="bbox 504 4853 2087 4947; baseline -0.019 -14"><span class='ocrx_word' id='word_1_383' title='bbox 504 4876 839 4947; x_wconf 86' lang='lat' dir='ltr'>municipalia</span> <span class='ocrx_word' id='word_1_384' title='bbox 881 4882 1029 4943; x_wconf 79' lang='lat' dir='ltr'>gesta</span> <span class='ocrx_word' id='word_1_385' title='bbox 1072 4874 1352 4929; x_wconf 75' lang='lat' dir='ltr'>tesmntur,</span> <span class='ocrx_word' id='word_1_386' title='bbox 1395 4860 1588 4915; x_wconf 75' lang='lat' dir='ltr'>ibidem</span> <span class='ocrx_word' id='word_1_387' title='bbox 1640 4855 1778 4925; x_wconf 88' lang='lat' dir='ltr'>apud</span> <span class='ocrx_word' id='word_1_388' title='bbox 1820 4853 2018 4908; x_wconf 82' lang='lat' dir='ltr'>Cirtam</span> <span class='ocrx_word' id='word_1_389' title='bbox 2060 4865 2087 4903; x_wconf 93' lang='lat' dir='ltr'>a</span> 
     </span>
    </p>
   </div>
   <div class='ocr_carea' id='block_1_52' title="bbox 502 4942 2088 5033">
    <p class='ocr_par' dir='ltr' id='par_1_52' title="bbox 502 4942 2088 5033">
     <span class='ocr_line' id='line_1_52' title="bbox 502 4942 2088 5033; baseline -0.02 -7"><span class='ocrx_word' id='word_1_390' title='bbox 502 4980 751 5025; x_wconf 83' lang='lat' dir='ltr'>curatore</span> <span class='ocrx_word' id='word_1_391' title='bbox 809 4962 1116 5033; x_wconf 78' lang='lat' dir='ltr'>reipublica:</span> <span class='ocrx_word' id='word_1_392' title='bbox 1164 4955 1396 5012; x_wconf 85' lang='lat' dir='ltr'>Munatio</span> <span class='ocrx_word' id='word_1_393' title='bbox 1438 4951 1612 5004; x_wconf 68' lang='lat' dir='ltr'>Felice</span> <span class='ocrx_word' id='word_1_394' title='bbox 1655 4948 1913 5003; x_wconf 86' lang='lat' dir='ltr'>conlecta.</span> <span class='ocrx_word' id='word_1_395' title='bbox 1958 4942 2088 4997; x_wconf 82' lang='lat' dir='ltr'>Nam</span> 
     </span>
    </p>
   </div>
   <div class='ocr_carea' id='block_1_53' title="bbox 503 5041 2091 5126">
    <p class='ocr_par' dir='ltr' id='par_1_53' title="bbox 503 5041 2091 5126">
     <span class='ocr_line' id='line_1_53' title="bbox 503 5041 2091 5126; baseline -0.021 -8"><span class='ocrx_word' id='word_1_396' title='bbox 503 5064 639 5118; x_wconf 78' lang='lat' dir='ltr'>sicut</span> <span class='ocrx_word' id='word_1_397' title='bbox 672 5060 738 5114; x_wconf 92' lang='lat' dir='ltr'>ibi</span> <span class='ocrx_word' id='word_1_398' title='bbox 769 5057 1023 5126; x_wconf 84' lang='lat' dir='ltr'>scriptum</span> <span class='ocrx_word' id='word_1_399' title='bbox 1066 5052 1309 5120; x_wconf 75' lang='lat' dir='ltr'>legimus,</span> <span class='ocrx_word' id='word_1_400' title='bbox 1342 5045 1677 5111; x_wconf 83' lang='lat' dir='ltr'>Posteaquam</span> <span class='ocrx_word' id='word_1_401' title='bbox 1705 5045 1990 5109; x_wconf 82' lang='lat' dir='ltr'>perventum</span> <span class='ocrx_word' id='word_1_402' title='bbox 2020 5041 2091 5086; x_wconf 87' lang='lat' dir='ltr'>est</span> 
     </span>
    </p>
   </div>
   <div class='ocr_carea' id='block_1_54' title="bbox 504 5124 2093 5208">
    <p class='ocr_par' dir='ltr' id='par_1_54' title="bbox 504 5124 2093 5208">
     <span class='ocr_line' id='line_1_54' title="bbox 504 5124 2093 5208; baseline -0.02 1"><span class='ocrx_word' id='word_1_403' title='bbox 504 5155 572 5208; x_wconf 72' lang='lat' dir='ltr'>ad</span> <span class='ocrx_word' id='word_1_404' title='bbox 599 5124 943 5207; x_wconf 64' lang='lat' dir='ltr'>bibliothecam</span> <span class='ocrx_word' id='word_1_405' title='bbox 968 5147 1008 5208; x_wconf 73' lang='grc' dir='ltr'>ι,</span> <span class='ocrx_word' id='word_1_406' title='bbox 1037 5145 1234 5197; x_wconf 77' lang='lat' dir='ltr'>inventa</span> <span class='ocrx_word' id='word_1_407' title='bbox 1276 5150 1393 5193; x_wconf 79' lang='lat' dir='ltr'>sunt</span> <span class='ocrx_word' id='word_1_408' title='bbox 1434 5136 1499 5190; x_wconf 84' lang='lat' dir='ltr'>ibi</span> <span class='ocrx_word' id='word_1_409' title='bbox 1530 5132 1750 5186; x_wconf 87' lang='lat' dir='ltr'>armaria</span> <span class='ocrx_word' id='word_1_410' title='bbox 1775 5128 1944 5182; x_wconf 86' lang='lat' dir='ltr'>inania</span> <span class='ocrx_word' id='word_1_411' title='bbox 1979 5141 1995 5179; x_wconf 90' lang='lat'>.-</span> <span class='ocrx_word' id='word_1_412' title='bbox 2026 5124 2093 5178; x_wconf 80' lang='lat' dir='ltr'>ibi</span> 
     </span>
    </p>
   </div>
   <div class='ocr_carea' id='block_1_55' title="bbox 508 5217 2092 5317">
    <p class='ocr_par' dir='ltr' id='par_1_55' title="bbox 508 5217 2092 5317">
     <span class='ocr_line' id='line_1_55' title="bbox 508 5217 2092 5317; baseline -0.021 -18"><span class='ocrx_word' id='word_1_413' title='bbox 508 5242 713 5317; x_wconf 85' lang='lat' dir='ltr'>protulit</span> <span class='ocrx_word' id='word_1_414' title='bbox 743 5217 990 5295; x_wconf 64' lang='lat' dir='ltr'>Siluanus</span> <span class='ocrx_word' id='word_1_415' title='bbox 1018 5232 1349 5303; x_wconf 85' lang='lat' dir='ltr'>capitulatam</span> <span class='ocrx_word' id='word_1_416' title='bbox 1378 5230 1396 5259; x_wconf 81' lang='grc'>¹</span> <span class='ocrx_word' id='word_1_417' title='bbox 1424 5233 1710 5295; x_wconf 84' lang='lat' dir='ltr'>argenteam</span> <span class='ocrx_word' id='word_1_418' title='bbox 1739 5229 1784 5272; x_wconf 83' lang='lat' dir='ltr'>et</span> <span class='ocrx_word' id='word_1_419' title='bbox 1838 5219 2092 5271; x_wconf 83' lang='lat' dir='ltr'>lucernam</span> 
     </span>
    </p>
   </div>
   <div class='ocr_carea' id='block_1_56' title="bbox 509 5310 2091 5407">
    <p class='ocr_par' dir='ltr' id='par_1_56' title="bbox 509 5310 2091 5407">
     <span class='ocr_line' id='line_1_56' title="bbox 509 5310 2091 5407; baseline -0.02 -17"><span class='ocrx_word' id='word_1_420' title='bbox 509 5346 795 5407; x_wconf 76' lang='lat' dir='ltr'>argenteam</span> <span class='ocrx_word' id='word_1_421' title='bbox 821 5371 836 5397; x_wconf 92' lang='lat'>,</span> <span class='ocrx_word' id='word_1_422' title='bbox 867 5328 1001 5397; x_wconf 83' lang='lat' dir='ltr'>quod</span> <span class='ocrx_word' id='word_1_423' title='bbox 1041 5327 1226 5380; x_wconf 79' lang='lat' dir='ltr'>diceret</span> <span class='ocrx_word' id='word_1_424' title='bbox 1277 5339 1329 5374; x_wconf 83' lang='lat' dir='ltr'>se</span> <span class='ocrx_word' id='word_1_425' title='bbox 1354 5330 1463 5391; x_wconf 85' lang='lat' dir='ltr'>post</span> <span class='ocrx_word' id='word_1_426' title='bbox 1492 5332 1659 5372; x_wconf 67' lang='lat' dir='ltr'>aream</span> <span class='ocrx_word' id='word_1_427' title='bbox 1701 5331 1784 5367; x_wconf 86' lang='lat' dir='ltr'>eas</span> <span class='ocrx_word' id='word_1_428' title='bbox 1829 5310 2091 5363; x_wconf 81' lang='lat' dir='ltr'>invenisse.</span> 
     </span>
    </p>
   </div>
   <div class='ocr_carea' id='block_1_57' title="bbox 507 5404 2095 5488">
    <p class='ocr_par' dir='ltr' id='par_1_57' title="bbox 507 5404 2095 5488">
     <span class='ocr_line' id='line_1_57' title="bbox 507 5404 2095 5488; baseline -0.019 -6"><span class='ocrx_word' id='word_1_429' title='bbox 507 5404 601 5481; x_wconf 66' lang='lat' dir='ltr'>(liii</span> <span class='ocrx_word' id='word_1_430' title='bbox 641 5424 808 5479; x_wconf 82' lang='lat' dir='ltr'>Victor</span> <span class='ocrx_word' id='word_1_431' title='bbox 839 5419 1029 5488; x_wconf 78' lang='lat' dir='ltr'>Auﬁdii</span> <span class='ocrx_word' id='word_1_432' title='bbox 1082 5416 1209 5470; x_wconf 74' lang='lat' dir='ltr'>dixit</span> <span class='ocrx_word' id='word_1_433' title='bbox 1245 5431 1262 5468; x_wconf 88' lang='lat'><strong><em>:</em></strong></span> <span class='ocrx_word' id='word_1_434' title='bbox 1297 5411 1531 5466; x_wconf 83' lang='lat' dir='ltr'>Mortuus</span> <span class='ocrx_word' id='word_1_435' title='bbox 1580 5412 1772 5477; x_wconf 78' lang='lat' dir='ltr'>fueras,</span> <span class='ocrx_word' id='word_1_436' title='bbox 1798 5404 1841 5454; x_wconf 78' lang='lat' dir='ltr'>si</span> <span class='ocrx_word' id='word_1_437' title='bbox 1869 5418 1965 5454; x_wconf 90' lang='lat' dir='ltr'>non</span> <span class='ocrx_word' id='word_1_438' title='bbox 2011 5416 2095 5453; x_wconf 85' lang='lat' dir='ltr'>eas</span> 
     </span>
    </p>
   </div>
   <div class='ocr_carea' id='block_1_58' title="bbox 507 5491 2097 5572">
    <p class='ocr_par' dir='ltr' id='par_1_58' title="bbox 507 5491 2097 5572">
     <span class='ocr_line' id='line_1_58' title="bbox 507 5491 2097 5572; baseline -0.018 -1"><span class='ocrx_word' id='word_1_439' title='bbox 507 5517 781 5572; x_wconf 71' lang='lat' dir='ltr'>invenisses</span> <span class='ocrx_word' id='word_1_440' title='bbox 835 5510 982 5569; x_wconf 71' lang='lat' dir='ltr'>Felix</span> <span class='ocrx_word' id='word_1_441' title='bbox 1007 5518 1171 5563; x_wconf 80' lang='lat' dir='ltr'>autem</span> <span class='ocrx_word' id='word_1_442' title='bbox 1190 5515 1392 5561; x_wconf 84' lang='lat' dir='ltr'>curator</span> <span class='ocrx_word' id='word_1_443' title='bbox 1418 5517 1529 5555; x_wconf 82' lang='lat' dir='ltr'>cum</span> <span class='ocrx_word' id='word_1_444' title='bbox 1558 5500 1601 5552; x_wconf 80' lang='lat' dir='ltr'>ci</span> <span class='ocrx_word' id='word_1_445' title='bbox 1632 5498 1858 5556; x_wconf 73' lang='lat' dir='ltr'>d&#39;xisset,</span> <span class='ocrx_word' id='word_1_446' title='bbox 1889 5491 2097 5563; x_wconf 75' lang='lat' dir='ltr'>lnquirr</span> 
     </span>
    </p>
   </div>
   <div class='ocr_carea' id='block_1_59' title="bbox 578 5672 1166 5732">
    <p class='ocr_par' dir='ltr' id='par_1_59' title="bbox 578 5672 1166 5732">
     <span class='ocr_line' id='line_1_59' title="bbox 578 5672 1166 5732; baseline -0.017 -10"><span class='ocrx_word' id='word_1_447' title='bbox 578 5678 591 5704; x_wconf 86' lang='grc'>¹</span> <span class='ocrx_word' id='word_1_448' title='bbox 619 5676 666 5722; x_wconf 82' lang='lat' dir='ltr'>ia</span> <span class='ocrx_word' id='word_1_449' title='bbox 691 5679 816 5731; x_wconf 67' lang='lat' dir='ltr'>Mss,</span> <span class='ocrx_word' id='word_1_450' title='bbox 834 5675 1049 5732; x_wconf 86' lang='lat' dir='ltr'>apertum</span> <span class='ocrx_word' id='word_1_451' title='bbox 1082 5679 1107 5715; x_wconf 84' lang='lat' dir='ltr'>c</span> <span class='ocrx_word' id='word_1_452' title='bbox 1134 5672 1166 5713; x_wconf 91' lang='lat' dir='ltr'>t.</span> 
     </span>
    </p>
   </div>
   <div class='ocr_carea' id='block_1_60' title="bbox 577 5712 1885 5790">
    <p class='ocr_par' dir='ltr' id='par_1_60' title="bbox 577 5712 1885 5790">
     <span class='ocr_line' id='line_1_60' title="bbox 577 5712 1885 5790; baseline -0.016 -8"><span class='ocrx_word' id='word_1_453' title='bbox 577 5734 597 5762; x_wconf 82' lang='grc'>¹</span> <span class='ocrx_word' id='word_1_454' title='bbox 621 5712 1047 5790; x_wconf 51' lang='grc' dir='ltr'>ἓλιόἶῖὲἶιξιξῆιῖὧιξ</span> <span class='ocrx_word' id='word_1_455' title='bbox 1065 5712 1213 5773; x_wconf 53' lang='lat' dir='ltr'>Sostri</span> <span class='ocrx_word' id='word_1_456' title='bbox 1238 5734 1407 5769; x_wconf 82' lang='lat' dir='ltr'>omnes</span> <span class='ocrx_word' id='word_1_457' title='bbox 1428 5727 1549 5773; x_wconf 73' lang='lat' dir='ltr'>viss,</span> <span class='ocrx_word' id='word_1_458' title='bbox 1580 5712 1885 5774; x_wconf 66' lang='lat' dir='ltr'>tamtulatam</span> 
     </span>
    </p>
   </div>
   <div class='ocr_carea' id='block_1_61' title="bbox 1221 276 3741 363">
    <p class='ocr_par' dir='ltr' id='par_1_61' title="bbox 1221 276 3741 363">
     <span class='ocr_line' id='line_1_61' title="bbox 1221 276 3741 363; baseline -0.018 1"><span class='ocrx_word' id='word_1_459' title='bbox 1221 305 1489 363; x_wconf 70' lang='lat' dir='ltr'>coxrm</span> <span class='ocrx_word' id='word_1_460' title='bbox 1532 290 1961 357; x_wconf 68' lang='lat' dir='ltr'>CRESCONIUM</span> <span class='ocrx_word' id='word_1_461' title='bbox 2006 287 2457 349; x_wconf 66' lang='lat' dir='ltr'>DONthSTMl,</span> <span class='ocrx_word' id='word_1_462' title='bbox 2499 288 2552 341; x_wconf 89' lang='lat' dir='ltr'>s.</span> <span class='ocrx_word' id='word_1_463' title='bbox 2599 286 2955 343; x_wconf 61' lang='lat' dir='ltr'>aeneam</span> <span class='ocrx_word' id='word_1_464' title='bbox 3635 276 3741 331; x_wconf 51' lang='grc' dir='ltr'>κει</span> 
     </span>
    </p>
   </div>
   <div class='ocr_carea' id='block_1_62' title="bbox 2148 395 3742 476">
    <p class='ocr_par' dir='ltr' id='par_1_62' title="bbox 2148 395 3742 476">
     <span class='ocr_line' id='line_1_62' title="bbox 2148 395 3742 476; baseline -0.008 -19"><span class='ocrx_word' id='word_1_465' title='bbox 2148 407 2454 474; x_wconf 81' lang='lat' dir='ltr'>diligentius,</span> <span class='ocrx_word' id='word_1_466' title='bbox 2485 424 2544 459; x_wconf 84' lang='lat' dir='ltr'>ne</span> <span class='ocrx_word' id='word_1_467' title='bbox 2567 406 2686 476; x_wconf 81' lang='lat' dir='ltr'>quid</span> <span class='ocrx_word' id='word_1_468' title='bbox 2718 406 2794 457; x_wconf 73' lang='lat' dir='ltr'>hic</span> <span class='ocrx_word' id='word_1_469' title='bbox 2826 402 3152 462; x_wconf 58' lang='lat' dir='ltr'>remanserit;</span> <span class='ocrx_word' id='word_1_470' title='bbox 3187 400 3423 453; x_wconf 83' lang='lat' dir='ltr'>Silvanus</span> <span class='ocrx_word' id='word_1_471' title='bbox 3455 396 3597 459; x_wconf 68' lang='lat' dir='ltr'>dixit,</span> <span class='ocrx_word' id='word_1_472' title='bbox 3642 395 3742 445; x_wconf 76' lang='lat' dir='ltr'>Ni-</span> 
     </span>
    </p>
   </div>
   <div class='ocr_carea' id='block_1_63' title="bbox 2148 490 3732 562">
    <p class='ocr_par' dir='ltr' id='par_1_63' title="bbox 2148 490 3732 562">
     <span class='ocr_line' id='line_1_63' title="bbox 2148 490 3732 562; baseline -0.008 -13"><span class='ocrx_word' id='word_1_473' title='bbox 2148 498 2218 550; x_wconf 82' lang='lat' dir='ltr'>hil</span> <span class='ocrx_word' id='word_1_474' title='bbox 2246 500 2323 549; x_wconf 81' lang='lat' dir='ltr'>In&#39;r</span> <span class='ocrx_word' id='word_1_475' title='bbox 2350 498 2605 557; x_wconf 78' lang='lat' dir='ltr'>remansit,</span> <span class='ocrx_word' id='word_1_476' title='bbox 2639 507 2797 548; x_wconf 83' lang='lat' dir='ltr'>totum</span> <span class='ocrx_word' id='word_1_477' title='bbox 2849 496 2940 546; x_wconf 82' lang='lat' dir='ltr'>hoc</span> <span class='ocrx_word' id='word_1_478' title='bbox 2980 494 3234 562; x_wconf 80' lang='lat' dir='ltr'>ejecimus.</span> <span class='ocrx_word' id='word_1_479' title='bbox 3262 490 3391 556; x_wconf 78' lang='lat' dir='ltr'>Quae</span> <span class='ocrx_word' id='word_1_480' title='bbox 3429 496 3574 557; x_wconf 83' lang='lat' dir='ltr'>gesta</span> <span class='ocrx_word' id='word_1_481' title='bbox 3605 503 3732 540; x_wconf 85' lang='lat' dir='ltr'>cum</span> 
     </span>
    </p>
   </div>
   <div class='ocr_carea' id='block_1_64' title="bbox 2148 580 3733 658">
    <p class='ocr_par' dir='ltr' id='par_1_64' title="bbox 2148 580 3733 658">
     <span class='ocr_line' id='line_1_64' title="bbox 2148 580 3733 658; baseline -0.005 -17"><span class='ocrx_word' id='word_1_482' title='bbox 2148 590 2285 657; x_wconf 83' lang='lat' dir='ltr'>apud</span> <span class='ocrx_word' id='word_1_483' title='bbox 2338 601 2449 642; x_wconf 74' lang='lat' dir='ltr'>acta</span> <span class='ocrx_word' id='word_1_484' title='bbox 2480 588 2753 658; x_wconf 68' lang='lat' dir='ltr'>chi-phili</span> <span class='ocrx_word' id='word_1_485' title='bbox 2794 584 3089 639; x_wconf 84' lang='lat' dir='ltr'>consularis</span> <span class='ocrx_word' id='word_1_486' title='bbox 3120 584 3474 637; x_wconf 85' lang='lat' dir='ltr'>recitarentur</span> <span class='ocrx_word' id='word_1_487' title='bbox 3498 623 3512 644; x_wconf 94' lang='lat'>,</span> <span class='ocrx_word' id='word_1_488' title='bbox 3546 580 3733 648; x_wconf 86' lang='lat' dir='ltr'>eisque</span> 
     </span>
    </p>
   </div>
   <div class='ocr_carea' id='block_1_65' title="bbox 2151 674 3734 743">
    <p class='ocr_par' dir='ltr' id='par_1_65' title="bbox 2151 674 3734 743">
     <span class='ocr_line' id='line_1_65' title="bbox 2151 674 3734 743; baseline -0.009 -9"><span class='ocrx_word' id='word_1_489' title='bbox 2151 682 2534 743; x_wconf 70' lang='lat' dir='ltr'>insererentur,</span> <span class='ocrx_word' id='word_1_490' title='bbox 2560 681 2696 733; x_wconf 86' lang='lat' dir='ltr'>inter</span> <span class='ocrx_word' id='word_1_491' title='bbox 2753 679 2851 731; x_wconf 86' lang='lat' dir='ltr'>alia</span> <span class='ocrx_word' id='word_1_492' title='bbox 2900 677 3114 730; x_wconf 82' lang='lat' dir='ltr'>testium</span> <span class='ocrx_word' id='word_1_493' title='bbox 3159 674 3321 727; x_wconf 87' lang='lat' dir='ltr'>multa</span> <span class='ocrx_word' id='word_1_494' title='bbox 3372 675 3687 726; x_wconf 77' lang='lat' dir='ltr'>documenta</span> <span class='ocrx_word' id='word_1_495' title='bbox 3720 711 3734 731; x_wconf 84' lang='lat'>,</span> 
     </span>
    </p>
   </div>
   <div class='ocr_carea' id='block_1_66' title="bbox 2150 760 3741 841">
    <p class='ocr_par' dir='ltr' id='par_1_66' title="bbox 2150 760 3741 841">
     <span class='ocr_line' id='line_1_66' title="bbox 2150 760 3741 841; baseline -0.008 -17"><span class='ocrx_word' id='word_1_496' title='bbox 2150 773 2391 841; x_wconf 72' lang='lat' dir='ltr'>qua-sivit</span> <span class='ocrx_word' id='word_1_497' title='bbox 2439 771 2742 825; x_wconf 86' lang='lat' dir='ltr'>Consularis</span> <span class='ocrx_word' id='word_1_498' title='bbox 2774 788 2786 821; x_wconf 87' lang='lat'><strong>:</strong></span> <span class='ocrx_word' id='word_1_499' title='bbox 2824 768 2957 833; x_wconf 84' lang='lat' dir='ltr'>Quid</span> <span class='ocrx_word' id='word_1_500' title='bbox 2997 765 3380 820; x_wconf 81' lang='lat' dir='ltr'>administrabat</span> <span class='ocrx_word' id='word_1_501' title='bbox 3410 775 3526 815; x_wconf 84' lang='lat' dir='ltr'>tunc</span> <span class='ocrx_word' id='word_1_502' title='bbox 3564 760 3741 815; x_wconf 76' lang='lat' dir='ltr'>Silva-</span> 
     </span>
    </p>
   </div>
   <div class='ocr_carea' id='block_1_67' title="bbox 2152 853 3736 928">
    <p class='ocr_par' dir='ltr' id='par_1_67' title="bbox 2152 853 3736 928">
     <span class='ocr_line' id='line_1_67' title="bbox 2152 853 3736 928; baseline -0.009 -13"><span class='ocrx_word' id='word_1_503' title='bbox 2152 881 2246 917; x_wconf 86' lang='lat' dir='ltr'>nus</span> <span class='ocrx_word' id='word_1_504' title='bbox 2294 865 2343 915; x_wconf 86' lang='lat' dir='ltr'>in</span> <span class='ocrx_word' id='word_1_505' title='bbox 2392 862 2668 914; x_wconf 73' lang='lat' dir='ltr'>(loricata?</span> <span class='ocrx_word' id='word_1_506' title='bbox 2704 859 2872 928; x_wconf 46' lang='lat' dir='ltr'>Victor</span> <span class='ocrx_word' id='word_1_507' title='bbox 2913 856 3217 923; x_wconf 77' lang='lat' dir='ltr'>respondit:</span> <span class='ocrx_word' id='word_1_508' title='bbox 3251 854 3359 909; x_wconf 87' lang='lat' dir='ltr'>Sub</span> <span class='ocrx_word' id='word_1_509' title='bbox 3407 853 3571 905; x_wconf 76' lang='lat' dir='ltr'>Paulo</span> <span class='ocrx_word' id='word_1_510' title='bbox 3620 853 3736 918; x_wconf 85' lang='lat' dir='ltr'>epi-</span> 
     </span>
    </p>
   </div>
   <div class='ocr_carea' id='block_1_68' title="bbox 2152 942 3737 1023">
    <p class='ocr_par' dir='ltr' id='par_1_68' title="bbox 2152 942 3737 1023">
     <span class='ocr_line' id='line_1_68' title="bbox 2152 942 3737 1023; baseline -0.01 -15"><span class='ocrx_word' id='word_1_511' title='bbox 2152 972 2303 1023; x_wconf 84' lang='lat' dir='ltr'>scopo</span> <span class='ocrx_word' id='word_1_512' title='bbox 2345 964 2452 1006; x_wconf 87' lang='lat' dir='ltr'>orta</span> <span class='ocrx_word' id='word_1_513' title='bbox 2504 953 2775 1023; x_wconf 84' lang='lat' dir='ltr'>persecutio</span> <span class='ocrx_word' id='word_1_514' title='bbox 2824 961 2933 1011; x_wconf 87' lang='lat' dir='ltr'>est,</span> <span class='ocrx_word' id='word_1_515' title='bbox 2968 948 3206 1003; x_wconf 84' lang='lat' dir='ltr'>Silvanus</span> <span class='ocrx_word' id='word_1_516' title='bbox 3248 945 3588 998; x_wconf 77' lang='lat' dir='ltr'>subdiaconus</span> <span class='ocrx_word' id='word_1_517' title='bbox 3618 942 3737 1012; x_wconf 78' lang='lat' dir='ltr'>fuit.</span> 
     </span>
    </p>
   </div>
   <div class='ocr_carea' id='block_1_69' title="bbox 2154 1032 3738 1112">
    <p class='ocr_par' dir='ltr' id='par_1_69' title="bbox 2154 1032 3738 1112">
     <span class='ocr_line' id='line_1_69' title="bbox 2154 1032 3738 1112; baseline -0.01 -12"><span class='ocrx_word' id='word_1_518' title='bbox 2154 1046 2286 1100; x_wconf 84' lang='lat' dir='ltr'>Iluic</span> <span class='ocrx_word' id='word_1_519' title='bbox 2330 1054 2383 1099; x_wconf 87' lang='lat' dir='ltr'>tu</span> <span class='ocrx_word' id='word_1_520' title='bbox 2434 1043 2761 1112; x_wconf 77' lang='lat' dir='ltr'>publirornm</span> <span class='ocrx_word' id='word_1_521' title='bbox 2807 1050 3077 1109; x_wconf 75' lang='lat' dir='ltr'>gestorum</span> <span class='ocrx_word' id='word_1_522' title='bbox 3124 1035 3521 1091; x_wconf 81' lang='lat' dir='ltr'>evidentissima</span> <span class='ocrx_word' id='word_1_523' title='bbox 3570 1032 3738 1087; x_wconf 87' lang='lat' dir='ltr'>docu-</span> 
     </span>
    </p>
   </div>
   <div class='ocr_carea' id='block_1_70' title="bbox 2156 1123 3734 1203">
    <p class='ocr_par' dir='ltr' id='par_1_70' title="bbox 2156 1123 3734 1203">
     <span class='ocr_line' id='line_1_70' title="bbox 2156 1123 3734 1203; baseline -0.01 -13"><span class='ocrx_word' id='word_1_524' title='bbox 2156 1147 2373 1201; x_wconf 83' lang='lat' dir='ltr'>mento,</span> <span class='ocrx_word' id='word_1_525' title='bbox 2409 1150 2511 1203; x_wconf 89' lang='lat' dir='ltr'>quo</span> <span class='ocrx_word' id='word_1_526' title='bbox 2556 1134 2730 1187; x_wconf 85' lang='lat' dir='ltr'>minus</span> <span class='ocrx_word' id='word_1_527' title='bbox 2773 1131 3040 1190; x_wconf 84' lang='lat' dir='ltr'>credatur,</span> <span class='ocrx_word' id='word_1_528' title='bbox 3088 1143 3340 1196; x_wconf 74' lang='lat' dir='ltr'>magnum</span> <span class='ocrx_word' id='word_1_529' title='bbox 3393 1125 3587 1193; x_wconf 64' lang='lat' dir='ltr'>aliquid</span> <span class='ocrx_word' id='word_1_530' title='bbox 3638 1123 3734 1176; x_wconf 88' lang='lat' dir='ltr'>tibi</span> 
     </span>
    </p>
   </div>
   <div class='ocr_carea' id='block_1_71' title="bbox 2155 1218 3738 1292">
    <p class='ocr_par' dir='ltr' id='par_1_71' title="bbox 2155 1218 3738 1292">
     <span class='ocr_line' id='line_1_71' title="bbox 2155 1218 3738 1292; baseline -0.008 -12"><span class='ocrx_word' id='word_1_531' title='bbox 2155 1227 2349 1283; x_wconf 89' lang='lat' dir='ltr'>videris</span> <span class='ocrx_word' id='word_1_532' title='bbox 2382 1240 2671 1292; x_wconf 87' lang='lat' dir='ltr'>opponere,</span> <span class='ocrx_word' id='word_1_533' title='bbox 2689 1223 2807 1291; x_wconf 88' lang='lat' dir='ltr'>quia</span> <span class='ocrx_word' id='word_1_534' title='bbox 2836 1218 3559 1275; x_wconf 80' lang='lat' dir='ltr'>commemorassententiam</span> <span class='ocrx_word' id='word_1_535' title='bbox 3577 1231 3738 1284; x_wconf 86' lang='lat' dir='ltr'>quam</span> 
     </span>
    </p>
   </div>
   <div class='ocr_carea' id='block_1_72' title="bbox 2158 1309 3737 1378">
    <p class='ocr_par' dir='ltr' id='par_1_72' title="bbox 2158 1309 3737 1378">
     <span class='ocr_line' id='line_1_72' title="bbox 2158 1309 3737 1378; baseline -0.008 -8"><span class='ocrx_word' id='word_1_536' title='bbox 2158 1317 2289 1370; x_wconf 75' lang='lat' dir='ltr'>dixit</span> <span class='ocrx_word' id='word_1_537' title='bbox 2335 1316 2388 1368; x_wconf 91' lang='lat' dir='ltr'>in</span> <span class='ocrx_word' id='word_1_538' title='bbox 2418 1314 2754 1369; x_wconf 66' lang='lat' dir='ltr'>Cincilianum</span> <span class='ocrx_word' id='word_1_539' title='bbox 2786 1312 2926 1365; x_wconf 88' lang='lat' dir='ltr'>velut</span> <span class='ocrx_word' id='word_1_540' title='bbox 2952 1311 3175 1378; x_wconf 86' lang='lat' dir='ltr'>puniens</span> <span class='ocrx_word' id='word_1_541' title='bbox 3207 1309 3525 1367; x_wconf 74' lang='lat' dir='ltr'>tralitores;</span> <span class='ocrx_word' id='word_1_542' title='bbox 3557 1320 3619 1358; x_wconf 87' lang='lat' dir='ltr'>ac</span> <span class='ocrx_word' id='word_1_543' title='bbox 3645 1320 3737 1359; x_wconf 85' lang='lat' dir='ltr'>ar-</span> 
     </span>
    </p>
   </div>
   <div class='ocr_carea' id='block_1_73' title="bbox 2163 1395 3739 1477">
    <p class='ocr_par' dir='ltr' id='par_1_73' title="bbox 2163 1395 3739 1477">
     <span class='ocr_line' id='line_1_73' title="bbox 2163 1395 3739 1477; baseline -0.009 -16"><span class='ocrx_word' id='word_1_544' title='bbox 2163 1408 2509 1477; x_wconf 77' lang='lat' dir='ltr'>gumentaris,</span> <span class='ocrx_word' id='word_1_545' title='bbox 2536 1404 2649 1459; x_wconf 86' lang='lat' dir='ltr'>tieri</span> <span class='ocrx_word' id='word_1_546' title='bbox 2680 1419 2780 1456; x_wconf 90' lang='lat' dir='ltr'>non</span> <span class='ocrx_word' id='word_1_547' title='bbox 2814 1402 3048 1471; x_wconf 71' lang='lat' dir='ltr'>potuisse</span> <span class='ocrx_word' id='word_1_548' title='bbox 3094 1410 3149 1453; x_wconf 87' lang='lat' dir='ltr'>ut</span> <span class='ocrx_word' id='word_1_549' title='bbox 3186 1399 3406 1453; x_wconf 85' lang='lat' dir='ltr'>traditor</span> <span class='ocrx_word' id='word_1_550' title='bbox 3430 1395 3619 1460; x_wconf 87' lang='lat' dir='ltr'>fuerit,</span> <span class='ocrx_word' id='word_1_551' title='bbox 3651 1397 3739 1464; x_wconf 87' lang='lat' dir='ltr'>qui</span> 
     </span>
    </p>
   </div>
   <div class='ocr_carea' id='block_1_74' title="bbox 2161 1485 3739 1557">
    <p class='ocr_par' dir='ltr' id='par_1_74' title="bbox 2161 1485 3739 1557">
     <span class='ocr_line' id='line_1_74' title="bbox 2161 1485 3739 1557; baseline -0.008 -5"><span class='ocrx_word' id='word_1_552' title='bbox 2161 1498 2457 1552; x_wconf 83' lang='lat' dir='ltr'>traditionis</span> <span class='ocrx_word' id='word_1_553' title='bbox 2489 1506 2593 1548; x_wconf 87' lang='lat' dir='ltr'>tam</span> <span class='ocrx_word' id='word_1_554' title='bbox 2622 1508 2842 1549; x_wconf 88' lang='lat' dir='ltr'>severus</span> <span class='ocrx_word' id='word_1_555' title='bbox 2873 1493 3012 1544; x_wconf 91' lang='lat' dir='ltr'>ultor</span> <span class='ocrx_word' id='word_1_556' title='bbox 3041 1490 3333 1544; x_wconf 75' lang='lat' dir='ltr'>exstiterit:</span> <span class='ocrx_word' id='word_1_557' title='bbox 3361 1486 3510 1557; x_wconf 88' lang='lat' dir='ltr'>quasi</span> <span class='ocrx_word' id='word_1_558' title='bbox 3543 1485 3739 1555; x_wconf 83' lang='lat' dir='ltr'>aliquid</span> 
     </span>
    </p>
   </div>
   <div class='ocr_carea' id='block_1_75' title="bbox 2160 1578 3739 1651">
    <p class='ocr_par' dir='ltr' id='par_1_75' title="bbox 2160 1578 3739 1651">
     <span class='ocr_line' id='line_1_75' title="bbox 2160 1578 3739 1651; baseline -0.008 -9"><span class='ocrx_word' id='word_1_559' title='bbox 2160 1590 2397 1643; x_wconf 88' lang='lat' dir='ltr'>severius</span> <span class='ocrx_word' id='word_1_560' title='bbox 2460 1586 2700 1641; x_wconf 86' lang='lat' dir='ltr'>videatur</span> <span class='ocrx_word' id='word_1_561' title='bbox 2752 1586 2765 1615; x_wconf 84' lang='grc'>¹</span> <span class='ocrx_word' id='word_1_562' title='bbox 2814 1585 2919 1638; x_wconf 89' lang='lat' dir='ltr'>illis</span> <span class='ocrx_word' id='word_1_563' title='bbox 2990 1581 3332 1651; x_wconf 76' lang='lat' dir='ltr'>aequissimis</span> <span class='ocrx_word' id='word_1_564' title='bbox 3403 1578 3739 1644; x_wconf 88' lang='lat' dir='ltr'>senioribus,</span> 
     </span>
    </p>
   </div>
   <div class='ocr_carea' id='block_1_76' title="bbox 2161 1673 3742 1751">
    <p class='ocr_par' dir='ltr' id='par_1_76' title="bbox 2161 1673 3742 1751">
     <span class='ocr_line' id='line_1_76' title="bbox 2161 1673 3742 1751; baseline -0.007 -16"><span class='ocrx_word' id='word_1_565' title='bbox 2161 1680 2371 1751; x_wconf 86' lang='lat' dir='ltr'>quando</span> <span class='ocrx_word' id='word_1_566' title='bbox 2399 1680 2451 1732; x_wconf 93' lang='lat' dir='ltr'>iu</span> <span class='ocrx_word' id='word_1_567' title='bbox 2484 1678 2828 1733; x_wconf 84' lang='lat' dir='ltr'>occidendam</span> <span class='ocrx_word' id='word_1_568' title='bbox 2867 1677 3161 1731; x_wconf 87' lang='lat' dir='ltr'>Susannam</span> <span class='ocrx_word' id='word_1_569' title='bbox 3186 1684 3327 1728; x_wconf 84' lang='lat' dir='ltr'>tanta</span> <span class='ocrx_word' id='word_1_570' title='bbox 3367 1673 3612 1727; x_wconf 82' lang='lat' dir='ltr'>instantia</span> <span class='ocrx_word' id='word_1_571' title='bbox 3638 1687 3742 1724; x_wconf 68' lang='lat' dir='ltr'>sae-</span> 
     </span>
    </p>
   </div>
   <div class='ocr_carea' id='block_1_77' title="bbox 2162 1762 3747 1833">
    <p class='ocr_par' dir='ltr' id='par_1_77' title="bbox 2162 1762 3747 1833">
     <span class='ocr_line' id='line_1_77' title="bbox 2162 1762 3747 1833; baseline -0.005 -10"><span class='ocrx_word' id='word_1_572' title='bbox 2162 1772 2404 1832; x_wconf 87' lang='lat' dir='ltr'>viebant,</span> <span class='ocrx_word' id='word_1_573' title='bbox 2432 1784 2551 1823; x_wconf 86' lang='lat' dir='ltr'>eum</span> <span class='ocrx_word' id='word_1_574' title='bbox 2586 1784 2768 1822; x_wconf 88' lang='lat' dir='ltr'>eorum</span> <span class='ocrx_word' id='word_1_575' title='bbox 2811 1766 3135 1821; x_wconf 86' lang='lat' dir='ltr'>conscientia</span> <span class='ocrx_word' id='word_1_576' title='bbox 3167 1767 3281 1833; x_wconf 88' lang='lat' dir='ltr'>ipso</span> <span class='ocrx_word' id='word_1_577' title='bbox 3308 1763 3505 1833; x_wconf 74' lang='lat' dir='ltr'>flagitio</span> <span class='ocrx_word' id='word_1_578' title='bbox 3538 1762 3747 1815; x_wconf 84' lang='lat' dir='ltr'>fodere-</span> 
     </span>
    </p>
   </div>
   <div class='ocr_carea' id='block_1_78' title="bbox 2166 1853 3742 1929">
    <p class='ocr_par' dir='ltr' id='par_1_78' title="bbox 2166 1853 3742 1929">
     <span class='ocr_line' id='line_1_78' title="bbox 2166 1853 3742 1929; baseline -0.006 -17"><span class='ocrx_word' id='word_1_579' title='bbox 2166 1869 2270 1925; x_wconf 90' lang='lat' dir='ltr'>tur,</span> <span class='ocrx_word' id='word_1_580' title='bbox 2297 1858 2435 1929; x_wconf 91' lang='lat' dir='ltr'>quod</span> <span class='ocrx_word' id='word_1_581' title='bbox 2467 1875 2523 1912; x_wconf 71' lang='lat' dir='ltr'>se</span> <span class='ocrx_word' id='word_1_582' title='bbox 2554 1859 2603 1912; x_wconf 92' lang='lat' dir='ltr'>in</span> <span class='ocrx_word' id='word_1_583' title='bbox 2630 1859 2714 1911; x_wconf 87' lang='lat' dir='ltr'>illa</span> <span class='ocrx_word' id='word_1_584' title='bbox 2750 1857 2937 1926; x_wconf 86' lang='lat' dir='ltr'>punire</span> <span class='ocrx_word' id='word_1_585' title='bbox 2960 1856 3093 1911; x_wconf 84' lang='lat' dir='ltr'>velle</span> <span class='ocrx_word' id='word_1_586' title='bbox 3123 1856 3388 1923; x_wconf 83' lang='lat' dir='ltr'>fingebant</span> <span class='ocrx_word' id='word_1_587' title='bbox 3418 1853 3576 1921; x_wconf 84' lang='lat' dir='ltr'>(Dan.</span> <span class='ocrx_word' id='word_1_588' title='bbox 3603 1855 3742 1919; x_wconf 72' lang='lat' dir='ltr'>XIII).</span> 
     </span>
    </p>
   </div>
   <div class='ocr_carea' id='block_1_79' title="bbox 2162 1944 3745 2016">
    <p class='ocr_par' dir='ltr' id='par_1_79' title="bbox 2162 1944 3745 2016">
     <span class='ocr_line' id='line_1_79' title="bbox 2162 1944 3745 2016; baseline -0.008 -10"><span class='ocrx_word' id='word_1_589' title='bbox 2162 1950 2266 2006; x_wconf 82' lang='lat' dir='ltr'>Sed</span> <span class='ocrx_word' id='word_1_590' title='bbox 2289 1950 2594 2004; x_wconf 89' lang='lat' dir='ltr'>omittamus</span> <span class='ocrx_word' id='word_1_591' title='bbox 2620 1949 2740 2003; x_wconf 86' lang='lat' dir='ltr'>talia</span> <span class='ocrx_word' id='word_1_592' title='bbox 2770 1966 2782 2000; x_wconf 88' lang='lat'>:</span> <span class='ocrx_word' id='word_1_593' title='bbox 2826 1948 2948 2016; x_wconf 90' lang='lat' dir='ltr'>quid</span> <span class='ocrx_word' id='word_1_594' title='bbox 2982 1945 3316 2001; x_wconf 78' lang='lat' dir='ltr'>Felicianus?</span> <span class='ocrx_word' id='word_1_595' title='bbox 3345 1944 3595 2011; x_wconf 89' lang='lat' dir='ltr'>numquid</span> <span class='ocrx_word' id='word_1_596' title='bbox 3642 1960 3745 1995; x_wconf 88' lang='lat' dir='ltr'>non</span> 
     </span>
    </p>
   </div>
   <div class='ocr_carea' id='block_1_80' title="bbox 2164 2034 3747 2106">
    <p class='ocr_par' dir='ltr' id='par_1_80' title="bbox 2164 2034 3747 2106">
     <span class='ocr_line' id='line_1_80' title="bbox 2164 2034 3747 2106; baseline -0.006 -11"><span class='ocrx_word' id='word_1_597' title='bbox 2164 2055 2283 2095; x_wconf 89' lang='lat' dir='ltr'>cum</span> <span class='ocrx_word' id='word_1_598' title='bbox 2310 2040 2573 2093; x_wconf 73' lang='lat' dir='ltr'>l‘rimiauo</span> <span class='ocrx_word' id='word_1_599' title='bbox 2598 2055 2737 2094; x_wconf 89' lang='lat' dir='ltr'>nunc</span> <span class='ocrx_word' id='word_1_600' title='bbox 2761 2036 3128 2106; x_wconf 86' lang='lat' dir='ltr'>damnatquod</span> <span class='ocrx_word' id='word_1_601' title='bbox 3148 2051 3270 2090; x_wconf 89' lang='lat' dir='ltr'>cum</span> <span class='ocrx_word' id='word_1_602' title='bbox 3292 2034 3608 2087; x_wconf 79' lang='lat' dir='ltr'>Maximiano</span> <span class='ocrx_word' id='word_1_603' title='bbox 3637 2035 3747 2099; x_wconf 87' lang='lat' dir='ltr'>ipse</span> 
     </span>
    </p>
   </div>
   <div class='ocr_carea' id='block_1_81' title="bbox 2164 2127 3747 2200">
    <p class='ocr_par' dir='ltr' id='par_1_81' title="bbox 2164 2127 3747 2200">
     <span class='ocr_line' id='line_1_81' title="bbox 2164 2127 3747 2200; baseline -0.007 -12"><span class='ocrx_word' id='word_1_604' title='bbox 2164 2134 2458 2195; x_wconf 88' lang='lat' dir='ltr'>commisit,</span> <span class='ocrx_word' id='word_1_605' title='bbox 2497 2132 2589 2186; x_wconf 84' lang='lat' dir='ltr'>sed</span> <span class='ocrx_word' id='word_1_606' title='bbox 2620 2133 2773 2200; x_wconf 85' lang='lat' dir='ltr'>plane</span> <span class='ocrx_word' id='word_1_607' title='bbox 2830 2131 3049 2184; x_wconf 88' lang='lat' dir='ltr'>meliore</span> <span class='ocrx_word' id='word_1_608' title='bbox 3108 2129 3368 2183; x_wconf 88' lang='lat' dir='ltr'>sententia</span> <span class='ocrx_word' id='word_1_609' title='bbox 3414 2127 3747 2187; x_wconf 72' lang='lat' dir='ltr'>correctior,</span> 
     </span>
    </p>
   </div>
   <div class='ocr_carea' id='block_1_82' title="bbox 2170 2218 3744 2292">
    <p class='ocr_par' dir='ltr' id='par_1_82' title="bbox 2170 2218 3744 2292">
     <span class='ocr_line' id='line_1_82' title="bbox 2170 2218 3744 2292; baseline -0.005 -15"><span class='ocrx_word' id='word_1_610' title='bbox 2170 2239 2272 2277; x_wconf 91' lang='lat' dir='ltr'>non</span> <span class='ocrx_word' id='word_1_611' title='bbox 2306 2224 2682 2292; x_wconf 86' lang='lat' dir='ltr'>impudentior?</span> <span class='ocrx_word' id='word_1_612' title='bbox 2713 2221 2863 2289; x_wconf 88' lang='lat' dir='ltr'>Quod</span> <span class='ocrx_word' id='word_1_613' title='bbox 2890 2221 3135 2276; x_wconf 83' lang='lat' dir='ltr'>Silvanus</span> <span class='ocrx_word' id='word_1_614' title='bbox 3162 2220 3204 2273; x_wconf 89' lang='lat' dir='ltr'>si</span> <span class='ocrx_word' id='word_1_615' title='bbox 3250 2218 3421 2273; x_wconf 83' lang='lat' dir='ltr'>facere</span> <span class='ocrx_word' id='word_1_616' title='bbox 3451 2218 3705 2271; x_wconf 86' lang='lat' dir='ltr'>voluisset</span> <span class='ocrx_word' id='word_1_617' title='bbox 3730 2257 3744 2279; x_wconf 95' lang='lat'>,</span> 
     </span>
    </p>
   </div>
   <div class='ocr_carea' id='block_1_83' title="bbox 2169 2310 3745 2377">
    <p class='ocr_par' dir='ltr' id='par_1_83' title="bbox 2169 2310 3745 2377">
     <span class='ocr_line' id='line_1_83' title="bbox 2169 2310 3745 2377; baseline -0.004 -9"><span class='ocrx_word' id='word_1_618' title='bbox 2169 2330 2272 2369; x_wconf 87' lang='lat' dir='ltr'>non</span> <span class='ocrx_word' id='word_1_619' title='bbox 2306 2316 2353 2368; x_wconf 92' lang='lat' dir='ltr'>in</span> <span class='ocrx_word' id='word_1_620' title='bbox 2403 2315 2687 2367; x_wconf 67' lang='lat' dir='ltr'>Czeciliano</span> <span class='ocrx_word' id='word_1_621' title='bbox 2732 2313 2949 2375; x_wconf 80' lang='lat' dir='ltr'>falsam,</span> <span class='ocrx_word' id='word_1_622' title='bbox 2979 2310 3069 2365; x_wconf 89' lang='lat' dir='ltr'>sed</span> <span class='ocrx_word' id='word_1_623' title='bbox 3102 2312 3151 2362; x_wconf 87' lang='lat' dir='ltr'>in</span> <span class='ocrx_word' id='word_1_624' title='bbox 3184 2324 3242 2363; x_wconf 89' lang='lat' dir='ltr'>se</span> <span class='ocrx_word' id='word_1_625' title='bbox 3280 2310 3395 2377; x_wconf 88' lang='lat' dir='ltr'>ipso</span> <span class='ocrx_word' id='word_1_626' title='bbox 3426 2324 3606 2361; x_wconf 86' lang='lat' dir='ltr'>veram</span> <span class='ocrx_word' id='word_1_627' title='bbox 3640 2319 3745 2361; x_wconf 86' lang='lat' dir='ltr'>tra-</span> 
     </span>
    </p>
   </div>
   <div class='ocr_carea' id='block_1_84' title="bbox 2168 2399 3750 2475">
    <p class='ocr_par' dir='ltr' id='par_1_84' title="bbox 2168 2399 3750 2475">
     <span class='ocr_line' id='line_1_84' title="bbox 2168 2399 3750 2475; baseline -0.008 -17"><span class='ocrx_word' id='word_1_628' title='bbox 2168 2405 2419 2475; x_wconf 81' lang='lat' dir='ltr'>ditionem</span> <span class='ocrx_word' id='word_1_629' title='bbox 2452 2405 2647 2458; x_wconf 86' lang='lat' dir='ltr'>salubri</span> <span class='ocrx_word' id='word_1_630' title='bbox 2692 2403 3064 2458; x_wconf 88' lang='lat' dir='ltr'>emendatione</span> <span class='ocrx_word' id='word_1_631' title='bbox 3086 2401 3429 2464; x_wconf 88' lang='lat' dir='ltr'>damnasset,</span> <span class='ocrx_word' id='word_1_632' title='bbox 3457 2410 3512 2453; x_wconf 90' lang='lat' dir='ltr'>et</span> <span class='ocrx_word' id='word_1_633' title='bbox 3544 2401 3606 2452; x_wconf 87' lang='lat' dir='ltr'>ad</span> <span class='ocrx_word' id='word_1_634' title='bbox 3634 2399 3750 2453; x_wconf 72' lang='lat' dir='ltr'>Cit-.-</span> 
     </span>
    </p>
   </div>
   <div class='ocr_carea' id='block_1_85' title="bbox 2169 2491 3751 2558">
    <p class='ocr_par' dir='ltr' id='par_1_85' title="bbox 2169 2491 3751 2558">
     <span class='ocr_line' id='line_1_85' title="bbox 2169 2491 3751 2558; baseline -0.006 -7"><span class='ocrx_word' id='word_1_635' title='bbox 2169 2496 2344 2551; x_wconf 88' lang='lat' dir='ltr'>ciliani</span> <span class='ocrx_word' id='word_1_636' title='bbox 2391 2496 2745 2549; x_wconf 86' lang='lat' dir='ltr'>innocentiam</span> <span class='ocrx_word' id='word_1_637' title='bbox 2770 2536 2782 2557; x_wconf 90' lang='lat'>,</span> <span class='ocrx_word' id='word_1_638' title='bbox 2812 2493 3018 2548; x_wconf 88' lang='lat' dir='ltr'>etiamsi</span> <span class='ocrx_word' id='word_1_639' title='bbox 3079 2508 3182 2544; x_wconf 92' lang='lat' dir='ltr'>non</span> <span class='ocrx_word' id='word_1_640' title='bbox 3228 2491 3513 2558; x_wconf 70' lang='lat' dir='ltr'>episcopus</span> <span class='ocrx_word' id='word_1_641' title='bbox 3534 2531 3548 2550; x_wconf 89' lang='lat'>,</span> <span class='ocrx_word' id='word_1_642' title='bbox 3575 2498 3751 2543; x_wconf 84' lang='lat' dir='ltr'>tamen</span> 
     </span>
    </p>
   </div>
   <div class='ocr_carea' id='block_1_86' title="bbox 2170 2578 3752 2655">
    <p class='ocr_par' dir='ltr' id='par_1_86' title="bbox 2170 2578 3752 2655">
     <span class='ocr_line' id='line_1_86' title="bbox 2170 2578 3752 2655; baseline -0.005 -16"><span class='ocrx_word' id='word_1_643' title='bbox 2170 2595 2405 2641; x_wconf 86' lang='lat' dir='ltr'>correcta</span> <span class='ocrx_word' id='word_1_644' title='bbox 2457 2586 2713 2655; x_wconf 86' lang='lat' dir='ltr'>pravitate</span> <span class='ocrx_word' id='word_1_645' title='bbox 2766 2584 3043 2637; x_wconf 87' lang='lat' dir='ltr'>transisset</span> <span class='ocrx_word' id='word_1_646' title='bbox 3072 2599 3084 2634; x_wconf 90' lang='lat'>:</span> <span class='ocrx_word' id='word_1_647' title='bbox 3111 2582 3247 2634; x_wconf 89' lang='lat' dir='ltr'>sicut</span> <span class='ocrx_word' id='word_1_648' title='bbox 3289 2579 3591 2645; x_wconf 79' lang='lat' dir='ltr'>Felicianus</span> <span class='ocrx_word' id='word_1_649' title='bbox 3618 2581 3638 2609; x_wconf 82' lang='grc'>²</span> <span class='ocrx_word' id='word_1_650' title='bbox 3686 2578 3752 2631; x_wconf 89' lang='lat' dir='ltr'>ad</span> 
     </span>
    </p>
   </div>
   <div class='ocr_carea' id='block_1_87' title="bbox 2175 2672 3755 2746">
    <p class='ocr_par' dir='ltr' id='par_1_87' title="bbox 2175 2672 3755 2746">
     <span class='ocr_line' id='line_1_87' title="bbox 2175 2672 3755 2746; baseline -0.003 -16"><span class='ocrx_word' id='word_1_651' title='bbox 2175 2678 2495 2731; x_wconf 85' lang='lat' dir='ltr'>Primianum</span> <span class='ocrx_word' id='word_1_652' title='bbox 2515 2719 2527 2738; x_wconf 92' lang='lat'>,</span> <span class='ocrx_word' id='word_1_653' title='bbox 2557 2692 2712 2746; x_wconf 88' lang='lat' dir='ltr'>quem</span> <span class='ocrx_word' id='word_1_654' title='bbox 2750 2677 2993 2729; x_wconf 85' lang='lat' dir='ltr'>similiter</span> <span class='ocrx_word' id='word_1_655' title='bbox 3022 2684 3077 2727; x_wconf 91' lang='lat' dir='ltr'>ut</span> <span class='ocrx_word' id='word_1_656' title='bbox 3114 2674 3199 2728; x_wconf 89' lang='lat' dir='ltr'>ille</span> <span class='ocrx_word' id='word_1_657' title='bbox 3229 2672 3569 2726; x_wconf 68' lang='lat' dir='ltr'>Caecilianum</span> <span class='ocrx_word' id='word_1_658' title='bbox 3601 2672 3755 2725; x_wconf 77' lang='lat' dir='ltr'>dam-</span> 
     </span>
    </p>
   </div>
   <div class='ocr_carea' id='block_1_88' title="bbox 2174 2764 3755 2836">
    <p class='ocr_par' dir='ltr' id='par_1_88' title="bbox 2174 2764 3755 2836">
     <span class='ocr_line' id='line_1_88' title="bbox 2174 2764 3755 2836; baseline -0.006 -12"><span class='ocrx_word' id='word_1_659' title='bbox 2174 2780 2391 2824; x_wconf 84' lang='lat' dir='ltr'>naverat</span> <span class='ocrx_word' id='word_1_660' title='bbox 2414 2770 2749 2824; x_wconf 85' lang='lat' dir='ltr'>innocentem</span> <span class='ocrx_word' id='word_1_661' title='bbox 2773 2811 2789 2833; x_wconf 87' lang='lat'>,</span> <span class='ocrx_word' id='word_1_662' title='bbox 2822 2767 2991 2836; x_wconf 84' lang='lat' dir='ltr'>putuit</span> <span class='ocrx_word' id='word_1_663' title='bbox 3021 2778 3193 2819; x_wconf 89' lang='lat' dir='ltr'>tamen</span> <span class='ocrx_word' id='word_1_664' title='bbox 3239 2768 3356 2818; x_wconf 86' lang='lat' dir='ltr'>sine</span> <span class='ocrx_word' id='word_1_665' title='bbox 3399 2764 3601 2823; x_wconf 86' lang='lat' dir='ltr'>macula</span> <span class='ocrx_word' id='word_1_666' title='bbox 3638 2765 3755 2816; x_wconf 83' lang='lat' dir='ltr'>l’ri-</span> 
     </span>
    </p>
   </div>
   <div class='ocr_carea' id='block_1_89' title="bbox 2177 2852 3754 2927">
    <p class='ocr_par' dir='ltr' id='par_1_89' title="bbox 2177 2852 3754 2927">
     <span class='ocr_line' id='line_1_89' title="bbox 2177 2852 3754 2927; baseline -0.006 -14"><span class='ocrx_word' id='word_1_667' title='bbox 2177 2860 2338 2913; x_wconf 88' lang='lat' dir='ltr'>miani</span> <span class='ocrx_word' id='word_1_668' title='bbox 2367 2861 2447 2912; x_wconf 88' lang='lat' dir='ltr'>vel</span> <span class='ocrx_word' id='word_1_669' title='bbox 2491 2876 2581 2912; x_wconf 89' lang='lat' dir='ltr'>sua</span> <span class='ocrx_word' id='word_1_670' title='bbox 2610 2874 2728 2912; x_wconf 90' lang='lat' dir='ltr'>eum</span> <span class='ocrx_word' id='word_1_671' title='bbox 2758 2857 3044 2927; x_wconf 86' lang='lat' dir='ltr'>cpisc0pali</span> <span class='ocrx_word' id='word_1_672' title='bbox 3088 2856 3246 2909; x_wconf 86' lang='lat' dir='ltr'>etiam</span> <span class='ocrx_word' id='word_1_673' title='bbox 3280 2854 3478 2907; x_wconf 79' lang='lat' dir='ltr'>honore</span> <span class='ocrx_word' id='word_1_674' title='bbox 3502 2852 3754 2905; x_wconf 86' lang='lat' dir='ltr'>transire.</span> 
     </span>
    </p>
   </div>
   <div class='ocr_carea' id='block_1_90' title="bbox 2245 2944 3755 3018">
    <p class='ocr_par' dir='ltr' id='par_1_90' title="bbox 2245 2944 3755 3018">
     <span class='ocr_line' id='line_1_90' title="bbox 2245 2944 3755 3018; baseline -0.006 -12"><span class='ocrx_word' id='word_1_675' title='bbox 2245 2952 2333 3007; x_wconf 80' lang='lat'>67.</span> <span class='ocrx_word' id='word_1_676' title='bbox 2366 2950 2473 3004; x_wconf 81' lang='lat' dir='ltr'>Nec</span> <span class='ocrx_word' id='word_1_677' title='bbox 2521 2950 2648 3003; x_wconf 88' lang='lat' dir='ltr'>illud</span> <span class='ocrx_word' id='word_1_678' title='bbox 2698 2948 2837 3018; x_wconf 88' lang='lat' dir='ltr'>quod</span> <span class='ocrx_word' id='word_1_679' title='bbox 2880 2948 3023 3011; x_wconf 77' lang='lat' dir='ltr'>dixi,</span> <span class='ocrx_word' id='word_1_680' title='bbox 3074 2946 3239 3000; x_wconf 80' lang='lat' dir='ltr'>nescio</span> <span class='ocrx_word' id='word_1_681' title='bbox 3281 2962 3402 3014; x_wconf 86' lang='lat' dir='ltr'>quos</span> <span class='ocrx_word' id='word_1_682' title='bbox 3450 2944 3755 3006; x_wconf 77' lang='lat' dir='ltr'>traditores.</span> 
     </span>
    </p>
   </div>
   <div class='ocr_carea' id='block_1_91' title="bbox 2175 3036 3760 3114">
    <p class='ocr_par' dir='ltr' id='par_1_91' title="bbox 2175 3036 3760 3114">
     <span class='ocr_line' id='line_1_91' title="bbox 2175 3036 3760 3114; baseline -0.006 -17"><span class='ocrx_word' id='word_1_683' title='bbox 2175 3061 2298 3114; x_wconf 83' lang='lat' dir='ltr'>quos</span> <span class='ocrx_word' id='word_1_684' title='bbox 2318 3044 2466 3096; x_wconf 81' lang='lat' dir='ltr'>vestri</span> <span class='ocrx_word' id='word_1_685' title='bbox 2494 3042 2712 3111; x_wconf 82' lang='lat' dir='ltr'>majores</span> <span class='ocrx_word' id='word_1_686' title='bbox 2754 3040 3029 3110; x_wconf 82' lang='lat' dir='ltr'>arguebant</span> <span class='ocrx_word' id='word_1_687' title='bbox 3054 3082 3069 3106; x_wconf 84' lang='lat'>,</span> <span class='ocrx_word' id='word_1_688' title='bbox 3104 3040 3145 3093; x_wconf 87' lang='lat' dir='ltr'>si</span> <span class='ocrx_word' id='word_1_689' title='bbox 3172 3039 3408 3092; x_wconf 76' lang='lat' dir='ltr'>veraciter</span> <span class='ocrx_word' id='word_1_690' title='bbox 3440 3036 3716 3104; x_wconf 79' lang='lat' dir='ltr'>arguebant</span> <span class='ocrx_word' id='word_1_691' title='bbox 3742 3076 3760 3099; x_wconf 92' lang='lat'>,</span> 
     </span>
    </p>
   </div>
   <div class='ocr_carea' id='block_1_92' title="bbox 2176 3126 3756 3198">
    <p class='ocr_par' dir='ltr' id='par_1_92' title="bbox 2176 3126 3756 3198">
     <span class='ocr_line' id='line_1_92' title="bbox 2176 3126 3756 3198; baseline -0.006 -11"><span class='ocrx_word' id='word_1_692' title='bbox 2176 3134 2402 3190; x_wconf 74' lang='lat' dir='ltr'>debuisse</span> <span class='ocrx_word' id='word_1_693' title='bbox 2426 3126 2736 3195; x_wconf 70' lang='lat' dir='ltr'>convincere;</span> <span class='ocrx_word' id='word_1_694' title='bbox 2761 3132 2837 3185; x_wconf 87' lang='lat' dir='ltr'>sic</span> <span class='ocrx_word' id='word_1_695' title='bbox 2867 3131 3170 3198; x_wconf 86' lang='lat' dir='ltr'>acceperis,</span> <span class='ocrx_word' id='word_1_696' title='bbox 3204 3139 3450 3197; x_wconf 83' lang='lat' dir='ltr'>tanquam</span> <span class='ocrx_word' id='word_1_697' title='bbox 3495 3128 3593 3190; x_wconf 83' lang='lat' dir='ltr'>hoc</span> <span class='ocrx_word' id='word_1_698' title='bbox 3616 3142 3756 3195; x_wconf 86' lang='lat' dir='ltr'>apuu</span> 
     </span>
    </p>
   </div>
   <div class='ocr_carea' id='block_1_93' title="bbox 2178 3218 3763 3295">
    <p class='ocr_par' dir='ltr' id='par_1_93' title="bbox 2178 3218 3763 3295">
     <span class='ocr_line' id='line_1_93' title="bbox 2178 3218 3763 3295; baseline -0.007 -14"><span class='ocrx_word' id='word_1_699' title='bbox 2178 3241 2237 3281; x_wconf 86' lang='lat' dir='ltr'>se</span> <span class='ocrx_word' id='word_1_700' title='bbox 2262 3226 2405 3295; x_wconf 88' lang='lat' dir='ltr'>ipsos</span> <span class='ocrx_word' id='word_1_701' title='bbox 2434 3225 2605 3279; x_wconf 84' lang='lat' dir='ltr'>facere</span> <span class='ocrx_word' id='word_1_702' title='bbox 2644 3223 2945 3278; x_wconf 88' lang='lat' dir='ltr'>debuerint.</span> <span class='ocrx_word' id='word_1_703' title='bbox 2979 3222 3066 3275; x_wconf 82' lang='lat' dir='ltr'>Sir.</span> <span class='ocrx_word' id='word_1_704' title='bbox 3092 3222 3231 3273; x_wconf 85' lang='lat' dir='ltr'>enim</span> <span class='ocrx_word' id='word_1_705' title='bbox 3282 3218 3594 3285; x_wconf 73' lang='lat' dir='ltr'>respondes,</span> <span class='ocrx_word' id='word_1_706' title='bbox 3624 3218 3763 3283; x_wconf 81' lang='lat' dir='ltr'>quod</span> 
     </span>
    </p>
   </div>
   <div class='ocr_carea' id='block_1_94' title="bbox 2180 3311 3767 3390">
    <p class='ocr_par' dir='ltr' id='par_1_94' title="bbox 2180 3311 3767 3390">
     <span class='ocr_line' id='line_1_94' title="bbox 2180 3311 3767 3390; baseline -0.007 -18"><span class='ocrx_word' id='word_1_707' title='bbox 2180 3319 2385 3390; x_wconf 78' lang='lat' dir='ltr'>fecerint</span> <span class='ocrx_word' id='word_1_708' title='bbox 2407 3359 2421 3381; x_wconf 98' lang='lat'>,</span> <span class='ocrx_word' id='word_1_709' title='bbox 2454 3328 2498 3370; x_wconf 90' lang='lat' dir='ltr'>et</span> <span class='ocrx_word' id='word_1_710' title='bbox 2527 3317 2639 3369; x_wconf 82' lang='lat' dir='ltr'>ideo</span> <span class='ocrx_word' id='word_1_711' title='bbox 2670 3326 2863 3368; x_wconf 85' lang='lat' dir='ltr'>nostros</span> <span class='ocrx_word' id='word_1_712' title='bbox 2892 3314 3167 3383; x_wconf 83' lang='lat' dir='ltr'>perdidisse</span> <span class='ocrx_word' id='word_1_713' title='bbox 3206 3311 3515 3380; x_wconf 80' lang='lat' dir='ltr'>Baptismum</span> <span class='ocrx_word' id='word_1_714' title='bbox 3548 3312 3767 3379; x_wconf 43' lang='lat' dir='ltr'>judico:</span> 
     </span>
    </p>
   </div>
   <div class='ocr_carea' id='block_1_95' title="bbox 2180 3396 3765 3479">
    <p class='ocr_par' dir='ltr' id='par_1_95' title="bbox 2180 3396 3765 3479">
     <span class='ocr_line' id='line_1_95' title="bbox 2180 3396 3765 3479; baseline -0.009 -12"><span class='ocrx_word' id='word_1_715' title='bbox 2180 3414 2357 3476; x_wconf 72' lang='lat' dir='ltr'>variat.</span> <span class='ocrx_word' id='word_1_716' title='bbox 2394 3411 2531 3479; x_wconf 82' lang='lat' dir='ltr'>Lege</span> <span class='ocrx_word' id='word_1_717' title='bbox 2557 3409 2703 3477; x_wconf 89' lang='lat' dir='ltr'>prius</span> <span class='ocrx_word' id='word_1_718' title='bbox 2742 3408 3021 3476; x_wconf 80' lang='lat' dir='ltr'>diligenter</span> <span class='ocrx_word' id='word_1_719' title='bbox 3049 3396 3230 3459; x_wconf 76' lang='lat' dir='ltr'>contra</span> <span class='ocrx_word' id='word_1_720' title='bbox 3277 3403 3413 3471; x_wconf 77' lang='lat' dir='ltr'>quod</span> <span class='ocrx_word' id='word_1_721' title='bbox 3462 3403 3682 3463; x_wconf 75' lang='lat' dir='ltr'>scribis;</span> <span class='ocrx_word' id='word_1_722' title='bbox 3710 3412 3765 3453; x_wconf 86' lang='lat' dir='ltr'>et</span> 
     </span>
    </p>
   </div>
   <div class='ocr_carea' id='block_1_96' title="bbox 2182 3491 3768 3569">
    <p class='ocr_par' dir='ltr' id='par_1_96' title="bbox 2182 3491 3768 3569">
     <span class='ocr_line' id='line_1_96' title="bbox 2182 3491 3768 3569; baseline -0.009 -13"><span class='ocrx_word' id='word_1_723' title='bbox 2182 3513 2274 3557; x_wconf 85' lang='lat' dir='ltr'>aut</span> <span class='ocrx_word' id='word_1_724' title='bbox 2313 3502 2542 3569; x_wconf 73' lang='lat' dir='ltr'>intelligo</span> <span class='ocrx_word' id='word_1_725' title='bbox 2578 3516 2693 3568; x_wconf 78' lang='lat' dir='ltr'>qua:</span> <span class='ocrx_word' id='word_1_726' title='bbox 2740 3498 3021 3557; x_wconf 88' lang='lat' dir='ltr'>dicuntur,</span> <span class='ocrx_word' id='word_1_727' title='bbox 3051 3506 3137 3547; x_wconf 84' lang='lat' dir='ltr'>aut</span> <span class='ocrx_word' id='word_1_728' title='bbox 3186 3494 3293 3547; x_wconf 91' lang='lat' dir='ltr'>noli</span> <span class='ocrx_word' id='word_1_729' title='bbox 3333 3491 3471 3561; x_wconf 85' lang='lat' dir='ltr'>quod</span> <span class='ocrx_word' id='word_1_730' title='bbox 3510 3492 3768 3559; x_wconf 83' lang='lat' dir='ltr'>inteiligis</span> 
     </span>
    </p>
   </div>
   <div class='ocr_carea' id='block_1_97' title="bbox 2183 3582 3765 3657">
    <p class='ocr_par' dir='ltr' id='par_1_97' title="bbox 2183 3582 3765 3657">
     <span class='ocr_line' id='line_1_97' title="bbox 2183 3582 3765 3657; baseline -0.01 -11"><span class='ocrx_word' id='word_1_731' title='bbox 2183 3603 2390 3649; x_wconf 90' lang='lat' dir='ltr'>vertere</span> <span class='ocrx_word' id='word_1_732' title='bbox 2444 3592 2493 3644; x_wconf 90' lang='lat' dir='ltr'>in</span> <span class='ocrx_word' id='word_1_733' title='bbox 2538 3589 2698 3642; x_wconf 83' lang='lat' dir='ltr'>aliud.</span> <span class='ocrx_word' id='word_1_734' title='bbox 2737 3588 2851 3657; x_wconf 82' lang='lat' dir='ltr'>Ego</span> <span class='ocrx_word' id='word_1_735' title='bbox 2880 3586 2987 3640; x_wconf 80' lang='lat' dir='ltr'>dixi</span> <span class='ocrx_word' id='word_1_736' title='bbox 3014 3628 3028 3652; x_wconf 94' lang='lat'>,</span> <span class='ocrx_word' id='word_1_737' title='bbox 3063 3601 3165 3638; x_wconf 87' lang='lat' dir='ltr'>non</span> <span class='ocrx_word' id='word_1_738' title='bbox 3208 3584 3345 3653; x_wconf 86' lang='lat' dir='ltr'>apud</span> <span class='ocrx_word' id='word_1_739' title='bbox 3378 3592 3618 3642; x_wconf 78' lang='lat' dir='ltr'>vestros,</span> <span class='ocrx_word' id='word_1_740' title='bbox 3670 3582 3765 3633; x_wconf 72' lang='lat' dir='ltr'>Sl&#39;tl</span> 
     </span>
    </p>
   </div>
   <div class='ocr_carea' id='block_1_98' title="bbox 2183 3673 3768 3757">
    <p class='ocr_par' dir='ltr' id='par_1_98' title="bbox 2183 3673 3768 3757">
     <span class='ocr_line' id='line_1_98' title="bbox 2183 3673 3768 3757; baseline -0.01 -18"><span class='ocrx_word' id='word_1_741' title='bbox 2183 3686 2319 3757; x_wconf 87' lang='lat' dir='ltr'>apud</span> <span class='ocrx_word' id='word_1_742' title='bbox 2352 3683 2622 3738; x_wconf 86' lang='lat' dir='ltr'>Eeclesias</span> <span class='ocrx_word' id='word_1_743' title='bbox 2661 3680 3044 3735; x_wconf 83' lang='lat' dir='ltr'>transmarinas</span> <span class='ocrx_word' id='word_1_744' title='bbox 3068 3720 3082 3741; x_wconf 89' lang='lat'>,</span> <span class='ocrx_word' id='word_1_745' title='bbox 3116 3678 3305 3746; x_wconf 87' lang='lat' dir='ltr'>quibus</span> <span class='ocrx_word' id='word_1_746' title='bbox 3350 3675 3663 3727; x_wconf 60' lang='lat' dir='ltr'>imiocentr-s</span> <span class='ocrx_word' id='word_1_747' title='bbox 3691 3673 3768 3724; x_wconf 90' lang='lat' dir='ltr'>illi</span> 
     </span>
    </p>
   </div>
   <div class='ocr_carea' id='block_1_99' title="bbox 2184 3764 3771 3841">
    <p class='ocr_par' dir='ltr' id='par_1_99' title="bbox 2184 3764 3771 3841">
     <span class='ocr_line' id='line_1_99' title="bbox 2184 3764 3771 3841; baseline -0.009 -12"><span class='ocrx_word' id='word_1_748' title='bbox 2184 3776 2496 3831; x_wconf 87' lang='lat' dir='ltr'>videbantur</span> <span class='ocrx_word' id='word_1_749' title='bbox 2534 3776 2620 3841; x_wconf 87' lang='lat' dir='ltr'>qui</span> <span class='ocrx_word' id='word_1_750' title='bbox 2668 3772 3042 3841; x_wconf 78' lang='lat' dir='ltr'>arguebantur,</span> <span class='ocrx_word' id='word_1_751' title='bbox 3081 3785 3109 3820; x_wconf 89' lang='lat' dir='ltr'>a</span> <span class='ocrx_word' id='word_1_752' title='bbox 3158 3767 3347 3820; x_wconf 87' lang='lat' dir='ltr'>vestris</span> <span class='ocrx_word' id='word_1_753' title='bbox 3393 3780 3487 3817; x_wconf 71' lang='lat' dir='ltr'>rm</span> <span class='ocrx_word' id='word_1_754' title='bbox 3516 3764 3771 3817; x_wconf 86' lang='lat' dir='ltr'>debuisse</span> 
     </span>
    </p>
   </div>
   <div class='ocr_carea' id='block_1_100' title="bbox 2185 3853 3772 3923">
    <p class='ocr_par' dir='ltr' id='par_1_100' title="bbox 2185 3853 3772 3923">
     <span class='ocr_line' id='line_1_100' title="bbox 2185 3853 3772 3923; baseline -0.012 0"><span class='ocrx_word' id='word_1_755' title='bbox 2185 3866 2445 3923; x_wconf 79' lang='lat' dir='ltr'>eonviuci.</span> <span class='ocrx_word' id='word_1_756' title='bbox 2466 3864 2595 3917; x_wconf 83' lang='lat' dir='ltr'>Nam</span> <span class='ocrx_word' id='word_1_757' title='bbox 2618 3873 2672 3916; x_wconf 84' lang='lat' dir='ltr'>et</span> <span class='ocrx_word' id='word_1_758' title='bbox 2699 3862 3137 3916; x_wconf 76' lang='lat' dir='ltr'>Maximianenses</span> <span class='ocrx_word' id='word_1_759' title='bbox 3153 3858 3451 3912; x_wconf 87' lang='lat' dir='ltr'>convictum</span> <span class='ocrx_word' id='word_1_760' title='bbox 3466 3855 3564 3907; x_wconf 89' lang='lat' dir='ltr'>sibi</span> <span class='ocrx_word' id='word_1_761' title='bbox 3584 3853 3741 3906; x_wconf 86' lang='lat' dir='ltr'>viden</span> <span class='ocrx_word' id='word_1_762' title='bbox 3756 3884 3772 3893; x_wconf 85' lang='lat'><strong>-</strong></span> 
     </span>
    </p>
   </div>
   <div class='ocr_carea' id='block_1_101' title="bbox 2188 3948 3769 4019">
    <p class='ocr_par' dir='ltr' id='par_1_101' title="bbox 2188 3948 3769 4019">
     <span class='ocr_line' id='line_1_101' title="bbox 2188 3948 3769 4019; baseline -0.011 -5"><span class='ocrx_word' id='word_1_763' title='bbox 2188 3970 2275 4014; x_wconf 87' lang='lat' dir='ltr'>tur</span> <span class='ocrx_word' id='word_1_764' title='bbox 2298 3961 2582 4014; x_wconf 86' lang='lat' dir='ltr'>damnasse</span> <span class='ocrx_word' id='word_1_765' title='bbox 2609 3956 2929 4010; x_wconf 84' lang='lat' dir='ltr'>Primianutu</span> <span class='ocrx_word' id='word_1_766' title='bbox 2957 3995 2971 4019; x_wconf 95' lang='lat'>,</span> <span class='ocrx_word' id='word_1_767' title='bbox 3004 3953 3096 4006; x_wconf 90' lang='lat' dir='ltr'>sed</span> <span class='ocrx_word' id='word_1_768' title='bbox 3120 3968 3223 4004; x_wconf 87' lang='lat' dir='ltr'>non</span> <span class='ocrx_word' id='word_1_769' title='bbox 3243 3949 3378 4018; x_wconf 92' lang='lat' dir='ltr'>apud</span> <span class='ocrx_word' id='word_1_770' title='bbox 3408 3962 3500 4001; x_wconf 88' lang='lat' dir='ltr'>eos</span> <span class='ocrx_word' id='word_1_771' title='bbox 3526 3948 3614 4015; x_wconf 91' lang='lat' dir='ltr'>qui</span> <span class='ocrx_word' id='word_1_772' title='bbox 3651 3948 3769 3999; x_wconf 84' lang='lat' dir='ltr'>lon-</span> 
     </span>
    </p>
   </div>
   <div class='ocr_carea' id='block_1_102' title="bbox 2187 4036 3774 4122">
    <p class='ocr_par' dir='ltr' id='par_1_102' title="bbox 2187 4036 3774 4122">
     <span class='ocr_line' id='line_1_102' title="bbox 2187 4036 3774 4122; baseline -0.012 -16"><span class='ocrx_word' id='word_1_773' title='bbox 2187 4055 2301 4122; x_wconf 77' lang='lat' dir='ltr'>gius</span> <span class='ocrx_word' id='word_1_774' title='bbox 2343 4049 2496 4119; x_wconf 81' lang='lat' dir='ltr'>positi</span> <span class='ocrx_word' id='word_1_775' title='bbox 2528 4090 2541 4107; x_wconf 85' lang='lat'>,</span> <span class='ocrx_word' id='word_1_776' title='bbox 2573 4055 2679 4101; x_wconf 91' lang='lat' dir='ltr'>cta</span> <span class='ocrx_word' id='word_1_777' title='bbox 2725 4048 2892 4115; x_wconf 81' lang='lat' dir='ltr'>gratia</span> <span class='ocrx_word' id='word_1_778' title='bbox 2932 4044 3013 4097; x_wconf 85' lang='lat' dir='ltr'>vel</span> <span class='ocrx_word' id='word_1_779' title='bbox 3066 4041 3260 4095; x_wconf 86' lang='lat' dir='ltr'>invidia</span> <span class='ocrx_word' id='word_1_780' title='bbox 3309 4038 3624 4094; x_wconf 87' lang='lat' dir='ltr'>remotiores</span> <span class='ocrx_word' id='word_1_781' title='bbox 3665 4036 3774 4089; x_wconf 90' lang='lat' dir='ltr'>tale</span> 
     </span>
    </p>
   </div>
   <div class='ocr_carea' id='block_1_103' title="bbox 2186 4129 3772 4207">
    <p class='ocr_par' dir='ltr' id='par_1_103' title="bbox 2186 4129 3772 4207">
     <span class='ocr_line' id='line_1_103' title="bbox 2186 4129 3772 4207; baseline -0.011 -11"><span class='ocrx_word' id='word_1_782' title='bbox 2186 4142 2253 4196; x_wconf 89' lang='lat' dir='ltr'>de</span> <span class='ocrx_word' id='word_1_783' title='bbox 2315 4142 2404 4195; x_wconf 91' lang='lat' dir='ltr'>illo</span> <span class='ocrx_word' id='word_1_784' title='bbox 2473 4146 2689 4207; x_wconf 85' lang='lat' dir='ltr'>possent</span> <span class='ocrx_word' id='word_1_785' title='bbox 2746 4137 2885 4189; x_wconf 88' lang='lat' dir='ltr'>ferre</span> <span class='ocrx_word' id='word_1_786' title='bbox 2935 4133 3188 4203; x_wconf 88' lang='lat' dir='ltr'>judicium</span> <span class='ocrx_word' id='word_1_787' title='bbox 3222 4172 3236 4195; x_wconf 94' lang='lat'>,</span> <span class='ocrx_word' id='word_1_788' title='bbox 3294 4129 3433 4198; x_wconf 87' lang='lat' dir='ltr'>quod</span> <span class='ocrx_word' id='word_1_789' title='bbox 3507 4130 3772 4180; x_wconf 63' lang='lat' dir='ltr'>universe</span> 
     </span>
    </p>
   </div>
   <div class='ocr_carea' id='block_1_104' title="bbox 2192 4219 3773 4305">
    <p class='ocr_par' dir='ltr' id='par_1_104' title="bbox 2192 4219 3773 4305">
     <span class='ocr_line' id='line_1_104' title="bbox 2192 4219 3773 4305; baseline -0.01 -20"><span class='ocrx_word' id='word_1_790' title='bbox 2192 4234 2323 4305; x_wconf 87' lang='lat' dir='ltr'>parti</span> <span class='ocrx_word' id='word_1_791' title='bbox 2357 4230 2543 4287; x_wconf 89' lang='lat' dir='ltr'>Donati</span> <span class='ocrx_word' id='word_1_792' title='bbox 2577 4229 2724 4285; x_wconf 86' lang='lat' dir='ltr'>facile</span> <span class='ocrx_word' id='word_1_793' title='bbox 2752 4228 3084 4297; x_wconf 88' lang='lat' dir='ltr'>probaretur.</span> <span class='ocrx_word' id='word_1_794' title='bbox 3127 4223 3278 4277; x_wconf 87' lang='lat' dir='ltr'>Nunc</span> <span class='ocrx_word' id='word_1_795' title='bbox 3313 4236 3440 4274; x_wconf 91' lang='lat' dir='ltr'>vero</span> <span class='ocrx_word' id='word_1_796' title='bbox 3480 4219 3773 4272; x_wconf 58' lang='lat' dir='ltr'>damnove»</span> 
     </span>
    </p>
   </div>
   <div class='ocr_carea' id='block_1_105' title="bbox 2191 4310 3774 4385">
    <p class='ocr_par' dir='ltr' id='par_1_105' title="bbox 2191 4310 3774 4385">
     <span class='ocr_line' id='line_1_105' title="bbox 2191 4310 3774 4385; baseline -0.01 -6"><span class='ocrx_word' id='word_1_797' title='bbox 2191 4334 2313 4379; x_wconf 90' lang='lat' dir='ltr'>runt</span> <span class='ocrx_word' id='word_1_798' title='bbox 2339 4339 2460 4376; x_wconf 88' lang='lat' dir='ltr'>eum</span> <span class='ocrx_word' id='word_1_799' title='bbox 2488 4329 2699 4375; x_wconf 88' lang='lat' dir='ltr'>centum</span> <span class='ocrx_word' id='word_1_800' title='bbox 2725 4358 2740 4383; x_wconf 90' lang='lat'>,</span> <span class='ocrx_word' id='word_1_801' title='bbox 2772 4328 2827 4373; x_wconf 88' lang='lat' dir='ltr'>et</span> <span class='ocrx_word' id='word_1_802' title='bbox 2855 4317 3079 4385; x_wconf 86' lang='lat' dir='ltr'>amplius</span> <span class='ocrx_word' id='word_1_803' title='bbox 3115 4329 3272 4384; x_wconf 89' lang='lat' dir='ltr'>quam</span> <span class='ocrx_word' id='word_1_804' title='bbox 3319 4310 3569 4366; x_wconf 81' lang='lat' dir='ltr'>trecentis</span> <span class='ocrx_word' id='word_1_805' title='bbox 3595 4310 3774 4363; x_wconf 78' lang='lat' dir='ltr'>absol-</span> 
     </span>
    </p>
   </div>
   <div class='ocr_carea' id='block_1_106' title="bbox 2191 4402 3775 4479">
    <p class='ocr_par' dir='ltr' id='par_1_106' title="bbox 2191 4402 3775 4479">
     <span class='ocr_line' id='line_1_106' title="bbox 2191 4402 3775 4479; baseline -0.011 -11"><span class='ocrx_word' id='word_1_806' title='bbox 2191 4415 2416 4471; x_wconf 83' lang='lat' dir='ltr'>vendum</span> <span class='ocrx_word' id='word_1_807' title='bbox 2435 4413 2781 4479; x_wconf 84' lang='lat' dir='ltr'>reliquerunt,</span> <span class='ocrx_word' id='word_1_808' title='bbox 2806 4409 2941 4479; x_wconf 86' lang='lat' dir='ltr'>apud</span> <span class='ocrx_word' id='word_1_809' title='bbox 2957 4408 3198 4477; x_wconf 86' lang='lat' dir='ltr'>quosipsi</span> <span class='ocrx_word' id='word_1_810' title='bbox 3224 4405 3514 4474; x_wconf 77' lang='lat' dir='ltr'>periculun</span> <span class='ocrx_word' id='word_1_811' title='bbox 3552 4402 3775 4454; x_wconf 87' lang='lat' dir='ltr'>damna-</span> 
     </span>
    </p>
   </div>
   <div class='ocr_carea' id='block_1_107' title="bbox 2193 4493 3779 4570">
    <p class='ocr_par' dir='ltr' id='par_1_107' title="bbox 2193 4493 3779 4570">
     <span class='ocr_line' id='line_1_107' title="bbox 2193 4493 3779 4570; baseline -0.01 -9"><span class='ocrx_word' id='word_1_812' title='bbox 2193 4509 2349 4561; x_wconf 85' lang='lat' dir='ltr'>tionis</span> <span class='ocrx_word' id='word_1_813' title='bbox 2381 4508 2728 4559; x_wconf 85' lang='lat' dir='ltr'>incurrerent.</span> <span class='ocrx_word' id='word_1_814' title='bbox 2767 4503 2854 4555; x_wconf 85' lang='lat' dir='ltr'>Eis</span> <span class='ocrx_word' id='word_1_815' title='bbox 2874 4503 3069 4570; x_wconf 79' lang='lat' dir='ltr'>qu&#39;ppe</span> <span class='ocrx_word' id='word_1_816' title='bbox 3097 4508 3202 4553; x_wconf 88' lang='lat' dir='ltr'>tam</span> <span class='ocrx_word' id='word_1_817' title='bbox 3236 4498 3472 4566; x_wconf 88' lang='lat' dir='ltr'>pluribus</span> <span class='ocrx_word' id='word_1_818' title='bbox 3499 4510 3651 4547; x_wconf 90' lang='lat' dir='ltr'>suam</span> <span class='ocrx_word' id='word_1_819' title='bbox 3679 4493 3779 4546; x_wconf 84' lang='lat' dir='ltr'>de-</span> 
     </span>
    </p>
   </div>
   <div class='ocr_carea' id='block_1_108' title="bbox 2193 4587 3779 4666">
    <p class='ocr_par' dir='ltr' id='par_1_108' title="bbox 2193 4587 3779 4666">
     <span class='ocr_line' id='line_1_108' title="bbox 2193 4587 3779 4666; baseline -0.011 -12"><span class='ocrx_word' id='word_1_820' title='bbox 2193 4601 2418 4653; x_wconf 86' lang='lat' dir='ltr'>buerunt</span> <span class='ocrx_word' id='word_1_821' title='bbox 2446 4595 2765 4666; x_wconf 82' lang='lat' dir='ltr'>persuadere</span> <span class='ocrx_word' id='word_1_822' title='bbox 2794 4592 3133 4656; x_wconf 86' lang='lat' dir='ltr'>sententiam,</span> <span class='ocrx_word' id='word_1_823' title='bbox 3162 4601 3217 4643; x_wconf 89' lang='grc' dir='ltr'>ιιι</span> <span class='ocrx_word' id='word_1_824' title='bbox 3246 4590 3342 4657; x_wconf 90' lang='lat' dir='ltr'>ipsi</span> <span class='ocrx_word' id='word_1_825' title='bbox 3374 4604 3495 4642; x_wconf 90' lang='lat' dir='ltr'>cum</span> <span class='ocrx_word' id='word_1_826' title='bbox 3526 4588 3609 4641; x_wconf 90' lang='lat' dir='ltr'>eis</span> <span class='ocrx_word' id='word_1_827' title='bbox 3634 4587 3779 4638; x_wconf 87' lang='lat' dir='ltr'>intus</span> 
     </span>
    </p>
   </div>
   <div class='ocr_carea' id='block_1_109' title="bbox 2193 4679 3777 4753">
    <p class='ocr_par' dir='ltr' id='par_1_109' title="bbox 2193 4679 3777 4753">
     <span class='ocr_line' id='line_1_109' title="bbox 2193 4679 3777 4753; baseline -0.009 -11"><span class='ocrx_word' id='word_1_828' title='bbox 2193 4700 2371 4742; x_wconf 76' lang='lat' dir='ltr'>essent</span> <span class='ocrx_word' id='word_1_829' title='bbox 2400 4731 2412 4753; x_wconf 90' lang='lat'>,</span> <span class='ocrx_word' id='word_1_830' title='bbox 2449 4686 2745 4740; x_wconf 85' lang='lat' dir='ltr'>Primianus</span> <span class='ocrx_word' id='word_1_831' title='bbox 2792 4693 2967 4736; x_wconf 85' lang='lat' dir='ltr'>autem</span> <span class='ocrx_word' id='word_1_832' title='bbox 3020 4681 3148 4735; x_wconf 86' lang='lat' dir='ltr'>foris</span> <span class='ocrx_word' id='word_1_833' title='bbox 3178 4721 3191 4742; x_wconf 95' lang='lat'>,</span> <span class='ocrx_word' id='word_1_834' title='bbox 3224 4680 3268 4733; x_wconf 93' lang='lat' dir='ltr'>si</span> <span class='ocrx_word' id='word_1_835' title='bbox 3321 4679 3602 4732; x_wconf 86' lang='lat' dir='ltr'>damnatus</span> <span class='ocrx_word' id='word_1_836' title='bbox 3661 4690 3777 4744; x_wconf 74' lang='lat' dir='ltr'>pm-</span> 
     </span>
    </p>
   </div>
   <div class='ocr_carea' id='block_1_110' title="bbox 2195 4768 3779 4846">
    <p class='ocr_par' dir='ltr' id='par_1_110' title="bbox 2195 4768 3779 4846">
     <span class='ocr_line' id='line_1_110' title="bbox 2195 4768 3779 4846; baseline -0.011 -10"><span class='ocrx_word' id='word_1_837' title='bbox 2195 4779 2467 4836; x_wconf 87' lang='lat' dir='ltr'>nitentiam</span> <span class='ocrx_word' id='word_1_838' title='bbox 2499 4777 2815 4846; x_wconf 86' lang='lat' dir='ltr'>respuisset.</span> <span class='ocrx_word' id='word_1_839' title='bbox 2857 4775 2909 4828; x_wconf 79' lang='lat' dir='ltr'>Si</span> <span class='ocrx_word' id='word_1_840' title='bbox 2953 4783 3130 4826; x_wconf 84' lang='lat' dir='ltr'>autem</span> <span class='ocrx_word' id='word_1_841' title='bbox 3178 4772 3278 4823; x_wconf 91' lang='lat' dir='ltr'>hoc</span> <span class='ocrx_word' id='word_1_842' title='bbox 3306 4779 3409 4823; x_wconf 87' lang='lat' dir='ltr'>tam</span> <span class='ocrx_word' id='word_1_843' title='bbox 3440 4768 3628 4833; x_wconf 80' lang='lat' dir='ltr'>majori</span> <span class='ocrx_word' id='word_1_844' title='bbox 3674 4782 3779 4818; x_wconf 91' lang='lat' dir='ltr'>nu-</span> 
     </span>
    </p>
   </div>
   <div class='ocr_carea' id='block_1_111' title="bbox 2195 4859 3780 4941">
    <p class='ocr_par' dir='ltr' id='par_1_111' title="bbox 2195 4859 3780 4941">
     <span class='ocr_line' id='line_1_111' title="bbox 2195 4859 3780 4941; baseline -0.013 -11"><span class='ocrx_word' id='word_1_845' title='bbox 2195 4892 2343 4930; x_wconf 84' lang='lat' dir='ltr'>mero</span> <span class='ocrx_word' id='word_1_846' title='bbox 2362 4874 2383 4905; x_wconf 81' lang='grc'>³</span> <span class='ocrx_word' id='word_1_847' title='bbox 2406 4873 2729 4941; x_wconf 78' lang='lat' dir='ltr'>collegarum</span> <span class='ocrx_word' id='word_1_848' title='bbox 2745 4910 2763 4935; x_wconf 92' lang='lat'>,</span> <span class='ocrx_word' id='word_1_849' title='bbox 2783 4878 2837 4922; x_wconf 90' lang='lat' dir='ltr'>et</span> <span class='ocrx_word' id='word_1_850' title='bbox 2880 4876 2954 4920; x_wconf 87' lang='lat' dir='ltr'>tot</span> <span class='ocrx_word' id='word_1_851' title='bbox 2978 4881 3087 4919; x_wconf 75' lang='lat' dir='ltr'>suae</span> <span class='ocrx_word' id='word_1_852' title='bbox 3108 4860 3498 4917; x_wconf 85' lang='lat' dir='ltr'>communionis</span> <span class='ocrx_word' id='word_1_853' title='bbox 3526 4859 3780 4913; x_wconf 76' lang='lat' dir='ltr'>Eeclesiis</span> 
     </span>
    </p>
   </div>
   <div class='ocr_carea' id='block_1_112' title="bbox 2198 4955 3779 5041">
    <p class='ocr_par' dir='ltr' id='par_1_112' title="bbox 2198 4955 3779 5041">
     <span class='ocr_line' id='line_1_112' title="bbox 2198 4955 3779 5041; baseline -0.016 -16"><span class='ocrx_word' id='word_1_854' title='bbox 2198 4987 2291 5041; x_wconf 87' lang='lat' dir='ltr'>per</span> <span class='ocrx_word' id='word_1_855' title='bbox 2317 4979 2476 5023; x_wconf 85' lang='lat' dir='ltr'>totam</span> <span class='ocrx_word' id='word_1_856' title='bbox 2516 4963 2747 5019; x_wconf 84' lang='lat' dir='ltr'>Africam</span> <span class='ocrx_word' id='word_1_857' title='bbox 2778 4959 2983 5015; x_wconf 75' lang='lat' dir='ltr'>diﬂ&#39;usis</span> <span class='ocrx_word' id='word_1_858' title='bbox 3012 4955 3332 5025; x_wconf 80' lang='lat' dir='ltr'>persuadere</span> <span class='ocrx_word' id='word_1_859' title='bbox 3372 4969 3475 5007; x_wconf 91' lang='lat' dir='ltr'>non</span> <span class='ocrx_word' id='word_1_860' title='bbox 3521 4959 3737 5020; x_wconf 87' lang='lat' dir='ltr'>possent</span> <span class='ocrx_word' id='word_1_861' title='bbox 3766 4965 3779 5007; x_wconf 88' lang='lat'><strong>;</strong></span> 
     </span>
    </p>
   </div>
   <div class='ocr_carea' id='block_1_113' title="bbox 2196 5032 3782 5120">
    <p class='ocr_par' dir='ltr' id='par_1_113' title="bbox 2196 5032 3782 5120">
     <span class='ocr_line' id='line_1_113' title="bbox 2196 5032 3782 5120; baseline -0.018 0"><span class='ocrx_word' id='word_1_862' title='bbox 2196 5077 2285 5120; x_wconf 78' lang='lat' dir='ltr'>aut</span> <span class='ocrx_word' id='word_1_863' title='bbox 2316 5061 2631 5117; x_wconf 80' lang='lat' dir='ltr'>sententiam</span> <span class='ocrx_word' id='word_1_864' title='bbox 2655 5072 2806 5111; x_wconf 85' lang='lat' dir='ltr'>suam</span> <span class='ocrx_word' id='word_1_865' title='bbox 2834 5052 3060 5108; x_wconf 85' lang='lat' dir='ltr'>consilio</span> <span class='ocrx_word' id='word_1_866' title='bbox 3086 5051 3300 5103; x_wconf 87' lang='lat' dir='ltr'>saniore</span> <span class='ocrx_word' id='word_1_867' title='bbox 3322 5043 3709 5101; x_wconf 72' lang='lat' dir='ltr'>rescinderent,</span> <span class='ocrx_word' id='word_1_868' title='bbox 3732 5032 3782 5092; x_wconf 77' lang='lat' dir='ltr'>in</span> 
     </span>
    </p>
   </div>
   <div class='ocr_carea' id='block_1_114' title="bbox 2197 5139 3785 5225">
    <p class='ocr_par' dir='ltr' id='par_1_114' title="bbox 2197 5139 3785 5225">
     <span class='ocr_line' id='line_1_114' title="bbox 2197 5139 3785 5225; baseline -0.017 -16"><span class='ocrx_word' id='word_1_869' title='bbox 2197 5171 2299 5225; x_wconf 86' lang='lat' dir='ltr'>qua</span> <span class='ocrx_word' id='word_1_870' title='bbox 2341 5152 2449 5207; x_wconf 88' lang='lat' dir='ltr'>falli</span> <span class='ocrx_word' id='word_1_871' title='bbox 2495 5152 2633 5205; x_wconf 84' lang='lat' dir='ltr'>sicut</span> <span class='ocrx_word' id='word_1_872' title='bbox 2678 5147 2921 5201; x_wconf 84' lang='lat' dir='ltr'>homines</span> <span class='ocrx_word' id='word_1_873' title='bbox 2962 5141 3029 5196; x_wconf 89' lang='lat' dir='ltr'>de</span> <span class='ocrx_word' id='word_1_874' title='bbox 3075 5139 3291 5193; x_wconf 86' lang='lat' dir='ltr'>homine</span> <span class='ocrx_word' id='word_1_875' title='bbox 3336 5144 3662 5205; x_wconf 81' lang='lat' dir='ltr'>potuerunt;</span> <span class='ocrx_word' id='word_1_876' title='bbox 3694 5142 3785 5183; x_wconf 88' lang='lat' dir='ltr'>aut</span> 
     </span>
    </p>
   </div>
   <div class='ocr_carea' id='block_1_115' title="bbox 2199 5227 3781 5311">
    <p class='ocr_par' dir='ltr' id='par_1_115' title="bbox 2199 5227 3781 5311">
     <span class='ocr_line' id='line_1_115' title="bbox 2199 5227 3781 5311; baseline -0.018 -10"><span class='ocrx_word' id='word_1_877' title='bbox 2199 5250 2240 5301; x_wconf 89' lang='lat' dir='ltr'>si</span> <span class='ocrx_word' id='word_1_878' title='bbox 2269 5261 2393 5299; x_wconf 84' lang='lat' dir='ltr'>vera</span> <span class='ocrx_word' id='word_1_879' title='bbox 2414 5246 2528 5311; x_wconf 86' lang='lat' dir='ltr'>ejus</span> <span class='ocrx_word' id='word_1_880' title='bbox 2557 5239 2778 5294; x_wconf 88' lang='lat' dir='ltr'>crimina</span> <span class='ocrx_word' id='word_1_881' title='bbox 2808 5237 2923 5289; x_wconf 82' lang='lat' dir='ltr'>sine</span> <span class='ocrx_word' id='word_1_882' title='bbox 2960 5233 3063 5286; x_wconf 91' lang='lat' dir='ltr'>ulla</span> <span class='ocrx_word' id='word_1_883' title='bbox 3093 5230 3430 5285; x_wconf 83' lang='lat' dir='ltr'>dubitatione</span> <span class='ocrx_word' id='word_1_884' title='bbox 3459 5227 3781 5284; x_wconf 82' lang='lat' dir='ltr'>didicerant,</span> 
     </span>
    </p>
   </div>
   <div class='ocr_carea' id='block_1_116' title="bbox 2200 5318 3782 5408">
    <p class='ocr_par' dir='ltr' id='par_1_116' title="bbox 2200 5318 3782 5408">
     <span class='ocr_line' id='line_1_116' title="bbox 2200 5318 3782 5408; baseline -0.016 -16"><span class='ocrx_word' id='word_1_885' title='bbox 2200 5354 2318 5408; x_wconf 66' lang='lat' dir='ltr'>quae</span> <span class='ocrx_word' id='word_1_886' title='bbox 2366 5345 2541 5389; x_wconf 88' lang='lat' dir='ltr'>tamen</span> <span class='ocrx_word' id='word_1_887' title='bbox 2589 5328 2910 5402; x_wconf 83' lang='lat' dir='ltr'>persuadere</span> <span class='ocrx_word' id='word_1_888' title='bbox 2954 5333 3102 5379; x_wconf 83' lang='lat' dir='ltr'>tanto</span> <span class='ocrx_word' id='word_1_889' title='bbox 3152 5322 3391 5392; x_wconf 90' lang='lat' dir='ltr'>pluribus</span> <span class='ocrx_word' id='word_1_890' title='bbox 3436 5318 3649 5373; x_wconf 78' lang='lat' dir='ltr'>cat-teris</span> <span class='ocrx_word' id='word_1_891' title='bbox 3678 5331 3782 5370; x_wconf 78' lang='lat' dir='ltr'>non</span> 
     </span>
    </p>
   </div>
   <div class='ocr_carea' id='block_1_117' title="bbox 2267 5501 3018 5563">
    <p class='ocr_par' dir='ltr' id='par_1_117' title="bbox 2267 5501 3018 5563">
     <span class='ocr_line' id='line_1_117' title="bbox 2267 5501 3018 5563; baseline -0.02 0"><span class='ocrx_word' id='word_1_892' title='bbox 2267 5518 2282 5549; x_wconf 73' lang='grc' dir='ltr'>ι</span> <span class='ocrx_word' id='word_1_893' title='bbox 2307 5522 2405 5563; x_wconf 76' lang='lat' dir='ltr'>Am.</span> <span class='ocrx_word' id='word_1_894' title='bbox 2429 5518 2502 5560; x_wconf 69' lang='lat' dir='ltr'>Fr.</span> <span class='ocrx_word' id='word_1_895' title='bbox 2530 5517 2581 5557; x_wconf 86' lang='lat' dir='ltr'>et</span> <span class='ocrx_word' id='word_1_896' title='bbox 2602 5514 2731 5558; x_wconf 58' lang='lat' dir='ltr'>Mssa</span> <span class='ocrx_word' id='word_1_897' title='bbox 2753 5501 3018 5555; x_wconf 79' lang='lat' dir='ltr'>ridebatur.</span> 
     </span>
    </p>
   </div>
   <div class='ocr_carea' id='block_1_118' title="bbox 2265 5568 3665 5626">
    <p class='ocr_par' dir='ltr' id='par_1_118' title="bbox 2265 5568 3665 5626">
     <span class='ocr_line' id='line_1_118' title="bbox 2265 5568 3665 5626; baseline -0.006 -3"><span class='ocrx_word' id='word_1_898' title='bbox 2265 5580 2284 5608; x_wconf 79' lang='grc'>¹</span> <span class='ocrx_word' id='word_1_899' title='bbox 2311 5584 2355 5623; x_wconf 90' lang='lat' dir='ltr'>ln</span> <span class='ocrx_word' id='word_1_900' title='bbox 2380 5583 2467 5622; x_wconf 76' lang='lat' dir='ltr'>uss</span> <span class='ocrx_word' id='word_1_901' title='bbox 2491 5607 2504 5626; x_wconf 82' lang='lat'>,</span> <span class='ocrx_word' id='word_1_902' title='bbox 2527 5569 2567 5620; x_wconf 73' lang='lat' dir='ltr'>si</span> <span class='ocrx_word' id='word_1_903' title='bbox 2594 5568 2875 5619; x_wconf 76' lang='lat' dir='ltr'>Felirimms.</span> <span class='ocrx_word' id='word_1_904' title='bbox 2937 5624 2945 5626; x_wconf 81' lang='lat'><strong><em>_</em></strong></span> <span class='ocrx_word' id='word_1_905' title='bbox 3436 5612 3449 5626; x_wconf 81' lang='lat'><strong><em>_</em></strong></span> <span class='ocrx_word' id='word_1_906' title='bbox 3604 5624 3612 5626; x_wconf 24' lang='grc' dir='ltr'><strong>Α</strong></span> <span class='ocrx_word' id='word_1_907' title='bbox 3650 5610 3665 5626; x_wconf 28' lang='grc' dir='ltr'><strong>Α.</strong></span> 
     </span>
    </p>
   </div>
   <div class='ocr_carea' id='block_1_119' title="bbox 2270 5612 3790 5687">
    <p class='ocr_par' dir='ltr' id='par_1_119' title="bbox 2270 5612 3790 5687">
     <span class='ocr_line' id='line_1_119' title="bbox 2270 5612 3790 5687; baseline -0.016 -3"><span class='ocrx_word' id='word_1_908' title='bbox 2270 5641 2288 5670; x_wconf 85' lang='grc'>³</span> <span class='ocrx_word' id='word_1_909' title='bbox 2312 5612 2947 5687; x_wconf 48' lang='lat' dir='ltr'>iiii&#39;XVi‘oi&#39;ciiiiiiiinmori</span> <span class='ocrx_word' id='word_1_910' title='bbox 2977 5633 3188 5673; x_wconf 58' lang='lat' dir='ltr'>mtmrro.</span> <span class='ocrx_word' id='word_1_911' title='bbox 3221 5625 3271 5667; x_wconf 82' lang='grc' dir='ltr'>Αι</span> <span class='ocrx_word' id='word_1_912' title='bbox 3298 5626 3398 5665; x_wconf 68' lang='lat' dir='ltr'>“Ss.</span> <span class='ocrx_word' id='word_1_913' title='bbox 3436 5612 3566 5675; x_wconf 82' lang='lat' dir='ltr'>loco,</span> <span class='ocrx_word' id='word_1_914' title='bbox 3589 5612 3790 5673; x_wconf 62' lang='lat' dir='ltr'>crimen,</span> 
     </span>
    </p>
   </div>
   <div class='ocr_carea' id='block_1_120' title="bbox 2206 5703 2534 5751">
    <p class='ocr_par' dir='ltr' id='par_1_120' title="bbox 2206 5703 2534 5751">
     <span class='ocr_line' id='line_1_120' title="bbox 2206 5703 2534 5751; baseline -0.034 0"><span class='ocrx_word' id='word_1_915' title='bbox 2206 5704 2403 5751; x_wconf 75' lang='lat' dir='ltr'>habent.</span> <span class='ocrx_word' id='word_1_916' title='bbox 2423 5703 2534 5743; x_wconf 78' lang='grc' dir='ltr'>ιιι-η.</span> 
     </span>
    </p>
   </div>
  </div>
