4024 6196
318 301 417 357 585

320 406 589 474 valebant,
637 416 916 464 nocentem
967 406 1198 462 scientes
1242 401 1530 460 tolerarent
1579 399 1888 473 prudentius

317 517 366 560 et
391 492 714 575 patientius,
757 511 914 570 quam
954 513 1014 553 se
1056 513 1086 552 a
1137 506 1212 553 tot
1239 494 1624 551 innocentibus
1669 492 1757 563 qui
1793 492 1894 546 ista

318 589 623 659 nescirem,
675 593 840 663 impio
883 591 1169 646 schismate
1233 597 1564 661 separarent.
1630 586 1895 642 Tencrent

317 690 452 746 enim
480 688 622 744 illam
653 688 794 744 beati
825 687 1072 759 Cypriani
1105 685 1464 756 plenissimam
1478 683 1753 738 cltaritatis
1783 679 1894 749 pie-

318 784 539 852 tatisque
569 782 886 837 sententiam
905 822 918 844 ,
949 795 1052 850 qua
1079 779 1207 834 dicit
1237 796 1252 832 :
1300 775 1435 830 Nam
1469 775 1561 830 etsi
1588 773 1816 827 videntur
1847 772 1898 825 in

287 869 540 928 -Ecclesia
579 885 686 929 esse
712 868 941 937 zizania,
975 886 1074 926 non
1119 879 1286 925 tamen
1327 868 1560 938 impediri
1599 866 1738 920 debet
1773 865 1898 934 ﬁdes

315 975 397 1019 aut
413 965 634 1018 charita's
658 972 862 1027 nostra;
889 973 940 1016 ut
959 962 1199 1034 quoniam
1235 960 1433 1013 zizania
1456 974 1562 1013 esse
1589 960 1640 1011 in
1667 953 1900 1009 Ecclesia

315 1055 561 1109 cernimus
579 1097 594 1120 ,
619 1054 719 1122 ipsi
760 1054 823 1108 de
844 1053 1071 1107 Ecclesia
1095 1049 1388 1105 recedamus
1417 1047 1673 1118 (Epistola
1687 1049 1754 1098 ad
1785 1043 1900 1097 Ma-

315 1144 580 1217 ximinum)
595 1145 762 1213 .Quod
777 1144 990 1215 quidem
1007 1134 1107 1198 illis
1130 1152 1256 1197 ttmc
1275 1140 1571 1211 prodesset,
1588 1139 1631 1192 si
1650 1138 1704 1192 in
1727 1136 1902 1191 Eccle-

315 1240 404 1294 sia:
419 1237 694 1294 catholicae
712 1237 916 1306 gremio
947 1235 1148 1306 purgati
1182 1239 1525 1303 purgamenta
1551 1228 1898 1292 tolerarent‘,

314 1346 430 1400 quae
448 1340 569 1383 ante
590 1337 796 1396 tempus
823 1341 1070 1396 separare
1111 1340 1214 1378 non
1245 1329 1481 1393 possent.
1511 1318 1617 1375 Sed
1645 1316 1782 1388 quod
1811 1329 1904 1371 eos

314 1420 540 1474 dicimus
590 1419 642 1472 in
699 1418 797 1472 hac
841 1417 1039 1471 erroris
1077 1413 1242 1469 vcst’ri
1291 1412 1580 1477 societate,
1613 1423 1770 1478 quam
1811 1421 1904 1462 vc-

315 1527 427 1566 ram
471 1511 764 1567 Ecclesium
814 1522 939 1563 esse
993 1504 1353 1569 arbitramini,
1401 1503 1576 1584 facere
1614 1499 1900 1563 debuisse,

314 1602 416 1656 ltoc
464 1600 690 1670 majores
735 1595 894 1654 vestri
943 1598 996 1652 in
1039 1597 1124 1652 illa
1170 1595 1449 1666 perspicue
1495 1605 1640 1657 vera,
1675 1591 1725 1644 itt
1747 1587 1905 1658 cujus

314 1694 514 1748 unitate
549 1690 782 1755 fuerunt,
824 1705 892 1744 ne
927 1689 994 1744 ab
1034 1689 1118 1742 illa
1165 1690 1560 1756 separarentur,
1590 1681 1763 1736 facere
1805 1679 1904 1734 de-

313 1784 562 1839 buerunt.
620 1781 770 1837 Sicut
814 1779 956 1835 enim
1009 1778 1230 1848 quilibet
1283 1776 1449 1846 partis
1497 1780 1690 1828 vestra:
1744 1769 1905 1824 homo

312 1887 526 1929 causam
554 1871 807 1927 Primiani
836 1883 1053 1941 prorsus
1079 1870 1349 1939 ignorans,
1377 1872 1555 1920 tamen
1606 1860 1846 1932 quamvis
1875 1874 1904 1911 a

311 1975 527 2021 centum
558 1960 1064 2018 Maximianensibus
1087 1959 1394 2013 damnatum
1423 1997 1437 2020 ,
1467 1953 1783 2025 simpliciter
1827 1950 1908 2003 in-

311 2064 596 2111 nocentem
619 2052 792 2108 credit
819 2065 962 2116 eum,
987 2048 1074 2120 qui
1106 2056 1250 2102 tanto
1275 2046 1516 2117 pluribus
1540 2059 1599 2098 se
1625 2039 1902 2113 probavit:

312 2147 385 2201 ita
415 2147 577 2202 etiam
612 2145 668 2199 in
697 2142 1072 2198 communione
1097 2138 1378 2203 catholica,
1411 2151 1569 2206 quem
1597 2147 1756 2190 causa
1785 2131 1905 2187 Ca:-

315 2237 498 2292 ciliani
527 2237 699 2301 latet,
746 2249 852 2288 non
903 2231 1168 2286 immerito
1196 2228 1297 2283 sibi
1350 2227 1688 2281 innocentem
1739 2221 1906 2276 fuisse

315 2326 602 2398 persuadet
623 2337 743 2379 eum
770 2365 784 2389 ,
815 2323 904 2393 qui
928 2335 1035 2376 non
1067 2321 1236 2375 solum
1272 2331 1364 2388 per
1404 2317 1634 2371 Africam
1661 2356 1676 2381 ,
1723 2328 1906 2367 verum

310 2417 476 2472 etiam
508 2431 603 2485 per
635 2423 710 2469 tot
756 2412 997 2483 gentium
1054 2409 1462 2464 cbristianarum
1508 2413 1717 2468 terras,
1761 2409 1910 2455 tanto

311 2507 561 2577 pluribus
605 2503 867 2574 episcopis
915 2499 1126 2556 ueteris
1154 2498 1237 2552 vel
1277 2497 1608 2550 innotescere
1654 2492 1912 2546 innocens

311 2598 490 2669 potuit
516 2597 598 2651 vel
628 2594 884 2650 occultari
908 2606 1110 2647 nocens
1141 2606 1156 2642 :
1187 2587 1327 2658 apud
1367 2599 1502 2656 quos
1529 2592 1624 2640 aut
1649 2581 1715 2638 ab
1743 2594 1912 2652 agno-

311 2699 506 2746 scente
536 2687 729 2742 meruit
752 2685 988 2749 absolvi,
1031 2691 1122 2736 aut
1151 2695 1255 2736 non
1301 2678 1493 2734 meruit
1521 2677 1588 2732 ab
1633 2676 1913 2749 ignorante

308 2781 558 2838 damnari
584 2822 598 2847 ,
629 2789 719 2834 aut
745 2786 998 2846 corrupto
1016 2773 1192 2845 judice
1217 2780 1399 2828 contra
1427 2783 1590 2841 quam
1611 2776 1908 2834 meruerat,

306 2874 614 2937 absolutus,
648 2886 754 2926 non
781 2868 950 2939 potuit
978 2867 1096 2922 aliis
1142 2864 1230 2935 qui
1282 2878 1388 2917 non
1420 2860 1793 2931 judicaverunt
1817 2857 1912 2911 de-

309 2962 629 3019 monstrari.
662 2960 767 3015 Vos
816 2959 975 3029 igitur
1023 2956 1281 3024 sacrilega
1310 2951 1648 3022 separatione
1689 2948 1761 3003 ab
1790 2947 1911 3002 uni-

306 3063 424 3110 tate
452 3053 766 3124 populorum
794 3048 1157 3104 innocentium
1178 3054 1251 3099 tot
1283 3051 1658 3110 tantorumque
1690 3052 1908 3108 separa-

305 3145 471 3208 mini,
500 3144 588 3212 qui
619 3156 739 3197 eum
762 3140 814 3193 in
842 3140 941 3193 hac
968 3150 1126 3193 causa
1151 3135 1356 3205 iudices
1383 3147 1502 3188 esse
1533 3147 1638 3185 non
1665 3135 1905 3200 possent,

302 3245 407 3289 aut
437 3233 611 3288 nullos
630 3232 756 3284 hinc
780 3228 948 3282 fuisse
972 3227 1178 3296 iudices
1197 3265 1211 3288 ,
1237 3233 1327 3276 aut
1353 3231 1528 3276 utrum
1559 3219 1684 3274 hinc
1712 3217 1911 3288 aliquid

303 3326 396 3380 vel
427 3324 556 3395 quid
583 3322 880 3392 judicatum
907 3317 974 3371 sit
997 3316 1304 3370 nescierunt
1328 3355 1342 3379 ,
1375 3321 1465 3366 aut
1510 3311 1696 3366 electis
1721 3308 1915 3379 judici-

298 3414 414 3470 bus
451 3413 628 3482 potius
647 3424 804 3480 quam
830 3406 981 3461 victis
1033 3402 1384 3473 litigatoribus
1409 3400 1767 3456 crediderunt.

378 3501 620 3558 CAPUT
657 3497 813 3556 LVII.
837 3527 910 3538 -—
937 3496 1023 3552 68.
1065 3495 1200 3549 Hinc
1246 3493 1506 3557 docetur,
1557 3492 1608 3546 in
1641 3506 1708 3547 eo
1749 3491 1909 3546 etiam

297 3594 460 3668 quod
488 3609 554 3648 ex
585 3593 669 3646 illa
699 3577 817 3644 mea
846 3587 1228 3659 quadripartita
1254 3585 1628 3640 distributione
1661 3584 1903 3639 ultimum

301 3687 409 3743 tibi
439 3686 458 3751 (
482 3698 651 3754 neque
675 3682 820 3738 enim
849 3679 988 3734 aliud
1019 3675 1266 3749 poteras)
1298 3675 1524 3746 elcgisti,
1553 3691 1710 3745 quam
1741 3674 1898 3730 facile

299 3772 664 3846 superemini.
697 3770 811 3824 Dixi
838 3769 979 3824 enim
1027 3766 1170 3837 quod
1209 3765 1255 3820 si
1282 3765 1596 3819 documenta
1625 3763 1907 3817 criminum

301 3863 620 3921 traditionis
646 3861 839 3916 fuerint
862 3874 928 3913 ex
959 3867 1183 3926 utraque
1213 3863 1364 3925 parte
1391 3853 1616 3922 prolata,
1639 3860 1731 3905 aut
1755 3861 1902 3905 utra-

299 3973 417 4028 que
467 3963 588 4009 sunt
617 3967 742 4007 vera
768 3991 782 4016 ,
811 3957 903 4004 aut
945 3957 1172 4016 utraque
1216 3944 1380 4007 falsa;
1411 3950 1505 3997 aut
1532 3951 1710 3996 nostra
1740 3956 1865 3996 vera
1890 3981 1904 4006 ,

299 4057 360 4102 et
392 4057 576 4100 vestra
606 4043 765 4106 falsa;
795 4049 886 4094 aut
915 4047 1095 4093 nostra
1141 4036 1273 4090 falsa
1298 4076 1315 4100 ,
1345 4043 1400 4090 et
1439 4044 1615 4089 vestra
1644 4045 1788 4087 vera.
1836 4032 1906 4086 Et

299 4151 436 4192 cum
474 4135 524 4188 in
558 4133 727 4189 tribus
752 4128 1117 4201 superioribus
1146 4126 1450 4180 facillimam
1476 4133 1711 4179 nostram
1739 4123 1907 4179 victo-

301 4229 451 4283 riam
485 4225 933 4280 demoustrassem
952 4219 1090 4293 (Lib.
1124 4219 1150 4274 1
1180 4227 1357 4271 contra
1402 4215 1618 4270 Litteras
1642 4213 1904 4283 Petiliani,

300 4337 359 4374 η.
382 4316 526 4390 25),
555 4317 606 4371 in
637 4323 826 4385 quarto
854 4326 1066 4383 quoque
1095 4325 1190 4365 vos
1217 4308 1354 4364 vinci
1377 4348 1392 4373 ,
1419 4318 1510 4362 aut
1538 4306 1716 4360 minus
1745 4305 1906 4361 intel-

300 4409 519 4475 lexisti,
553 4417 643 4460 aut
670 4405 811 4476 quod
843 4405 1010 4474 magis
1035 4402 1215 4466 credo,
1246 4415 1314 4456 ne
1339 4399 1408 4453 ab
1435 4398 1552 4453 aliis
1578 4397 1906 4466 intelligere-

301 4510 418 4564 tur,
446 4497 633 4552 nescio
652 4495 843 4566 quibus
868 4492 1191 4548 umbraculis
1217 4491 1268 4545 id
1295 4497 1516 4544 conatus
1541 4488 1813 4558 obtegere,
1837 4486 1906 4543 de

299 4585 794 4661 argumentationis
839 4599 1036 4655 genere
1081 4579 1462 4651 disputandum
1491 4579 1690 4649 putasti
1718 4597 1733 4633 :
1765 4577 1906 4633 unde

301 4685 477 4739 etiam
515 4681 650 4734 alias
674 4681 696 4710 ¹
717 4720 733 4744 ,
765 4677 812 4733 si
837 4691 973 4746 opus
1017 4674 1218 4739 fuerit,
1247 4673 1474 4727 fortasse
1519 4671 1863 4726 tractabimus
1885 4711 1901 4738 ,

301 4790 377 4833 Ie
401 4786 620 4844 tempus
643 4786 788 4827 nunc
812 4771 970 4825 rebus
1000 4784 1105 4823 non
1135 4766 1453 4822 necessariis
1480 4765 1830 4820 insumamus.

377 4864 619 4923 CAPUT
636 4860 983 4918 LVlll.—69.
1006 4857 1234 4914 Proinde
1250 4856 1483 4922 attende,
1507 4865 1682 4910 utrum
1701 4855 1904 4910 valeam

298 4961 356 5021 in
391 4959 494 5012 illo
533 4955 812 5025 perspicuo
855 4951 1073 5022 speculo
1117 4961 1294 5005 vestro
1317 4989 1333 5014 ,
1361 4947 1464 5002 hoc
1504 4956 1586 5002 est
1609 4989 1624 5014 ,
1659 4948 1709 5001 in
1739 4961 1897 5000 causa

269 5045 812 5105 'Maximianensium
861 5043 1020 5098 etiam
1073 5041 1173 5095 hoc
1222 5039 1614 5094 demonstrare.
1666 5036 1905 5107 Namque

295 5137 546 5196 mortuis
570 5135 815 5190 omnibus
853 5142 907 5189 et
945 5130 1084 5201 apud
1123 5147 1259 5201 quos
1286 5131 1400 5183 Inec
1425 5136 1572 5198 gesta
1602 5136 1759 5193 sunt,
1791 5127 1904 5180 lieri

293 5226 604 5300 aliquando
629 5223 827 5295 poterit
855 5231 914 5277 ut
943 5223 1080 5276 inter
1109 5229 1316 5275 vestros
1344 5225 1400 5272 et
1423 5217 1634 5271 illorum
1661 5225 1904 5287 posteros

291 5320 546 5391 qurestio
594 5312 989 5372 communionis
1035 5312 1309 5381 agitetur:
1342 5308 1532 5363 dicturi
1582 5316 1707 5363 sunt
1753 5307 1826 5362 illi
1874 5322 1904 5361 a

293 5409 606 5480 majoribus
642 5407 752 5462 suis
786 5404 957 5460 ferme
995 5413 1210 5458 centum
1249 5400 1335 5455 vel
1365 5398 1595 5469 amplius
1637 5397 1903 5468 episcopis

366 5545 385 5575 ί
419 5540 564 5598 ειιίιι,
584 5538 699 5591 siin
723 5537 947 5589 Ecclesia;-
971 5530 1569 5604 cat/tolicwynrgamentis
1591 5540 1907 5604 purgamenta

290 5595 592 5657 tolerarent.
612 5609 666 5650 At
677 5609 801 5659 Mss,
822 5613 927 5662 pro,
939 5595 1279 5662 purgamentis,
1292 5595 1476 5646 habent
1489 5633 1503 5657 ,
1522 5595 1705 5660 gremio
1725 5607 1901 5660 purga-

284 5669 358 5728 ti,
375 5663 489 5728 vel,
510 5663 689 5728 gremio
707 5661 936 5726 purgatis.

333 5717 386 5761 ι’ίι
409 5717 492 5775 sic
509 5717 689 5788 aliquot
707 5717 819 5773 ἱιεέῖ
837 5731 890 5771 At
912 5722 1048 5779 editi,
1073 5717 1199 5771 unde
1234 5725 1281 5772 et
1303 5732 1412 5769 cum
1435 5717 1558 5770 aliis.

531 5800 796 5860 Ρλτιιοι..
838 5801 1056 5861 .\'Llll.

1651 287 1852 344 LIBER
1891 281 2234 353 QUARTUS.

3481 287 3586 346 596

2007 397 2314 454 damnatum
2335 415 2452 456 etse
2478 398 2824 470 Primianmn,
2856 410 2906 457 et
2933 404 3074 460 illaut
3106 403 3274 474 primo
3302 418 3418 474 qtta‘.
3443 397 3583 472 apud

2003 490 2397 563 Carthaginem,
2421 493 2614 550 deinde
2635 496 2793 551 aliam
2822 514 2937 566 quze
2961 497 3099 566 apttd
3122 497 3429 552 Cebarsus~i
3457 513 3586 552 con-

2007 593 2084 636 tra
2112 597 2235 638 eum
2273 588 2573 657 conscripta
2605 597 2686 642 est
2725 592 3038 644 sententiam
3079 591 3332 658 prolaturi
3360 608 3372 652 ;
3403 602 3588 644 contra

2006 673 2166 727 vestri
2209 675 2490 730 concilium
2545 678 2833 747 Bagai'ense
2883 680 3201 734 recitabnut.
3255 681 3592 748 Flagitabunt

2007 765 2118 832 illi,
2149 775 2204 822 ut
2231 767 2394 822 diluta
2421 784 2541 824 esse
2583 770 2875 826 doceantur
2901 773 3121 827 critnfna
3154 773 3440 835 Primiani,
3470 789 3588 842 quze

2005 869 2221 910 auorum
2253 857 2511 926 majorum
2550 861 2809 914 sententia
2831 862 3186 916 continentur.
3206 862 3392 918 Nonne
3422 864 3592 917 multo

2002 945 2198 1014 justius
2222 947 2395 1003 dicent
2414 950 2577 1002 vestri
2605 968 2616 1003 :
2643 950 2767 1005 llzec
2789 953 3011 1006 crimina
3035 969 3156 1020 qua:
3181 952 3410 1020 objicitis
3429 953 3588 1006 etiam

1976 1062 1979 1065 -
2008 1047 2218 1093 mortuo
2250 1041 2291 1105 ⁸,
2323 1043 2368 1094 si
2397 1057 2517 1096 vera
2548 1043 2674 1108 sint,
2703 1043 2806 1098 ltoc
2837 1045 3075 1111 probate,
3099 1045 3240 1115 quod
3265 1047 3330 1099 ad
3360 1045 3590 1116 majores

2009 1138 2222 1185 nostros
2247 1145 2307 1184 ea
2335 1131 2652 1200 detuleritis,
2682 1135 2820 1204 quod
2847 1136 2925 1189 eis
2956 1135 3070 1191 hanc
3095 1152 3220 1191 vera
3244 1137 3591 1192 ostenderitis

2009 1233 2129 1275 esse
2161 1237 2175 1274 :
2202 1222 2342 1291 quod
2371 1223 2414 1276 si
2447 1224 2618 1279 facere
2643 1226 2818 1279 conati
2851 1226 3000 1290 estis,
3045 1242 3142 1281 nec
3169 1228 3391 1296 implere
3420 1229 3595 1296 potui.-

2010 1308 2136 1372 stis;
2174 1309 2403 1380 majores
2453 1312 2600 1381 ipsos
2645 1323 2855 1368 nostros
2900 1315 3175 1384 inquinare
3215 1332 3320 1370 non
3350 1327 3595 1386 poterant

2009 1396 2181 1452 aliena
2206 1399 2430 1455 erimina
2456 1442 2470 1467 ,
2499 1405 2894 1472 quatuvis‘vera
2921 1447 2934 1469 ,
2969 1421 3090 1476 qua:
3121 1407 3221 1461 illis
3251 1423 3353 1461 non
3385 1408 3597 1462 fuerant
3661 1444 3669 1452 -

2010 1488 2411 1547 demonstrata?
2447 1504 2644 1563 quanto
2693 1497 2868 1552 minus
2914 1499 2958 1552 si
3007 1514 3067 1552 ea
3112 1513 3210 1554 nec
3253 1501 3430 1554 conati
3465 1502 3596 1555 estis

2011 1581 2330 1638 ostendere?
2367 1585 2520 1642 Unde
2566 1587 2723 1657 igitur
2751 1589 2816 1643 ad
2870 1605 2966 1644 nos
3015 1605 3188 1646 causae
3235 1591 3374 1646 illius
3416 1603 3598 1647 reatus

2013 1675 2239 1729 transire
2269 1676 2437 1746 potuit
2461 1719 2474 1737 ,
2502 1681 2591 1749 qui
2624 1695 2722 1734 nec
2751 1679 2895 1750 ipsos
2917 1683 3005 1753 qui
3035 1699 3154 1737 cum
3186 1684 3453 1739 Primiano
3472 1695 3596 1740 tunc

2010 1767 2258 1824 vivebant
2286 1771 2554 1840 ignoratus
2584 1782 2636 1827 et
2677 1774 2932 1843 probatus
2977 1777 3237 1831 involvit?
3267 1777 3375 1833 Vos
3420 1778 3596 1847 itaque

2013 1859 2316 1916 scltismatis
2343 1877 2463 1918 reos
2492 1864 2768 1933 perspicua
2798 1865 3019 1920 veritate
3048 1868 3430 1931 convincimus,
3460 1883 3595 1938 quos

2012 1962 2040 2001 a
2070 1950 2222 2004 nobis
2251 1950 2502 2007 fratribus
2535 1955 2726 2010 vestris
2758 1963 2975 2025 propter
3004 1957 3175 2013 aliena
3206 1959 3448 2026 crimina,
3477 1975 3596 2030 qua:

2013 2047 2138 2094 tttnc
2159 2040 2448 2111 majoribus
2475 2044 2672 2099 nostris
2692 2046 3056 2100 demonstrata
3085 2065 3190 2102 non
3213 2059 3354 2114 sunt,
3382 2048 3598 2120 quando

2015 2131 2220 2186 fuerant
2241 2133 2676 2202 demonstranda,
2708 2143 2984 2207 separatos
3011 2139 3273 2194 videmus.
3305 2141 3358 2196 Si
3390 2142 3489 2196 hoc
3509 2140 3599 2210 ju-

2013 2225 2247 2279 s‘issitnc
2267 2225 2489 2281 dictum:
2513 2236 2632 2281 sunt
2660 2228 2861 2298 plebes,
2886 2229 3130 2285 etclerici
3152 2245 3334 2286 eorum
3359 2232 3596 2287 locorum

2013 2331 2078 2371 ex
2107 2317 2295 2386 quibus
2323 2318 2473 2372 erant
2503 2322 2726 2375 trecenti
2755 2330 2809 2375 et
2850 2320 3035 2376 decem
3058 2364 3071 2385 .
3105 2323 3190 2391 qui
3218 2335 3404 2378 contra
3436 2324 3600 2390 Maxi-

2017 2408 2318 2465 mianenscs
2345 2411 2633 2482 Bagaiense
2662 2413 2949 2469 concilium
2978 2415 3330 2470 condiderunt
3359 2433 3372 2470 :
3401 2416 3444 2472 si
3473 2416 3597 2482 hoc,

2016 2500 2266 2571 inquam,
2299 2512 2442 2560 recte
2486 2505 2678 2561 dicturi
2725 2515 2847 2561 sunt
2895 2507 3008 2562 Afri
3055 2505 3233 2574 Afris,
3263 2507 3505 2563 Numidte
3546 2521 3601 2565 et

2016 2591 2178 2648 Mauri
2207 2606 2364 2665 quam
2398 2598 2418 2628 ¹
2449 2597 2656 2666 plurimi
2689 2599 2871 2667 paucis
2896 2598 3183 2669 Byzacenis
3203 2608 3257 2654 et
3281 2599 3593 2656 Provincia-

2017 2682 2182 2746 libus;
2221 2694 2420 2754 quanto
2461 2686 2656 2755 justius
2701 2688 2769 2742 de
2818 2688 3166 2755 criminibus,
3218 2690 3426 2744 etiamsi
3477 2709 3603 2750 vera

2017 2782 2236 2839 essent,
2282 2777 2461 2830 nescio
2503 2790 2728 2845 quorum
2779 2777 2831 2832 in
2877 2777 3056 2833 Africa
3105 2779 3451 2847 traditorum,
3487 2782 3604 2837 lucc

2016 2866 2142 2922 dicit
2165 2866 2305 2923 Afris
2327 2869 2472 2924 orbis
2497 2861 2775 2934 terrarum,
2801 2884 2922 2925 cum
2953 2872 3246 2941 praesertim
3269 2874 3392 2927 etin
3422 2872 3598 2927 Africa

2018 2957 2128 3028 ipsa
2157 2959 2396 3014 Ecclesia
2440 2961 2698 3015 catholica
2740 2971 2881 3016 tanta
2929 2963 3000 3017 sit
3029 2962 3069 3027 ³,
3101 2964 3311 3018 caeteris
3343 2941 3601 3034 gentibus

2018 3050 2234 3102 unitatis
2255 3049 2470 3104 vinculo
2498 3052 2734 3105 sociata?
2761 3052 2888 3120 Qua:
2917 3053 3259 3109 nihilominus
3279 3053 3599 3109 documenta

2016 3139 2174 3194 etiam
2200 3140 2480 3194 criminum
2526 3140 2858 3209 alienomm,
2891 3159 3010 3213 qum
3055 3144 3182 3198 mihi
3226 3160 3368 3199 nunc
3391 3147 3601 3200 conaris

1997 3230 2319 3296 ostendere,
2349 3247 2454 3285 non
2484 3231 2682 3288 faciunt
2711 3247 2831 3288 reos
2865 3234 3085 3304 populos
3109 3235 3378 3304 gentium;
3408 3236 3600 3306 quibus

2017 3322 2230 3391 quando
2271 3321 2570 3379 debuerunt
2599 3341 2702 3380 non
2749 3325 3110 3380 demonstrata
3157 3337 3317 3394 sunt,
3355 3329 3436 3382 vel
3478 3330 3599 3399 quia

2016 3429 2122 3469 non
2149 3415 2374 3469 curastis
2399 3432 2411 3468 :
2442 3431 2470 3470 a
2499 3417 2690 3486 quibus
2711 3417 2919 3486 populis
2946 3414 3000 3471 iu
3032 3417 3130 3472 ltac
3157 3434 3313 3473 causa
3347 3419 3602 3475 inuocem

2017 3504 2178 3573 tibus,
2211 3506 2255 3560 si
2287 3521 2371 3562 me
2400 3506 2761 3563 dissociavero
2785 3549 2800 3574 ,
2833 3524 2928 3578 pro
2959 3507 3270 3564 criminibus
3299 3509 3486 3565 alienis
3514 3501 3598 3564 itf-

2015 3614 2215 3655 nocens
2239 3615 2359 3654 csse
2389 3616 2494 3653 non
2524 3610 2708 3670 potero
2738 3615 2766 3654 a
2797 3600 3058 3671 sacrilego
3086 3601 3308 3656 crimine
3336 3603 3601 3656 schisma-

1996 3691 2102 3744 vtis.
2131 3691 2381 3754 Proinde,
2412 3700 2467 3743 ut
2495 3691 2780 3759 plurimum
2810 3692 3050 3756 valeatis,
3079 3703 3132 3746 et
3162 3707 3302 3746 nunc
3329 3693 3457 3745 mihi
3485 3693 3600 3747 hare

2014 3795 2138 3835 vera
2171 3795 2289 3833 esse
2326 3778 2563 3832 doceatis
2588 3818 2602 3843 ,
2634 3779 2947 3833 damnamus
2995 3789 3234 3835 mortuos
3274 3781 3555 3838 traditores
3581 3825 3595 3849 ,

2015 3872 2168 3926 vivos
2197 3886 2302 3923 non
2329 3869 2628 3924 deserimus
2659 3871 2988 3926 innocentes.

2086 3960 2175 4015 τι).
2217 3959 2346 4016 Cum
2379 3972 2504 4031 ergo
2545 3958 2770 4015 dixerim
2796 4002 2808 4024 ,
2843 3961 2948 4015 Sed
2984 3962 3028 4014 si
3065 3979 3162 4033 qua
3187 3979 3301 4016 vera
3331 3974 3489 4017 essent
3515 3980 3601 4018 ve-

2013 4064 2118 4108 stra
2157 4053 2455 4107 documenta
2478 4096 2493 4120 ,
2528 4051 2768 4108 Ecclesia:
2789 4096 2804 4116 ,
2838 4055 2933 4107 Itoc
2973 4064 3045 4108 est
3069 4095 3084 4120 ,
3126 4055 3388 4109 catholica:
3427 4073 3511 4111 vos
3540 4075 3600 4112 ea

2015 4145 2229 4214 probare
2262 4144 2521 4209 debuisse,
2545 4155 2598 4199 ut
2639 4161 2723 4199 vos
2764 4146 2901 4201 intus
2941 4147 3254 4212 essetis,'t'lli
3278 4158 3442 4203 autem
3462 4163 3596 4221 'qnos

2013 4236 2366 4292 convinceretis
2405 4238 2708 4308 pellerentur
2746 4237 2885 4308 foras
2911 4236 3061 4311 '(Lib.
3101 4241 3116 4294 l
3164 4251 3338 4294 contra
3379 4241 3596 4299 Litteras

2015 4327 2276 4398 Petiliani,
2307 4349 2358 4385 η.
2389 4329 2494 4404 2i)
2527 4350 2538 4385 :
2572 4331 2696 4403 quid
2721 4341 2803 4387 est
2840 4333 2980 4404 quod
3011 4334 3334 4404 respondere
3361 4337 3596 4404 voluisti,

2012 4424 2124 4478 ideo
2150 4423 2515 4494 separationem
2553 4427 2739 4494 [actam
2766 4423 2899 4494 quod
2925 4441 3016 4478 nos
3045 4429 3185 4496 foras
3213 4441 3430 4481 essemus
3473 4445 3596 4498 pro-

2014 4514 2181 4584 pulsi,
2208 4510 2356 4567 vestri
2393 4523 2559 4566 autent
2598 4513 2651 4567 in
2695 4510 2926 4568 Ecclesia
2979 4515 3209 4586 plenaria
3266 4525 3312 4570 et
3348 4519 3598 4574 catholica

2010 4604 2395 4659 remanserunt?
2437 4602 2550 4660 lloc
2577 4603 2623 4659 si
2672 4604 2892 4660 totidem
2935 4607 3110 4661 verbis
3139 4607 3290 4663 vobis
3321 4609 3598 4665 Maximia-

2012 4712 2208 4752 nenses
2234 4696 2448 4762 dicant,
2481 4696 2606 4766 quid
2639 4696 2984 4765 restiondebis
3006 4739 3020 4760 ,
3052 4698 3151 4752 nisi
3184 4713 3282 4753 nec
3317 4700 3484 4755 refelli
3511 4701 3598 4756 di-

2010 4803 2181 4862 gnos,
2213 4789 2308 4845 scd
2352 4799 2557 4844 tantum
2602 4789 2799 4853 rideri,
2832 4789 2922 4860 qui
2969 4789 3260 4845 Ecclesium
3305 4774 3596 4862 plena-riam

2011 4900 2131 4939 cum
2157 4883 2420 4953 episcopis
2441 4881 2550 4952 jam
2583 4883 2756 4934 minus
2781 4895 2936 4949 quam
2969 4888 3182 4936 centum
3207 4923 3223 4948 ,
3257 4894 3443 4938 contra
3476 4893 3598 4937 tan-

2013 4985 2118 5031 tam
2167 4975 2600 5028 numerositatem
2645 4987 2709 5025 ac
2756 4969 3186 5039 multitudinem,
3237 4976 3320 5028 cui
3369 4975 3598 5044 amplius

2011 5084 2170 5138 quam
2216 5069 2435 5122 trecenti
2482 5064 2806 5135 przesident,
2834 5063 3065 5120 audeant
3101 5065 3368 5122 affirmare
3415 5085 3430 5122 :
3475 5083 3596 5122 cum

2012 5179 2108 5234 per
2131 5178 2317 5216 omnes
2347 5161 2537 5216 Africa:
2567 5161 2809 5232 regiones
2839 5162 2924 5217 ubi
2969 5160 3412 5216 Maximianenses
3441 5171 3594 5228 sunt,

2013 5271 2118 5311 non
2139 5255 2279 5309 desit
2303 5255 2460 5310 etiam
2488 5255 2794 5308 communio
2819 5250 3108 5310 Primiani:
3141 5271 3236 5325 per
3260 5254 3393 5309 alias
3418 5265 3594 5310 autem

2077 5406 2091 5438 ι
2120 5402 2255 5465 Editi,
2278 5401 2424 5465 etiam
2444 5407 2645 5465 mortuis
2674 5414 2692 5452 :
2717 5409 2770 5452 et
2794 5401 2937 5465 paulo
2976 5408 3083 5465 post
3130 5399 3372 5465 ferebant,
3399 5401 3595 5452 demon-

2010 5473 2162 5518 strata
2191 5463 2476 5526 hominibus,
2500 5463 2545 5516 si
2565 5477 2623 5515 ea
2644 5477 2732 5515 nec
2756 5461 2913 5515 conati
2933 5461 3047 5515 estis
3060 5461 3326 5514 ostendere.
3352 5465 3599 5514 amendati

2010 5535 2424 5656 8"?Ei5ti’tfiibyts
2443 5595 2573 5656 noue
2596 5595 2703 5637 Mss.
2729 5593 2784 5636 At
2799 5584 3074 5656 edim-Afri
3099 5585 3243 5656 {In},
3264 5585 3484 5639 Nde
3500 5589 3595 5638 Νυέ

2013 5651 2174 5707 mittis,
2204 5649 2388 5712 Mauris
2403 5649 2575 5706 Mauri,
2603 5661 2745 5712 quam
2760 5646 2960 5706 plurimi
2981 5646 3167 5712 paucis,
3193 5653 3290 5698 etc.

2082 5716 2102 5746 ³
2123 5718 2188 5762 tta
2210 5718 2314 5761 uss.
2334 5711 2450 5762 [diti
2475 5724 2610 5773 vero,
2629 5717 2759 5761 tanta
2780 5712 2857 5762 sit.

2898 5791 3317 5870 (Mr—ueni!)
