4024 6196
370 411 470 465 58‘;

373 523 540 577 multo
583 513 759 586 plures
788 510 1104 576 latioresque
1134 497 1324 555 Africa:
1370 500 1543 563 partes
1586 500 1748 542 unum
1787 480 1948 536 Maxi-

373 613 697 666 tuiuueusem
724 615 880 656 nemo
907 594 1166 668 reperiat,
1195 588 1296 644 nisi
1322 587 1406 640 vix
1447 583 1581 636 forte
1609 572 1950 648 peregrinan-

376 699 668 766 tem?'Qtt0
698 694 853 765 igitur
881 706 973 745 ore
1019 695 1202 742 contra
1243 676 1543 736 Ecclesium
1592 687 1622 725 a
1663 667 1793 724 solis
1835 673 1953 718 ortu

371 774 541 862 usque
567 790 632 844 ad
671 800 916 843 occasura
949 779 1273 852 promissam
1313 786 1443 826 voce
1471 763 1719 824 Veritatis
1748 771 1802 815 et
1831 756 1953 812 red-

376 849 560 946 ditam,
579 881 744 936 audes
775 849 1063 932 Ecclesium
1087 867 1376 942 plenariam
1401 861 1581 917 dicere
1618 863 1819 925 partem
1852 849 1958 904 Do-

380 978 519 1041 nati;
559 991 678 1030 cum
719 973 832 1042 ipsa
880 983 984 1022 non
1034 965 1100 1018 sit
1143 959 1241 1016 nisi
1273 955 1465 1012 Africa:
1489 994 1504 1018 ,
1543 949 1633 1004 illa
1669 959 1797 1000 vero
1837 956 1958 996 cum

378 1079 455 1125 tot
498 1034 753 1137 (rentibus
788 1063 857 1116 sit
897 1069 952 1114 et
998 1051 1224 1111 Africae?
1265 1047 1372 1104 Sed
1403 1042 1648 1100 videlicet
1690 1037 1787 1092 ista
1817 1034 1956 1087 illam

379 1160 523 1216 misit
550 1155 726 1214 foras?
752 1153 846 1213 Ne,
872 1163 1076 1220 qumso,
1106 1155 1163 1197 tu
1190 1143 1344 1197 istam
1368 1148 1551 1191 vocem
1577 1129 1752 1185 mittas
1781 1125 1922 1180 foras
1946 1139 1958 1173 :

380 1253 431 1305 in
463 1251 593 1305 facie
619 1257 702 1304 est
731 1246 875 1298 frons
900 1237 1130 1294 hominis
1153 1278 1168 1299 ,
1195 1248 1301 1286 non
1344 1227 1442 1282 sub
1471 1225 1715 1279 humero.
1745 1215 1963 1284 Ergone

386 1343 484 1396 ista
510 1339 653 1393 illam
681 1334 821 1390 misit
842 1329 1016 1386 foras?
1046 1326 1162 1382 Non
1187 1322 1353 1386 vides,
1376 1318 1419 1371 si
1439 1315 1526 1369 illa
1549 1310 1772 1367 mittitur
1795 1306 1959 1365 foras,

384 1431 572 1499 dequa
605 1427 734 1482 dicit
764 1421 1019 1477 Dominus
1046 1415 1110 1468 ad
1137 1410 1427 1470 Abraham,
1461 1403 1525 1458 In
1557 1400 1741 1456 semine
1769 1405 1855 1448 tuo
1885 1392 1967 1446 be-

386 1490 678 1573 nedicentur
697 1527 869 1567 onmes
899 1516 1064 1580 gentes
1095 1500 1244 1578 (Gen.
1274 1513 1382 1552 χχιι
1408 1539 1422 1562 ,
1451 1493 1585 1562 18);
1615 1490 1680 1544 de
1709 1501 1808 1557 qua
1837 1500 1968 1553 pra:-

384 1613 580 1667 dictinn
609 1607 797 1677 legitur
819 1643 836 1668 ,
863 1575 1005 1671 quod
1034 1575 1126 1650 erit
1157 1595 1208 1648 in
1237 1586 1514 1644 novissimis
1544 1583 1715 1636 diebus
1751 1575 1967 1644 manife-

386 1714 492 1757 stus
517 1716 660 1755 mons
699 1695 898 1750 Domini
924 1735 939 1759 ,
968 1699 1013 1746 et
1055 1689 1247 1742 venient
1285 1683 1351 1735 ad
1391 1694 1504 1732 eum
1531 1675 1773 1727 universa:
1805 1675 1972 1738 gentes

393 1793 544 1857 (lsai.
575 1808 629 1852 II,
655 1788 723 1858 2)
749 1806 764 1852 ;
793 1788 860 1842 de
885 1800 987 1854 qua
1012 1779 1320 1851 prmtlictnm
1347 1770 1570 1830 canitur,
1601 1764 1973 1819 Commemora-

391 1891 573 1940 buntur
591 1892 635 1935 et
654 1885 1000 1934 convertentur
1017 1871 1085 1925 ad
1111 1867 1377 1921 Dominum
1397 1856 1616 1913 universi
1643 1855 1770 1923 ﬁnes
1799 1861 1965 1909 terrm,

395 1989 442 2028 et
472 1973 756 2029 adorabunt
778 1972 830 2022 in
861 1969 1130 2034 conspectu
1155 1959 1262 2028 ejus
1286 1955 1530 2008 universa:
1551 1945 1729 2018 patria:
1753 1940 1975 2014 gentium

395 2066 565 2134 (Psal.
585 2078 696 2128 xxi,
711 2061 780 2114 28
797 2059 816 2129 )
835 2075 849 2122 ;
873 2055 940 2111 de
956 2030 1056 2123 qua
1084 2047 1400 2120 prmdicatur
1415 2039 1555 2111 quod
1577 2039 1629 2091 in
1652 2044 1758 2088 toto
1780 2030 1976 2087 mundo

394 2121 757 2210 l‘ructilicet'et
796 2121 1003 2204 crescat
1043 2139 1272 2214 (Coloss.
1301 2151 1338 2199 ι,
1369 2132 1472 2204 6);
1519 2143 1676 2198 quam
1723 2125 1837 2193 ipse
1869 2121 1978 2214 (Do-

396 2247 574 2301 minus
601 2243 730 2298 dicit
755 2237 964 2295 dilatari
1004 2213 1102 2303 per
1126 2243 1315 2287 omnes
1358 2231 1580 2296 gentes,
1609 2213 1978 2285 incipientibus

395 2340 462 2390 ab
489 2335 782 2392 Jerusalem
816 2329 965 2398 (Luc.
997 2338 1145 2386 xxrv,
1179 2317 1282 2392 47)
1314 2336 1330 2374 :
1361 2331 1489 2380 non,
1522 2313 1757 2381 inquam,
1788 2305 1937 2359 vides
1962 2344 1976 2367 ,

397 2428 439 2481 si
470 2427 582 2481 lucc
622 2423 847 2476 mittitur
878 2418 1018 2472 foras
1042 2456 1057 2478 ,
1086 2427 1203 2468 eam
1242 2425 1364 2466 eum
1396 2407 1512 2475 lege
1540 2400 1668 2465 Dei,
1696 2413 1816 2453 cum
1846 2395 1977 2448 Pro-

399 2517 592 2589 phetis,
619 2528 740 2569 cum
769 2509 1029 2572 Psalmis,
1051 2519 1172 2560 cum
1202 2497 1492 2569 Apostulis,
1519 2508 1639 2548 cum
1668 2489 1782 2560 ipso
1810 2486 1982 2541 Evan-

399 2577 537 2675 g'zi-Iio
563 2649 575 2670 .
608 2618 727 2660 cum
778 2611 890 2656 toto
939 2596 1171 2667 denique
1215 2589 1560 2647 Testamento
1604 2591 1658 2637 et
1703 2593 1825 2634 cum
1867 2577 1983 2646 ipso

400 2695 614 2753 hatrede
637 2691 774 2747 mitti
807 2689 948 2744 foras
966 2687 992 2740 ?

469 2787 693 2846 CAPUT
728 2783 862 2840 LIX.
883 2811 956 2824 ——
979 2776 1132 2848 Quod
1162 2773 1309 2830 nefas
1335 2771 1377 2826 si
1404 2766 1654 2830 attendis,
1679 2763 1724 2818 si
1758 2759 1984 2832 perhor-

400 2883 589 2948 rescis,
611 2879 654 2934 si
677 2873 1044 2934 eontremiseis
1067 2887 1084 2934 ;
1109 2867 1230 2922 vide
1257 2865 1344 2920 ubi
1374 2861 1508 2921 sitis.
1536 2866 1588 2912 et
1612 2855 1781 2910 redite
1807 2853 1982 2907 intro:

402 2976 650 3044 quoniam
681 2983 787 3023 non
817 2963 1036 3020 misistis
1057 3000 1077 3028 ,
1123 2955 1219 3013 sed
1264 2969 1362 3008 vos
1405 2949 1580 3021 potius
1615 2946 1800 3000 existis
1825 2943 1984 2995 foras.

407 3028 537 3120 ‘l'ide
587 3059 713 3132 quid
763 3057 919 3113 faciat
962 3052 1204 3108 animosa
1251 3041 1464 3099 etneitas
1515 3043 1554 3092 ¹.
1600 3035 1800 3092 Dicitur
1846 3028 1987 3100 quod

408 3117 756 3210 Maximianus
780 3144 1106 3201 Primianum
1134 3135 1340 3190 miserit
1360 3130 1521 3191 foras,
1551 3136 1603 3181 et
1631 3124 1831 3180 ridetur
1864 3139 1878 3176 :
1909 3117 1990 3172 di-

572 3238 710 3312 quud
740 3249 861 3307 pars
890 3229 1076 3287 Donati
1103 3227 1314 3282 labores
1344 3218 1718 3290 Apostolorum
1751 3227 1843 3282 per
1867 3207 1989 3265 uni-

408 3297 619 3390 versum
665 3325 920 3384 mundqu
975 3315 1352 3374 fructificantcs
1399 3319 1453 3364 et
1500 3312 1800 3362 crescentes
1846 3297 1994 3355 misit

410 3427 577 3492 foras,
599 3432 654 3478 et
679 3435 782 3476 non
807 3409 1156 3473 eshorreturl

607 3512 684 3568 Ne
711 3506 836 3581 quid
880 3517 1012 3560 sane
1052 3496 1248 3555 fallaris
1294 3502 1386 3548 aut
1434 3486 1582 3545 fallas
1606 3483 1898 3556 ,quoniam
1941 3479 1992 3533 id

413 3605 554 3677 quod
585 3612 689 3659 tam
721 3598 911 3656 crebro
934 3584 1368 3650 commemoravi,
1395 3597 1499 3636 non
1527 3577 1809 3633 advertens
1833 3569 1916 3624 vel
1943 3578 1995 3624 te

417 3696 713 3755 advenisse
739 3687 1101 3750 dissimulans,
1129 3679 1332 3736 dixisse
1361 3689 1446 3730 me
1483 3670 1740 3733 affirmas,
1767 3681 1867 3718 non
1894 3677 1998 3716 esse

419 3796 668 3864 pumeula
697 3780 970 3845 dominica,
997 3789 1149 3843 quant
1180 3785 1273 3843 ego
1299 3764 1578 3822 Ecclesium
1602 3756 1901 3814 catholicam
1926 3751 1998 3805 sic

417 3881 609 3937 asserui
629 3921 643 3942 ,
677 3871 924 3948 quomodo
953 3885 1065 3924 eam
1091 3879 1224 3921 nunc
1261 3859 1434 3916 asserit
1458 3858 1478 3888 '
1513 3854 1776 3924 Scriptura
1807 3847 1995 3901 divina.

422 3975 707 4030 Fruineuta
733 3965 845 4020 sola
875 3963 927 4017 ln
954 3959 1147 4014 horreo
1171 3951 1528 4008 recondantur
1548 3985 1562 4009 ,
1594 3956 1736 3996 nunc
1759 3934 2000 3994 Ecclesia

421 4077 670 4136 tanquam
693 4073 816 4114 area
847 4069 971 4110 cum
999 4049 1148 4120 palea
1174 4045 1468 4100 trituratur.
1499 4035 1611 4090 lloc
1637 4041 1717 4088 est
1741 4029 1883 4101 quod
1907 4042 2001 4082 vos

423 4120 575 4224 urget
600 4166 665 4207 ac
690 4146 878 4221 premit
904 4186 920 4211 ,
951 4150 1006 4198 et
1032 4140 1130 4195 nisi
1158 4129 1494 4205 corrigamiui
1527 4123 1815 4194 exstinguit
1841 4138 1854 4175 :
1881 4120 2000 4190 quia

426 4245 580 4316 hujus
607 4255 745 4296 arcte
771 4237 979 4308 paleam
1005 4273 1020 4296 ,
1051 4226 1192 4300 quod
1233 4239 1328 4280 vos
1355 4235 1475 4278 esse
1501 4211 1834 4272 monstrastis
1856 4251 1870 4274 ,
1896 4223 2001 4263 non

423 4299 519 4390 vos
551 4346 704 4402 posse
732 4299 957 4383 tolerare
987 4299 1216 4380 dixistis,
1251 4321 1526 4385 purgatum
1561 4307 1879 4362 frumentum
1906 4299 2006 4352 im-

428 4426 690 4498 pudenter
717 4433 811 4472 vos
838 4428 956 4470 esse
985 4407 1210 4465 [insistis
1239 4423 1252 4459 :
1285 4419 1346 4459 ac
1380 4403 1456 4456 sic
1484 4415 1547 4455 ex
1577 4397 1687 4465 ipsa
1713 4406 1832 4447 area
1856 4389 2006 4442 vanis

428 4480 706 4574 calumniis
737 4502 1054 4564 turbulentis
1079 4499 1100 4531 ⁸
1125 4540 1139 4565 ,
1173 4507 1420 4565 tanquam
1465 4487 1764 4545 levissimus
1806 4480 2008 4536 triturae

434 4605 606 4675 pulvis
636 4616 731 4672 per
761 4598 916 4653 inane
941 4592 1181 4650 sublatus
1206 4629 1221 4651 ,
1252 4593 1374 4641 ante
1417 4579 1762 4637 novissimum
1787 4571 2012 4628 ventila-

435 4695 596 4752 tionis
648 4701 854 4761 tempus
902 4683 1109 4741 existis.
1143 4679 1258 4736 \‘ox
1303 4673 1533 4743 denique
1577 4663 2008 4734 arrogantissima

432 4801 590 4857 a'que
636 4781 916 4837 falsissima
958 4783 1135 4830 vestra
1183 4777 1267 4824 est
1313 4765 1434 4830 illa,
1468 4777 1573 4817 non
1625 4768 1843 4821 nostra,
1878 4752 2013 4821 Quid

435 4844 593 4950 pitied?
617 4891 728 4929 cum
773 4875 1022 4944 frumento
1067 4861 1291 4936 (Jercm.
1325 4870 1474 4916 mn,
1504 4849 1644 4919 28)?
1673 4846 1811 4918 quod
1839 4844 1905 4898 de
1928 4857 2015 4897 so-

437 4970 594 5024 mniis
629 4978 886 5019 vanorum
920 4968 976 5013 et
1019 4947 1429 5010 revelationibus
1459 4941 1836 5014 prOphetarum
1863 4935 2015 4991 ,ιρι-ρο

443 5061 570 5115 tuias
593 5059 663 5112 ait
686 5053 760 5128 (α)
787 5071 800 5106 :
824 5062 879 5106 et
906 5059 1154 5116 tanquam
1179 5041 1248 5097 de
1275 5039 1427 5094 nobis
1449 5045 1503 5090 et
1530 5032 1679 5089 vobis
1699 5030 1895 5085 dictum
1927 5027 2013 5089 sit,

441 5147 819 5207 l’armenianus
839 5141 946 5195 hoc.
960 5135 1161 5192 scribit.
1185 5133 1375 5198 Quaere
1395 5139 1605 5199 quoque
1625 5138 1654 5174 a
1673 5118 2015 5176 Maximiano:

441 5244 568 5299 nihil
598 5237 740 5296 aliud
771 5236 837 5289 de
863 5249 922 5288 se
950 5226 1095 5286 dicit.
1128 5225 1244 5282 Non
1283 5234 1365 5279 est
1400 5221 1542 5276 enim
1569 5218 1704 5271 alius
1733 5215 1906 5282 impia:
1934 5228 2022 5265 sn-

443 5336 636 5406 pcrbie
664 5341 840 5386 tumor
858 5322 888 5356 ’⁸
915 5320 1053 5394 apud
1085 5331 1270 5373 omnes
1309 5314 1399 5385 qui
1442 5325 1501 5366 se
1529 5324 1560 5365 a
1595 5306 1790 5364 Christi
1823 5305 2022 5359 unitate

507 5489 520 5518 ι
551 5495 650 5536 nuo
671 5488 800 5539 Mss,
823 5471 1115 5539 animositas.
1138 5465 1356 5539 σακτῐιαεέ
1424 5531 1461 5539 __

506 5549 526 5577 ε
551 5517 1248 5595 ζῖ“ἑΐιῖῐέἷιὶίῑιὶῖ’ὧόἱιέὲέ.“Αιίι
1275 5538 1394 5577 vero
1424 5531 1530 5574 ius.
1573 5521 1683 5572 cum
1719 5517 1880 5577 editis,
1917 5526 2024 5566 eam

446 5620 536 5659 non
573 5601 760 5656 asserit.
1161 5651 1172 5659 _
1223 5649 1236 5659 _
1302 5646 1332 5659 ι,

514 5649 536 5697 ἶ
565 5649 920 5728 ι’[ἷῖῖιιῖίιιιεὼιῃ
931 5667 1062 5728 ιιεε..ε
1077 5649 1347 5728 turbulenti.

511 5730 529 5756 ι
551 5708 621 5771 sic
639 5708 746 5774 iis;
756 5708 1120 5780 wtit—Velititi,alius
1136 5711 1264 5778 ipius
1285 5708 1521 5775 superbia:
1540 5714 1714 5757 tumor.
1787 5735 1791 5744 .

512 5808 585 5866 (τι)
608 5810 774 5851 contra
793 5803 1044 5866 Epistolam
1067 5796 1379 5856 rarmetilanl,
1403 5793 1486 5842 lib.
1511 5794 1562 5854 '5,
1581 5804 1627 5840 ιι.
1664 5789 1733 5838 Π·
1747 5787 1816 5836 l9.

1117 381 1387 442 CONTRA
1426 366 1857 437 οιιεειῖοκιωι
1903 361 1984 417 [)0

2098 359 2352 429 “STAM,
2398 359 2456 416 S.
2499 351 2862 414 AUGUSTINI
3132 357 3137 364 ‘
3547 343 3645 398 58.3

2065 477 2388 540 discindunt,
2419 488 2574 544 quam
2595 486 2653 526 se
2680 471 2822 524 solos
2846 465 3171 522 Christianos
3197 475 3317 516 esse
3338 459 3559 530 jactare,
3585 468 3637 511 et

2062 567 2313 622 damnare
2330 577 2574 630 emteros,
2593 579 2694 618 nou
2710 561 2876 616 solum
2899 559 3088 629 quibus
3109 569 3292 611 eorum
3310 553 3377 606 lis
3393 561 3515 605 uota
3537 561 3638 616 est,

2066 671 2248 712 verum
2280 657 2438 711 etiam
2466 655 2656 725 quibus
2684 665 2868 706 eorum
2909 662 3008 702 nec
3047 660 3241 700 nomen
3273 641 3510 696 auditum
3539 649 3638 694 est.

2134 746 2358 802 CAPUT
2381 744 2657 800 LXX-72.
2683 741 2813 796 Nam
2837 737 2962 793 illud
2990 752 3148 808 quam
3167 735 3434 804 eleganter
3463 731 3552 784 tibi
3573 730 3648 782 vi-

2063 853 2156 893 sus
2207 852 2267 892 es
2309 837 2508 901 dicere,
2563 833 2702 904 quod
2753 847 2872 887 cum
2917 845 3014 900 ego
3060 828 3126 882 de
3173 826 3514 880 Testamento
3556 821 3652 874 Dei

2065 926 2316 981 dixissem
2343 966 2358 990 ,
2417 923 2567 978 Nunc
2611 921 2955 990 undecumque
3003 917 3254 988 prolatum
3295 922 3368 968 est
3419 911 3651 964 recitetur

2068 1019 2202 1090 (Lib.
2229 1021 2251 1073 1
2285 1027 2458 1072 contra
2478 1017 2689 1070 Litteras
2720 1011 2978 1078 Petiliani,
3007 1027 3058 1063 η.
3087 1008 3199 1075 9.5):
3223 1000 3652 1075 respondendum

2071 1111 2284 1180 putasti,
2315 1109 2450 1180 quod
2470 1109 2582 1180 jam
2611 1107 2705 1158 hoc
2726 1103 3088 1176 confessionem
3110 1097 3333 1152 criminis
3355 1092 3532 1146 habeat
3557 1131 3571 1155 ,
3605 1099 3650 1143 et

2069 1203 2179 1256 ideo
2203 1201 2430 1265 dixerim,
2464 1200 2502 1252 Α
2531 1212 2840 1270 quocumque
2877 1194 3127 1264 prolatum
3155 1197 3227 1242 est
3252 1186 3504 1248 recitatur,
3528 1182 3644 1251 quia

2071 1292 2210 1362 apud
2235 1309 2312 1346 me
2339 1299 2553 1356 constat,
2583 1298 2626 1341 ct
2649 1305 2679 1340 a
2704 1287 2886 1340 nostris
2911 1291 3170 1344 exustum,
3195 1288 3241 1332 et
3266 1294 3296 1330 a
3318 1275 3454 1330 vobis
3482 1289 3652 1326 scrva-

2073 1397 2177 1440 tum
2216 1395 2364 1457 atque
2401 1383 2672 1453 prolatum.
2715 1380 2789 1434 Ita
2825 1391 2950 1432 vero
2985 1376 3030 1429 si
3069 1372 3293 1426 veritate
3323 1367 3588 1426 confisus,
3619 1379 3649 1416 a

2073 1477 2391 1532 Maximiano
2417 1474 2547 1528 velis
2577 1470 2798 1542 proferri
2823 1468 3060 1524 codicem
3091 1465 3265 1534 Legis,
3299 1459 3435 1514 unde
3465 1459 3656 1512 recites
3741 1524 3743 1526 η

2076 1570 2281 1627 Dathan
2305 1609 2318 1633 ,
2347 1566 2551 1631 Chore,
2575 1573 2628 1618 et
2658 1563 2858 1617 Abiron
2879 1600 2894 1625 ,
2920 1557 3008 1628 qui
3038 1556 3140 1611 vivi
3183 1564 3319 1607 terra
3352 1549 3660 1604 dehiscente

2076 1658 2336 1714 submersi
2357 1665 2478 1711 aunt
2509 1653 2694 1726 (Nam.
2725 1668 2833 1716 xvi,
2863 1648 2977 1719 3i),
3000 1645 3194 1717 quibus
3217 1644 3373 1696 istum
3403 1637 3659 1707 Bagaieu-

2078 1752 2152 1806 sis
2177 1749 2438 1805 sententia
2460 1743 2804 1813 comparavit,
2837 1754 2940 1794 non
2969 1752 3034 1792 eo
3061 1734 3267 1789 firmius
3302 1739 3487 1786 contra
3511 1727 3658 1780 illum

2080 1841 2407 1904 recitahitur,
2441 1838 2561 1907 quia
2588 1837 2638 1889 iu
2682 1834 2797 1903 ejus
2826 1831 3012 1886 codice
3041 1826 3324 1897 reperitur.
3353 1820 3503 1888 Quod
3536 1831 3665 1886 ergo

2077 1933 2208 1996 dixi,
2236 1930 2607 1986 Testamentum
2636 1924 2980 1989 undecumque
3016 1920 3268 1990 prolatum
3291 1924 3363 1969 est
3396 1913 3663 1970 recitatur;

2074 2041 2186 2079 non
2207 2034 2290 2079 est
2315 2021 2579 2078 confessio
2603 2017 2862 2081 criminis,
2892 2014 2985 2070 sed
3016 2012 3204 2068 fiducia
3231 2008 3492 2064 veritatis.
3516 2002 3655 2070 Quid

2081 2118 2222 2171 enim
2253 2112 2610 2175 commodius,
2639 2109 2764 2178 quid
2805 2105 3132 2176 praeclarius,
3161 2117 3318 2174 quam
3349 2107 3408 2154 ut
3429 2139 3446 2166 ,
3471 2098 3515 2151 si
3544 2093 3659 2148 fieri

2083 2214 2278 2277 potest,
2309 2203 2448 2273 quod
2471 2202 2724 2256 adversus
2741 2207 2792 2254 te
2815 2197 3041 2267 legatur,
3065 2202 3166 2248 ate
3194 2186 3525 2262 proferatur?
3551 2186 3667 2240 Non

2082 2299 2205 2369 quia
2234 2311 2332 2366 ego
2361 2310 2463 2348 nou
2491 2293 2661 2352 habeo
2691 2306 2785 2360 pro
2823 2304 2910 2344 me
2937 2307 2949 2342 :
2979 2286 3071 2341 sed
3104 2283 3308 2338 facilior
3333 2290 3415 2337 est
3439 2277 3666 2334 certior-

2085 2401 2189 2457 que
2208 2384 2491 2450 convictio,
2511 2382 2572 2436 ἰιι
2597 2391 2648 2434 ιιι
2678 2379 2874 2433 habeas
2901 2385 3088 2430 contra
3118 2383 3168 2428 te
3193 2415 3206 2439 ,
3235 2370 3374 2442 quod
3406 2384 3499 2441 pro
3520 2377 3592 2434 te,
3623 2368 3670 2419 si

2085 2476 2392 2547 corrigaris,
2423 2473 2532 2527 fiat.

2157 2569 2245 2624 75.
2285 2565 2482 2621 Contra
2519 2561 2916 2616 universitatem
2969 2571 3096 2612 vero
3143 2553 3395 2608 Ecclesiae
3447 2550 3568 2622 quia
3620 2557 3671 2602 to

2086 2658 2265 2716 inania
2292 2664 2533 2725 repetere
2559 2651 2730 2717 libuit,
2759 2651 2918 2706 etiam
2944 2649 3032 2703 hic
3060 2647 3150 2701 tibi
3178 2642 3476 2714 re5pondeo
3506 2658 3519 2694 :
3550 2641 3668 2695 Sic-

2089 2759 2146 2804 ut
2175 2749 2227 2802 in
2266 2748 2440 2802 Africa
2480 2759 2602 2814 pars
2629 2742 2816 2796 Donati
2847 2754 2940 2794 vos
2971 2738 3099 2792 estis
3119 2778 3132 2800 ,
3165 2751 3195 2789 a
3237 2733 3425 2803 quibus
3453 2739 3672 2801 apparet

2091 2851 2292 2911 partem
2331 2837 2632 2894 Maximiani
2662 2833 2891 2890 schisma
2918 2829 3108 2887 fecisse
3133 2871 3148 2895 ,
3177 2827 3424 2899 quoniam
3457 2841 3558 2878 non
3584 2833 3670 2876 est

2093 2947 2188 3001 per
2208 2929 2438 2984 Africam
2467 2941 2570 2997 qua
2607 2941 2703 2982 vos
2731 2925 2893 2991 estis,
2925 2937 3019 2976 vos
3065 2929 3240 2974 autem
3281 2927 3334 2972 et
3359 2918 3410 2970 in
3437 2914 3668 2985 regioni-

2095 3019 2193 3073 bus
2224 3019 2274 3073 in
2303 3017 2494 3088 quibus
2534 3016 2622 3070 illa
2649 3022 2730 3070 est
2763 3029 2868 3068 non
2916 3011 3148 3074 dcestis;
3181 3023 3304 3061 nam
3331 3006 3500 3062 etalia
3523 3003 3671 3058 schi-

2094 3119 2262 3165 smata
2289 3110 2422 3163 facta
2451 3115 2574 3162 sunt
2601 3122 2667 3161 es
2696 3105 2876 3168 vobis,
2907 3103 3046 3157 sicut
3081 3101 3402 3170 ltogateuses
3433 3096 3487 3149 in
3523 3095 3671 3149 Mau-

2096 3201 2285 3256 ritania
2330 3197 2654 3254 Ctesareensi
2681 3239 2696 3262 ,
2716 3195 3056 3251 Urbanenses
3079 3190 3131 3245 iu
3161 3188 3385 3260 quadam
3415 3184 3675 3240 Numidia:

2096 3290 2352 3362 particula
2373 3330 2389 3357 ,
2416 3299 2469 3344 et
2487 3288 2588 3342 alia
2614 3285 2863 3342 nonnulla
2891 3301 2905 3337 :
2937 3282 3028 3338 sed
3058 3281 3145 3335 ubi
3182 3279 3396 3349 prmcisa
3425 3283 3568 3341 sunt,
3601 3275 3676 3328 ibi

2096 3391 2486 3442 remanserunt.
2517 3381 2579 3436 Et
2608 3379 2730 3433 hinc
2752 3377 2892 3432 enim
2917 3381 3135 3444 apparet
3159 3387 3251 3425 eus
3281 3387 3307 3421 ει
3331 3368 3480 3423 vobis
3505 3366 3674 3420 exiis-

2097 3490 2176 3542 se,
2205 3489 2310 3528 non
2334 3488 2428 3526 vos
2457 3471 2525 3523 ab
2557 3467 2704 3537 ipsis,
2732 3466 2855 3537 quia
2875 3478 2971 3519 vos
2995 3463 3153 3518 etiam
3184 3459 3238 3515 in
3255 3459 3336 3513 his
3365 3458 3519 3512 terris
3547 3454 3677 3509 estis

2100 3567 2186 3621 ubi
2220 3566 2316 3635 ipsi
2347 3573 2472 3618 sunt
2501 3578 2513 3612 :
2551 3561 2624 3614 illi
2647 3567 2822 3613 autem
2847 3567 3244 3628 quaquaversus
3275 3565 3366 3604 vos
3392 3549 3538 3610 estis,
3572 3563 3677 3599 non
3747 3523 3762 3532 κ

2100 3659 2200 3714 nisi
2229 3658 2360 3712 forte
2388 3653 2785 3726 peregrinantes
2813 3649 3171 3705 inveniuntur.
3205 3644 3294 3699 Sic
3321 3639 3550 3696 Ecclesia
3583 3653 3676 3692 ca-

2103 3752 2319 3814 tholica,
2345 3763 2484 3820 qum,
2512 3747 2649 3801 sicut
2672 3745 2746 3798 ait
2767 3743 3085 3814 Cyprianus,
3107 3753 3274 3791 ramos
3299 3750 3415 3789 suos
3441 3748 3530 3802 per
3556 3731 3679 3783 uni-

2102 3862 2294 3902 versam
2319 3854 2502 3897 terram
2533 3839 2677 3911 capia
2701 3835 2940 3891 ubertatis
2965 3831 3184 3887 extendit
3207 3827 3338 3902 (Lib.
3369 3825 3432 3879 de
3462 3822 3680 3892 Simpli-

2103 3938 2250 3992 citate
2292 3933 2628 3988 Prtetatorum
2653 3968 2668 3994 ,
2708 3943 2795 3982 seu
2824 3925 2887 3980 de
2935 3922 3140 3978 Unitate
3180 3915 3470 3985 Ecclesiae),
3488 3914 3686 3982 ubique

2104 4028 2337 4084 sustinet
2366 4021 2613 4078 scandala
2643 4033 2827 4075 eorum
2853 4015 2942 4087 qui
2984 4013 3051 4067 ab
3078 4012 3164 4067 illa
3190 4011 3318 4066 vitio
3343 4007 3570 4063 maxime
3591 4020 3685 4058 su-

2107 4119 2304 4191 perbia:
2330 4113 2689 4187 pratciduntur
2708 4151 2723 4175 ,
2752 4108 2975 4163 aliorum
3002 4104 3108 4169 hic,
3133 4102 3355 4156 aliorum
3382 4097 3506 4152 alibi
3527 4106 3689 4166 atque

2107 4188 2267 4275 alibi;
2295 4211 2383 4279 qui
2411 4214 2589 4277 partes
2619 4218 2740 4258 suas
2769 4205 3098 4256 ostentantes
3123 4193 3324 4255 dicunt,
3356 4189 3486 4243 Ecce
3514 4188 3594 4240 hic
3615 4198 3688 4238 est

2109 4301 2367 4364 Christus,
2398 4313 2509 4352 ecce
2537 4295 2644 4348 illic
2671 4309 2688 4348 :
2713 4292 2903 4361 quibus
2949 4302 3015 4343 ne
3044 4285 3290 4342 credatur
3316 4282 3427 4351 ipse
3459 4292 3691 4350 pramo-

2111 4393 2223 4447 uuit
2254 4390 2461 4464 (Matth.
2496 4401 2640 4450 χειν,
2670 4383 2788 4454 ‘25).
2812 4381 2926 4435 Non
2954 4378 3098 4434 enim
3129 4373 3418 4430 ostendunt
3447 4370 3584 4424 viam
3623 4367 3694 4422 de

2112 4499 2215 4556 qua
2243 4463 2614 4554 prophetatum
2641 4486 2724 4532 est
2765 4475 2818 4529 in
2860 4471 3100 4534 Psalmis,
3137 4468 3207 4524 Ut
3235 4479 3594 4537 cognoscamus
3640 4463 3694 4514 in

2115 4586 2248 4630 terra
2297 4574 2427 4628 viain
2476 4581 2615 4624 tuam
2637 4609 2651 4634 ,
2678 4569 2730 4622 in
2767 4565 2996 4621 omnibus
3030 4562 3257 4634 gentibus
3296 4560 3519 4613 salutare
3554 4565 3698 4608 tuum

2116 4663 2290 4735 (Psaf.
2315 4678 2434 4718 LXVI
2457 4702 2472 4727 ,
2497 4662 2550 4730 '5)
2581 4678 2592 4714 :
2622 4658 2716 4714 sed
2766 4672 2878 4711 sua;
2915 4651 3304 4710 communionis
3333 4649 3558 4719 quisque
3607 4661 3696 4699 re-

2117 4757 2319 4826 giones,
2349 4752 2480 4808 Ecce
2503 4751 2604 4815 hic,
2633 4763 2743 4803 ecce
2787 4747 2911 4802 illic.
2948 4743 3044 4800 Ubi
3090 4743 3237 4798 enim
3264 4739 3460 4794 cadunt
3502 4736 3571 4790 ibi
3615 4751 3701 4788 re-

2120 4853 2353 4910 manent,
2385 4851 2439 4898 et
2465 4840 2551 4896 ubi
2577 4846 2890 4908 separantur
2915 4835 2986 4889 ibi
3012 4841 3294 4895 arescunt;
3325 4828 3462 4882 unde
3493 4828 3604 4896 ipsa
3635 4825 3701 4876 de

2121 4954 2223 5008 qua
2253 4933 2636 5006 przeciduutur,
2660 4929 2819 4982 etiam
2847 4927 2899 4979 in
2927 4939 3018 4978 eas
3048 4933 3220 4977 terras
3244 4917 3581 4976 extenditur,
3612 4913 3704 4966 ubi

2119 5005 2298 5098 jaceat
2327 5025 2414 5080 illa
2442 5035 2666 5093 qumque
2687 5019 2739 5072 iu
2762 5032 2857 5071 sua
2887 5015 3102 5085 regione
3128 5011 3422 5082 fragmenta
3452 5025 3464 5061 :
3491 5007 3543 5059 in
3573 5011 3586 5035 ¹
3615 5005 3706 5057 illa

2125 5139 2250 5178 vero
2283 5119 2484 5189 singula
2526 5126 2858 5185 quacumque
2903 5109 3016 5180 ipsa
3046 5104 3366 5162 distenditur
3399 5115 3504 5155 non
3545 5105 3708 5161 sunt,

2126 5210 2365 5286 quamvis
2385 5205 2666 5279 aliquando
2699 5204 2782 5258 vix
2814 5202 3085 5257 rarissima
3127 5199 3246 5252 folia
3284 5211 3348 5251 ex
3375 5205 3561 5248 eorum
3602 5190 3713 5243 ari-

2126 5309 2288 5362 ditate
2333 5309 2520 5356 ventus
2545 5296 2788 5354 elationis
2817 5293 2870 5348 in
2903 5291 3178 5363 peregrina
3204 5288 3486 5356 dispergat.

2198 5393 2420 5452 CAPUT
2459 5391 2594 5448 LXI.
2620 5418 2693 5432 -—
2716 5389 2804 5444 74.
2837 5387 2961 5442 llaec
3005 5384 3163 5454 igitur
3186 5381 3417 5436 Ecclesia
3436 5420 3450 5442 ,
3476 5393 3596 5447 qua:
3614 5417 3627 5436 ,
3651 5383 3718 5428 ut

2131 5488 2368 5561 ejusdem
2418 5481 2704 5541 identidem
2734 5479 2913 5534 verbis
2938 5484 3056 5531 utar
3076 5517 3090 5541 ,
3117 5487 3285 5527 ramos
3323 5485 3442 5524 suos
3471 5483 3560 5538 per
3590 5465 3715 5518 uni-

2135 5556 2320 5639 rei'sarit
2348 5589 2529 5634 terram
2558 5573 2701 5641 capia
2727 5569 2963 5626 ubertatis
2983 5564 3219 5630 extendit,
3243 5561 3309 5618 ad
3333 5559 3525 5616 multas
3552 5556 3717 5612 etiam

2204 5780 2219 5810 ι
2244 5777 2326 5825 ttic
2347 5769 2564 5823 nonnulli
2588 5776 2693 5819 Mss.
2719 5774 2886 5818 carent
2912 5758 3154 5828 larticnla,
3180 5757 3248 5808 in.
