4024 6196
290 283 391 343 589

290 396 544 454 barbaras
591 399 780 464 gentes
817 392 968 446 extra
1006 388 1189 446 orbem
1236 387 1533 444 Romanum
1575 384 1868 443 crescendo

292 495 603 560 perventura
648 476 939 550 esthuod
972 489 1025 538 et
1053 489 1104 537 te
1133 480 1417 551 inquisisse
1458 489 1513 534 ct
1545 477 1869 549 comperisse

292 580 539 644 arbitror,
563 585 619 632 ut
646 576 874 638 diceres,
900 572 1090 629 Omitto
1115 574 1339 645 gentium
1375 571 1704 625 barbararum
1743 585 1866 639 pro-

292 674 429 745 prias
476 670 734 743 regiones,
778 666 1050 722 Persarum
1097 666 1225 719 ritus
1248 706 1263 729 ,
1286 663 1452 718 sidera
1491 661 1866 725 Chaldwornm,

294 764 658 837 Egyptiorum
701 758 1098 831 superstitiones,
1129 757 1247 812 deos
1279 755 1550 827 Magorum
1568 772 1586 820 ;
1612 765 1668 809 ut
1701 754 1872 808 omnia

288 856 384 912 ista
422 870 525 907 non
561 853 683 919 sint,
712 852 829 921 quia
852 849 1168 921 providentia
1208 847 1300 904 Dei
1344 848 1395 901 in
1423 847 1753 901 christianum
1781 860 1873 900 ito-

291 963 402 1001 men
433 953 563 1000 totus
587 942 808 1014 quotidie
832 941 1040 997 vertitur
1064 939 1301 994 mundus.
1339 937 1467 993 [iam
1497 945 1550 993 tu
1582 953 1706 993 vera
1732 936 1871 991 dixi-

293 1038 356 1092 sti
384 1053 398 1090 :
428 1045 483 1090 et
509 1035 588 1091 sic
613 1032 862 1105 impletur
876 1031 1160 1103 promissio
1181 1045 1299 1102 quae
1321 1030 1458 1084 dicta
1475 1040 1557 1085 ρει
1580 1028 1871 1097 Abraham,

295 1127 358 1181 In
380 1125 571 1180 semine
611 1133 698 1178 tuo
741 1122 1092 1178 benedicentur
1133 1138 1305 1177 omnes
1348 1131 1518 1192 gentes
1563 1119 1715 1194 (Gen.
1738 1136 1871 1188 xxu,

297 1217 404 1288 18).
439 1215 647 1286 Omnes,
680 1215 876 1285 inquit,
899 1224 1069 1285 gentes
1089 1228 1111 1279 ,'
1136 1228 1240 1268 non
1269 1212 1438 1278 dixit,
1459 1210 1713 1267 Omnium
1738 1228 1872 1283 gen-

298 1308 424 1362 tium
464 1322 653 1362 omnes
689 1305 952 1360 homines.
995 1303 1151 1361 Unde
1182 1319 1403 1360 necesse
1449 1313 1533 1359 est
1572 1319 1676 1359 non
1703 1304 1875 1359 solum

297 1398 621 1455 fecunditate
668 1398 960 1454 crescentis
1006 1398 1285 1463 Ecclesiae,
1317 1413 1502 1452 verum
1545 1397 1705 1452 etiam
1752 1413 1877 1467 pcr-

298 1491 461 1547 miXta
505 1490 841 1545 multitudine
875 1489 1209 1544 inimicorum
1236 1488 1388 1559 ejus,
1418 1504 1512 1558 per
1540 1502 1676 1558 quos
1705 1488 1881 1558 pietas

298 1582 409 1652 ejus
432 1580 672 1637 exerceri
693 1588 747 1635 ct
788 1580 1003 1650 probari
1036 1580 1201 1651 possit
1220 1622 1233 1644 ,
1258 1595 1425 1650 usque
1455 1580 1508 1633 in
1538 1580 1695 1635 linem
1732 1578 1877 1649 judi-

296 1673 473 1731 εἰπε-ξω
519 1670 873 1744 separationis
918 1681 1061 1727 totus
1087 1671 1233 1727 orbis
1261 1670 1561 1741 impleatur.
1606 1670 1695 1725 Sic
1733 1684 1880 1724 com-

299 1774 651 1819 memoratum
691 1772 775 1819 est
822 1763 923 1817 hoc
976 1770 1349 1818 testamentum
1378 1771 1428 1817 ct
1460 1761 1524 1815 ad
1571 1760 1734 1815 lilium
1765 1761 1882 1830 ejus

299 1854 464 1923 Isaac,
495 1855 717 1910 Domino
746 1853 976 1921 dicente,
1010 1852 1077 1907 Et
1106 1864 1324 1908 statuam
1339 1854 1687 1926 juramentum
1717 1868 1882 1906 meum

295 1946 432 2018 quod
463 1946 638 2017 juraui
687 1946 942 2000 Abraham
990 1946 1124 2018 patri
1161 1955 1284 2008 tuo;
1329 1953 1376 1998 et
1418 1943 1672 2015 ampliobo
1713 1960 1881 1998 semen

295 2047 439 2091 tuum
479 2047 718 2107 tanquam
765 2036 939 2092 stellas
965 2036 1094 2101 caeli,
1124 2046 1172 2091 et
1220 2036 1349 2089 dabo
1392 2036 1483 2089 tibi
1508 2044 1556 2088 et
1591 2034 1769 2089 semini
1786 2044 1881 2089 tuo

291 2145 495 2182 omnem
542 2136 726 2181 terram
750 2168 764 2192 ,
790 2137 835 2180 et
863 2127 1213 2181 benedicentur
1258 2126 1312 2179 in
1359 2125 1548 2179 semine
1595 2134 1682 2179 tuo
1712 2141 1883 2179 omnes

293 2228 467 2289 gentes
492 2224 638 2281 terrea
662 2216 772 2287 (Id.
806 2232 952 2283 xxvt,
984 2219 1035 2283 5,
1070 2215 1149 2287 4).
1182 2216 1271 2272 Sic
1296 2226 1349 2271 et
1377 2215 1444 2270 ad
1489 2227 1740 2285 nepotem
1765 2215 1881 2285 ejus

293 2310 482 2371 JaCnb,
516 2306 583 2362 Et
607 2311 700 2363 erit
726 2325 893 2363 semen
919 2319 1057 2362 tuum
1080 2311 1208 2362 sicut
1236 2324 1392 2362 arena
1423 2318 1589 2375 terrai,
1619 2318 1665 2363 et
1694 2308 1882 2362 dilata-

290 2398 431 2454 bitur
458 2416 611 2462 supra
634 2415 792 2465 mane,
822 2399 938 2454 etin
959 2399 1209 2471 Africum,
1232 2409 1278 2453 et
1303 2399 1355 2453 in
1384 2398 1681 2470 Aquilonem
1706 2440 1721 2464 ,
1744 2409 1791 2454 et
1814 2400 1884 2459 ad

288 2489 577 2556 Orientem,
610 2490 654 2544 ei
678 2490 1031 2545 benedicentur
1052 2490 1104 2544 in
1128 2499 1176 2544 te
1212 2506 1382 2544 omnes
1407 2489 1565 2544 tribus
1595 2500 1741 2545 teme
1769 2489 1879 2565 (Id.

291 2597 483 2648 xxvm,
518 2582 625 2652 it).
654 2580 824 2652 Supra
853 2596 1000 2636 mare
1044 2589 1220 2635 autem
1268 2580 1581 2651 plerumque
1610 2576 1882 2650 Scriptura

288 2684 418 2724 cum
467 2669 631 2738 dicit,
659 2669 1053 2725 Oet-identaletn
1101 2680 1303 2739 partem
1344 2669 1521 2724 solere
1559 2668 1881 2740 signiﬁcari,

289 2763 446 2817 novit
469 2762 558 2832 qui
587 2762 733 2834 legit.
768 2762 899 2818 lluic
926 2771 979 2817 tu
1009 2771 1326 2816 testamento
1352 2761 1396 2816 si
1428 2761 1636 2832 prolato
1655 2777 1884 2818 consen-

288 2853 398 2908 tire
427 2853 709 2918 voluisses,
740 2867 848 2907 non
881 2853 931 2907 in
953 2851 1068 2907 solo
1097 2850 1279 2907 Africo
1302 2853 1319 2885 ¹
1342 2853 1713 2909 remansisscs.

367 2942 462 2998 75.
495 2942 609 2997 Non
641 2958 769 3014 ergo
797 2943 946 2999 nobis
973 2944 1387 3009 communicant,
1417 2944 1554 2998 sicut
1578 2944 1733 3011 dicis,
1765 2943 1884 2998 Νο-

276 3034 510 3095 ·υα1ἱωιὶ,
543 3033 739 3098 Ariani,
767 3031 1160 3102 Patripossiani,
1189 3031 1547 3100 Valentiniani,
1581 3032 1882 3100 Patriciani,

290 3122 538 3193 Apolline
560 3125 603 3187 ',
630 3123 947 3177 Marcionita:
968 3168 983 3187 ,
1015 3124 1219 3192 Ophitae
1237 3166 1251 3191 ,
1282 3134 1562 3193 cwleraque
1585 3134 1681 3199 ,rut
1706 3125 1884 3181 verbis

286 3215 404 3269 tuis
436 3224 573 3281 utar,
608 3213 916 3285 ttefariurum
942 3230 1026 3281 pes
1050 3214 1178 3280 ium,
1210 3230 1310 3267 non
1336 3225 1607 3281 sectarum,
1638 3216 1887 3287 sacrilega

283 3306 531 3358 nantium
575 3303 951 3358 Verumtamen
996 3303 1314 3372 ubicumque
1355 3312 1481 3358 sunt
1509 3304 1631 3371 isti,
1659 3305 1767 3360 illic
1786 3307 1890 3360 Ca-

276 3395 501 3449 tholica
526 3433 541 3456 ,
568 3395 707 3447 sicut.
744 3393 795 3446 in
825 3392 1000 3447 Africa
1046 3392 1138 3448 ubi
1163 3401 1217 3449 et
1253 3409 1346 3450 vos
1375 3412 1389 3449 :
1422 3411 1525 3449 non
1573 3407 1748 3452 autem
1775 3398 1888 3455 ubi-

278 3499 537 3554 cumque
561 3484 832 3538 Caunoliea
859 3494 960 3551 est,
984 3495 1072 3540 aut
1103 3501 1196 3541 vos
1217 3488 1366 3554 estis,
1391 3497 1482 3542 aut
1508 3488 1725 3545 lueresis
1752 3506 1888 3561 qna:-

280 3579 440 3633 iibct
471 3570 699 3629 illarum.
735 3574 884 3630 Unde
902 3584 1121 3646 apparet
1144 3593 1262 3648 qua:
1287 3578 1354 3632 sit
1375 3578 1537 3633 arbor
1561 3594 1737 3635 ramos
1763 3595 1890 3636 suos

290 3686 398 3739 per
429 3672 736 3723 universam
778 3675 971 3723 terram
1006 3668 1157 3740 copia
1172 3669 1439 3724 ubertatis
1476 3670 1767 3726 extendens
1790 3711 1807 3737 ,
1838 3680 1893 3726 et

288 3760 391 3831 qui
417 3759 530 3815 sint
568 3759 704 3813 rami
750 3756 909 3813 fracti
941 3775 1046 3814 non
1082 3759 1342 3815 habentes
1380 3760 1543 3813 vitam
1574 3760 1789 3827 radicis,
1812 3771 1894 3814 at-

292 3864 409 3918 que
439 3848 492 3903 in
519 3849 630 3902 suis
652 3846 849 3918 quique
869 3846 1109 3917 iacentes
1149 3855 1203 3901 et
1244 3857 1548 3903 arescentes
1575 3847 1710 3904 locis
1732 3848 1892 3903 ’sSed

294 3939 340 3995 si
366 3954 482 3992 non
524 3938 887 4010 permansa'int
912 3939 964 3991 in
990 3938 1298 4007 infidelitate
1318 3976 1334 4005 ,
1358 3938 1502 3992 sicut
1537 3936 1606 3994 de
1635 3939 1892 3996 lsraelitis

289 4031 438 4086 dicit
469 4030 777 4098 Apostolus,
800 4030 1100 4082 inserentur.
1133 4026 1322 4083 Potens
1357 4038 1434 4084 est
1461 4030 1593 4084 enim
1627 4029 1766 4086 Dats
1790 4032 1891 4085 ite-

289 4136 420 4175 rum
451 4121 672 4174 inserere
693 4119 812 4174 illos
840 4117 1012 4191 (Rom.
1042 4135 1117 4186 xt,
1147 4118 1240 4193 π)
1269 4138 1282 4174 :
1312 4135 1416 4176 non
1441 4131 1505 4176 ut
1538 4123 1728 4179 iterum
1755 4125 1898 4180 acci-

294 4211 463 4280 piant
490 4222 879 4266 sacramentum
899 4209 1256 4278 Baptismatis,
1278 4212 1420 4281 quod
1440 4213 1548 4283 jam
1577 4222 1805 4269 tractum
1827 4231 1893 4272 ex

294 4304 508 4357 arbore
538 4318 641 4356 non
689 4312 989 4367 mutarunt;
1017 4302 1114 4356 sed
1150 4310 1214 4356 nt
1253 4304 1572 4359 reviviscent
1607 4319 1676 4360 ex
1715 4306 1894 4362 radice

291 4394 590 4449 ebarilatis
619 4404 674 4449 et
712 4394 951 4461 unitatis,
978 4410 1007 4447 a
1038 4408 1142 4463 qua
1186 4397 1414 4464 separati
1455 4397 1739 4454 sterilitate
1776 4400 1895 4453 ani-

294 4483 579 4538 mositatis
622 4493 872 4539 arescunt
901 4484 1078 4538 :sicut
1101 4497 1286 4539 rursus
1316 4484 1637 4543 inserendas
1666 4490 1889 4558 [adustis

296 4572 693 4629 Prusensium
725 4583 785 4629 et
811 4573 1135 4629 Felieiainnn
1159 4616 1175 4640 ,
1198 4589 1334 4646 quos
1366 4589 1545 4631 secum
1576 4580 1913 4648 praeciderat

299 4668 665 4723 unimanus
687 4708 702 4731 ,
736 4681 833 4722 nec
869 4668 1216 4738 prmeisorum
1264 4668 1591 4738 Baptismum
1633 4671 1896 4741 reproba-

298 4762 432 4815 stis.
460 4759 669 4828 Quibus
684 4774 814 4815 vere
841 4759 1039 4830 aliquid
1075 4760 1430 4828 praestaretis.
1458 4760 1503 4813 si
1532 4776 1634 4813 non
1665 4775 1759 4815 eos
1785 4760 1898 4816 fra-

295 4858 535 4920 gmento
574 4856 751 4904 vestro
774 4848 817 4915 ⁸,
848 4847 944 4904 sed
984 4857 1041 4903 et
1068 4863 1161 4903 vos
1180 4857 1236 4904 et
1268 4848 1389 4903 illos
1428 4848 1589 4905 radici
1619 4850 1896 4907 catholica:

297 4940 632 4998 redderet-is.

264 5042 269 5047 ·
378 5031 614 5089 csrur
635 5030 795 5087 an.
822 5060 896 5073 --
917 5032 1003 5087 re.
1024 5033 1141 5090 tam
1163 5045 1289 5088 vero
1303 5031 1370 5088 ad
1386 5032 1516 5088 illud
1535 5033 1660 5105 quid
1680 5036 1901 5106 respon-

371 5167 677 5242 i‘itii‘ln’io’,‘
712 5164 764 5218 ίη
786 5163 1104 5242 594-405“-
1131 5173 1348 5242 Ᾱίὲἕδὲτν
1378 5166 1547 5242 ποηβῖι
1581 5166 1681 5240 ξοιο
1717 5169 1902 5242 έρὶοο.

297 5229 498 5303 unum:
517 5228 769 5303 urile-eum;
788 5228 995 5303 genesis
1015 5241 1160 5291 supra
1194 5229 1412 5289 citatum,
1442 5231 1547 5291 ubi,
1580 5229 1631 5280 in
1673 5228 1902 5296 Africum,

294 5291 1165 5423 lc?ib$i°fp'gtheldtw
1181 5389 1197 5413 ,
1230 5350 1280 5401 in
1315 5352 1539 5402 erunibus
1565 5361 1668 5403 ttss.
1704 5351 1902 5419 legitur,

301 5411 622 5475 Mropiani,
649 5411 898 5474 Apelliani.

383 5476 407 5507 ³
436 5471 615 5536 Εᾶίιὶί
641 5471 694 5525 et
732 5479 998 5525 crescentes
1025 5471 1156 5526 locis.
1193 5473 1514 5525 Emendantur
1558 5488 1620 5525 ex
1646 5479 1909 5530 manusdi-

303 5537 441 5601 ptis.

378 5599 406 5631 ι.
430 5601 488 5646 ιιι
510 5594 671 5656 adius,
693 5596 934 5661 [mmo
975 5602 1157 5652 vestro:
1192 5596 1319 5659 quod
1356 5596 1539 5661 ironice
1575 5597 1669 5661 dici
1695 5604 1909 5661 potuisse

300 5659 650 5722 observarunt
685 5658 1021 5710 tovanienses.
1047 5668 1097 5720 At
1117 5658 1217 5708 tius
1231 5670 1347 5709 vero
1378 5660 1426 5707 in
1460 5658 1744 5722 quibusdam
1768 5678 1797 5714 ε
1822 5678 1909 5714 uo-

300 5720 440 5769 stris
455 5724 580 5780 Mss,
595 5718 860 5785 fragmento
879 5727 1043 5771 vento.

1633 266 1834 329 LIBER
1873 262 2213 341 QUARTUS.

1975 384 2149 453 deam,
2173 378 2312 457 quod
2336 390 2425 446 tibi
2454 394 2597 448 visus
2615 406 2734 452 sum
2755 396 2951 454 dixisse
2971 411 3069 468 pro
3089 398 3273 466 vobis;
3300 403 3550 473 quoniam

1972 477 2081 532 dixi
2129 496 2228 533 non
2256 482 2492 552 prodesse
2524 484 2841 557 Baptismum
2875 490 2944 544 eis
2974 491 3063 562 qui
3091 490 3152 545 ab
3179 492 3368 548 unitate
3396 495 3557 549 disce-

1973 567 2118 637 dunt,
2148 570 2307 626 inesse
2329 572 2431 628 illis
2456 584 2621 630 tamen
2645 576 2764 630 hinc
2788 578 3023 650 probari,
3054 583 3190 653 quod
3232 584 3555 639 redeuntibus

1974 676 2076 713 non
2117 663 2434 718 restituitur?
2481 664 2727 722 Firmasti
2775 670 2922 724 enim
2969 681 3024 726 et
3071 688 3164 727 vos
3211 673 3311 729 hoc
3349 675 3550 737 dicvre,

1973 749 2108 818 quod
2132 751 2411 822 majoribus
2430 757 2612 810 nostris
2634 757 2701 812 ad
2733 756 3012 815 Ecclesium
3036 779 3136 816 non
3166 764 3179 794 ¹
3210 764 3551 833 redeuntibus,

1974 837 2267 911 Baptismus
2303 860 2449 912 quem
2495 845 2562 899 ibi
2608 861 2902 919 acceperant
2939 864 3041 905 non
3081 855 3344 924 profuerit.
3366 840 3483 911 'lloc
3509 857 3554 910 si

1975 931 2225 990 diceretis
2249 975 2262 998 ,
2287 935 2413 990 nihil
2448 939 2587 992 inter
2613 955 2708 994 nos
2751 940 2892 996 aliud
2917 956 3276 1013 qumrerctnr,
3308 947 3405 1001 nisi
3438 964 3557 1018 qua:

1976 1023 2046 1077 sit
2071 1024 2309 1081 Ecclesia
2339 1026 2426 1083 ubi
2454 1029 2752 1101 Baptismus
2772 1034 2961 1103 prosit.
2992 1035 3099 1091 Sed
3130 1052 3223 1092 vos
3246 1052 3351 1093 non
3379 1038 3558 1095 dicitis

1979 1115 2233 1198 in‘nobis
2262 1117 2588 1190 Baptismum
2616 1136 2732 1176 csse
2756 1163 2771 1190 ,
2803 1138 2867 1179 ac
2889 1139 2990 1179 non
3021 1126 3273 1197 prodesse
3305 1147 3319 1183 :
3351 1129 3447 1186 sed
3476 1132 3560 1185 di-

1975 1205 2096 1260 citis
2116 1207 2333 1261 omnino
2361 1224 2465 1264 non
2493 1225 2612 1267 es~re
2636 1253 2650 1274 .
2674 1214 2815 1281 quod
2836 1214 2902 1267 ab
2927 1215 3007 1269 eis
3040 1219 3404 1286 acceperimus
3421 1261 3435 1286 ,
3464 1222 3552 1291 qui

1979 1311 2101 1350 cum
2148 1296 2470 1354 discedendo
2508 1301 2869 1371 perdiderant.
2914 1302 3067 1361 Unde
3098 1322 3198 1361 nec
3228 1309 3445 1383 potuisti
3475 1324 3563 1365 re-

1979 1390 2245 1460 spondere
2266 1434 2281 1458 ,
2316 1407 2414 1447 nec
2441 1391 2641 1463 poteris
2662 1436 2678 1462 ,
2707 1394 2772 1451 ad
2815 1394 2941 1450 illud
2970 1396 3113 1467 quod
3144 1412 3174 1453 a
3204 1413 3290 1454 me
3331 1400 3560 1471 positum

1980 1488 2082 1547 est,
2104 1478 2265 1537 inesse
2284 1477 2601 1553 Baptismum
2642 1483 3004 1539 discedentibus
3038 1486 3155 1540 hinc
3183 1489 3416 1558 probari,
3447 1493 3566 1562 quia

1980 1570 2299 1626 redeuntibus
2331 1587 2431 1626 non
2451 1573 2751 1628 restituitur.
2796 1573 2851 1630 Si
2884 1588 3025 1630 enim
3056 1577 3380 1650 Baptismnm
3421 1580 3565 1636 Feli-

1981 1662 2165 1719 cianus
2188 1665 2221 1718 a
2246 1662 2398 1719 vobis
2427 1662 2727 1721 r'ccedcndo
2767 1668 3069 1738 perdiderat
3091 1710 3107 1736 ,
3138 1684 3235 1726 cur
3262 1688 3364 1727 non
3388 1672 3566 1729 denuo

1983 1753 2196 1809 rediens
2222 1754 2519 1827 baptizatus
2542 1765 2629 1812 est
2652 1798 2670 1826 ,
2699 1766 2757 1812 ut
2774 1758 2827 1814 ei
2856 1759 2995 1829 quod
3038 1762 3342 1831 perdiderat
3377 1765 3568 1820 redde-

1977 1844 2163 1899 retur?
2184 1842 2302 1915 ipse
2329 1845 2558 1918 denique
2586 1846 2935 1905 Maximianus
2954 1850 2998 1905 si
3018 1851 3082 1905 ad
3108 1867 3204 1908 vos
3229 1854 3430 1919 redeat,
3458 1870 3564 1911 non

1981 1932 2318 2005 baptizatur:
2350 1936 2491 2008 quod
2529 1936 2746 1994 deberet
2786 1939 3003 2010 utique,
3039 1940 3082 1996 si
3116 1942 3418 2011 perdiderat
3460 1944 3566 1999 Ba-

1982 2025 2253 2095 ptismum.
2283 2026 2397 2081 Tua
2440 2028 2639 2099 quippe
2665 2028 2820 2086 verba
2851 2037 3014 2098 sunt,
3044 2035 3180 2102 quod
3204 2034 3256 2087 in
3280 2035 3390 2106 ejus
3432 2037 3570 2092 sebi.

1980 2127 2144 2172 smate
2167 2118 2414 2172 sententia
2454 2120 2795 2175 damnationis
2815 2122 3026 2189 retenti,
3050 2124 3206 2178 simul
3228 2134 3275 2179 et
3301 2108 3565 2197 Baptisms

1981 2218 2030 2263 et
2058 2207 2342 2263 Eeclesiam
2380 2209 2725 2280 perdiderunt.
2753 2210 2902 2267 Sicut
2936 2225 3065 2282 ergo
3098 2212 3179 2269 eis
3217 2214 3565 2271 redeuntibus

1982 2300 2223 2356 redditur
2248 2300 2512 2367 Ecclesia,
2546 2301 2798 2358 reddatur
2830 2303 3150 2375 Baptismus.
3186 2305 3563 2376 Baptizentur,

1984 2388 2197 2461 inquam
2217 2431 2233 2456 ,
2262 2389 2549 2447 redeuntes
2569 2432 2585 2458 ,
2607 2391 2650 2445 si
2678 2391 3003 2464 Baptismtun
3045 2395 3339 2451 amiserunt
3376 2397 3566 2453 absce~

1982 2480 2194 2536 dentes.
2225 2480 2337 2538 lloc
2377 2480 2499 2552 quia
2546 2497 2653 2538 non
2684 2480 2854 2538 facitis
2876 2524 2891 2550 ,
2923 2483 3084 2539 etiam
3112 2499 3209 2539 vos
3226 2484 3464 2541 fatemini
3495 2488 3564 2543 ab

1982 2572 2221 2629 Ecclesia
2266 2573 2637 2630 recedentibus
2677 2574 2850 2632 inesse
2883 2576 3210 2648 Baptismum
3232 2618 3248 2645 ,
3276 2593 3376 2634 nec
3403 2581 3567 2651 prodo

1984 2677 2125 2718 esse.
2159 2664 2296 2718 Dant
2315 2680 2442 2736 ergo
2466 2666 2602 2721 sicut
2626 2665 2843 2732 habent,
2869 2667 2920 2722 id
2947 2678 3049 2734 est,
3075 2678 3204 2725 utet
3227 2670 3356 2740 ipsis
3382 2671 3469 2742 qui
3492 2673 3561 2728 ab

1983 2753 2064 2807 eis
2092 2762 2238 2809 extra
2261 2753 2554 2810 Ecclesiam
2589 2767 2824 2823 sumunt,
2856 2757 2982 2813 insit
3013 2760 3333 2829 Baptismus,
3363 2777 3461 2817 nec
3485 2773 3569 2819 ta-

1986 2858 2108 2897 men
2134 2844 2320 2913 prosit.
2353 2843 2500 2900 Unde
2524 2845 2661 2900 sicut
2687 2846 2791 2902 illis
2821 2847 3167 2904 redeuntibus
3198 2864 3301 2905 non
3331 2850 3572 2907 redditur

1985 2931 2129 3002 quod
2155 2935 2613 2991 non’amiscrunt
2660 2953 2676 2992 :
2725 2937 2796 2992 ita
2821 2946 2875 2994 et
2916 2938 3021 2994 illis
3070 2956 3175 2996 non
3214 2940 3445 2997 dandum
3486 2955 3573 3000 est

1986 3021 2129 3093 quod
2156 3034 2490 3094 acceperant,
2520 3025 2612 3081 sed
2634 3028 2892 3098 agendum
2914 3044 3036 3083 Ctlm
3062 3031 3159 3094 cis,
3182 3040 3241 3085 ut
3267 3047 3362 3102 per
3388 3034 3573 3090 Eccle-

1988 3114 2122 3168 siam
2162 3115 2331 3185 prosit
2357 3116 2630 3187 utrisque,
2677 3118 2820 3189 quod
2875 3132 3024 3179 extra
3064 3121 3361 3179 Ecclesiam
3393 3124 3570 3185 inesse

1988 3204 2175 3276 potuit,
2205 3220 2310 3260 non
2359 3206 2634 3277 prodesse.
2691 3209 2770 3265 Ae
2802 3224 2899 3280 per
2937 3210 3037 3269 hoc
3085 3228 3190 3268 nec
3241 3230 3339 3284 pro
3397 3227 3573 3272 vestro

1988 3311 2174 3353 errore
2215 3297 2412 3369 aliquid
2458 3298 2602 3367 dixi,
2630 3308 2684 3355 et
2731 3301 2781 3355 ei
2825 3302 2965 3373 quod
2990 3303 3098 3360 dixi
3126 3320 3238 3359 non
3288 3307 3570 3378 respOndi-

1989 3389 2132 3445 disti.

2058 3477 2286 3538 CAPUT
2324 3480 2507 3539 LXlll.
2538 3513 2610 3525 —-
2638 3484 2726 3539 77.
2773 3484 3034 3558 Adiungis
3081 3488 3245 3544 etiam
3294 3488 3363 3545 de
3414 3487 3573 3546 horto

1989 3570 2243 3626 concluso
2270 3581 2324 3627 et
2351 3571 2496 3629 fonte
2519 3572 2747 3645 signato,
2770 3575 2910 3646 quod
2942 3578 3165 3632 omnino
3205 3582 3343 3636 unde
3369 3580 3566 3637 dictum

1992 3660 2063 3714 sit
2103 3675 2206 3739 non
2238 3662 2510 3733 intelligis.
2555 3663 2617 3718 Si
2634 3667 2903 3720 conclusus
2949 3679 3058 3735 est,
3082 3669 3290 3739 inquis,
3317 3672 3491 3728 hortus
3526 3684 3572 3728 et

1992 3750 2108 3818 fons
2130 3748 2394 3819 signatus;
2420 3752 2671 3821 quomodo
2712 3755 2798 3823 qui
2840 3765 2981 3809 extra
3018 3758 3147 3828 foris
3170 3768 3242 3813 est
3280 3760 3495 3830 positus,
3527 3774 3575 3817 et

1992 3836 2055 3894 ab
2076 3838 2222 3893 horto
2248 3879 2264 3905 ,
2294 3838 2349 3892 id
2371 3847 2445 3893 est
2469 3879 2484 3905 ,
2515 3837 2779 3911 Ecclesia,
2807 3852 2854 3898 et
2872 3845 3013 3913 [ante
3031 3845 3159 3916 ejus,
3183 3846 3239 3900 id
3257 3857 3328 3902 est
3351 3889 3367 3916 ,
3396 3848 3576 3922 Bapti-

1993 3938 2153 3983 smate
2175 3939 2456 4001 separatus,
2480 3940 2639 4003 potest
2660 3933 2781 3987 dare
2805 3933 2943 4004 quod
2962 3952 3060 3990 non
3086 3936 3272 3992 habet!
3298 3938 3570 4013 interroga

1994 4017 2316 4075 Felicianum
2340 4063 2353 4086 ,
2378 4030 2553 4077 utrum
2581 4021 2633 4078 in
2665 4023 2821 4078 horto
2848 4024 3101 4083 concluso
3128 4030 3295 4085 fuerat
3314 4071 3330 4099 ,
3361 4037 3574 4105 quando

1996 4113 2071 4168 illi
2101 4114 2302 4170 reditus
2322 4116 2469 4186 quasi
2499 4116 2565 4171 ad
2600 4119 2844 4175 eumdem
2891 4118 3103 4178 hortum
3144 4126 3451 4185 conclusmn
3492 4131 3579 4187 di-

1995 4205 2213 4261 lationis
2255 4206 2416 4277 janua
2464 4208 2808 4278 pandebatur.
2848 4214 2928 4268 An
2966 4214 3099 4271 forte
3137 4217 3331 4276 exinde
3366 4220 3574 4280 furatus

1997 4308 2078 4353 est
2107 4297 2346 4367 fontem,
2374 4301 2461 4353 ubi
2493 4300 2653 4357 laicus
2681 4318 2807 4359 suos
2857 4305 2908 4359 in
2946 4305 3246 4366 Maximiani
3289 4313 3579 4373 schismate

1997 4391 2323 4460 baptizaret?
2349 4391 2497 4458 Quod
2526 4394 2570 4448 si
2603 4394 2672 4449 ita
2703 4406 2804 4464 est,
2830 4398 2915 4452 ubi
2948 4408 3071 4455 tunc
3092 4403 3256 4459 vestri
3280 4420 3373 4461 vos
3396 4406 3575 4466 ablue-

1999 4481 2169 4538 bant?
2193 4486 2272 4538 An
2304 4500 2397 4541 eos
2440 4484 2641 4555 pariter
2680 4486 2768 4542 illa
2797 4488 3050 4547 dilatione
3091 4491 3445 4565 distulerunt,
3469 4501 3573 4556 do-

2000 4589 2099 4629 nec
2117 4574 2260 4629 fures
2289 4575 2360 4629 illi
2385 4576 2450 4630 ad
2483 4578 2694 4633 hortum
2716 4592 2836 4635 cum
2874 4579 3019 4638 fonte
3054 4591 3397 4645 remearent?
3423 4591 3574 4651 Tunc

2002 4681 2107 4722 non
2145 4677 2295 4722 erant
2324 4667 2409 4722 isti
2452 4670 2929 4744 pseudoprOpheta:
2948 4715 2964 4742 ,
2997 4678 3209 4747 quando
3232 4680 3299 4737 de
3324 4682 3576 4741 Primiani

2001 4758 2310 4816 criminibus
2339 4762 2662 4827 mentiendo,
2693 4761 2946 4835 deceptos
2971 4765 3038 4821 ad
3065 4782 3218 4824 suum
3242 4755 3575 4847 sacrilegium

2005 4852 2388 4909 traducebant't
2415 4854 2523 4925 lupi
2546 4871 2786 4927 rapaces,
2815 4858 3027 4928 quando
3055 4860 3304 4919 seductos
3329 4864 3396 4921 de
3415 4881 3580 4939 grege

2005 4944 2255 4999 Primiani
2282 4944 2347 4999 ad
2376 4961 2485 5001 suae
2505 4947 2826 5002 concisionis
2849 4949 3137 5020 particulas
3164 4955 3580 5024 pertrabebant?

2004 5035 2175 5104 Negas
2215 5050 2306 5091 eas
2340 5052 2471 5107 quas
2504 5037 2611 5093 dixi
2647 5039 2949 5112 tyrannicas
2981 5053 3279 5101 vestrorum
3322 5047 3374 5102 in
3404 5047 3581 5103 fundis

2006 5126 2191 5182 alienis
2236 5126 2626 5186 dominationes
2696 5140 2752 5187 et
2815 5131 3191 5191 baechationes
3260 5138 3577 5195 ebrietatum

2007 5219 2143 5291 (Lib.
2177 5220 2201 5274 1
2234 5230 2406 5274 contra
2433 5217 2651 5275 Litteras
2667 5220 2930 5292 Petiliani,
2956 5242 3009 5280 n.
3027 5226 3143 5299 26).
3162 5228 3304 5301 Nega
3328 5242 3582 5302 quantum

2010 5322 2162 5383 potes
2186 5331 2199 5368 :
2227 5328 2331 5368 non
2357 5328 2567 5385 vereor,
2592 5330 2659 5370 ne
2680 5326 2957 5388 propterea
2982 5321 3260 5378 nobiscum
3285 5339 3379 5382 vos
3408 5326 3585 5398 pigeat

2004 5404 2354 5462 cmcordare.
2380 5404 2496 5461 Non
2521 5405 2574 5462 in
2600 5421 2699 5462 vos
2720 5408 2826 5464 tale
2848 5410 3043 5481 aliquid
3070 5411 3200 5477 dixi,
3232 5414 3404 5485 qualia
3425 5417 3591 5472 Maxi-

2070 5540 2110 5617 ξγ
2127 5542 2219 5617 uie
2246 5538 2844 5617 negantem‘particulam
2884 5541 3106 5598 addimus
3143 5551 3429 5603 auctoritate
3469 5567 3592 5617 two-

2011 5602 2227 5651 rumdam
2245 5601 2693 5663 manuscriptorum.

2076 5672 2093 5694 τ
2114 5666 2268 5733 Etiam
2286 5661 2565 5733 bicoecrat
2586 5663 2636 5712 iu
2652 5665 2847 5717 excusis
2868 5668 3084 5730 negatio,
3108 5681 3220 5733 qua
3254 5673 3500 5728 nonnullis
3534 5674 3590 5727 in

2012 5725 2344 5789 manuscriptis
2380 5723 2602 5775 habetur.
2928 5723 2963 5730 “
3069 5723 3082 5730 ⁷
3124 5723 3142 5733 ’
3211 5759 3221 5766 .
3299 5723 3318 5779 ί

3448 285 3657 359 δερ,
