4024 6194
398 316 496 371 5M

403 435 704 485 miancnscs
735 423 970 481 damnati
994 438 1020 476 a
1055 419 1206 473 vobis
1235 416 1416 470 audire
1461 417 1789 468 meruerunt.
1823 406 1993 475 Negas

403 524 637 579 furorem
684 516 1184 573 Circumeellionum
1213 553 1227 576 ,
1267 519 1318 566 et
1364 507 1813 578 pra-cipitatorum
1860 500 1997 555 ultro

409 616 726 669 cadaverum
757 609 932 664 cultus
961 607 1250 674 sacrilegus
1277 612 1329 656 et
1360 597 1608 671 profanos
1642 614 1653 648 :
1687 610 1790 648 non
1819 603 1995 647 tamen

410 721 578 775 negas
606 746 620 771 ,
650 719 761 757 crm
795 700 1162 772 ﬁgi/ptimum
1215 693 1486 748 admodum
1522 688 1746 764 exemplo
1788 701 1998 756 percun-

409 802 537 852 tium
567 795 826 870 funeribus
853 795 1000 864 pleno
1022 800 1182 843 essrnt
1204 789 1396 850 littora,
1423 784 1600 854 quibus
1628 783 1678 834 in
1706 784 1817 850 ipsa
1839 787 1998 830 morte

402 890 568 960 major
594 897 664 942 cst
688 903 854 956 pmna,
887 883 1023 952 quod
1041 899 1128 935 nec
1153 883 1314 951 ipsam
1334 879 1627 931 invenerunt
1653 870 1990 942 sepulturam,

403 959 491 1036 his
539 995 635 1034 vos
676 977 958 1046 insepultis
988 970 1338 1028 cadaveribus
1376 964 1677 1022 inhrsisse.
1731 962 1803 1016 lbi
1851 959 1992 1015 enim

415 1071 663 1141 iacebant
706 1069 1053 1123 Praetextatus
1081 1071 1134 1116 et
1167 1061 1467 1116 Felicianus
1496 1074 1509 1109 :
1536 1064 1625 1109 aut
1652 1054 1696 1110 si
1729 1051 1867 1122 apud
1904 1066 1998 1104 vos

407 1162 736 1222 revixerunt,
765 1157 890 1227 quid
918 1155 984 1211 de
1012 1153 1286 1223 Baptismo
1315 1150 1490 1220 agilis,
1518 1162 1676 1218 quem
1703 1155 1830 1200 tunc
1855 1158 2000 1200 mor-

403 1251 478 1305 tui
509 1246 880 1304 tradiderunt?

475 1340 699 1398 CAPUT
731 1335 1077 1394 LXIV.—78.
1097 1333 1237 1388 Dicis
1254 1347 1337 1386 me
1359 1346 1464 1385 non
1478 1343 1719 1384 servasse
1736 1341 1919 1397 pacem
1941 1340 2004 1379 ac

406 1433 697 1494 lenitatem,
720 1444 874 1498 quam
895 1426 1151 1497 principio
1176 1424 1465 1477 litterarum
1488 1435 1722 1476 mearum
1737 1418 2002 1488 promise-

405 1540 538 1588 ram,
571 1523 710 1593 qinnl
739 1533 974 1575 satanam
1000 1516 1318 1572 Petilianum
1345 1510 1740 1582 appellaverim.
1765 1508 1875 1578 Ego
1896 1523 2002 1562 non

404 1614 719 1671 Petiliannm
751 1627 850 1666 nec
885 1622 1202 1680 quemquam
1227 1603 1496 1658 hominem
1519 1601 1569 1656 in
1597 1609 1747 1670 parte
1775 1599 1960 1652 Donati
1985 1639 1999 1661 ,

405 1706 496 1759 sed
531 1706 702 1775 ipsum
729 1717 966 1759 errorem
997 1699 1162 1769 partis
1195 1694 1403 1758 Donati,
1429 1702 1627 1748 satana:
1649 1687 1951 1760 comparavi
1986 1710 1997 1741 :

405 1815 469 1852 ex
498 1800 650 1866 cujus
673 1793 874 1865 laqueis
904 1791 1166 1849 homines.
1199 1802 1332 1857 quos
1361 1785 1544 1856 diligo,
1572 1783 1730 1852 cupio
1758 1779 1995 1835 liberari.

416 1891 547 1944 Nam
601 1890 719 1959 lege
759 1883 1184 1946 euusitleratius,
1231 1880 1489 1935 invenies.
1533 1877 1845 1946 Quanquam
1871 1883 1923 1927 et
1957 1871 1999 1924 si

407 1981 614 2052 aliquid
665 1979 851 2035 durius
899 1975 1005 2031 dixi
1033 2015 1047 2041 ,
1082 1974 1199 2043 lege
1233 1986 1351 2042 quae
1379 1969 1478 2039 ipsi
1505 2009 1518 2032 ,
1549 1983 1653 2022 non
1681 1966 1734 2020 in
1763 1979 1998 2018 errorem

408 2051 922 2131 Masimianensium,
952 2066 1044 2121 sel
1075 2065 1126 2119 in
1159 2064 1302 2132 ipsos
1330 2059 1573 2115 homines
1602 2055 1862 2110 dixeritis.
1895 2051 1996 2106 Fe-

411 2164 660 2218 liciauum
691 2175 819 2230 ergo
848 2158 1138 2213 Pctilianus
1170 2155 1406 2230 imitetur
1430 2193 1444 2219 ,
1467 2158 1521 2207 et
1547 2149 1672 2204 mihi
1705 2163 1885 2219 pacem
1908 2146 2002 2200 de-

410 2252 664 2308 sideranti
689 2267 792 2306 non
824 2251 1086 2303 irascatur
1111 2247 1150 2301 ¹.
1263 2223 1270 2242 ’
1711 2316 1714 2320 ,

481 2345 570 2398 79.
618 2343 735 2397 Tibi
777 2351 922 2397 certe
964 2341 1074 2409 ipse
1111 2354 1215 2392 non
1243 2349 1534 2391 succenseo
1557 2375 1573 2396 ,
1605 2331 1748 2403 quod
1780 2330 1906 2385 mihi
1935 2345 1998 2383 ex

409 2435 628 2504 obliquo
681 2430 1001 2487 Manichatos
1047 2426 1378 2497 ohjiciendos
1423 2423 1691 2494 putaveris
1721 2464 1735 2485 ,
1783 2430 2002 2490 propter

407 2543 649 2583 errorem
697 2523 1069 2580 adolescentia
1118 2538 1270 2576 mean
1317 2519 1467 2576 Unde
1511 2533 1615 2573 non
1660 2527 1763 2571 tam
1809 2515 2000 2578 doleo.

410 2618 684 2672 conlidens
709 2615 775 2670 de
803 2624 1054 2685 perpetua
1085 2612 1247 2684 gloria
1279 2610 1602 2666 Liberatoris
1630 2607 1731 2662 mei
1755 2607 1775 2638 ¹
1797 2649 1810 2671 ,
1841 2621 2000 2677 quam

414 2711 459 2762 si
489 2711 659 2780 placet
688 2707 951 2761 admoneo
973 2747 986 2768 ,
1020 2712 1078 2760 ut
1100 2718 1308 2773 qumras
1335 2711 1388 2756 et
1413 2701 1557 2771 legas
1587 2714 1706 2770 qure
1735 2707 1789 2753 et
1810 2707 2003 2768 quanta

410 2824 421 2848 ι
446 2810 464 2852 ι
491 2798 758 2870 quomodo
787 2797 1042 2851 adversus
1073 2793 1484 2848 Manichzeoruttt
1519 2789 2002 2861 pestilentissimam

412 2889 662 2944 heresim
708 2887 1034 2958 scripserim.
1087 2883 1160 2939 lbi
1197 2882 1401 2937 videbis
1435 2898 1536 2951 qua
1569 2880 1669 2936 lidc
1697 2889 1878 2934 c0atra
1911 2893 2006 2933 eos

411 2983 540 3036 Chri
561 2983 766 3036 tianam
800 2977 1130 3034 defenderim
1176 2977 1453 3032 veritatem
1477 3016 1490 3040 ,
1533 2988 1826 3044 eorumque
1858 2969 2007 3026 falla.

411 3077 520 3127 clas
559 3082 749 3142 quanta
796 3069 1172 3141 perspicuitate
1209 3066 1563 3122 destruxerit]!
1613 3084 1626 3118 :
1668 3073 1722 3118 et
1755 3063 1859 3117 noli
1887 3079 2006 3119 esse

413 3169 670 3220 adversus
698 3179 782 3218 me
813 3161 1120 3217 incredulus
1144 3200 1159 3225 ,
1184 3176 1304 3214 cum
1331 3159 1655 3214 Felieianum
1683 3155 1869 3212 credas
1891 3157 2006 3211 Pri-

413 3260 593 3314 miano
634 3255 859 3312 fideliter
885 3246 1211 3319 'iuhzesisse,
1251 3252 1340 3322 qui
1383 3265 1480 3322 pro
1520 3249 1836 3306 Maximiano
1864 3257 2006 3303 tanta

412 3350 634 3404 crimina
673 3349 724 3402 in
757 3363 879 3402 eum
911 3345 1170 3403 sententia
1200 3343 1532 3398 damnatoria
1562 3343 1791 3407 dixerit;
1822 3353 2007 3395 contra

412 3440 659 3493 eumdem
703 3454 829 3492 vero
873 3438 1249 3491 Maximianum
1291 3445 1343 3490 et
1379 3435 1446 3489 ab
1476 3449 1542 3487 eo
1567 3433 1883 3501 dissociatos
1911 3430 2009 3485 ali-

420 3531 546 3598 quid
573 3528 794 3583 forsitan
824 3527 1116 3598 scripserit.
1149 3531 1200 3579 in
1224 3541 1381 3596 quem
1405 3539 1509 3578 non
1532 3524 1785 3592 sicutego
1811 3523 1861 3576 in
1891 3522 2008 3576 illos

417 3621 732 3676 adolescens
753 3661 768 3684 ,
800 3619 966 3674 laicus
990 3661 1004 3684 ,
1032 3615 1444 3672 eatechumenus
1475 3614 1731 3668 inciderat
1754 3656 1770 3680 ,
1801 3613 1895 3668 sed
1920 3627 2009 3668 se-

417 3729 517 3768 nex
566 3727 748 3765 senem
790 3709 836 3765 ei
883 3709 966 3764 cui
1009 3723 1151 3764 nunc
1191 3707 1473 3777 adjunctus
1500 3714 1613 3771 est,
1646 3703 2010 3760 adversarium

413 3809 696 3876 episcopus
718 3803 1026 3873 episcopum
1053 3799 1268 3854 fecerat.
1298 3797 1452 3854 Unde
1471 3812 1592 3852 cum
1612 3813 1711 3869 ego
1731 3797 2010 3868 epistolam

415 3895 660 3967 primatis
702 3893 909 3958 nostri,
959 3893 1027 3948 de
1072 3906 1173 3962 qua
1215 3889 1384 3945 fecisti
1415 3890 1435 3922 ³
1470 3890 1570 3944 sub
1595 3890 1780 3945 eadem
1810 3888 2011 3944 urbana

416 3988 730 4058 oliliquitate
762 3984 1088 4040 mentionem
1115 4026 1127 4047 ,
1155 3998 1312 4052 quam
1340 3981 1406 4036 de
1435 3997 1520 4036 me
1551 3981 1636 4036 ille
1665 3981 1876 4050 scripsit
1902 3981 2011 4036 ira-

420 4092 534 4147 tus,
584 4095 704 4135 cum
751 4079 802 4133 in
846 4078 1217 4149 episcoporum
1256 4072 1482 4130 concilio
1508 4074 1737 4143 probare
1761 4072 1902 4143 quod
1933 4073 2014 4127 in-

421 4173 666 4228 tenderat
691 4179 969 4240 urgeretur
990 4211 1006 4237 ,
1029 4168 1146 4238 ejus
1169 4167 1333 4236 ipsius
1361 4165 1622 4219 sententia
1649 4179 1708 4219 se
1736 4164 2012 4233 corrigen-

419 4267 488 4318 tis
514 4305 528 4329 ,
574 4274 626 4318 et
654 4263 722 4317 de
750 4261 848 4316 hac
875 4275 934 4316 re
959 4261 1167 4313 veniam
1198 4256 1513 4326 postulantis
1531 4297 1547 4323 ,
1577 4254 1747 4326 legam
1773 4267 1894 4309 esse
1921 4253 2015 4308 da-

425 4363 659 4408 mnatam
685 4369 698 4404 :
724 4361 778 4405 tu
801 4364 980 4420 qmere
1008 4358 1186 4402 utrum
1216 4347 1384 4416 possis
1409 4348 1603 4417 legere,
1632 4344 1722 4401 ubi
1742 4355 2016 4400 correctus

421 4443 754 4498 damnaverit
791 4440 1124 4504 Felicianns,
1165 4455 1283 4508 qua:
1323 4456 1426 4493 non
1470 4453 1758 4504 accusans,
1798 4437 1894 4492 sed
1923 4438 2015 4494 da-

426 4551 616 4592 mnans
642 4533 774 4588 dixit
799 4534 851 4587 in
879 4533 1199 4587 Primianum
1228 4549 1241 4596 ;
1267 4531 1347 4586 vel
1373 4531 1560 4584 saltem
1583 4529 1697 4599 ipse
1717 4529 2014 4585 Primianus

424 4628 790 4693 evacuaverit,
817 4643 935 4697 qua!
961 4625 1221 4680 damnans
1247 4621 1380 4678 dixit
1411 4624 1460 4677 in
1486 4623 1832 4678 Fclicianum.
1861 4622 2014 4691 Quod

425 4724 467 4774 si
499 4719 763 4775 inveneris
783 4761 796 4783 ,
832 4732 928 4772 nec
953 4719 1030 4771 sic
1055 4733 1151 4788 par
1175 4717 1280 4771 erit
1306 4730 1465 4770 causa
1495 4734 1508 4770 :
1537 4715 1658 4785 quia
1690 4715 1778 4768 ille
1798 4728 2016 4768 accusa-

427 4817 626 4870 tionem
656 4813 990 4876 iustituerat,
1023 4825 1181 4880 quam
1207 4807 1390 4863 falsam
1418 4821 1537 4863 esse
1566 4807 1870 4878 pervidens,
1894 4821 2014 4860 eum

425 4906 595 4959 Vt‘ttizl:
621 4904 974 4974 postulatione
999 4901 1270 4956 damnavit
1287 4939 1302 4965 ,
1325 4915 1430 4953 non
1454 4915 1747 4970 aspernans
1769 4896 2019 4952 emcnda-

425 4998 588 5053 tionis
625 4995 974 5051 hnmilitatem
1005 4993 1260 5064 dignitate
1289 4992 1575 5060 primatus,
1607 4989 1699 5045 sed
1729 4991 1903 5060 potius
1931 5005 2013 5043 re-

424 5094 608 5146 cofeas
641 5087 873 5160 prudens
898 5086 1039 5157 quod
1065 5084 1321 5155 scriptmn
1352 5093 1434 5139 est
1457 5126 1472 5150 ,
1499 5085 1698 5148 Quanto
1717 5099 1927 5153 magnus
1943 5098 2014 5149 cs,

495 5374 510 5402 ι
540 5367 690 5424 aditi,
735 5376 828 5415 non
867 5362 1152 5413 irascantur.
1199 5365 1255 5424 At
1294 5367 1419 5424 διεδἸ
1463 5371 1554 5409 non
1577 5358 1831 5424 irascatur.

494 5434 515 5463 ⁸
541 5417 641 5480 Duo
657 5417 786 5488 aias,
817 5427 951 5476 (inde
973 5437 1066 5488 non
1088 5430 1188 5473 tam
1226 5419 1363 5472 doleo
1385 5423 1446 5488 de
1469 5420 1717 5488 inmerita
1745 5417 2022 5486 infelicitate

434 5506 560 5551 mea,
597 5503 744 5553 qnam
774 5481 970 5599 Pontico
1006 5485 1068 5536 de
1111 5491 1340 5548 perpetua
1382 5481 1539 5556 gloria
1583 5481 1864 5554 (.iberttto'ris
1908 5496 2020 5531 mer.

438 5562 604 5599 Postea
621 5566 718 5599 non
741 5552 772 5599 il
795 5555 810 5599 ἱ
832 5557 1016 5599 tantum
1038 5547 1153 5599 duo.
1181 5547 1270 5596 sed
1301 5553 1466 5595 ett-terr
1510 5553 1690 5599 pariter
1712 5551 1816 5594 uss.
1843 5543 2020 5599 ferunt.

438 5543 718 5604 t'ostea'non
741 5543 810 5602 itii
832 5557 1016 5599 tantum
1038 5543 1153 5604 duo,
1181 5543 1270 5596 s'ed
1301 5543 1466 5595 ea-t'eri
1510 5545 1690 5608 pariter
1712 5551 1816 5594 uss.
1843 5543 2022 5603 ferunt,

437 5621 484 5662 et
505 5620 660 5664 tamen
681 5611 726 5665 si
739 5613 892 5673 ploret
915 5612 1164 5660 admoneo.

503 5675 525 5706 "
546 5676 662 5738 ωιιι
683 5710 708 5738 ,A
727 5665 863 5738 iri-tia,
890 5673 1112 5738 fecisset;
1137 5669 1232 5732 vel,
1274 5669 1455 5734 (icisse.
1485 5669 1648 5734 Aptius
1668 5667 1765 5716 duo
1803 5675 1908 5718 Mss.
1932 5702 1946 5730 ,
1965 5665 2028 5716 de

441 5749 534 5799 qua
555 5734 728 5797 (eam.

809 305 1076 362 CONTRA
1121 298 1552 356 CRESCONIUM
1596 288 2049 356 DO.\’,\TISTAM,
2094 287 2150 344 S.
2194 289 2562 348 AUGUSTINI
2615 289 2816 345 LIBER
2857 287 3200 359 QUARTUS.

3587 292 3698 349 599.

2110 415 2248 458 tanto
2274 404 2486 459 humilia
2513 414 2557 458 te
2585 405 2635 458 in
2663 404 2891 458 omnibus
2908 446 2920 462 .
2950 413 2994 456 et
3023 418 3196 456 coram
3220 400 3327 456 Deo
3345 401 3565 457 invenies
3580 421 3703 476 gru-

2108 501 2226 552 tiom
2269 497 2456 566 (Eccli.
2501 512 2590 562 ιιι,
2635 494 2728 568 ⁴ΞΟ)
2780 515 2792 550 :
2843 496 2925 549 isti
2966 507 3141 549 autem
3167 509 3273 548 non
3305 494 3531 550 invicem
3560 497 3699 566 apud

2106 600 2238 652 alios
2275 605 2653 653 accusaverant
2679 636 2692 658 ,
2723 593 2815 648 sed
2841 592 3096 648 adversus
3127 591 3350 646 invicem
3379 591 3585 662 judices
3611 608 3701 648 Se-

2106 691 2294 744 derant
2318 705 2332 753 ;
2359 686 2581 757 proinde
2608 686 2832 740 invicem
2860 684 3282 750 damnaverunt,
3306 683 3541 738 damnati
3569 699 3701 738 eon-

2107 786 2478 839 cordaverunt.
2525 778 2640 834 Non
2686 777 2984 832 invidemus
3023 776 3074 831 in
3115 785 3261 846 parte
3294 775 3480 829 Donati
3515 790 3700 845 pacem

2107 875 2508 938 damnatorum,
2561 871 2606 926 si
2649 880 2704 926 et
2745 870 2940 925 Christi
2985 883 3169 938 pacem
3215 883 3322 924 non
3362 878 3619 939 respuant
3649 869 3702 922 in

2107 967 2235 1022 orbe
2260 975 2540 1022 terrarum.

2178 1057 2402 1113 CAPUT
2435 1053 2597 1111 LXV.
2621 1084 2690 1094 —
2715 1053 2804 1110 80.
2827 1051 3014 1108 Cernis
3031 1053 3162 1122 jam,
3189 1059 3247 1105 ut
3265 1050 3518 1114 arbitror,
3542 1063 3696 1121 quam

2110 1149 2336 1202 immitcr
2362 1147 2561 1203 dixeris
2579 1187 2594 1212 ,
2627 1145 2767 1216 quod
2801 1143 3031 1199 videaris
3059 1143 3152 1197 tibi
3181 1142 3246 1196 ad
3274 1143 3451 1196 omnia
3479 1158 3697 1211 resmn-

2108 1239 2250 1294 disse
2273 1282 2289 1306 ,
2331 1256 2449 1310 qua:
2479 1255 2596 1293 mea
2627 1239 2642 1269 ¹
2673 1237 2896 1308 epistola
2926 1235 3286 1291 continentur.
3313 1236 3369 1289 Si
3401 1235 3544 1290 enim
3576 1247 3695 1306 pro-

2109 1343 2289 1404 plcrea
2366 1331 2729 1400 respondisti,
2800 1331 2918 1400 quia
2993 1340 3169 1384 tacere
3238 1328 3512 1392 noluisti;
3593 1337 3695 1381 non

2109 1425 2321 1495 quidem
2377 1420 2441 1477 ad
2481 1423 2656 1476 omnia
2684 1464 2699 1490 ,
2743 1422 2837 1477 sed
2881 1431 3057 1476 tamen
3107 1420 3449 1489 respondisti.
3498 1419 3555 1474 Si
3604 1436 3698 1473 au-

2111 1527 2215 1572 tem
2261 1515 2325 1570 ad
2371 1515 2479 1572 hoc
2534 1515 2892 1587 respondisti,
2949 1523 3004 1567 nt
3056 1529 3117 1568 ea
3171 1529 3291 1583 qua:
3342 1528 3371 1564 a
3421 1528 3506 1566 me
3558 1511 3695 1566 dicta

2109 1599 2233 1665 sunt
2269 1620 2593 1673 eva‘cuares;
2635 1607 2796 1663 video
2837 1616 2888 1662 te
2929 1605 3142 1678 quidem
3185 1603 3250 1658 ad
3279 1604 3441 1658 multa
3469 1619 3691 1673 respon-

2109 1702 2292 1764 disse,
2351 1699 2442 1754 set]
2501 1694 2629 1754 nihil
2687 1707 2738 1754 te
2791 1697 2948 1752 video
2994 1696 3271 1752 refellisse.
3333 1694 3698 1750 Consideratis

2108 1803 2282 1846 autem
2314 1792 2559 1846 omnibus
2581 1807 2698 1861 qua:
2724 1806 2752 1842 a
2777 1806 2860 1844 me
2884 1789 3022 1844 dicta
3045 1797 3202 1854 sunt,
3231 1796 3356 1857 puto
3381 1787 3525 1858 quod
3549 1787 3695 1840 facil-

2110 1885 2234 1939 lime
2279 1885 2572 1954 intelligas,
2620 1894 2726 1938 non
2771 1881 3064 1937 devitanda:
3109 1880 3464 1935 contentionis
3499 1895 3694 1945 causa,

2107 1992 2226 2048 qua:
2268 1975 2408 2029 nulla
2451 1984 2533 2030 est
2566 1990 2686 2029 cum
2719 1975 2914 2028 veritas
2940 1973 3023 2027 vel
3049 1972 3329 2043 qureritur,
3358 1971 3443 2026 vel
3475 1988 3580 2025 non
3607 1985 3698 2042 pro

2110 2084 2243 2122 vana
2277 2067 2443 2137 gloria
2472 2067 2707 2137 litigatur
2731 2107 2746 2132 ,
2776 2065 2867 2120 sed
2899 2080 3073 2120 causa:
3103 2065 3254 2118 mala:
3281 2063 3580 2120 difﬁdentia
3606 2079 3699 2119 vos

2109 2158 2382 2214 nobiscum
2426 2158 2567 2212 nolle
2607 2157 2872 2212 conferre.
2899 2150 2968 2213 Ut
2995 2157 3137 2211 enim
3169 2155 3306 2210 hanc
3333 2157 3503 2210 solam
3534 2157 3696 2211 Maxi-

2108 2248 2458 2304 miancnsimn
2503 2264 2716 2303 causam
2765 2248 2816 2301 in
2866 2247 3099 2301 medium
3150 2246 3518 2316 proferamus,
3573 2246 3698 2301 nihil

2108 2343 2398 2400 contradici
2437 2357 2592 2413 posse
2611 2385 2626 2408 ,
2668 2356 2809 2398 nunc
2835 2341 3020 2395 saltem
3051 2339 3274 2394 fortasse
3295 2338 3406 2409 jam
3431 2339 3697 2408 agnoscis.

2109 2434 2261 2494 Unde
2284 2453 2388 2492 non
2417 2435 2543 2490 mihi
2569 2450 2846 2506 arrogans,
2870 2434 3006 2489 sicut
3030 2433 3204 2488 credis
3222 2441 3315 2488 aut
3335 2432 3696 2496 calumniaris,

2110 2529 2253 2584 velut
2299 2529 2550 2584 invictam
2591 2526 2945 2598 eloquentiam
2967 2565 2982 2593 ,
3013 2527 3089 2580 sic
3116 2540 3232 2580 eam
3261 2525 3400 2578 volui
3431 2539 3702 2580 commen-

2110 2620 2240 2676 dare
2287 2637 2300 2674 :
2347 2620 2441 2674 sed
2479 2620 2646 2690 magis
2673 2627 2728 2672 ut
2757 2619 3090 2672 intuerentur
3118 2616 3208 2686 qui
3237 2615 3514 2684 legerent,
3546 2616 3701 2669 talem

2111 2728 2230 2768 esse
2273 2727 2487 2766 causam
2514 2753 2528 2776 ,
2572 2726 2668 2781 pro
2707 2725 2809 2780 qua
2849 2705 3135 2763 asserenda
3163 2707 3244 2761 vel
3277 2707 3452 2776 potius
3477 2706 3700 2760 demon-

2111 2803 2328 2858 stranda
2353 2803 2545 2857 nullius
2563 2801 2630 2855 sit
2653 2799 2910 2855 facundiae
2932 2798 3280 2869 patrocinium
3300 2797 3698 2868 requirendum.

2180 2894 2270 2950 8i.
2314 2895 2449 2949 Ecce
2477 2893 2586 2962 jam
2619 2909 2721 2946 nun
2751 2891 2870 2946 dico
2895 2891 3160 2958 lricipitcttt
3189 2889 3394 2944 bestiam
3420 2929 3436 2953 ,
3463 2903 3701 2943 errorem

2114 2999 2374 3050 vestrum,
2407 2985 2526 3055 quia
2555 2983 2905 3038 suavissimus
2931 2983 3216 3037 verborum
3247 2980 3561 3036 emendator
3585 2997 3644 3036 es
3659 2983 3700 3044 ’;

2113 3076 2206 3131 sed
2246 3076 2364 3131 dico
2394 3076 2712 3130 calumniam
2740 3075 3076 3145 tripartitam.
3107 3073 3216 3127 Nec
3244 3073 3363 3128 dico
3388 3087 3488 3126 nos
3513 3074 3561 3127 ei
3592 3084 3704 3126 tan-

2111 3185 2271 3240 quam
2315 3169 2520 3223 tridenti
2548 3169 2644 3223 telo
2671 3183 2737 3222 ex
2766 3167 2868 3222 hac
2898 3167 3389 3222 Maximiaueusium
3421 3181 3585 3221 causa
3617 3167 3705 3219 de.

2113 3260 2241 3316 bere
2283 3258 2534 3316 resistere
2560 3277 2574 3324 ;
2622 3259 2716 3314 sed
2735 3260 2866 3326 dico
2889 3301 2903 3325 ,
2952 3259 3212 3327 tripartita
3239 3257 3570 3312 defensione.
3599 3257 3708 3312 Nec

2113 3353 2234 3408 dico
2256 3394 2272 3420 ,
2300 3351 2368 3407 In
2395 3369 2572 3409 eorum
2604 3354 2768 3424 fronte
2791 3351 3064 3421 conﬁgite;
3093 3359 3183 3404 aut
3203 3393 3216 3416 ,
3253 3348 3317 3403 In
3340 3367 3431 3404 ora
3455 3361 3706 3405 coarctatc

2115 3445 2251 3516 (Lib.
2300 3447 2324 3500 1
2367 3454 2540 3500 contra
2579 3444 2796 3499 Litteras
2839 3443 3112 3510 Pctiliani,
3156 3462 3208 3496 ιι.
3248 3442 3340 3515 ΞΟ)
3376 3444 3513 3498 :sed
3547 3443 3665 3498 dico
3688 3484 3701 3506 ,

2115 3537 2314 3593 Eorum
2356 3537 2737 3607 impudentiam
2779 3537 3024 3592 cohibete
3045 3578 3059 3600 ,
3093 3551 3504 3606 sermonemque
3533 3538 3700 3604 repri-

2115 3632 2264 3687 mite.
2310 3630 2575 3701 Numquid
2622 3631 2872 3702 quoniam
2918 3631 3076 3686 verba
3118 3638 3316 3683 mutata
3356 3637 3514 3693 sunt,
3561 3638 3700 3684 etex

2118 3721 2390 3778 translatis
2432 3720 2567 3777 facta
2608 3728 2732 3776 sunt
2771 3720 3017 3791 pmpria,
3063 3719 3184 3775 ideo
3213 3719 3699 3774 Maximiancnsium

2117 3829 2274 3871 causa
2297 3823 2496 3870 mutata
2520 3824 2628 3881 est,
2653 3813 2806 3883 cujus
2834 3812 3151 3882 compendio
3177 3812 3255 3866 sic
3271 3811 3621 3882 supcramini,
3651 3820 3700 3863 ut

2117 3909 2249 3964 nihil
2285 3909 2440 3965 vobis
2477 3903 2676 3974 restet,
2719 3908 2764 3962 si
2806 3905 3091 3977 aliquando
3127 3905 3379 3975 sapiatis,
3423 3904 3526 3958 nisi
3564 3904 3699 3956 [inita

2118 4003 2382 4073 pervicaci
2409 4001 2747 4057 animositate
2776 3999 2993 4071 pacari?

2188 4092 2414 4149 CAPUT
2458 4091 2642 4146 LXVI.
2686 4121 2760 4132 —
2797 4090 2888 4146 82.
2917 4090 2971 4145 Si
3001 4089 3070 4145 de
3097 4087 3473 4144 communione
3495 4087 3662 4157 agitur
3681 4125 3695 4148 ,

2120 4201 2226 4241 non
2273 4191 2612 4255 peccatorum
2653 4183 2948 4238 alienorum
2974 4223 2989 4248 ,
3029 4181 3122 4236 sed
3165 4179 3474 4234 divinorum
3517 4178 3697 4234 Sacra-

2119 4286 2422 4333 mentorum
2450 4295 2465 4342 ;
2491 4257 2936 4331 communicatum
2965 4281 3047 4329 est
3069 4287 3190 4328 cum
3215 4271 3482 4326 damnatis
3501 4312 3515 4335 ,
3545 4278 3597 4324 et
3619 4269 3699 4322 di-

2120 4377 2264 4422 ctum
2302 4377 2384 4423 est
2416 4367 2482 4422 de
2522 4367 2641 4420 aliis
2665 4366 2970 4437 sacrilegis,
3003 4364 3090 4435 qui
3117 4378 3238 4418 cum
3266 4361 3522 4417 damnato
3547 4358 3702 4414 Μειιί-

2119 4462 2298 4519 miano
2326 4458 2788 4516 communicabant
2809 4498 2827 4526 ,
2853 4457 2992 4528 quod
3011 4470 3104 4510 eos
3123 4453 3364 4524 sacrilegi
3385 4451 3581 4509 surculi
3603 4465 3702 4505 non

2122 4556 2359 4626 polluere
2383 4551 2664 4624 plantaria.
2690 4551 2747 4605 Si
2773 4551 2841 4606 de
2868 4549 3234 4619 persecutione
3257 4546 3465 4618 agitur;
3490 4545 3704 4598 damna-

2123 4658 2206 4703 tos
2255 4643 2516 4716 persecuti
2545 4644 2676 4698 estis
2699 4683 2714 4709 ,
2743 4642 3012 4696 animosos
3042 4636 3500 4710 persecutionibus
3526 4649 3701 4690 corrc-

2123 4739 2295 4795 xistis.
2340 4737 2395 4794 Si
2421 4735 2489 4791 de
2520 4736 2791 4806 Baptismo
2820 4734 3024 4801 agitur,
3056 4732 3108 4786 in
3140 4731 3400 4800 sacrilego
3425 4727 3703 4783 schismate

2123 4834 2304 4889 datum
2347 4830 2674 4899 Baptismum
2719 4825 3046 4895 suscepistis.
3078 4823 3216 4890 Quid
3244 4821 3421 4876 adhuc
3450 4818 3670 4873 inaniter
3690 4856 3702 4874 .

2124 4943 2191 4980 ne
2217 4924 2410 4980 veritas
2435 4927 2789 4991 cognoscatur
2811 4961 2824 4984 ,
2857 4932 3111 4987 errorque
3132 4915 3381 4985 fugiatur,
3403 4913 3579 4968 divina
3605 4923 3702 4961 nan

2127 5018 2390 5074 intellecta
2437 5013 2738 5070 testimonia
2779 5008 3161 5082 proferuntur?
3201 5007 3464 5077 Scriptum
3508 5013 3612 5067 est,
3648 4999 3704 5053 Si

2125 5114 2236 5184 quis
2279 5116 2419 5180 putat
2456 5125 2510 5162 se
2537 5104 2895 5162 contentiosum
2933 5117 3070 5167 esse,
3101 5116 3191 5153 nos
3220 5097 3371 5152 talem
3395 5093 3702 5150 consuetudi-

2129 5221 2239 5259 nem
2261 5219 2362 5257 non
2383 5201 2622 5255 ltttbemus
2652 5197 2690 5268 (l
2723 5195 2838 5251 Cor.
2871 5210 2925 5249 xu
2952 5235 2968 5258 ,
3002 5191 3114 5262 16).
3143 5189 3248 5246 Sed
3279 5204 3377 5244 nec
3401 5187 3700 5245 Restitutus,

2129 5298 2216 5369 qui
2247 5311 2364 5351 cum
2391 5293 2569 5350 Salvio
2593 5289 3001 5346 Membresitano
3026 5292 3244 5356 propter
3261 5283 3477 5338 cellulas
3497 5291 3549 5336 et
3568 5277 3702 5348 agel-

2199 5503 2215 5533 ¹
2243 5498 2372 5561 Apud
2405 5502 2536 5556 t.ov.,
2557 5505 2664 5558 qua:
2706 5489 2759 5543 in
2789 5503 2913 5540 mea.
2941 5495 3012 5538 Fr.
3052 5485 3203 5550 Lugd.
3245 5492 3298 5534 et
3329 5490 3472 5541 γεω,
3518 5491 3621 5542 qttt!’
3660 5476 3702 5524 in

2132 5579 2220 5656 ea;
2400 5621 2558 5672 locum
2606 5618 2734 5668 hunc
2796 5614 3062 5672 restituunt
3123 5609 3222 5659 duo
3278 5602 3598 5664 manusaﬂﬂi.

2137 5655 2575 5804 $21.33;};-
2594 5655 2809 5743 ,"';,';.:..t'
2826 5655 3446 5728 “sesama-iac...
3496 5655 3696 5717 mm-

2218 5762 2301 5801 2128.

2218 5762 2301 5801 21.".
