4024 6196
255 400 359 459 593

251 521 325 572 los
345 558 357 575 .
391 522 449 569 ut
479 527 600 573 eum
628 508 759 565 locis
788 506 1076 578 expelleret
1096 546 1111 572 ,
1140 502 1336 561 forensi
1367 500 1591 570 strepitu
1620 506 1832 553 contro—

252 605 527 674 versiaque
546 599 784 657 conﬂixit
802 640 818 662 .
842 595 1209 653 contentiosus
1238 592 1448 648 habitus
1476 602 1559 647 est
1579 606 1612 646 ι
1633 588 1784 643 vobis
1817 602 1831 642 :

251 704 446 768 quanto
473 695 648 748 minus
678 689 837 745 debet
864 686 1225 743 contentiosus
1254 684 1425 755 putari
1450 725 1467 751 ,
1493 681 1582 751 qui
1609 696 1713 735 non
1738 691 1836 748 pro

250 782 549 856 usurpanda
581 782 659 836 vel
681 778 965 835 auferenda
988 819 1002 841 ,
1031 777 1123 833 sed
1153 792 1247 848 pro
1265 770 1703 831 communicanda
1728 771 1836 824 ha:-

208 886 224 926 ι
254 877 475 934 reditate
518 873 817 929 ctelestium
859 871 939 928 eis
970 870 987 903 ¹
1027 860 1117 940 qui
1155 869 1307 924 aliter
1332 866 1542 936 sapiunt
1563 906 1577 927 ,
1607 862 1837 917 fideliter

218 943 229 991 ⁸
254 965 525 1037 disputat?
556 946 818 1035 Scriptum
851 971 924 1016 est
945 1003 960 1027 ,
996 960 1170 1031 inquis
1191 1000 1206 1024 ,
1239 957 1303 1013 In
1327 973 1478 1011 aures
1504 950 1837 1025 imprudentis

255 1060 354 1114 noli
395 1057 671 1127 quidquam
716 1053 912 1120 dicere,
964 1069 1028 1107 ne
1059 1051 1272 1107 irrideat
1317 1058 1543 1105 sensatas
1588 1060 1839 1102 sermones

257 1162 362 1204 luas
401 1146 582 1217 (Prov.
626 1161 759 1201 mn
780 1186 795 1212 ,
824 1142 902 1215 9).
934 1142 1108 1199 Nolite
1134 1141 1286 1198 nobis
1313 1142 1365 1197 in
1395 1154 1553 1194 aures
1574 1136 1724 1209 quasi
1750 1151 1838 1190 se-

256 1249 453 1295 cretum
500 1237 708 1302 dicere,
755 1236 800 1290 si
842 1251 945 1290 non
966 1233 1278 1305 'prudentes
1304 1233 1500 1303 putatis
1531 1249 1544 1286 :
1574 1230 1711 1285 sicut
1742 1242 1840 1283 nec

258 1334 493 1389 Christus
534 1331 587 1385 in
615 1344 771 1385 aures
798 1328 1185 1383 Pharismorum
1212 1326 1421 1381 dicebat
1445 1367 1460 1390 ,
1491 1322 1631 1395 quod
1662 1330 1837 1377 tamen

257 1425 316 1478 ad
339 1439 433 1478 eos
459 1422 778 1479 refellendos
804 1422 933 1492 ipsis
951 1420 1287 1476 audientibus
1313 1417 1635 1490 proferebat.
1657 1415 1839 1474 Palam

260 1514 407 1570 nobis
433 1511 700 1568 ostendite
723 1556 739 1579 ,
771 1524 829 1566 ut
852 1512 895 1566 si
919 1528 1021 1566 non
1048 1512 1391 1581 corrigimur,
1420 1508 1799 1565 eouvincamur
1823 1549 1837 1572 ,

258 1604 522 1676 quomodo
551 1618 646 1659 vos
674 1604 719 1657 si
747 1603 813 1658 ad
841 1604 1097 1659 unitatem
1125 1602 1378 1656 veneritis
1398 1642 1411 1663 .
1440 1598 1669 1655 maculet
1695 1597 1842 1654 orbis

260 1698 576 1753 christianos
600 1738 613 1764 ,
639 1711 772 1767 quos
793 1696 1072 1751 damnatos
1096 1697 1118 1727 ²
1146 1711 1251 1750 non
1276 1694 1502 1750 maculat
1522 1692 1839 1749 Felicianus.

262 1787 348 1843 Est
370 1790 665 1860 scriptunm
688 1788 812 1843 Noli
823 1787 1437 1858 respomlereimprudenti
1456 1787 1726 1842 secundum
1749 1786 1844 1838 im-

262 1879 574 1951 prudentiam
596 1880 726 1952 rjus,
742 1896 804 1933 ne
821 1879 1000 1933 similis
1022 1880 1117 1949 [ius
1136 1879 1231 1933 illi.
1246 1898 1263 1931 ι
1280 1878 1468 1933 Nonne
1491 1878 1559 1934 ibi
1581 1878 1839 1948 sequitur,

265 1991 286 2023 s
304 1969 409 2026 Sed
428 1970 674 2042 responde
696 1971 773 2024 illi
795 1981 970 2024 contra
993 1971 1381 2041 imprudentiam
1409 1972 1539 2040 ejus,
1560 1986 1621 2024 ne
1645 1970 1739 2024 sibi
1761 1987 1845 2025 sa-

262 2065 398 2131 piens
423 2061 651 2116 videatnr
673 2080 692 2114 ι
713 2060 821 2133 (Id.
850 2078 992 2129 xxvr,
1011 2064 1064 2129 4,
1089 2061 1142 2134 5)
1164 2064 1188 2116 ?
1207 2062 1315 2118 lloe
1341 2070 1397 2118 et
1418 2080 1510 2117 vos
1534 2063 1723 2127 facile;
1748 2078 1845 2118 no-

262 2155 350 2210 lite
400 2155 748 2225 rcspousione
785 2163 961 2211 vestra
986 2163 1181 2209 nostrae
1214 2170 1373 2225 quam
1421 2157 1617 2225 putatis
1643 2157 1845 2227 impru-

260 2246 454 2301 denlim
476 2247 778 2302 consentire
796 2287 812 2313 ,
840 2245 933 2301 sed
956 2246 1103 2301 unde’
1122 2247 1288 2316 possit
1311 2247 1554 2318 redargui
1578 2289 1593 2316 ,
1626 2265 1846 2319 respon-

261 2335 399 2393 dete.
455 2336 834 2407 llespondete,
885 2337 1098 2407 inquam
1132 2378 1147 2404 ,
1201 2339 1468 2407 quomodo
1522 2340 1845 2410 Daptismum

261 2427 398 2498 quod
430 2427 876 2483 Maximianenses
904 2427 957 2482 in
983 2428 1244 2498 sacrilego
1272 2428 1559 2486 schismate
1580 2431 1847 2487 ministra-

263 2528 386 2573 runt
406 2561 424 2584 ,
454 2520 567 2575 sine
593 2520 768 2589 aliqua
795 2519 1156 2574 destructione
1177 2521 1520 2592 suseepcritis
1540 2564 1555 2587 ,
1581 2533 1637 2578 et
1663 2524 1717 2577 in
1743 2524 1847 2580 Ec-

261 2610 440 2665 cle5iis
468 2625 598 2680 quas
627 2609 869 2665 Christus
889 2624 986 2679 per
1006 2610 1290 2681 Apostolus
1311 2612 1645 2684 prepagavit,
1667 2614 1850 2670 datum

263 2700 590 2768 Baptismum
616 2699 923 2755 destruatis.

329 2792 421 2846 85.
462 2791 719 2857 Proinde,
752 2792 892 2863 quod
925 2792 975 2847 in
1006 2793 1107 2848 line
1133 2794 1371 2863 epistola:
1399 2803 1501 2851 tua:
1530 2798 1705 2852 omnia
1733 2814 1851 2868 qum

264 2900 424 2953 supra
471 2886 624 2941 latius
667 2885 762 2941 abs
810 2896 863 2940 te
890 2886 1030 2942 dicta
1055 2897 1204 2954 sum,
1234 2888 1470 2945 breviter
1497 2896 1851 2960 perenrremla

261 2980 551 3033 arbitratus
599 2995 688 3044 es,
744 2995 851 3049 quo
901 2979 1113 3035 lectoris
1160 2984 1478 3037 memoriam
1527 2999 1803 3039 recreares
1834 3028 1849 3051 ,

263 3069 455 3122 eodem
497 3070 684 3125 ordine
724 3072 903 3140 accipe
927 3112 944 3137 ,
984 3086 1142 3141 qnam
1174 3087 1272 3128 nec
1302 3082 1353 3129 te
1384 3088 1485 3129 nec
1508 3073 1649 3129 alios
1670 3074 1853 3130 fallere

263 3161 483 3216 debeas.
522 3163 652 3217 Nam
683 3172 737 3217 et
762 3165 1079 3229 arrogantiae
1105 3181 1211 3219 non
1240 3176 1320 3221 est
1340 3208 1354 3231 ,
1382 3166 1466 3222 vel
1495 3182 1738 3238 qurerere
1767 3170 1853 3224 vel

261 3270 510 3311 asserere
547 3257 842 3312 veritatem.
887 3257 952 3311 Et
979 3258 1116 3327 quod
1146 3274 1413 3328 ntmquam
1439 3271 1594 3330 putas
1621 3263 1855 3331 potuisse

263 3346 478 3401 deliniri
501 3389 517 3411 ,
546 3362 649 3400 non
672 3347 841 3399 solum
862 3362 893 3400 a
922 3347 1265 3416 prudentibus
1290 3356 1343 3402 cl
1365 3349 1528 3404 Deum
1552 3350 1858 3408 timentibus

262 3439 549 3492 definitum
576 3445 657 3490 est
682 3479 697 3503 ,
727 3437 823 3492 sed
847 3439 1009 3493 etiam
1034 3455 1129 3493 vos
1156 3448 1319 3494 totum
1339 3441 1481 3510 quod
1503 3444 1618 3497 sine
1636 3442 1742 3500 line
1763 3459 1857 3514 ριι-

262 3530 467 3584 tabatis
487 3570 502 3595 ,
550 3527 986 3583 Maximianenses
1022 3531 1361 3600 suscipiendo
1387 3532 1594 3589 liuistis.
1629 3533 1695 3589 Et
1724 3550 1817 3589 vos
1837 3577 1852 3601 ,

265 3638 368 3676 non
413 3619 486 3673 ad
523 3620 950 3688 contentionem,
991 3621 1086 3677 sed
1110 3622 1176 3677 ad
1206 3623 1542 3681 collationem
1568 3641 1820 3682 vocamus
1840 3669 1855 3693 ,

329 3776 345 3807 ί
375 3774 517 3834 aliti,
541 3786 651 3822 cum
672 3772 755 3823 eis.
783 3775 947 3833 Abest,
970 3788 1097 3830 cum.
1116 3787 1144 3826 ε
1164 3784 1269 3825 Mss.

269 3839 349 3945 ω’
363 3833 660 3946 ’ξιιέιὶἶάτὲίέ
676 3835 942 3886 danmatos.
958 3838 1249 3900 castigantur
1288 3837 1348 3886 ad
1369 3837 1491 3887 duos
1512 3838 1861 3900 manuscripr

332 3913 344 3946 ι
463 3911 507 3944 at
662 3929 676 3943 .

332 3911 420 3958 [ra
442 3911 676 3946 tattuatos.

1244 386 1309 445 ΙΝ
1344 381 1788 451 δυβὸῐίρυιίλδ
1825 375 2001 434 OPUS
2044 373 2545 431 RlelAC'FATIQ

3438 373 3595 430 ὕοι.

1944 490 2031 559 qui
2055 488 2493 543 Maximianenses
2514 486 2672 542 etiam
2697 484 2995 540 forensibus
3015 484 3193 538 litibus
3218 484 3537 555 percnlistis.

1944 581 2009 636 Et
2050 581 2102 635 in
2140 580 2220 633 eis
2246 581 2333 649 qui
2365 579 2416 633 in
2446 578 2747 650 Maxim'ani
2775 576 3061 632 schismate
3091 577 3337 646 baptizati
3375 589 3530 639 sunt,

1941 671 2182 744 quamvis
2228 685 2559 741 nequaquam
2598 669 2703 724 illic
2733 668 2985 739 baptizari
3014 668 3330 729 debuerint.
3363 678 3543 724 tamen

1941 761 2137 817 Christi
2184 760 2509 831 Baptismum
2554 760 2896 830 cognovistis.
2944 760 3008 813 Et
3055 758 3303 815 Ecclesia:
3342 760 3541 815 fontem

1942 852 2099 907 aliter
2126 851 2325 907 debere
2351 850 2602 921 intelligi,
2633 849 2701 903 ad
2726 865 2883 927 quem
2917 849 3015 904 nisi
3048 849 3218 905 bonus
3242 850 3425 906 nullus
3449 871 3541 908 ac-

1943 945 2121 1009 cedit,
2159 950 2434 1012 acceptato
2458 943 2474 974 ¹
2504 942 2776 1011 Baptismo
2804 958 2962 1012 quem
2993 942 3233 1012 sacrilegi
3265 950 3413 996 extra
3443 941 3536 995 de-

1942 1036 2131 1091 derant
2156 1079 2171 1103 ,
2212 1035 2544 1091 declarastis.
2589 1035 2655 1091 Et
2692 1035 2924 1105 majores
2957 1043 3168 1088 nostros
3194 1033 3273 1088 vel
3302 1043 3541 1087 sanetam
3569 1044 3579 1105 ξ

1948 1082 1991 1091 ...
2156 1082 2171 1103 ,
2216 1082 2544 1091 ,πω---.η-
2589 1082 2655 1091 ,.-
2692 1082 2923 1105 ---η-,η
2957 1082 3165 1088 ------.--
3205 1082 3273 1088 ---
3303 1082 3541 1087 mm"---

1948 1128 2238 1183 Ecclesiam
2280 1144 2440 1197 quam
2470 1136 2714 1182 tenemus
2736 1168 2752 1193 ,
2782 1127 2970 1180 alienis
2995 1126 3306 1180 criminibus
3337 1125 3537 1179 tlmrilio
3568 1082 3581 1152 ί

1943 1219 2171 1275 eationis
2194 1227 2250 1274 et
2276 1218 2573 1274 traditionis
2598 1259 2611 1281 ,
2640 1216 2881 1287 quamvis
2900 1233 2930 1270 a
2953 1217 3101 1272 vobis
3124 1230 3392 1286 nunquam
3416 1230 3542 1285 pro-

1945 1312 2065 1367 bata
2109 1312 2216 1367 sint
2238 1355 2253 1374 .
2296 1322 2471 1366 tamen
2489 1310 2662 1391 .pollni
2693 1326 2796 1365 non
2826 1311 3063 1381 potuisse
3091 1309 3353 1380 cogemini
3382 1314 3546 1365 conli-

1948 1403 2085 1469 teri;
2125 1403 2214 1471 qui
2254 1402 2466 1458 dixistis
2489 1402 2627 1472 quod
2669 1401 2843 1457 socios
2881 1400 3220 1467 Maximiani,
3245 1400 3438 1469 quibus
3470 1399 3535 1452 ad

1948 1493 2279 1549 redeundum
2323 1493 2634 1548 dilationem
2676 1491 2913 1553 dabatis.
2962 1490 3202 1560 ejusdem
3239 1489 3541 1544 Maximiani

1946 1587 2191 1657 sacrilegi
2232 1586 2431 1641 surculi
2478 1600 2584 1639 non
2625 1584 2866 1654 polluere
2910 1582 3170 1654 plantaria
3214 1599 3228 1636 :
3277 1580 3417 1637 unde
3446 1597 3545 1634 nos

1950 1686 2095 1729 tanto
2138 1684 2259 1746 post
2303 1674 2447 1741 nati,
2491 1674 2660 1728 nmlto
2690 1673 2865 1727 minus
2895 1687 3178 1744 possumus
3203 1672 3269 1726 ad
3298 1671 3546 1726 eamdem

1951 1766 2262 1822 traditorum
2313 1775 2368 1821 et
2406 1766 2826 1821 thurilicatorum
2858 1763 3120 1834 originem
3164 1763 3464 1833 pertinere,
3495 1763 3541 1814 si

1951 1865 2076 1912 tunc
2098 1858 2295 1927 pariter
2315 1856 2604 1910 viventium
2629 1854 2938 1910 societatem
2962 1853 3219 1921 majorum
3242 1861 3541 1906 nostrorum
3616 1864 3622 1871 ‘

1952 1946 2218 2000 maculare
2262 1960 2368 1999 non
2413 1943 2600 2013 potuit.
2634 1942 2700 1996 Et
2731 1942 3127 2011 persecutiones
3154 1941 3395 2011 quamvis
3422 1956 3543 1994 cou-

1959 2049 2036 2093 tra
2064 2038 2339 2092 veritatem
2369 2035 2691 2090 suavissimas
2716 2032 2869 2088 nobis
2894 2032 3070 2088 facere
3099 2033 3334 2097 soleatis,
3363 2042 3537 2085 tamen

1950 2146 2018 2186 es
2060 2128 2238 2200 aliqua
2286 2140 2436 2198 parte
2475 2126 2918 2181 Maximianenses
2956 2123 3413 2194 pcrsecutionibus
3433 2140 3545 2178 cor-

1952 2219 2163 2276 rexistis
2193 2236 2205 2272 :
2236 2228 2291 2272 et
2317 2231 2432 2283 eos,
2461 2215 2702 2286 quamvis
2729 2230 2834 2269 non
2861 2214 2990 2285 ipsis
3006 2214 3114 2285 jam
3138 2214 3403 2289 damnatis
3422 2214 3543 2269 data

1954 2310 2108 2365 fuerit
2129 2352 2144 2373 ,
2186 2318 2360 2363 tamen
2394 2318 2513 2377 post
2542 2307 2682 2361 illius
2711 2305 2981 2361 dilationis
3008 2308 3290 2362 terminum
3317 2310 3548 2376 suscepi-

1953 2400 2052 2456 stis
2081 2416 2094 2453 :
2122 2406 2175 2453 et
2210 2397 2534 2467 Baptismum
2567 2411 2724 2467 quem
2752 2395 2883 2451 foris
2911 2411 2941 2450 a
2970 2406 3143 2450 vestra
3173 2397 3546 2452 communione

1952 2490 2209 2545 dederant
2232 2530 2247 2554 ,
2277 2488 2468 2559 quibus
2487 2487 2739 2543 dilatione
2760 2485 3014 2542 redeundi
3030 2486 3246 2556 januam
3273 2487 3545 2559 pandeba-

1957 2580 2218 2647 tiv,etiam
2246 2589 2363 2651 post
2391 2577 2633 2635 eamdem
2660 2578 2968 2634 dilationem
2991 2578 3259 2649 cognitum
3282 2588 3336 2634 et
3355 2594 3563 2649 appro-

1957 2670 2137 2725 bulum
2180 2685 2285 2725 non
2324 2669 2636 2726 rescidistis.
2678 2668 2855 2739 Quare
2876 2709 2893 2734 ,
2921 2684 3041 2724 cum
3069 2668 3250 2724 videas
3280 2668 3411 2723 nihil
3437 2686 3467 2723 a
3489 2682 3548 2723 to

1955 2763 2057 2817 dici
2105 2763 2375 2832 potuisse,
2420 2762 2562 2833 quod
2604 2776 2711 2816 non
2751 2761 2867 2816 luce
2910 2776 3013 2816 una
3054 2761 3546 2817 Maximiancnsium

1956 2868 2116 2909 causa
2162 2854 2369 2908 refellat
2411 2862 2572 2924 atque
2612 2851 2931 2919 convincat,
2974 2851 3042 2907 da
3085 2852 3332 2920 veniam,
3369 2853 3413 2907 si
3444 2870 3549 2923 quo

1957 2942 2185 3000 fortasse
2214 2943 2376 2999 verbo
2404 2942 2588 2997 durius
2614 2943 2814 2999 emisso
2843 2952 2895 2998 te
2922 2941 3116 2998 olleudi
3141 2957 3157 3010 ;
3186 2951 3239 2998 et
3264 2942 3309 2997 si
3340 2941 3467 2998 Afer
3496 2946 3564 3000 in.

1959 3034 2136 3090 Africa
2158 3043 2265 3090 tam
2289 3050 2530 3106 magnam
2554 3033 3045 3090 Maximiancnsium
3067 3048 3280 3088 causam
3304 3033 3356 3088 in
3378 3036 3555 3104 capite

1960 3126 2152 3183 Africa:
2191 3135 2431 3181 exortam
2456 3168 2472 3191 ,
2521 3126 2659 3182 meis
2696 3123 3002 3179 admonitus
3045 3124 3238 3179 litteris
3284 3134 3391 3179 tam
3431 3140 3552 3180 St‘ru

1957 3219 2227 3296 requisisti
2251 3261 2267 3285 ,
2299 3234 2398 3275 nec
2420 3217 2728 3289 requisitam
2752 3258 2769 3284 ,
2798 3215 2926 3271 falsa
2956 3216 3294 3272 narrantibus
3317 3220 3508 3272 vestris
3534 3262 3552 3283 ,

1960 3298 2097 3366 sicut
2132 3311 2243 3381 jam
2289 3311 2502 3376 cernis,
2546 3310 2787 3366 invenire
2828 3309 3081 3380 potuisti;
3129 3310 3309 3366 timete
3342 3309 3548 3365 Deum:

1964 3410 2039 3456 tot
2066 3401 2386 3458 christianas
2411 3409 2594 3472 gentes
2621 3410 2727 3456 tam
2750 3402 2851 3455 lata
2877 3414 2970 3469 per
2990 3399 3242 3454 mundum
3264 3400 3556 3457 christiana

1964 3494 2166 3547 unitate
2192 3500 2466 3563 porrectas
2487 3535 2503 3559 ,
2532 3492 2831 3564 ignotorum
2861 3489 3109 3547 Afrorum
3137 3492 3433 3563 ignotisque
3457 3494 3557 3548 cri-

1963 3583 2194 3639 minibus
2221 3584 2385 3639 nolite
2415 3581 2771 3654 perfundere;
2802 3591 2857 3638 et
2886 3597 2980 3653 pro
3008 3597 3137 3651 pace
3159 3582 3359 3663 Christi
3386 3584 3560 3639 redito

1965 3678 2030 3731 ad
2078 3675 2370 3732 Ecclesiam
2407 3692 2527 3746 quas
2566 3693 2672 3732 noti
2712 3668 2985 3731 dainnavit
3026 3674 3323 3745 incoguitos
3346 3717 3362 3741 ,
3391 3677 3435 3730 si
3464 3692 3562 3746 pro

1967 3783 2097 3837 pace
2122 3768 2308 3821 Donati
2333 3767 2527 3835 placuit
2552 3782 2804 3822 revocare
2832 3766 3133 3822 damnatos.

2033 3900 2051 3933 ι
2076 3899 2150 3949 sic
2170 3904 2279 3947 Mss.
2305 3904 2362 3948 At
2383 3897 2519 3958 editi,
2542 3901 2755 3961 accepto.

345 3979 727 4047 Subiungenda
755 3978 855 4034 hoc
881 3980 997 4035 loco
1023 3986 1198 4045 erant,
1229 3980 1272 4033 si
1315 3981 1535 4049 reperiri
1568 3980 1904 4050 .potuisseut,
1946 3981 2044 4035 tria
2086 3979 2202 4034 hmo
2244 3979 2533 4050 opuscula:
2586 3978 2963 4050 Probationmn
3012 3989 3067 4036 et
3111 3981 3560 4037 Testimoniorum

271 4059 465 4122 contra
488 4051 801 4122 Donatistas
822 4050 989 4122 liber,
1005 4053 1157 4118 cujus
1187 4048 1429 4106 meminit
1458 4048 1786 4122 Augustinus
1812 4052 1865 4122 in
1891 4052 1991 4105 lib.
2019 4052 2058 4107 2
2086 4048 2322 4122 Retraet.
2347 4051 2590 4122 cap.27;
2619 4048 3028 4122 Contraunescio
3055 4067 3212 4122 quem
3233 4052 3560 4109 Donatismm

276 4120 437 4194 liber,
468 4120 534 4194 de
561 4136 680 4194 quq
696 4120 746 4173 in
775 4120 871 4174 lib.
899 4120 935 4174 2
966 4121 1199 4194 Retract.
1222 4137 1339 4192 cap.
1369 4123 1471 4191 ‘28;
1496 4120 1804 4179 Admouitio
1829 4121 2224 4178 Donatistarum
2252 4120 2322 4179 de
2347 4120 2779 4186 Maximianistis,
2810 4120 2946 4175 liber
2988 4120 3126 4178 unus
3147 4163 3163 4189 ,
3196 4121 3286 4194 qui
3318 4137 3564 4178 recense-

279 4199 367 4242 tur
398 4191 453 4244 in
483 4190 571 4245 lib.
596 4190 631 4244 2
653 4191 885 4245 Retract.
914 4206 1032 4261 cap.
1057 4191 1149 4246 29.

1028 4293 1156 4300 r—--.4

365 4329 620 4338 ——.-..—~.._

1526 4387 1593 4443 ΙΝ
1634 4387 2079 4457 SUBSEQUENS
2115 4387 2314 4460 OPUS,

1346 4495 1482 4537 LIBRI
1519 4495 1557 4539 ll
1593 4496 2070 4538 RETRACTATIONUI
2106 4498 2279 4539 CAPUT
2318 4499 2500 4544 ΧΧΧΝ.
3388 4535 3397 4542 .

356 4567 438 4622 Eo
487 4576 726 4639 tempore
749 4569 942 4625 librum
975 4569 1041 4625 de
1070 4569 1239 4628 Unico
1280 4569 1550 4641 Baptismo
1592 4574 1796 4628 amicus
1825 4573 2041 4644 quidam
2081 4590 2251 4641 meus,
2279 4590 2309 4629 a
2340 4576 2527 4631 nescio
2550 4593 2655 4647 quo
2680 4577 2944 4634 donatisla
2978 4580 3290 4650 presbytero
3314 4580 3557 4648 accepit,

277 4656 555 4715 indicante
580 4660 723 4731 quod
775 4662 1070 4717 Petilianus
1097 4661 1383 4732 episcopus
1406 4677 1592 4717 eorum
1621 4661 2082 4718 Constantincnsis
2108 4678 2229 4719 eum
2260 4665 2553 4735 scripserit.
2585 4668 2735 4722 llune
2763 4667 2828 4722 ad
2856 4684 2942 4723 me
2965 4668 3051 4724 ille
3080 4668 3277 4733 attulit,
3305 4682 3370 4724 ac
3397 4668 3562 4723 velte-

280 4762 515 4818 menter,
548 4761 606 4806 ut
635 4753 681 4806 ei
713 4751 1113 4822 responderem,
1147 4753 1385 4824 rogavit;
1417 4760 1472 4808 et
1516 4755 1710 4808 factum
1744 4764 1844 4810 est.
1876 4754 2094 4814 Librum
2130 4765 2306 4813 autem
2335 4757 2497 4811 etiam
2527 4774 2703 4812 meum
2727 4799 2742 4825 ,
2774 4760 2825 4813 in
2867 4775 2974 4830 quo
2999 4759 3288 4830 respondi,
3320 4760 3566 4815 eumdem

281 4844 494 4898 titulum
527 4844 725 4900 habere
754 4844 915 4910 volui,
959 4843 1059 4899 hoc
1097 4854 1199 4909 est,
1245 4844 1309 4898 de
1353 4844 1523 4899 Unico
1549 4844 1843 4915 Baptismo.
1876 4845 1930 4900 In
1959 4862 2065 4916 quo
2108 4847 2244 4901 llbl'O
2273 4847 2397 4902 illud
2445 4848 2586 4919 quod
2631 4850 2738 4904 dixi
2761 4893 2776 4916 ,
2809 4850 3193 4906 Constantinum
3218 4852 3568 4923 imperatorem

279 4936 570 4993 Donatistis
609 4938 990 4995 crimiimntibus
1030 4938 1372 5002 ordinutorent
1412 4936 1671 4991 thciliuni
1700 4936 1922 4992 Felicem
1950 4938 2341 5010 Aptungensem,
2385 4957 2483 4994 non
2513 4958 2721 5011 negasse
2749 4942 3081 4997 accusationis
3120 4943 3309 5010 lactem,
3345 4947 3570 5014 quamvis

280 5047 366 5085 eos
408 5032 463 5083 in
507 5029 767 5085 (Σωςὶιίαηὶ
795 5031 925 5099 [ictis
968 5030 1261 5083 criminibus
1306 5030 1646 5083 mlumniosos
1692 5030 1870 5100 [uisset
1900 5041 2137 5100 erpcrtus
2165 5032 2182 5099 (
2210 5029 2339 5103 Cap.
2374 5032 2460 5095 16,
2508 5050 2560 5087 ιι.
2592 5033 2725 5104 28);
2762 5034 2810 5088 in
2841 5035 3028 5089 ordine
3059 5043 3354 5103 temporum
3390 5048 3568 5101 postea

280 5125 688 5180 consideratam
721 5125 877 5179 aliter
906 5114 1176 5177 inventum
1205 5131 1287 5178 est
1312 5121 1412 5195 (α).
1439 5122 1569 5176 Nam
1610 5122 1758 5191 prius
1782 5136 2113 5178 memoratus
2146 5123 2440 5193 Imperator
2467 5141 2682 5181 causam
2715 5127 2909 5181 Felicis
2931 5126 3053 5181 fecit
3083 5126 3251 5181 audiri
3279 5142 3308 5181 a
3343 5133 3570 5195 procon—

279 5218 404 5271 snle
436 5217 532 5289 (b),
562 5215 649 5270 ubi
679 5214 873 5285 legitur
894 5213 1200 5277 absolutus;
1231 5221 1284 5267 et
1307 5221 1493 5284 postea
1524 5212 1637 5282 ipse
1662 5211 2001 5268 Cmcilianum
2031 5230 2151 5269 eum
2174 5216 2577 5271 accusatoribus
2601 5218 2719 5285 eius
2747 5219 2984 5272 auditum
3026 5222 3285 5288 cimiperit
3314 5220 3572 5275 ittttoct'tt-

279 5319 416 5374 tem,
450 5310 536 5364 ubi
564 5324 659 5364 eos
686 5317 938 5379 expertus
963 5315 1048 5363 est
1071 5309 1121 5361 in
1152 5307 1266 5377 ejus
1295 5306 1609 5360 criminibus
1638 5305 2019 5361 cahunniosos.
2046 5307 2147 5375 Qui
2177 5308 2310 5362 ordo
2343 5319 2641 5377 temporum
2670 5325 2763 5380 per
2788 5312 3033 5363 consules
3058 5310 3375 5373 derlaratus,
3406 5314 3570 5366 undto

277 5400 659 5457 vehementius
687 5401 737 5454 in
762 5418 822 5454 ca
845 5414 1002 5454 causa
1027 5399 1320 5453 calumnias
1344 5397 1736 5452 Donatistarum
1764 5399 2052 5462 convincit,
2084 5401 2395 5470 penitusque
2426 5403 2682 5456 subvertit
2709 5420 2719 5453 :
2746 5401 2886 5472 quod
2923 5402 3048 5457 alibi
3075 5403 3403 5457 ostendimus
3432 5404 3567 5470 (Lib.

278 5503 400 5568 post
423 5491 607 5547 Collat.
638 5509 754 5563 cap.
779 5490 892 5561 573).
921 5491 1018 5545 llic
1045 5490 1178 5544 liber
1206 5489 1283 5545 sic
1312 5488 1491 5557 incipit
1523 5507 1536 5544 :
1568 5488 1888 5558 [impendere
1917 5492 2127 5546 adverso
2152 5493 2497 5547 sentientibus.

345 5587 447 5651 (αλ
464 5588 580 5651 ltinc
604 5586 757 5649 liquet
780 5585 1165 5651 subsequentem
1187 5581 1414 5651 de‘L‘nfco
1436 5587 1514 5651 Ba;_
1529 5583 1670 5651 ti-smo
1694 5580 1869 5651 librum
1888 5581 2121 5651 [rediisse
2156 5591 2271 5633 astte
2295 5597 2472 5651 annum
2498 5584 2603 5651 lli.
2624 5592 2733 5634 Nam
2760 5586 2806 5634 in
2831 5587 3081 5636 Brevieulo
3100 5584 3458 5651 t‘oll.ttio:iis,d?
3478 5603 3492 5621 ι

278 5642 506 5712 αιρίὶῇ
529 5642 678 5711 quem
702 5642 1000 5712 Breviculuiu
1025 5646 1217 5693 circiter
1241 5643 1386 5691 linem
1406 5642 1516 5712 anui
1545 5643 1597 5691 41
1613 5646 1645 5712 ι,
1666 5642 1897 5712 confecit,
1909 5644 2151 5712 _sigui_l_iea_t
2189 5649 2482 5712 Augustinus
2498 5649 2595 5709 jam
2610 5655 2722 5712 tum
2765 5662 2879 5697 esse
2904 5662 2965 5712 ev
2987 5655 3240 5712 gestorum
3269 5650 3354 5710 ius;
3378 5642 3565 5702 actio-ie

276 5704 658 5776 deprehensum
681 5722 899 5776 errorem
923 5706 1075 5776 illum.
1111 5712 1350 5776 tjrzeterea
1374 5704 1489 5753 nihil
1508 5712 1611 5776 toto
1633 5706 1724 5776 hoc
1746 5705 1871 5776 libro
1890 5704 2235 5759 debellatique
2261 5704 2557 5776 ambagum.
2579 5710 2638 5767 si,
2663 5721 2773 5773 qua:
2796 5722 2921 5761 anno
2948 5710 3049 5769 ill,
3075 5710 3155 5760 die
3182 5712 3328 5772 lrlma
3345 5704 3467 5776 )unii
3484 5714 3569 5764 ius!

277 5768 388 5825 bit":
415 5779 499 5821 cst
518 5785 626 5820 eum
655 5772 926 5833 Imitatislis,
954 5772 1055 5832 ipso
1074 5769 1235 5823 etiam.
1261 5768 1309 5821 in
1332 5780 1480 5831 quem
1507 5768 1629 5818 liber
1652 5768 1727 5819 hic
1751 5769 1956 5832 scriptus
1981 5776 2072 5827 est,
2100 5777 2343 5833 [rtcsenle
2369 5771 2611 5821 l'etiliaao.

346 5834 426 5897 ιι»)
468 5833 661 5884 ιιιιίιιιο.
691 5832 803 5883 \ide
822 5830 942 5881 lnl‘ra
962 5830 1009 5882 in
1040 5839 1118 5895 Ανι
1140 5834 1326 5879 endure.
