4024 6196
356 308 453 365 5‘)?

355 421 552 484 ιίυιιώι,
609 420 745 472 sicut
775 418 986 472 tenebat
1029 416 1255 471 tenenda
1300 415 1595 470 firmamus.
1645 413 1721 468 lta
1764 412 1925 469 etiam

355 527 468 566 cum
500 510 564 565 ad
595 524 692 563 nos
720 509 861 565 venit
884 509 1254 564 schismaticus
1280 508 1362 564 vel
1404 509 1715 573 haereticus,
1748 516 1804 561 ut
1835 522 1929 559 ca-

354 602 581 658 tholicus
608 601 717 665 ﬁat,
745 600 974 654 schisma
999 599 1116 669 ejus
1140 610 1192 654 et
1218 597 1463 654 htercsim
1490 596 1848 652 dissuadendo
1875 604 1929 651 et

352 692 670 748 destruendo
690 689 1040 746 rescindimus
1066 707 1079 745 :
1111 691 1450 745 Sacramenta
1482 704 1608 742 vero
1638 687 1926 742 christiana

351 784 397 837 si
422 781 607 836 eadem
637 782 690 834 in
714 780 805 835 illo
830 780 1149 843 invenimus.
1181 788 1238 835 et
1266 778 1520 849 quidquid
1543 777 1684 831 aliud
1710 776 1819 831 veri
1850 785 1927 830 tc-

352 882 463 939 net,
484 872 623 927 absit
652 880 709 926 ut
733 872 1013 936 violemus,
1041 871 1180 924 absit
1207 877 1283 932 ttt,
1309 870 1355 922 si
1383 868 1550 923 semel
1579 868 1700 922 data
1729 874 1744 904 ί
1777 868 1928 922 novi-

350 981 487 1031 mus,
522 965 807 1029 iteremus;
841 979 907 1019 ne
935 963 1060 1017 dum
1092 963 1214 1017 vitia
1257 962 1481 1014 humana
1518 973 1801 1025 curamus,
1839 960 1922 1012 di-

352 1059 467 1111 vina
499 1055 879 1111 medicamenta
907 1064 1257 1117 damnemus;
1289 1061 1381 1106 aut
1416 1051 1706 1122 quaerendo
1733 1065 1924 1105 sanare

346 1147 486 1219 quod
518 1148 848 1202 vulneratum
878 1162 982 1200 non
1009 1155 1091 1201 est
1114 1148 1152 1209 ’,
1168 1146 1437 1199 hominem
1470 1144 1706 1197 saucium
1745 1151 1799 1197 et
1833 1142 1936 1203 ubi,

345 1255 505 1294 sanus
542 1248 654 1304 est,
686 1239 1046 1294 vulneremus.
1088 1236 1347 1302 Proinde,
1378 1236 1420 1290 si
1464 1236 1530 1291 de
1559 1234 1734 1304 aliqua
1773 1249 1829 1288 re
1854 1234 1921 1288 ad

344 1330 503 1386 tidem
534 1329 875 1384 christianam
915 1335 969 1383 et
991 1326 1305 1382 catholicam
1335 1325 1663 1395 pertinente,
1692 1322 1739 1377 si
1762 1323 1920 1378 deni-

339 1439 444 1494 que
484 1422 553 1477 de
590 1422 701 1491 ipsa
746 1422 905 1476 etiam
955 1418 1230 1474 Trinitatis
1275 1418 1475 1472 unitate
1521 1416 1918 1470 dissentientem

340 1515 644 1569 harreticnm
673 1512 915 1575 invenio,
943 1522 997 1566 et
1023 1518 1198 1565 tamen
1236 1508 1538 1577 evangelica
1573 1518 1625 1561 et
1664 1506 1919 1560 ecclesia-

336 1605 466 1659 stica
495 1604 670 1673 regula
698 1602 1051 1672 baptizatum;
1085 1601 1407 1655 intellectum
1435 1597 1662 1651 hominis
1688 1598 1917 1666 corrigo,

337 1709 445 1748 non
476 1693 569 1747 Dei
600 1693 739 1746 violo
780 1692 1204 1747 Sacramentnm.
1252 1689 1467 1757 Loquor
1513 1686 1579 1741 de
1621 1685 1822 1742 Judzeis
1865 1695 1921 1741 et

334 1783 688 1838 schismaticis
724 1783 808 1837 vel
846 1780 1110 1836 hatreticis
1146 1780 1246 1835 sub
1275 1778 1467 1835 Christi
1501 1790 1784 1849 utcumque
1817 1794 1915 1832 no-

335 1876 480 1928 mine
504 1874 826 1929 errantibus.

402 1964 632 2020 CAPUT
681 1963 768 2018 IV.
791 1994 863 2006 —
882 1965 935 2018 5.
970 1964 1044 2018 De
1068 1962 1195 2032 ipsis
1219 1961 1515 2017 Gentilibus
1543 1959 1912 2027 idolorumquc

333 2056 632 2110 cultoribus
672 2056 835 2110 multa
877 2055 1059 2125 utique
1084 2069 1112 2108 a
1154 2054 1307 2108 nobis
1336 2052 1643 2107 diversitate
1668 2049 1915 2105 distanti-

336 2147 458 2211 bus,
499 2145 631 2200 nihil
656 2146 798 2199 aliud
827 2145 982 2201 nobis
1008 2144 1339 2199 demonstrat
1368 2141 1683 2212 Apostolus,
1725 2141 1824 2194 nisi
1859 2150 1917 2197 ut

332 2237 385 2292 in
422 2237 552 2306 ipsis
580 2252 790 2307 quoque
816 2237 885 2292 ita
912 2235 1163 2306 quidquid
1194 2249 1408 2304 pravum
1438 2242 1521 2287 cst
1549 2232 1911 2303 corrigamus,

331 2328 563 2397 utquod
605 2327 742 2384 forte
782 2338 989 2382 rectum
1028 2335 1110 2383 est
1136 2326 1509 2395 approbemus.
1555 2324 1685 2379 Nam
1733 2324 1915 2393 utique

330 2420 662 2484 idololatras,
694 2429 748 2475 et
766 2419 907 2489 quod
933 2428 1015 2473 est
1038 2420 1269 2489 gravius,
1298 2432 1403 2472 non
1431 2426 1633 2471 tantum
1658 2416 1910 2479 cultores,

325 2514 425 2566 sed
452 2513 611 2566 etiam
643 2512 970 2568 institutores
996 2512 1397 2567 simulacrorum
1422 2511 1793 2581 redarguebat,
1826 2511 1915 2565 ubi

323 2604 399 2658 ait
430 2620 445 2655 :
480 2602 583 2669 Qui
608 2614 958 2672 cognoscentes
991 2602 1149 2656 Deum
1171 2645 1184 2667 ,
1212 2618 1313 2656 non
1350 2602 1478 2656 sicut
1515 2600 1677 2655 Deum
1716 2601 1912 2672 gloriﬁ-

323 2701 584 2760 cauerunt,
614 2703 703 2748 aut
723 2695 911 2766 gratias
937 2703 1179 2763 egerunt;
1205 2692 1295 2748 sed
1318 2701 1623 2747 evanuerunt
1648 2694 1699 2744 in
1728 2693 1916 2763 cogita-

325 2783 547 2837 tionibus
574 2785 714 2849 suis,
755 2794 801 2837 et
842 2783 1159 2838 obscuratum
1205 2794 1276 2836 est
1322 2783 1563 2851 insipiens
1603 2800 1690 2836 cor
1715 2799 1912 2838 eorum.

324 2872 563 2928 Diceam
596 2890 650 2930 se
675 2891 783 2929 esse
804 2876 1056 2945 sapientes
1082 2874 1124 2939 ³,
1155 2874 1298 2928 stulti
1332 2873 1454 2943 [acti
1478 2881 1593 2927 sunt
1612 2889 1631 2926 :
1656 2883 1702 2927 et
1727 2873 1914 2926 immu-

328 2972 563 3017 taverunt
605 2965 819 3035 gloriam
862 2963 1256 3034 incorruptibilis
1300 2962 1394 3016 Dei
1435 2963 1487 3016 in
1535 2963 1913 3016 similitudinem

325 3054 568 3123 iiitaginis
596 3056 935 3126 corruptibilis
961 3055 1205 3118 hominis,
1234 3064 1282 3108 et
1301 3055 1579 3117 volucrum,
1611 3062 1657 3107 et
1681 3052 1911 3123 quadrn-

324 3144 550 3213 redum,
594 3153 640 3197 et
682 3147 1007 3215 serpentium.
1054 3145 1200 3199 Talia
1239 3144 1434 3214 quippe
1478 3144 1720 3198 novimus
1748 3142 1913 3197 fuisse

324 3240 614 3296 simulacra
643 3237 1050 3308 Egyptiorum,
1088 3236 1176 3289 ubi
1215 3243 1270 3289 et
1308 3234 1543 3289 instituta
1583 3248 1703 3289 esse
1732 3234 1914 3286 multi-

324 3332 521 3399 plicior
550 3331 820 3396 multoque
841 3327 1241 3397 ignominiosior
1263 3326 1558 3380 idololatria
1582 3325 1909 3393 perhibetur.

318 3421 595 3492 Numquid
649 3430 821 3477 tamen
875 3420 1228 3491 cognitionem
1282 3418 1374 3473 Dei
1431 3417 1643 3488 negavit
1697 3418 1749 3472 in
1804 3418 1911 3474 illis

322 3515 516 3579 fuisse,
547 3528 610 3568 ac
631 3528 735 3569 non
760 3513 933 3582 potius
953 3510 1304 3577 cohllrmavit,
1328 3509 1530 3575 dicens,
1554 3507 1913 3580 Cogttoscentes

318 3605 513 3669 Deum,
544 3620 644 3659 non
670 3614 723 3658 ut
745 3603 908 3658 Deum
935 3602 1380 3674 gloriﬁcaverunt?
1405 3601 1459 3657 Si
1486 3616 1613 3670 ergo
1636 3601 1791 3655 istam
1821 3616 1913 3656 co-

316 3699 613 3768 gnitionem
637 3705 885 3765 tanquam
912 3695 1248 3749 mendacium
1276 3693 1536 3762 repellere
1555 3699 1611 3746 et
1629 3692 1910 3747 destruere

316 3798 625 3849 conaretur,
656 3787 794 3858 quod
823 3802 943 3841 eam
971 3786 1020 3839 in
1049 3786 1321 3853 sacrilegis
1347 3783 1668 3843 invenisset;
1704 3798 1901 3847 nonne,

316 3881 462 3949 quod
479 3880 638 3942 absit,
657 3878 894 3934 veritatis
907 3877 1152 3932 inimicus
1162 3873 1439 3929 existeret?
1459 3874 1683 3940 ideoque
1699 3871 1748 3924 id
1771 3871 1911 3941 quod

316 3971 736 4025 immolaverunt
765 3969 818 4023 in
850 3966 1364 4022 tnendnciumsunm
1389 3983 1405 4019 :
1430 3981 1552 4019 nam
1572 3974 1625 4018 et
1649 3963 1734 4017 hic
1753 3962 1908 4028 dixit,

315 4059 722 4113 Immulaverunt
762 4058 980 4129 gloriam
1022 4056 1116 4110 Dei
1159 4055 1212 4109 in
1252 4054 1630 4108 similitudinem
1656 4052 1895 4122 imaginis

317 4150 671 4220 corruptibilis
700 4148 962 4211 hominis;
990 4146 1147 4201 talem
1188 4146 1389 4201 scilicet
1433 4145 1690 4214 ﬁngentes
1720 4144 1906 4209 Deum,

313 4242 494 4310 qualis
539 4254 642 4292 non
682 4248 764 4294 est
810 4239 971 4303 Deus,
994 4246 1047 4292 ct
1087 4251 1193 4291 non
1223 4235 1358 4289 sicut
1395 4249 1516 4289 eum
1547 4243 1907 4303 cognoverunt

317 4331 593 4385 tradentes
630 4329 930 4384 hominibus
959 4344 972 4381 :
1014 4335 1068 4383 ct
1095 4326 1249 4397 paulo
1291 4335 1412 4395 post
1439 4324 1507 4379 de
1535 4325 1727 4378 talibus
1754 4324 1903 4387 dicit.

316 4424 419 4487 Qui
444 4422 834 4474 immutaverunt
877 4419 1131 4473 ueritatem
1170 4416 1265 4471 Dei
1292 4417 1343 4470 in
1371 4415 1707 4480 mendacium,
1736 4423 1780 4468 et
1821 4430 1907 4467 co-

314 4513 517 4564 luerunt
543 4519 590 4563 ct
610 4510 885 4564 seruierunt
913 4519 1158 4561 creatura:
1185 4507 1350 4575 potius
1375 4522 1528 4577 quant
1551 4503 1797 4569 Creatori,
1819 4503 1904 4572 qui

314 4613 381 4657 est
410 4600 699 4655 benedictus
717 4600 769 4653 in
795 4599 980 4654 stecula
996 4615 1015 4663 ;
1034 4598 1228 4652 veritas
1247 4596 1444 4665 quippe
1463 4604 1719 4648 creatur-te
1742 4609 1771 4647 a
1797 4593 1906 4649 Deo

312 4703 420 4755 cst,
450 4705 556 4745 non
590 4691 746 4747 Deus.
778 4704 934 4758 quam
959 4688 1033 4741 illi
1067 4703 1117 4741 tn
1149 4685 1479 4740 mendacium
1505 4693 1900 4750 converterunt,

311 4793 565 4851 tanquam
609 4779 739 4834 deos
780 4780 1013 4833 colentes
1052 4776 1216 4831 solem
1264 4786 1315 4830 et
1344 4775 1520 4828 lunam
1551 4783 1604 4828 et
1628 4789 1901 4841 qumcutn-

308 4888 418 4942 que
445 4872 685 4926 cmlestia
716 4878 876 4938 atque
920 4869 1189 4923 terrestria
1222 4884 1235 4921 :
1267 4865 1406 4936 quod
1435 4881 1564 4935 ergo
1593 4865 1904 4920 immutave-

311 4971 447 5015 ruut
467 4962 518 5014 in
552 4960 886 5015 mendacium
909 4974 1083 5021 suum,
1105 4957 1302 5024 culpat,
1328 4954 1645 5018 detestatur,
1673 4953 1897 5017 evertit;

308 5052 457 5120 (μιυά
485 5063 663 5106 autem
695 5066 880 5106 verum
914 5051 964 5103 in
991 5046 1255 5113 doctrina,
1282 5045 1522 5115 quamvis
1548 5043 1728 5098 multis
1752 5042 1900 5097 falsi-

306 5146 507 5198 tatibus
551 5144 810 5215 permixta
842 5140 1165 5209 confusaque
1190 5180 1204 5203 ,
1248 5143 1564 5199 servarunt,
1606 5134 1896 5205 approbat,

310 5246 559 5301 testatur,
592 5234 841 5291 afﬁrmat.
884 5231 1014 5287 Nam
1054 5240 1108 5285 et
1153 5229 1276 5284 hinc
1317 5228 1563 5284 eumdem
1609 5228 1782 5283 locum
1827 5227 1897 5289 ita

368 5435 381 5462 ³
414 5430 553 5490 t-‘diti,
577 5429 621 5481 si
650 5427 794 5480 semel
830 5426 1012 5478 danda.
1046 5422 1213 5474 Melius
1247 5421 1469 5486 [lerique
1508 5427 1644 5480 3155.,
1682 5416 1727 5471 si
1752 5419 1894 5470 semel

305 5492 508 5602 dlg'fim.
538 5561 587 5603 et
611 5560 740 5607 ων..
768 5550 1065 5600 rnlncratum
1089 5552 1157 5615 est
1175 5545 1389 5615 :rejecta
1415 5542 1641 5615 Ianiculo
1661 5550 1893 5604 negante,

300 5617 550 5681 qoamrhic
585 5616 759 5681 habent
787 5620 857 5662 Fr.
880 5619 928 5680 et
954 5611 1099 5659 nostri
1126 5609 1450 5681 tttatlUSQl'llA'i'
1519 5668 1554 5681 _.

370 5683 389 5709 δ
417 5680 551 5730 tditi.
580 5677 791 5723 licentes
816 5674 938 5724 (nim
976 5687 1023 5722 se
1069 5684 1168 5721 esse
1214 5668 1463 5731 studentes.
1510 5668 1673 5726 Abest,
1697 5668 1849 5725 enim,
1868 5678 1895 5714 a

301 5748 394 5789 bis»
446 5751 487 5789 ¹⁴ι
518 5756 540 5787 τι
567 5751 740 5800 εγω-υ.
1476 5754 1485 5765 ε

867 302 953 358 DE
993 301 1197 358 UNlCO
1237 301 1574 358 BAPTISAIO
1612 300 1885 357 CONTRA
1925 301 2170 371 PETIL,
2206 303 2273 359 .S.
2314 305 2675 397 AUGUSTltYl
2716 308 2922 363 LIBER
2957 309 3151 367 UNUS.

3516 317 3617 373 b98

2040 414 2220 485 coepit,
2249 424 2305 469 ut
2330 416 2551 484 diceret,
2575 416 2846 475 Revelatur
2864 421 2995 475 enim
3019 424 3095 478 ira
3119 422 3215 478 Dei
3239 423 3301 477 dc
3320 426 3441 479 catlo
3466 442 3618 501 super

2035 521 2233 561 onmem
2271 507 2574 579 impietatem
2611 519 2660 565 et
2686 511 2988 581 injustitiam
3027 513 3284 567 hominum
3325 522 3496 568 eorum
3540 520 3617 581 nui

2034 597 2286 653 veritatem
2324 598 2376 654 in
2401 600 2664 671 iniquitate
2686 602 2909 659 detinent
2950 604 3123 675 (Rom.
3157 621 3193 671 t,
3228 606 3392 661 183.5
3422 609 3479 674 );
3511 624 3614 662 tmn

2034 689 2303 760 abnegans
2331 693 2629 758 veritatem,
2669 696 2909 765 quamvis
2937 696 2990 751 in
3022 697 3296 767 iniquitate
3321 697 3615 753 detentum.

2105 780 2159 834 6.
2192 781 2258 835 Et
2291 781 2344 835 in
2371 784 2593 838 Actibus
2618 785 3015 854 Apostolorum,
3059 804 3177 840 cum
3204 789 3271 843 dc
3300 788 3407 844 Dco
3431 805 3537 844 uno
3568 802 3620 846 et

2032 886 2162 926 vero
2186 871 2540 929 Athenienses
2563 874 2800 939 doceret,
2829 877 2969 947 quod
2998 879 3049 931 in
3084 877 3175 931 illo
3200 880 3427 943 vivimus,
3451 897 3617 934 move-

2032 975 2166 1026 ntur,
2213 971 2261 1015 et
2300 978 2512 1027 sumus;
2541 964 2794 1019 continuo
2817 966 3108 1035 subjuuxit,
3139 967 3283 1022 Sicut
3308 969 3509 1036 quidam
3533 987 3615 1023 se-

2030 1052 2250 1105 cundum
2273 1068 2359 1107 ros
2384 1054 2620 1121 dixerunt
2649 1055 2783 1125 (Act.
2824 1073 2954 1124 xvtt,
2993 1057 3109 1126 28).
3142 1058 3252 1113 lloc
3291 1060 3447 1127 igitur
3471 1061 3611 1129 quod

2031 1141 2083 1194 in
2116 1142 2224 1196 Deo
2254 1144 2497 1207 vivimus,
2528 1159 2824 1214 movemur,
2856 1154 2910 1202 et
2945 1163 3151 1212 sumus,
3185 1164 3251 1203 ex
3280 1150 3367 1203 illa
3390 1151 3610 1205 veritate

2028 1240 2111 1286 est
2133 1247 2290 1302 quant
2316 1242 2371 1288 et
2411 1234 2485 1288 illi
2513 1233 2658 1307 itnpii
2688 1236 3094 1292 simulacrmutn
3121 1239 3355 1294 cultores
3404 1241 3455 1294 in
3501 1242 3606 1293 ini-

2027 1321 2229 1390 quitate
2259 1322 2540 1391 detinent,
2580 1326 2667 1396 qui
2697 1335 3080 1395 cognoscentes
3106 1327 3294 1393 Deum,
3344 1346 3446 1383 non
3475 1332 3611 1386 sicut

2029 1415 2195 1470 Deum
2240 1416 2689 1485 gloriﬁcaverunt.
2735 1418 2881 1474 lianc
2909 1427 3086 1474 tamen
3128 1421 3429 1485 veritatem.
3474 1424 3613 1479 sicut

2006 1502 2303 1572 ‘vidcmus,
2334 1507 2473 1575 apud
2516 1508 2706 1577 impios
2733 1551 2748 1574 ,
2776 1517 2831 1564 et
2859 1510 3148 1581 sacrilegos
3188 1510 3454 1567 iuventam
3502 1530 3609 1570 non

2024 1594 2271 1662 destruit,
2298 1597 2394 1652 sed
2436 1599 2716 1653 conlirmat
2758 1601 3069 1677 Apostolus,
3092 1603 3312 1672 ejusque
3340 1604 3501 1657 utitur
3527 1612 3608 1657 te-

2024 1689 2280 1743 stimonio
2304 1688 2370 1743 ad
2411 1689 2682 1746 docendos
2708 1706 2802 1746 eos
2838 1693 2927 1762 qui
2954 1693 3051 1747 ista
3083 1693 3410 1748 nesciebant.
3445 1693 3608 1765 llujus

2024 1780 2220 1848 regnltc
2246 1783 2553 1849 apostolica}
2583 1792 2814 1838 sectator
2857 1784 3140 1855 episcopus
3166 1784 3463 1855 Cyprianus
3482 1827 3497 1854 ,
3538 1788 3608 1842 de

2023 1884 2132 1923 uno
2161 1886 2286 1924 vero
2318 1872 2426 1927 Deo
2464 1874 2715 1928 adversus
2746 1875 3030 1929 multorum
3074 1875 3295 1930 deorutn
3327 1875 3608 1931 falsorum-

2022 1975 2125 2032 que
2164 1962 2397 2018 cultores
2435 1965 2734 2035 disputans,
2779 1967 2943 2021 multa
2971 1967 3173 2036 profert
3201 1969 3499 2023 testimonia
3537 1971 3610 2025 de

2020 2052 2170 2107 libris
2199 2069 2384 2109 eorum
2405 2096 2419 2118 ,
2463 2071 2597 2126 quos
2624 2057 2909 2125 praeclaros
2936 2066 3179 2113 auctores
3217 2058 3410 2114 habent
3456 2059 3601 2131 (Lib.

2020 2143 2084 2198 de
2130 2142 2363 2200 Vanitate
2388 2145 2684 2219 idolorum),
2717 2147 2819 2201 hoe
2843 2157 2946 2211 est,
2980 2165 3044 2201 ex
3075 2149 3161 2203 illa
3193 2152 3415 2205 veritate
3442 2167 3602 2219 quam

2020 2237 2072 2289 in
2097 2236 2372 2307 iniquitate
2393 2236 2654 2292 detinent.
2672 2237 2836 2293 Multo
2853 2249 3032 2294 autem
3052 2240 3345 2296 mirabilius
3359 2252 3440 2297 est
3459 2243 3617 2313 quod.

2018 2329 2142 2405 fecit
2188 2329 2510 2398 Apostolus,
2558 2337 2616 2383 ut
2659 2344 2845 2383 eorum
2890 2328 3008 2384 lana
3055 2331 3411 2397 circumiens.
3451 2346 3603 2388 aram

2017 2418 2299 2489 quamdam
2327 2419 2463 2474 inter
2485 2434 2607 2475 aras
2629 2419 2930 2475 darmonum
2954 2420 3241 2485 inventam,
3266 2422 3440 2492 inqua
3468 2422 3604 2476 scri-

2020 2520 2166 2578 ptum
2192 2523 2351 2577 esset,
2386 2510 2571 2582 Ignoto
2600 2509 2705 2571 Deo
2723 2512 2743 2576 ;
2764 2527 2939 2583 neque
2969 2514 3071 2568 hoc
3094 2512 3339 2584 negando
3367 2524 3418 2568 et
3444 2513 3603 2569 refel-

2020 2599 2176 2655 lendo
2205 2600 2546 2669 destruxerit,
2588 2602 2681 2669 sed
2710 2602 2882 2673 potius
2909 2603 3274 2659 conﬁrmando
3296 2604 3418 2659 hinc
3441 2605 3616 2660 etiam.

2018 2691 2278 2759 repererit
2318 2692 2822 2761 opportunissimum
2864 2707 2974 2747 suae
3020 2692 3396 2762 disputationis
3443 2710 3600 2751 exor-

2016 2779 2161 2834 dium
2182 2780 2383 2847 dicens,
2409 2781 2567 2847 Quem
2594 2799 2681 2837 vos
2704 2784 2992 2853 ignorantes
3011 2784 3194 2850 colitis,
3221 2784 3355 2837 hunc
3381 2800 3476 2856 ego
3505 2801 3602 2838 aa-

2016 2869 2195 2924 nuntio
2220 2869 2356 2925 vobis
2393 2870 2525 2941 (Act.
2558 2886 2692 2934 xvtt,
2718 2869 2838 2942 35).

2087 2981 2311 3039 CAPUT
2362 2982 2423 3037 V.
2451 3013 2524 3024 —
2550 2984 2601 3038 7.
2646 2982 2791 3039 llaue
2817 2983 2994 3054 itaque
3033 2993 3087 3038 et
3114 3000 3211 3039 nos
3240 3000 3334 3056 per
3361 2984 3593 3054 majores

2024 3081 2235 3128 nostros
2268 3073 2510 3128 traditam
2540 3072 2693 3128 nobis
2738 3083 3024 3145 sequentes
3052 3075 3395 3145 apostolicam
3441 3091 3601 3146 regn-

2018 3164 2145 3230 lam,
2189 3163 2232 3219 si
2260 3164 2385 3234 quid
2424 3164 2553 3219 recti
2580 3164 2736 3219 etiam
2784 3164 2836 3218 in
2884 3165 3150 3235 perversis
3193 3164 3552 3220 inveneriams
3581 3206 3599 3231 ,

2016 3269 2198 3307 eorum
2230 3256 2575 3324 perversitate
2617 3264 2876 3321 correcta,
2906 3254 3034 3309 illud
3084 3254 3227 3325 quod
3273 3264 3476 3311 rectum
3519 3266 3602 3310 est

2018 3345 2233 3401 minime
2262 3347 2519 3401 violamus
2549 3364 2564 3402 :
2592 3356 2650 3401 ut
2678 3347 2732 3401 in
2759 3363 2864 3401 uno
2891 3346 3125 3413 homine,
3153 3362 3219 3403 ex
3250 3347 3314 3403 iis
3332 3362 3450 3418 quae
3471 3363 3608 3402 vera.

2019 3446 2163 3493 tenet
2189 3439 2348 3494 etiam
2377 3439 2502 3495 falsa
2533 3439 2901 3505 emendentur,
2934 3456 3040 3495 non
3069 3456 3133 3494 cx
3164 3439 3312 3496 falsis
3337 3440 3596 3496 convictis

2016 3528 2173 3583 etiam
2222 3543 2348 3584 vera
2399 3528 2759 3586 destruantur.
2818 3529 3170 3601 Temporibus
3215 3531 3599 3603 Apostolorum

2015 3620 2103 3690 qui
2120 3619 2386 3685 dicebant,
2407 3619 2515 3691 Ego
2537 3620 2735 3692 quidem
2756 3637 2867 3676 sum
2893 3620 3063 3683 Pauli,
3083 3638 3175 3693 ego
3200 3631 3368 3675 autent
3390 3620 3592 3691 Apollo.

2014 3725 2104 3778 ego
2142 3720 2307 3762 autem
2337 3709 2522 3777 Cepluu
2548 3727 2567 3764 :
2596 3711 2838 3779 quamvis
2881 3726 2985 3764 non
3033 3726 3131 3781 per
3160 3711 3465 3780 impiorum,
3498 3713 3598 3766 scd

2015 3808 2316 3851 sanctorum
2344 3798 2579 3864 nomina,
2606 3799 2705 3867 ipsi
2733 3806 2908 3852 tamen
2938 3799 3096 3868 impia
3124 3798 3412 3852 schismata
3436 3784 3595 3854 iacie-

2013 3889 2179 3955 bunt;
2207 3888 2311 3943 hoc
2340 3892 2573 3958 ipsorum
2604 3897 2720 3943 erat
2747 3888 3014 3957 proprium
3046 3888 3362 3944 detestabile
3387 3889 3593 3947 vitium.

2013 3977 2163 4044 Quod
2192 3993 2316 4031 vero
2345 3976 2584 4033 sciebant
2612 3976 2879 4033 Christum
2906 3992 3003 4047 pro
3028 3992 3088 4033 se
3115 3993 3236 4033 esse
3257 3978 3595 4044 crucillsum,

2012 4077 2066 4123 et
2092 4082 2149 4122 se
2177 4065 2227 4121 in
2255 4067 2371 4137 ejus
2396 4066 2609 4123 nomine
2636 4067 2951 4137 baptizatos,
2985 4082 3091 4122 non
3129 4067 3329 4121 erroris
3354 4082 3543 4123 eorum
3570 4112 3587 4134 ,

2011 4158 2103 4212 sed
2134 4156 2296 4211 divini
2327 4156 2462 4227 apud
2493 4172 2588 4213 eos
2626 4157 2862 4213 muneris
2904 4164 3038 4213 erat.
3071 4156 3221 4213 Hanc
3264 4155 3360 4213 Dei
3399 4158 3594 4212 verita-

2013 4258 2117 4303 tem
2169 4248 2221 4303 in
2275 4246 2551 4318 iniquitate
2599 4262 2816 4305 suorum
2866 4247 3215 4302 schismatum
3258 4246 3589 4303 detinebant.

2010 4343 2158 4397 lianc
2182 4340 2590 4411 apprehendens
2622 4340 2965 4397 beatissimus
3003 4339 3221 4407 Paulus,
3250 4353 3355 4393 non
3387 4353 3484 4409 per
3507 4338 3593 4393 illa

2012 4436 2132 4491 vitia
2161 4434 2430 4489 destructa
2479 4434 2640 4488 etiam
2688 4433 2841 4488 istam
2886 4432 3131 4499 destruit,
3178 4432 3272 4487 sed
3320 4447 3414 4502 per
3457 4430 3595 4487 tunc

2007 4524 2378 4581 conﬁrmatam
2441 4523 2533 4579 illa
2592 4522 2922 4579 emendanda
2985 4523 3275 4578 convincit.
3327 4520 3592 4592 Numquid

2009 4616 2207 4671 Paulus
2232 4632 2325 4686 pro
2352 4615 2508 4680 vobis,
2537 4614 2727 4686 inquit.
2758 4616 3031 4684 cruciﬁxus
3059 4624 3132 4669 est
3154 4616 3180 4670 9
3203 4615 3366 4669 autin
3392 4616 3594 4669 nomine

2009 4708 2163 4764 Pauli
2188 4707 2431 4780 baptisati
2449 4708 2565 4763 estis
2591 4707 2609 4779 (
2627 4706 2645 4761 l
2670 4705 2788 4762 Cor.
2821 4722 2859 4774 t,
2896 4704 2980 4769 l2,
3023 4705 3160 4777 l5)?
3190 4705 3259 4762 Ut
3285 4721 3379 4777 per
3405 4721 3592 4759 verum

2008 4801 2100 4855 Dei
2142 4798 2284 4869 quod
2325 4798 2599 4863 tenebant,
2645 4797 2714 4853 dc
2740 4812 2840 4852 suo
2879 4795 3013 4851 falso
3041 4796 3423 4852 erubescerent
3448 4795 3590 4866 quod

2005 4889 2249 4960 agebant.
2278 4888 2428 4943 Sicut
2450 4902 2579 4957 ergo
2603 4887 2795 4942 dicitur
2813 4886 3020 4949 .ludzeo,
3046 4885 3193 4940 Tene
3220 4885 3378 4941 iidem
3409 4900 3586 4941 resur-

2006 4981 2256 5037 rectionis
2298 4989 2653 5046 mortuorum,
2698 4979 2835 5033 sicut
2863 4977 3122 5041 tenebas;
3150 4976 3244 5032 sed
3276 4976 3433 5031 crede
3477 4976 3584 5043 jam

2005 5074 2271 5129 Christum
2295 5072 2648 5129 resurrexisse
2668 5085 2697 5124 a
2726 5069 2972 5136 mortuis,
2995 5069 3132 5139 quod
3165 5082 3270 5122 non
3297 5066 3585 5123 credebas.

2004 5164 2281 5219 veritatem
2306 5162 2503 5235 quippe
2526 5160 2617 5216 Dei
2650 5159 2718 5216 de
2755 5157 2978 5214 mortuis
3006 5156 3390 5214 resurrcetttris
3422 5156 3473 5209 in
3501 5167 3584 5209 tua

2004 5254 2277 5324 iniquitate
2320 5251 2547 5317 detines,
2589 5252 2711 5324 quia
2761 5250 3027 5305 (lhristum
3073 5248 3434 5304 rcsurrexissc
3478 5261 3583 5303 non

2002 5347 2175 5402 credis
2198 5361 2219 5399 ξ
2249 5346 2389 5400 sicut
2418 5343 2680 5399 idolorum
2719 5342 2910 5398 cultori
2955 5341 3165 5407 dicitur,
3215 5341 3361 5396 Tene
3386 5339 3454 5394 ab
3480 5355 3586 5394 uno

2006 5454 2131 5493 vero
2174 5437 2281 5491 Deo
2333 5434 2584 5490 mundum
2630 5433 2901 5489 conditum
2946 5449 3086 5500 esse,
3135 5431 3275 5503 quod
3327 5430 3583 5494 tenebas;

2001 5529 2093 5586 sed
2124 5529 2226 5584 noli
2256 5516 2475 5585 credere
2501 5528 2629 5582 deos
2654 5541 2773 5582 esse
2804 5527 2939 5596 ligna
2967 5536 3020 5581 ct
3060 5524 3281 5594 lapides,
3321 5531 3375 5578 et
3410 5523 3579 5593 ipsius

2001 5619 2184 5679 mundi
2215 5619 2476 5691 quaslibet
2519 5619 2803 5690 particulas
2832 5633 2964 5689 quas
3011 5617 3225 5672 colebas
3258 5634 3272 5671 :
3308 5617 3400 5672 Dei
3434 5616 3577 5673 enim

2002 5715 2296 5779 veritatem,
2329 5728 2429 5785 qua
2457 5712 2629 5767 credis
2659 5711 2725 5766 ab
2749 5709 2866 5780 ipso
2905 5700 3159 5779 mundum
3202 5708 3500 5778 conditum,
3530 5708 3583 5763 iu
