4024 6194
380 371 490 427 599

382 493 469 536 tua
501 485 704 538 detines
753 484 1024 552 iniquitate
1057 526 1072 548 ,
1128 500 1231 555 qua
1257 485 1476 540 deorum
1507 485 1679 540 cultor
1716 484 1794 540 vis
1840 497 1960 538 esse

383 575 673 628 t'alsoium:
704 574 779 628 sic
807 575 964 628 etiam
993 571 1248 630 hzrretico
1272 575 1487 641 dicitur,
1507 577 1594 646 qui
1614 575 1959 630 Sacramenta

382 664 668 718 christiana
699 665 836 718 sicut
861 665 911 718 in
939 665 1173 720 Ecclesia
1203 667 1465 722 catholica
1493 666 1789 728 traduntur,
1823 666 1962 719 nulla

384 779 477 816 sua
505 763 731 816 falsitate
776 763 1020 830 mutavit,
1065 764 1210 818 Tene
1257 765 1603 819 christianum
1637 763 1962 832 Baptismom

381 857 440 909 in
466 857 679 911 nomine
707 857 880 912 Patris
905 867 957 911 et
989 857 1108 910 Filii
1139 867 1192 912 et
1233 858 1464 926 Spiritus
1490 857 1679 918 sancti,
1721 856 1855 909 sicut
1882 866 1963 909 te-

382 950 586 1014 nebas;
637 949 728 1005 sed
779 965 1010 1018 agnosce
1051 949 1246 1007 Christi
1295 949 1585 1004 Ecclesium
1640 957 1770 1010 toto,
1830 947 1964 1000 sicut

382 1041 754 1112 prophetatum
812 1049 932 1106 cst,
985 1040 1114 1094 orbe
1165 1050 1530 1104 crescentem.
1581 1039 1664 1094 cui
1709 1037 1962 1106 sacrilega

384 1145 514 1186 voce
557 1131 911 1186 maledictebas
956 1149 968 1185 :
1020 1130 1113 1184 Dei
1160 1131 1302 1184 cnittt
1345 1130 1618 1184 veritatem
1662 1129 1733 1183 de
1769 1128 1966 1186 unitate

387 1221 722 1290 Baptismatis
753 1222 803 1275 in
836 1221 1108 1290 iniquitate
1135 1220 1342 1274 detines
1373 1228 1474 1274 tute
1501 1219 1799 1274 divisionis.
1835 1217 1964 1272 Cor-

388 1315 498 1384 rige
543 1315 872 1383 iniquitatem
900 1313 1132 1368 lneretici
1162 1313 1414 1382 ﬁgmenti,
1449 1328 1515 1366 ne
1559 1312 1746 1382 perdat
1794 1320 1875 1375 te;
1913 1319 1965 1364 et

389 1407 497 1460 noli
527 1407 799 1475 superbire
829 1404 895 1460 de
922 1406 1141 1459 veritate
1163 1403 1440 1459 christiani
1466 1401 1820 1466 Soet-amenti,
1846 1416 1963 1470 qua:

387 1498 459 1552 ibi
487 1507 646 1551 estut
683 1497 885 1570 judicct
911 1506 979 1551 te.
1028 1496 1140 1564 Ego
1167 1506 1343 1550 autem
1375 1496 1510 1550 absit
1538 1504 1595 1548 ιιι
1625 1496 1698 1547 sie
1731 1493 1966 1548 detester

388 1588 717 1658 iniquitatem
775 1598 938 1651 tuam,
990 1598 1047 1642 ιιι
1097 1587 1293 1642 Christi
1343 1588 1600 1657 abnegem
1650 1587 1961 1652 veritatem,

384 1695 543 1746 quam
590 1680 639 1733 in
673 1688 722 1732 te
755 1680 962 1734 invenio
989 1679 1052 1732 ad
1092 1677 1484 1733 damnationem
1528 1689 1674 1731 tuam
1701 1695 1713 1730 :
1745 1678 1883 1732 absit
1909 1685 1967 1730 ut

386 1773 464 1825 sic
495 1781 544 1824 te
575 1770 856 1839 corrigam,
889 1779 942 1824 ut
985 1769 1110 1822 illud
1155 1769 1292 1823 unde
1321 1780 1370 1823 te
1395 1769 1603 1839 c:=rrigo
1647 1767 1920 1822 destruant
1949 1783 1963 1832 ;

389 1861 489 1913 nisi
537 1860 670 1913 forte
714 1860 991 1914 destruere
1033 1859 1206 1914 debeo
1250 1874 1436 1914 verum
1482 1859 1621 1928 quod
1670 1857 1884 1912 invenio
1914 1858 1965 1912 in

387 1950 560 2002 anima
593 1948 985 2014 hereticorum,
1034 1965 1152 2002 cum
1185 1949 1470 2017 Apostolus
1515 1965 1618 2003 non
1647 1948 1969 2004 destruxerit

392 2057 571 2094 verum
614 2040 754 2110 quod
789 2042 987 2095 invenit
1014 2041 1064 2094 in
1096 2040 1266 2108 lapide
1297 2033 1648 2109 Paganorum.

462 2135 515 2188 8.
567 2134 688 2187 I‘lus
736 2142 817 2187 est
865 2149 1000 2186 unus
1039 2133 1200 2195 Deus,
1240 2148 1397 2202 quam
1450 2147 1584 2186 unus
1631 2131 1966 2201 Baptismus;

392 2242 562 2294 neque
591 2226 730 2279 enim
766 2225 1064 2293 Baptismus
1114 2224 1252 2278 Deus
1280 2234 1381 2294 est,
1428 2223 1520 2276 sed
1566 2223 1684 2276 ideo
1720 2239 1967 2292 magnum

389 2318 584 2387 aliquid
613 2326 714 2384 est,
746 2319 865 2386 quia
898 2317 1295 2371 Sat-ramentum
1321 2326 1404 2370 est
1434 2315 1524 2370 Dei
1548 2333 1559 2368 :
1581 2325 1634 2371 et
1663 2327 1834 2370 tamen
1859 2316 1971 2384 ipse

392 2427 531 2465 unus
581 2411 717 2464 Dens
759 2410 916 2465 etiam
963 2419 1110 2463 extra
1161 2407 1448 2462 Ecclesium
1497 2409 1564 2462 ab
1610 2408 1970 2476 ignorantibus

389 2501 682 2557 colebatur.
713 2499 800 2556 Sic
828 2517 955 2570 ergo
987 2511 1040 2554 et
1087 2515 1220 2576 unus
1271 2500 1571 2568 Baptismus
1611 2501 1769 2552 etiam
1821 2509 1967 2553 extra

388 2592 682 2648 Ecclesium
711 2591 778 2646 ab
819 2591 1185 2660 ignorantibus
1213 2589 1387 2644 datur.
1420 2589 1518 2657 Qui
1551 2590 1677 2644 dicit
1707 2588 1818 2643 ﬁeri
1863 2605 1967 2642 non

392 2683 629 2750 potuisse
659 2692 712 2735 ut
739 2696 872 2735 unus
901 2680 1038 2735 Deus
1066 2690 1118 2734 ct
1150 2695 1305 2734 verus
1335 2680 1402 2734 ab
1429 2679 1792 2748 ignorantibus
1818 2687 1968 2732 extra

391 2773 682 2827 Ecclesium
709 2771 994 2835 coleretur,
1027 2770 1202 2825 videat
1247 2786 1354 2824 non
1377 2771 1503 2840 quid
1541 2769 1691 2834 mihi,
1723 2769 1814 2824 sed
1845 2769 1969 2839 quid

390 2863 490 2933 ipsi
534 2861 790 2932 Apostolo
831 2861 1004 2914 valtat
1049 2861 1368 2929 respondere
1417 2858 1636 2927 dicenti,
1683 2860 1843 2927 Quem
1886 2875 1970 2914 vos

390 2964 676 3025 Ignorantes
703 2953 885 3015 colitis,
914 2954 1044 3005 hunc
1068 2967 1157 3021 ego
1183 2952 1429 3004 annuntio
1459 2950 1612 3005 vobis.

461 3042 685 3098 CAPUT
720 3043 803 3096 ιἰ.
830 3073 898 3081 -
923 3042 1276 3108 Quamobrem
1308 3041 1441 3095 sicut
1464 3041 1593 3094 nihil
1617 3041 1694 3094 eis
1724 3041 1969 3109 proderat

389 3134 456 3188 ad
485 3133 732 3192 salutem,
761 3132 850 3200 qui
879 3147 1058 3184 verum
1094 3131 1256 3185 Deum
1290 3132 1611 3200 ignorantes,
1643 3147 1764 3184 eum
1795 3140 1968 3186 tamen

391 3225 670 3286 colebant;
702 3225 807 3277 into
851 3232 904 3278 et
951 3223 1138 3281 olu-rat.
1182 3224 1244 3276 ad
1289 3223 1595 3291 perniciem,
1641 3223 1779 3293 quod
1813 3224 1971 3280 falsos

391 3318 522 3371 deos
550 3315 704 3369 simul
735 3314 971 3368 colentes
1001 3313 1170 3367 cidem
1201 3329 1324 3366 vero
1372 3315 1477 3366 Deo
1503 3315 1811 3384 sacrilegam
1841 3315 1972 3382 inju-

393 3423 524 3462 rtam
557 3405 816 3460 faciebant
847 3423 859 3457 :
892 3404 969 3459 sic
1013 3403 1138 3456 nihil
1172 3403 1385 3472 prodest
1425 3402 1686 3458 hasrcticis
1716 3404 1780 3458 ad
1826 3405 1972 3460 salu-

397 3509 524 3559 tem,
571 3497 708 3566 quod
751 3508 899 3551 extra
952 3496 1244 3550 Ecclrsiam
1293 3511 1474 3549 verum
1506 3493 1828 3565 Baptismum
1873 3513 1974 3568 per

397 3588 745 3658 ignorantiam
778 3597 831 3640 et
859 3586 1068 3640 tradunt
1117 3596 1166 3640 et
1213 3595 1429 3648 tenent;
1481 3585 1586 3639 imo
1615 3594 1668 3640 et
1710 3585 1864 3641 obest
1905 3587 1970 3640 ad

392 3680 808 3741 damnationem,
865 3677 1004 3749 quod
1050 3679 1101 3734 in
1152 3678 1407 3746 sacrilega
1455 3678 1727 3747 iniquitate
1775 3679 1974 3733 erroris

395 3772 632 3839 humani,
651 3771 808 3827 etiam
836 3770 996 3824 divini
1019 3768 1368 3834 Sacramenti,
1389 3784 1492 3828 non
1523 3784 1615 3837 per
1640 3783 1794 3838 quam
1823 3784 1975 3824 mun-

393 3865 604 3929 dcutur,
646 3863 738 3918 sed
787 3879 879 3932 per
908 3877 1062 3932 quant
1094 3860 1332 3914 severius
1369 3859 1691 3928 judicentur,
1735 3861 1974 3918 detinent

394 3955 692 4010 veritatem.
723 3953 787 4026 Et
811 3955 945 4007 sicut
973 3952 1277 4022 Apostolus,
1305 3950 1516 4019 quando
1547 3951 1664 4004 illos
1691 3953 1974 4021 sacrilegos

393 4044 712 4114 corrigebat,
755 4043 923 4100 Deum
951 4053 1122 4096 tamen
1153 4056 1356 4107 verum,
1385 4041 1473 4110 qui
1503 4049 1649 4100 extra
1683 4042 1970 4097 Ecclesium

395 4136 463 4190 ab
481 4137 559 4190 eis
581 4134 942 4206 ignorantibus
959 4132 1250 4198 colebatur,
1275 4131 1590 4202 agnoscebat
1621 4132 1797 4200 potius
1817 4148 1971 4200 quam

395 4227 620 4296 negabat
650 4245 662 4279 :
693 4225 768 4279 sic
796 4225 952 4279 etiam
985 4239 1081 4276 nos
1131 4223 1341 4292 quando
1391 4222 1762 4279 lnereticorum
1805 4226 1970 4280 sacri-

395 4321 526 4387 lega:
569 4317 921 4392 separgtionis
961 4329 1173 4368 errores
1223 4297 1535 4382 corrigimus
1564 4316 1604 4380 ί,
1647 4300 1972 4382 Βιιριὶειιιιιιιι

395 4421 570 4462 tamen
617 4422 822 4470 verum,
867 4422 1021 4473 quem
1065 4419 1158 4473 per
1201 4405 1547 4473 ignorantiam
1591 4414 1738 4458 extra
1789 4405 1976 4459 Eccle-

395 4501 527 4554 siam
561 4498 793 4561 tradunt,
845 4497 1023 4566 utique
1072 4511 1380 4566 agnoscere,
1430 4512 1532 4556 non
1570 4511 1762 4570 negare
1808 4497 1972 4553 debe-

397 4607 532 4645 112118.
834 4635 842 4640 .

469 4681 694 4753 CAPUT
740 4682 844 4736 ιἰι.
877 4711 945 4720 -—
973 4682 1025 4736 9.
1059 4681 1164 4735 Sed
1197 4678 1410 4742 Paulus,
1453 4681 1712 4752 intptiunt,
1745 4700 1856 4735 cum
1888 4701 1970 4737 re-

397 4775 548 4827 nissst
578 4771 854 4842 Ephesum,
882 4772 1125 4840 quosdam
1150 4773 1303 4842 quise
1323 4772 1550 4826 dicebant
1571 4772 1785 4826 Joannis
1811 4775 1974 4844 bapti-

398 4873 556 4920 smate
584 4863 874 4931 baptizatos,
907 4863 1151 4932 baptizari
1169 4863 1321 4933 jussit
1350 4863 1400 4914 in
1430 4862 1629 4919 Christo
1671 4864 1811 4931 (Art.
1844 4880 1929 4918 χιιι
1957 4905 1972 4928 ,

401 4958 424 5010 ί
459 4957 532 5024 ὅ).
563 4954 810 5022 Quisquis
833 4953 930 5006 hoc
956 4953 1200 5021 exemplo
1225 4952 1592 5008 sehismaticns
1613 4963 1665 5008 et
1698 4954 1977 5013 ltzeretieos

398 5044 740 5113 baptizandus
779 5054 947 5113 putat,
979 5043 1168 5097 audeat
1214 5042 1413 5102 dieere.
1462 5043 1504 5097 si
1534 5053 1727 5116 potest,
1762 5045 1977 5101 haeretis

396 5154 518 5196 eum
548 5137 629 5190 vel
654 5135 1047 5190 schismaticum
1075 5135 1329 5189 Joannem
1375 5135 1558 5194 fuisse.
1613 5136 1721 5191 lloc
1751 5138 1800 5197 si
1827 5137 1974 5191 nefas

397 5241 478 5284 est
504 5229 719 5292 dicere;
762 5223 999 5295 proiecto
1025 5225 1128 5278 illis
1160 5224 1460 5279 hominilms
1489 5227 1628 5294 quod
1662 5227 1847 5281 deerat
1876 5227 1972 5281 da-

399 5332 507 5375 ttnn
537 5329 638 5385 est,
685 5335 789 5372 non
820 5315 962 5387 quod
991 5317 1162 5372 inerat
1186 5315 1538 5384 improbatum
1571 5334 1582 5369 :
1617 5317 1726 5370 sive
1769 5321 1974 5372 mentiti

399 5414 594 5468 fuerint
635 5427 693 5465 se
719 5409 914 5467 habere
942 5408 1259 5476 baptismum
1288 5407 1528 5468 Joannis,
1560 5409 1693 5461 sicut
1734 5412 1972 5463 nonnulli

398 5505 760 5568 arbitrantur;
807 5501 918 5555 sive
961 5500 1081 5569 quia
1124 5499 1416 5570 baptismus
1443 5497 1661 5552 Joannis
1709 5517 1814 5555 non
1861 5513 1972 5556 erat

462 5659 476 5687 ι
513 5658 689 5721 aliquot
722 5668 850 5721 \tss.,
878 5655 1139 5721 sacrilegas
1171 5655 1492 5721 separationes
1529 5656 1589 5706 ab
1625 5669 1790 5708 errore
1831 5658 1976 5709 corri-

394 5720 565 5792 gimus.
587 5717 807 5783 ῑριιιειιιιιι,
833 5717 1092 5785 sacrilegas
1136 5717 1464 5782 separatione:
1503 5732 1784 5783 erroresque
1817 5722 1970 5773 corri-

398 5797 574 5849 guttus.

1051 373 1136 426 DE
1177 372 1376 428 UNJCU
1414 370 1751 426 BAI‘TISMO
1785 365 1966 424 CONT

2098 367 2531 444 PETILIANUM,
2572 371 2635 432 s.
2661 377 3021 436 .wcnsmt

3549 391 3655 449 σου

2075 485 2371 556 Baptismus
2397 491 2611 557 Christi,
2644 494 2735 548 sed
2766 504 2941 554 tamen
2973 499 3207 556 militans
3231 503 3467 571 Christo,
3515 511 3652 566 sicut

2071 579 2224 649 Legis
2248 592 2425 637 vetera
2451 595 2778 642 sacramenta
2806 594 3154 658 prtecursorio
3182 595 3410 663 quodam
3439 607 3494 652 et
3519 616 3650 669 prie-

2071 671 2377 740 liguratorio
2405 673 2753 746 fungebantur
2777 679 2974 737 oflicio.
3009 684 3070 739 Si
3095 697 3206 755 post
3235 686 3486 745 Joannem
3515 695 3644 746 ami-

2069 778 2183 815 cum
2204 765 2374 832 sponsi
2399 767 2705 836 baptizatum
2731 781 2823 836 est,
2853 773 3114 843 inquiunt,
3141 755 3334 847 quanto.
3349 784 3511 853 magis
3541 798 3650 854 post

2071 856 2358 911 hwreticum
2401 859 2757 928 baptizandum
2799 875 2872 918 est
2893 865 2920 919 ?
2949 867 3128 924 Potest
3154 872 3288 926 alius
3318 874 3460 929 velut
3505 877 3649 946 justa

2070 948 2315 1038 similiter
2363 951 2718 1022 indignatione
2767 968 3067 1014 commotus
3129 963 3310 1018 dicere
3357 984 3373 1020 :
3419 969 3477 1022 Si
3531 980 3646 1038 post

2069 1036 2324 1095 Joannem
2359 1040 2676 1112 baptizatum
2706 1055 2809 1112 est,
2837 1049 2925 1116 qui
2972 1049 3152 1105 vinum
3186 1055 3395 1121 penitus
3425 1036 3644 1112 nouvbi-

2059 1127 2249 1202 bebat,
2298 1139 2498 1200 quanto
2543 1143 2662 1201 post
2708 1136 2977 1192 ebriosum
3029 1139 3224 1209 iustius
3269 1142 3646 1215 baptizandum

2071 1221 2192 1275 est?
2221 1221 2331 1276 lloc
2356 1239 2482 1294 ergo
2508 1226 2591 1279 isti
2619 1220 2832 1292 faciant,
2863 1231 2908 1282 si
2935 1242 3156 1299 possunt
3184 1251 3197 1286 :
3227 1233 3496 1303 baptizent
3527 1251 3644 1307 post

2071 1312 2308 1366 ebriosos
2338 1329 2490 1380 suos,
2513 1317 2555 1368 si
2586 1326 2702 1385 post
2724 1318 2980 1374 Joannem
3020 1323 3254 1378 Subrium
3284 1327 3526 1396 Apostoli
3556 1331 3644 1384 ba-

2074 1404 2417 1472 ptizavernnt.
2449 1407 2584 1473 Quid
2612 1407 2696 1464 hic
2740 1412 3096 1481 reSpoudeant
3127 1417 3172 1482 ’,ι
3211 1417 3310 1471 nisi
3360 1431 3648 1488 propterea

2071 1510 2132 1548 se
2155 1505 2270 1564 post
2293 1496 2420 1551 istos
2445 1512 2549 1551 non
2578 1498 2863 1568 baptizare,
2895 1504 3024 1572 quia
3041 1520 3136 1574 per
3155 1521 3252 1560 eos
3275 1507 3366 1576 qui
3393 1508 3646 1579 baptizati

2071 1595 2213 1651 sunt,
2239 1602 2340 1640 non
2359 1602 2562 1654 eorum,
2588 1590 2678 1644 sed
2700 1590 2893 1648 Christi
2919 1594 3240 1663 Baptismum
3261 1603 3651 1669 perceperunt?

2071 1677 2302 1731 Credant
2328 1680 2368 1743 ',
2402 1693 2518 1734 esse
2545 1696 2672 1751 ergo
2701 1692 2979 1753 propterea
3007 1696 3129 1756 post
3164 1687 3423 1744 Joannem
3472 1691 3647 1762 bapti.

2074 1777 2265 1834 zatum,
2299 1771 2418 1838 quia
2447 1771 2527 1826 Vel
2559 1774 2756 1827 nullmn
2789 1775 2864 1828 illi
2909 1776 3224 1845 baptismum
3255 1780 3538 1848 habebant,
3567 1786 3654 1850 vel

2073 1861 2266 1916 Christi
2297 1862 2619 1932 Baptismum
2648 1866 2880 1921 nondum
2911 1868 3194 1924 habebant.

2145 1953 2230 2008 10.
2270 1951 2382 2009 Hoc
2404 1954 2616 2024 quidem
2641 1956 2800 2011 etiam
2828 1958 2940 2025 ipse
2965 1960 3086 2026 sibi,
3117 1963 3200 2016 cui
3234 1966 3641 2032 respondemus,

2073 2043 2339 2112 opposuit,
2371 2048 2775 2118 oppositumque
2817 2065 2919 2103 non
2965 2053 3142 2108 solvit.
3172 2055 3260 2108 Ait
3297 2057 3439 2110 enim
3471 2076 3485 2111 :
3518 2058 3650 2114 Dicit

2073 2138 2283 2205 forsitan
2308 2135 2508 2205 aliquis,
2538 2137 2641 2191 Sed
2663 2139 2716 2191 hi
2751 2155 2876 2208 quos
2903 2138 3101 2196 Paulus
3126 2144 3306 2198 iterum
3336 2147 3608 2217 baptizavit
3629 2192 3644 2214 ,

2075 2228 2317 2296 baptismo
2361 2227 2577 2299 Joannis
2623 2231 2779 2284 abluti
2823 2235 3045 2302 fuerant,
3087 2250 3188 2288 non
3236 2233 3498 2306 Baptismo
3525 2239 3650 2296 Jcsu

2073 2317 2278 2382 Christi,
2325 2319 2458 2372 unde
2485 2322 2783 2390 rebaptizari
2822 2323 2937 2376 dico
2967 2340 3067 2377 non
3096 2335 3346 2394 oportere,
3377 2345 3503 2394 quos
3531 2347 3650 2385 conn

2073 2416 2170 2460 stat
2195 2424 2298 2462 esse
2317 2425 2348 2462 a
2371 2409 2692 2464 tsaditoribus
2719 2421 2883 2466 tamen
2914 2415 2963 2468 in
2994 2413 3178 2469 Christi
3202 2419 3403 2472 nomine
3427 2421 3652 2490 baptiza-

2075 2509 2169 2551 tos.
2199 2498 2307 2553 lloc
2333 2501 2430 2553 sibi
2466 2516 2588 2555 cum
2617 2503 2727 2571 ipse
2756 2509 3127 2574 proposuisset
3159 2512 3371 2565 attende
3399 2517 3655 2582 quemad-

2075 2589 2288 2644 modum
2321 2589 2512 2645 frustra
2543 2593 2870 2660 respondere
2898 2609 3120 2652 conatus
3145 2600 3232 2655 sit.
3268 2599 3427 2666 Huic,
3461 2605 3656 2673 inquit,

2074 2682 2146 2735 rei
2168 2679 2414 2736 Dominus
2434 2681 2584 2737 Jesus
2619 2683 2848 2740 Christus
2864 2691 3119 2758 respondit
3148 2691 3226 2746 his
3270 2694 3455 2758 verbis,
3487 2713 3505 2746 ι
3553 2695 3654 2762 Qui

2074 2788 2267 2826 mecum
2293 2789 2392 2826 non
2417 2773 2628 2843 colligit,
2653 2775 2897 2848 dispergit
2927 2797 2945 2830 ι
2979 2779 3188 2850 (Matth.
3218 2798 3312 2848 χιι,
3340 2784 3472 2853 50);
3504 2788 3654 2840 alite-

2076 2881 2208 2927 rum,
2242 2883 2261 2915 ι
2279 2863 2396 2919 Non
2421 2867 2584 2920 omnis
2607 2868 2692 2935 qui
2718 2869 2838 2922 dicit
2863 2871 3005 2933 mihi,
3034 2870 3270 2940 Domine,
3302 2874 3538 2942 Domine,
3571 2879 3651 2931 in-

2077 2957 2223 3008 trabit
2259 2958 2311 3010 in
2339 2974 2546 3027 regnum
2574 2960 2829 3013 actorum.
2869 2959 3022 3014 Multi
3049 2965 3180 3017 enim
3225 2965 3391 3018 dicent
3433 2967 3559 3019 mihi
3599 2967 3652 3023 in

2074 3046 2166 3099 illa
2193 3047 2292 3113 die,
2327 3045 2556 3114 Domine,
2604 3047 2836 3114 Domine,
2883 3067 3054 3106 nonne
3075 3055 3126 3106 in
3173 3055 3374 3108 nomine
3415 3066 3502 3110 tuo
3533 3074 3650 3126 pro-

2076 3138 2405 3207 plutarimus,
2433 3148 2480 3192 et
2513 3141 2564 3193 in
2595 3141 2794 3193 nomine
2831 3151 2916 3194 tuo
2941 3143 3188 3196 dwmonia
3216 3145 3474 3212 eiecimus,
3516 3156 3562 3199 et
3599 3148 3651 3205 in

2077 3228 2273 3280 nomine
2315 3239 2400 3281 tuo
2440 3230 2640 3282 virtutes
2691 3233 2874 3284 multas
2915 3234 3170 3302 fecimus?
3215 3233 3278 3287 Et
3320 3243 3438 3288 tunc
3485 3237 3649 3290 dicunt

2075 3319 2196 3384 illis,
2224 3317 2340 3373 Non
2367 3321 2481 3374 novi
2499 3336 2580 3374 vos
2602 3336 2621 3384 ;
2652 3321 2862 3376 rcccditc
2887 3339 2918 3375 a
2942 3339 3038 3388 me,
3064 3325 3279 3392 operarii
3316 3325 3592 3395 iniquitatis
3624 3348 3642 3378 ι

2081 3411 2188 3475 (Μ.
2219 3427 2307 3478 vn,
2330 3411 2538 3483 21-25).
2569 3412 2857 3468 Pcrdidisse
2881 3416 3032 3484 igitur
3058 3418 3243 3486 falsum
3270 3433 3396 3487 Opus
3424 3435 3524 3472 non
3551 3419 3644 3471 duo

2077 3504 2210 3554 bium
2235 3513 2326 3567 est,
2369 3505 2454 3573 qui
2480 3507 2671 3558 tametsi
2701 3507 2752 3558 in
2795 3506 2993 3559 nomine
3013 3504 3138 3558 Jcsu
3167 3505 3375 3574 Christi,
3422 3509 3653 3577 sacrilegi

2078 3604 2238 3645 tamen
2263 3596 2375 3646 ausi
2406 3605 2521 3648 sunt
2547 3596 2764 3662 operari.
2807 3594 2972 3648 Yelint
2997 3598 3176 3663 nolint,
3209 3598 3420 3668 proinde
3440 3600 3648 3653 tradito~

2076 3701 2155 3740 res
2195 3685 2452 3754 sacrilegis
2500 3684 2843 3741 Sacramentis
2882 3684 3136 3740 Christum
3167 3690 3332 3758 ntagis.
3365 3687 3646 3756 offendunt.

2081 3774 2180 3840 Qui
2200 3774 2240 3827 si
2259 3785 2303 3827 et
2316 3775 2478 3828 dicere
2502 3779 2740 3842 audeant,
2762 3795 2780 3827 ι
2793 3775 2855 3830 ln
2870 3778 3067 3831 nomine
3083 3789 3166 3836 tuo
3178 3780 3580 3848 praphetavimus
3599 3797 3642 3837 ει

2078 3869 2203 3920 dicet
2226 3867 2331 3921 illis
2355 3877 2408 3920 ut
2429 3869 2669 3932 cwterigt
2687 3868 2959 3922 Receditca
2983 3885 3079 3932 me,
3097 3871 3315 3940 apcrttrii
3344 3871 3647 3940 iniquitatis;

2077 3977 2176 4014 non
2204 3962 2316 4020 noui
2346 3977 2484 4013 eos.»
2526 3961 2678 4014 Recte
2703 3961 2802 4014 illis
2829 3962 2920 4014 hoc
2951 3962 3097 4025 dicet,
3130 3963 3363 4031 quoniam
3383 3962 3582 4032 quidem
3602 3963 3649 4020 in

2077 4051 2296 4120 indignis
2320 4066 2418 4104 non
2449 4049 2715 4103 dissimiles
2743 4066 2910 4104 causa
2932 4061 3066 4115 sunt,
3097 4052 3372 4121 baptizare,
3406 4052 3649 4105 damonio

2079 4142 2281 4210 pellere,
2308 4151 2606 4210 craterasque
2631 4141 2879 4194 mirabiles
2904 4142 3078 4212 fecisse
3099 4141 3321 4194 virtutes.
3345 4140 3474 4194 \‘ide
3496 4157 3646 4210 quam

2080 4233 2242 4285 multa
2268 4231 2418 4296 dixit,
2446 4242 2498 4286 et
2537 4231 2677 4301 quod
2723 4231 2822 4286 sibi
2853 4246 2914 4286 ex
2947 4232 3170 4287 adverso
3217 4233 3511 4302 proposuit,
3546 4234 3645 4287 sol-

2079 4340 2204 4379 vere
2226 4326 2442 4379 onmino
2481 4339 2590 4378 non
2618 4323 2785 4392 potuit
2813 4341 2825 4376 :
2854 4338 2950 4377 nec
2978 4323 3146 4376 solum
3179 4321 3280 4378 hoc
3304 4323 3346 4385 ⁸,
3375 4323 3469 4377 sed
3495 4325 3643 4378 etiam

2079 4432 2179 4471 nos
2208 4417 2354 4484 ipsos
2391 4431 2510 4491 qua;
2536 4416 2789 4469 adversus
2833 4431 2926 4470 eos
2969 4415 3147 4470 dicere
3195 4416 3534 4478 deberemus,
3561 4417 3648 4468 ad-

2082 4508 2304 4562 monuit.
2334 4507 2514 4574 Neque
2538 4507 2680 4562 ouim
2711 4515 2910 4560 tantmn
2959 4507 3086 4560 nihil
3118 4522 3236 4559 eum
3267 4508 3517 4576 adjuvant
3543 4507 3645 4560 ha-e

2081 4601 2379 4668 evangelica
2408 4599 2726 4664 testimonia,
2756 4599 2848 4654 sed
2878 4601 3034 4653 etiam
3068 4615 3240 4656 causa:
3268 4611 3463 4654 nostr-.e
3496 4601 3642 4666 plint-

2081 4707 2224 4746 suum
2255 4690 2626 4760 solli-agantur.

2152 4784 2238 4837 Η.
2271 4782 2343 4836 De
2365 4783 2624 4849 baptismo
2643 4781 2862 4837 Joannis
2883 4783 3153 4852 agebatur,
3188 4799 3215 4834 a
3241 4799 3348 4852 quo
3369 4785 3648 4852 baptizatos

2080 4874 2333 4944 quosdam
2366 4875 2408 4926 si
2451 4873 2728 4941 Ix'qttisavit
2755 4875 3060 4941 Apostolus,
3094 4890 3198 4927 non
3229 4873 3410 4943 utique
3437 4874 3647 4929 Joannis

2082 4965 2396 5034 baptismum
2447 4965 2761 5018 habentibus
2824 4964 3010 5017 iterum
3061 4963 3280 5018 Joannis
3335 4967 3648 5033 baptismum

2082 5055 2246 5122 dedi',
2278 5056 2370 5107 sed
2398 5051 2590 5108 Christi
2622 5053 2947 5121 Baptismmn
2978 5069 3080 5106 non
3113 5054 3370 5108 habentes
3399 5055 3648 5124 baptizari

2078 5147 2234 5214 jussit
2260 5147 2308 5198 in
2335 5145 2547 5200 Christo
2577 5161 2588 5198 :
2619 5157 2680 5196 ac
2711 5159 2801 5212 per
2845 5144 2944 5196 hoc
2976 5155 3223 5198 uenti-unt
3249 5145 3531 5206 de~truxit.
3565 5147 3650 5198 sed

2083 5249 2360 5305 utrumque
2391 5236 2643 5290 distinxit.
2680 5235 2786 5288 Lloc
2816 5236 2974 5288 etiam
3009 5235 3107 5287 iste
3135 5247 3318 5288 centra
3358 5251 3515 5303 quem
3545 5237 3644 5290 ιιι,-

2084 5329 2327 5388 serimus,
2353 5327 2502 5390 vidit,
2529 5327 2616 5390 qui
2647 5341 2763 5378 cum
2795 5325 2894 5379 sibi
2926 5326 3062 5379 velut
3095 5342 3156 5378 ex
3184 5326 3474 5379 adversarii
3503 5326 3651 5394 ιιςιιιι-

2085 5419 2179 5471 bus
2229 5417 2508 5486 ohjeeissct
2537 5434 2548 5468 :
2577 5415 2692 5485 quia
2735 5427 2784 5476 et
2827 5415 2876 5467 hi
2931 5431 3062 5484 quos
3113 5417 3378 5469 trmlitores
3427 5420 3646 5476 vorant,

2146 5600 2161 5628 ι
2189 5606 2282 5644 sm.
2333 5602 2382 5644 et
2426 5601 2554 5652 .\tss.,
2579 5593 2700 5652 Quid
2731 5593 2841 5644 hinc
2886 5593 3234 5657 respondeant;
3260 5594 3368 5654 velL
3385 5594 3506 5655 Quid
3544 5592 3643 5648 nos;

2082 5659 2380 5721 respondent.

2147 5716 2168 5751 9'
2191 5719 2324 5776 t-Ztliti,
2349 5719 2578 5765 t‘rcdunt.
2606 5716 2771 5765 stultus
2786 5723 2911 5769 Mss,
2932 5719 3154 5764 irritant.

2149 5783 2168 5814 ³
2192 5781 2390 5843 quidam
2408 5785 2497 5832 llas
2520 5814 2537 5839 ,
2562 5791 2644 5830 uec
2669 5778 2817 5829 solum
2833 5791 2924 5830 tum
2943 5777 3073 5830 solrit
3095 5778 3200 5828 hoc.
