4024 6196
332 339 423 397 σοι
497 362 509 376 ι
1728 332 1904 389 LIBEI

2015 335 2172 394 NUS.

331 453 599 523 Baptismo-
629 450 840 519 Christi,
867 467 968 506 non
994 449 1228 515 Joannis,
1262 449 1518 519 baptizant
1567 457 1610 500 et
1642 447 1899 516 baptizan-

233 573 240 575 -
331 555 447 609 tur;
473 553 518 597 et
544 543 656 596 ideo
678 550 786 611 post
806 558 891 596 eos
909 539 1222 610 Baptismum
1243 556 1332 594 nec
1357 537 1594 600 rescindi,
1624 553 1712 590 nec
1734 535 1909 589 iterari

328 645 554 704 oportere
580 651 600 689 :
631 634 753 691 huic
776 634 1054 704 qurestioui
1081 633 1208 688 dicit
1244 631 1585 701 respondisse
1610 629 1902 694 Christum,

328 743 444 782 cum
475 727 569 792 ait,
601 725 703 790 Qui
725 741 914 779 mecum
940 741 1040 778 non
1067 724 1277 794 colligit,
1305 723 1499 792 spargit
1531 740 1544 774 :
1571 721 1721 791 quasi
1749 719 1906 774 dixe-

328 819 392 872 rit
419 818 678 882 Christus,
708 815 763 871 In
791 817 868 872 eis
897 815 986 886 qui
1030 831 1239 872 mecum
1289 832 1392 868 non
1423 814 1698 884 colligunt,
1743 813 1904 866 etiam

326 912 463 982 quod
494 927 675 967 verum
701 920 756 966 et
778 910 918 982 quod
945 926 1120 966 meum
1152 911 1420 965 inventum
1451 906 1627 968 fuerit,
1658 916 1902 976 negetur,

325 1001 654 1067 evsuflletur,
686 1001 1008 1056 destruatur.
1041 1001 1126 1055 Ait
1168 1000 1326 1055 etiam
1371 998 1686 1068 quibusdam
1717 997 1905 1052 dicen-

326 1093 482 1158 tibus,
517 1092 749 1156 Domine,
786 1092 1015 1158 Domine,
1047 1094 1098 1147 in
1134 1093 1334 1146 nomine
1361 1101 1446 1145 tuo
1471 1092 1902 1161 prophetavtntus,

323 1192 366 1235 et
392 1183 443 1236 in
473 1183 672 1238 nomine
697 1191 780 1235 tuo
819 1181 1066 1236 da'monia
1105 1182 1358 1254 ejecimus,
1391 1192 1435 1236 et
1480 1183 1532 1235 in
1577 1181 1778 1235 nomine
1820 1192 1906 1234 tuo

322 1272 526 1326 virtutes
551 1272 732 1326 multas
763 1273 1010 1344 fecimus;
1051 1288 1170 1327 eum
1210 1287 1611 1341 responsurum,
1645 1270 1764 1325 Non
1791 1271 1906 1324 novi

321 1362 740 1426 sos;receditea
768 1379 866 1429 me,
910 1364 995 1433 qui
1039 1363 1318 1432 operamini
1358 1364 1691 1431 iniquitatem.
1740 1361 1906 1417 Num-

321 1453 445 1524 quid
485 1455 650 1508 etiam
690 1454 778 1509 hic
818 1454 972 1520 dixit,
1023 1454 1248 1524 Propter
1293 1454 1624 1526 iniquitatem
1667 1463 1902 1508 vestram

321 1546 524 1613 negabo
565 1546 724 1601 etiam
770 1546 1046 1601 veritatem
1099 1561 1271 1600 meam
1320 1546 1370 1599 in
1401 1556 1576 1600 vestra
1627 1545 1905 1615 iniquitate

318 1635 627 1692 detentum?
654 1635 838 1706 Neque
880 1637 1021 1691 enim
1067 1636 1121 1690 in
1149 1652 1368 1706 regnum
1399 1651 1554 1691 suum
1595 1645 1904 1704 recepturus

316 1736 400 1780 est
429 1741 634 1788 omnes,
680 1725 953 1796 inquibus
1000 1727 1263 1782 invenerit
1307 1727 1537 1798 aliquam
1580 1729 1900 1792 veritatem;

317 1815 412 1869 sed
438 1815 488 1869 in
509 1815 700 1886 quibus
727 1817 989 1872 invenerit
1017 1819 1224 1872 veritati
1252 1823 1541 1889 congruam
1564 1819 1899 1874 charitatem:

316 1921 437 1974 qure
466 1906 508 1960 si
541 1906 784 1972 defuerit,
817 1907 1065 1977 iniquitas
1107 1909 1226 1963 erit.
1257 1910 1310 1964 ln
1337 1926 1438 1978 qua
1472 1921 1647 1964 tamen
1687 1909 1902 1964 detenta

313 1996 512 2050 veritas
541 1996 780 2066 neganda
813 2013 918 2052 non
945 2007 1048 2066 est,
1081 1998 1174 2054 sed
1206 2000 1316 2069 ipsa
1359 2000 1612 2070 iniquitas
1658 2016 1762 2055 non
1808 2000 1904 2056 de-

315 2096 517 2145 structa
561 2087 785 2143 veritate
824 2088 1125 2145 damnanda
1165 2099 1269 2146 est.
1320 2090 1471 2147 Unde
1519 2103 1574 2146 et
1617 2093 1903 2161 Apostolus

313 2175 444 2229 dicit
477 2192 491 2229 :
529 2174 595 2230 Et
619 2177 662 2230 si
689 2178 846 2232 sciero
873 2180 1044 2234 omnia
1070 2179 1402 2235 Sacramenta
1427 2189 1474 2234 et
1499 2198 1696 2234 omnent
1741 2184 1904 2237 scien-

313 2271 460 2336 tiam,
484 2278 529 2322 el
557 2270 602 2324 si
629 2271 848 2325 habuero
878 2289 1076 2326 ontnem
1097 2274 1412 2343 prophetiam
1435 2283 1482 2328 et
1503 2291 1700 2328 omnem
1727 2275 1898 2344 ﬁdem,

313 2366 384 2418 ita
412 2376 466 2420 ut
493 2376 682 2422 montes
709 2369 1026 2438 transferam,
1051 2369 1343 2422 charitatem
1360 2380 1528 2424 autem
1550 2387 1648 2423 non
1671 2370 1902 2435 habeam,

311 2458 449 2515 nihil
473 2476 582 2513 sum
611 2461 651 2532 (I
680 2460 799 2513 Cor.
826 2477 940 2526 xm,
966 2461 1047 2530 2).
1089 2459 1164 2515 Se
1188 2461 1320 2516 dixit
1348 2462 1480 2516 nihil
1525 2477 1662 2527 esse,
1697 2464 1739 2517 si
1771 2464 1904 2518 cha-

310 2553 532 2604 ritatcm
575 2565 681 2604 non
711 2550 918 2616 habeat,
961 2566 1066 2605 non
1097 2561 1427 2606 sacramenta
1457 2561 1509 2607 et
1535 2553 1813 2608 scientiam
1853 2563 1907 2608 et

311 2641 656 2712 prophetiam
687 2652 740 2697 et
769 2642 944 2698 fidem.
977 2643 1070 2698 llla
1098 2644 1240 2699 enim
1287 2659 1476 2714 magna
1505 2653 1650 2709 sunt,
1699 2646 1906 2699 etiamsi

313 2733 412 2790 ille
441 2733 570 2788 nihil
598 2734 686 2801 sit,
719 2735 807 2804 qui
832 2750 893 2789 ea
921 2736 1037 2790 sine
1066 2736 1324 2790 charitate
1348 2735 1610 2801 habuerit,
1641 2745 1697 2791 et
1721 2752 1906 2790 eorum

313 2826 600 2881 veritatem
628 2829 678 2880 in
707 2842 800 2880 sua
833 2827 1108 2896 iniquitate
1137 2827 1440 2884 detinuerit.
1466 2829 1576 2883 Hoc
1602 2837 1655 2884 et
1677 2843 1774 2882 nos
1795 2829 1909 2882 istis

315 2915 590 2972 luereticis
614 2919 840 2973 dicimus
871 2937 885 2972 :
915 2919 1032 2973 Non
1063 2919 1384 2975 destruimus
1413 2921 1692 2976 veritatem
1725 2920 1907 2989 Bapti-

313 3010 529 3077 smatis,
561 3027 717 3081 quam
749 3012 800 3066 in
829 3020 1004 3068 vestra
1037 3012 1312 3083 iniquitate
1340 3012 1627 3077 detinetis;
1661 3013 1754 3068 sed
1785 3028 1906 3067 cum

315 3115 418 3154 vos
445 3101 777 3172 corrigimus,
809 3102 955 3157 illam
983 3102 1310 3157 destruimus
1350 3113 1402 3157 et.
1429 3101 1735 3167 evertimus,
1768 3101 1908 3157 hanc

313 3199 502 3249 autem
541 3193 875 3262 agnoscimus
917 3201 972 3248 et
1021 3201 1282 3248 tenemus.
1328 3192 1469 3246 Nihil
1513 3193 1692 3263 itaque
1746 3193 1906 3247 istum

315 3282 582 3352 adjuvant
611 3282 754 3350 plura
785 3282 1088 3352 evangeliea
1118 3281 1444 3336 testimonia.

392 3371 485 3424 12.
518 3369 972 3438 Quemadmodum
1015 3381 1191 3425 autem
1236 3371 1389 3426 nobis
1418 3371 1578 3426 etiam
1619 3371 1908 3442 plurimum

309 3461 713 3529 suffrageutur,
741 3459 976 3514 adverte.
1010 3461 1146 3516 Ecce
1176 3461 1288 3530 ipsa
1324 3463 1485 3516 verba
1527 3463 1642 3533 ejus
1669 3463 1903 3519 attende.

308 3550 654 3617 Perdidisse,
700 3551 906 3620 inquit,
936 3553 1122 3622 falsum
1160 3569 1287 3621 opus
1316 3569 1417 3606 non
1447 3554 1654 3608 dubium
1683 3565 1789 3618 est,
1821 3556 1909 3626 qui

310 3641 521 3695 tametsi
559 3641 612 3694 in
657 3641 858 3695 nomine
892 3640 1016 3696 Jesu
1055 3643 1271 3710 Christi,
1310 3646 1540 3715 sacrilegi
1586 3656 1749 3700 tanten
1795 3648 1908 3700 ausi

307 3741 436 3788 sunt
468 3732 687 3802 aperari.
722 3731 834 3788 Hoc
872 3733 1092 3788 omnino
1122 3749 1305 3789 verum
1353 3744 1471 3802 est,
1519 3737 1768 3805 quoniam
1817 3737 1906 3805 qui

310 3822 564 3892 sacrilegi
598 3822 649 3875 in
690 3823 903 3877 nomine
939 3822 1068 3878 Jesu
1105 3823 1303 3878 Christi
1343 3825 1457 3877 ausi
1498 3835 1619 3878 sunt
1658 3811 1906 3894 operari,

309 3915 510 3968 falsum
537 3929 670 3985 Opus
701 3917 970 3985 proprium
996 3916 1360 3986 perdiderunt.
1389 3915 1652 3986 Numquid
1679 3918 1798 3972 ideo
1826 3926 1908 3971 ta-

310 4021 445 4060 men
473 4022 663 4061 nomen
696 4008 866 4076 ipsum
892 4006 1017 4062 Jesu
1047 4006 1239 4062 Christi
1263 4009 1578 4079 sacrilegum
1605 4017 1688 4064 est
1707 4052 1720 4074 ,
1747 4011 1906 4064 etiam

309 4109 442 4150 cum
476 4112 569 4164 per
607 4097 756 4150 illum
783 4097 1026 4167 sacrilegi
1054 4098 1250 4167 aliquid
1292 4100 1618 4167 onerantur?
1651 4100 1780 4168 Quis
1810 4101 1910 4156 hoc

309 4187 517 4242 audeat
542 4189 625 4243 vel
650 4188 1084 4244 dementissimus
1125 4190 1340 4246 dicere?
1369 4193 1487 4261 quis
1507 4192 1615 4261 jam
1647 4193 1748 4247 isto
1778 4202 1911 4247 tem-

311 4294 453 4348 pore
480 4279 560 4334 vel
591 4295 824 4350 paganus
861 4281 1054 4336 audeat
1079 4281 1389 4338 afﬁrmare?
1415 4282 1565 4338 Unde
1594 4293 1645 4338 et
1679 4284 1790 4354 ipse
1819 4284 1910 4340 Je-

309 4383 409 4423 sus
449 4369 692 4425 Christus
728 4386 849 4426 cum
877 4372 1154 4428 verissime
1191 4373 1422 4441 dixerit,
1453 4373 1552 4441 Qui
1580 4393 1772 4429 mecum
1805 4393 1904 4431 non

308 4463 547 4533 colligit,
585 4464 776 4534 spargit
802 4480 821 4518 :
851 4473 1030 4520 tamen
1073 4481 1191 4520 eum
1236 4467 1284 4521 ei
1329 4467 1570 4536 discipuli
1600 4467 1904 4538 dixissent,

309 4554 603 4624 quemdam
628 4570 688 4610 se
725 4556 1026 4622 invenisse,
1069 4559 1156 4628 qui
1187 4558 1238 4612 in
1266 4559 1479 4614 nomine
1505 4559 1622 4628 ejus
1645 4559 1907 4616 dzemonia

307 4645 571 4713 ejiceret,
599 4655 651 4700 et
682 4645 1014 4716 prohibuisse
1033 4689 1046 4712 ,
1079 4649 1199 4718 quia
1226 4663 1346 4703 eum
1379 4649 1458 4704 eis
1489 4649 1770 4704 Dominum
1799 4666 1905 4706 non

308 4736 662 4806 sequebatur;
685 4739 750 4791 ad
778 4739 878 4793 hoc
905 4740 1197 4809 respondit,
1232 4739 1408 4794 Nolite
1429 4742 1691 4811 prohibere
1717 4758 1736 4796 :
1758 4759 1904 4797 nemo

309 4829 451 4881 enim
480 4829 688 4883 virtutes
717 4832 838 4901 facit
864 4831 917 4883 in
949 4832 1149 4884 nomine
1176 4847 1311 4896 meo,
1348 4841 1394 4884 et
1420 4842 1581 4901 potest
1615 4834 1747 4887 male
1771 4835 1907 4904 loqui

305 4923 377 4974 de
417 4935 498 4972 me
525 4919 713 4991 (Marc.
746 4937 798 4976 ιχ
819 4961 834 4989 ,
866 4923 956 4984 57,
989 4922 1102 4994 58).
1135 4922 1190 4976 in
1217 4922 1318 4977 hoc
1345 4924 1527 4993 utique
1558 4927 1770 4995 propria
1801 4927 1908 4981 ini-

303 5020 494 5082 quitus
515 5023 662 5079 erat,
693 5016 815 5084 quia
844 5031 948 5070 non
977 5031 1096 5069 eum
1127 5015 1352 5070 Domino
1376 5017 1693 5087 colligebat,
1727 5035 1826 5075 nec
1852 5020 1904 5076 in

300 5109 435 5177 ejus
467 5108 643 5178 gregis
673 5111 875 5164 unitate
902 5121 1166 5179 pastorem
1196 5125 1316 5164 cum
1340 5109 1617 5180 discipulis
1643 5114 1906 5183 sequeba-

273 5207 438 5251 tur:
473 5197 524 5251 in
552 5214 653 5268 qua
699 5199 976 5268 iniquitate
1015 5214 1107 5253 sua
1136 5200 1414 5255 veritatem
1455 5201 1726 5257 detinebat
1767 5205 1904 5259 alie-

299 5304 460 5351 nam,
490 5288 630 5358 quod
655 5291 706 5343 iu
740 5289 954 5344 nomine
979 5289 1103 5345 Jesu
1125 5289 1319 5345 Christi
1341 5292 1591 5360 ejiciebat
1614 5293 1900 5362 dtnmoiiia,

294 5389 357 5434 et
384 5384 455 5434 de
485 5381 575 5437 illo
605 5381 742 5434 tnale
765 5399 868 5435 non
897 5381 1226 5452 loquebatur.
1256 5383 1423 5452 Hujus
1450 5384 1626 5454 itaque
1650 5386 1901 5458 iniquita-

294 5479 421 5528 tam
453 5471 556 5526 illis
582 5472 762 5527 verbis
786 5473 1039 5526 Dominus
1064 5473 1302 5540 damnat,
1337 5473 1423 5528 ubi
1455 5475 1546 5539 ait,
1582 5475 1684 5543 Qui
1710 5494 1900 5531 meeum

293 5581 408 5618 non
451 5565 677 5635 colligit,
723 5566 914 5636 spargit
949 5565 1272 5620 :veritatem
1303 5580 1450 5619 suam
1499 5577 1673 5622 tamen
1720 5568 1770 5622 in
1812 5569 1901 5623 illo

293 5672 413 5711 lmn
444 5667 616 5729 negat,
648 5674 743 5710 nec
775 5658 1056 5728 improbat,
1081 5673 1200 5710 cutn
1222 5657 1370 5720 dicit,
1401 5657 1576 5713 Nolite
1599 5661 1897 5729 prohibere:

292 5764 458 5807 nemo
492 5726 622 5809 mini
647 5751 846 5827 virtutes
874 5751 997 5823 facit
1019 5751 1069 5806 in
1098 5752 1298 5807 nomine
1327 5768 1464 5824 meo,
1494 5762 1540 5807 et
1577 5763 1736 5825 potest
1765 5756 1894 5810 male

3491 345 3598 402 602

2011 448 2146 518 loqui
2175 450 2238 504 de
2279 467 2398 506 me.
2430 452 2541 508 Hoc
2593 452 2921 509 douinicum
2968 455 3266 525 exemplum
3315 466 3599 526 sequentes

2011 538 2169 592 etiam
2202 555 2300 595 nos
2331 557 2424 610 pro
2446 543 2646 598 viribus
2673 544 2891 608 nostris,
2923 543 3178 613 Baptismi
3201 545 3477 600 veritatem
3500 586 3515 612 ,
3543 555 3599 600 et

2011 628 2265 699 quidquid
2304 632 2446 686 aliud
2480 649 2666 688 verum
2709 634 2942 688 htnretiei
2984 643 3161 688 tenent
3185 660 3212 699 ,-
3247 651 3442 703 negare
3486 651 3591 690 non

2012 735 2333 789 possumus,
2380 723 2678 792 improbare
2716 740 2781 780 ac
2824 725 3101 780 destruere
3129 743 3232 780 non
3286 727 3591 783 audemus:

2013 813 2245 881 ipsorum
2273 825 2452 870 autem
2501 817 2868 886 iniquitatem,
2915 835 3014 888 qua
3063 835 3182 872 cum
3231 818 3444 872 Christo
3489 835 3593 873 non

2011 905 2284 975 colligunt,
2311 907 2403 961 sed
2431 919 2704 977 spargunt,
2733 909 2924 963 merito
2947 908 3274 963 detestamur
3293 951 3307 975 ,
3343 919 3396 962 ct
3423 909 3594 962 invio—

2011 997 2116 1052 lata
2139 1015 2257 1068 qua:
2285 1000 2336 1053 in
2376 1000 2452 1054 eis
2489 1011 2570 1055 cst
2599 1002 2818 1058 veritate
2856 1002 3200 1067 damnamus,
3231 1001 3314 1055 vel
3341 1012 3594 1072 quantum

2010 1090 2234 1144 sinimur
2262 1092 2626 1147 emendamus.
3450 1161 3458 1167 _

2081 1181 2306 1237 CAPUT
2338 1182 2471 1238 Vill.
2498 1213 2570 1223 -
2595 1185 2680 1239 l5.
2707 1185 2973 1252 Respiciet
3001 1201 3130 1254 ergo
3157 1185 3255 1239 iste
3283 1201 3390 1254 quo
3411 1201 3596 1241 errore

2009 1271 2225 1338 dixerit,
2253 1273 2391 1343 quod
2422 1283 2636 1328 secutus
2661 1274 2902 1344 adjuuxit
2929 1293 2941 1326 :
2986 1275 3146 1329 Velint
3174 1275 3355 1338 nolint,
3386 1276 3597 1344 proinde

2010 1363 2276 1418 lrttditores
2317 1364 2574 1435 sacrilegis
2623 1364 2970 1420 Sacramentis
3013 1364 3272 1421 Christum
3314 1367 3474 1435 magis
3518 1366 3599 1434 of-

2009 1453 2240 1523 fendunt.
2272 1454 2388 1508 Alia
2429 1464 2508 1509 est
2530 1458 2726 1524 quippe
2754 1456 3024 1510 temeritas
3063 1466 3117 1511 et
3146 1466 3428 1524 utemuque
3460 1456 3596 1510 tole-

2009 1544 2222 1611 rabilis,
2250 1545 2390 1613 quod
2414 1545 2696 1600 traditorcs
2725 1547 2852 1600 dicit
2875 1548 3117 1601 homines
3142 1589 3154 1610 ,
3183 1562 3317 1616 quos
3338 1562 3456 1601 esse
3489 1562 3593 1601 non

2012 1635 2198 1702 probat
2230 1653 2243 1689 :
2276 1635 2400 1690 illud
2431 1644 2608 1692 autem
2639 1637 2763 1707 quis
2799 1638 2967 1704 ferat,
3004 1639 3144 1708 quod
3184 1639 3437 1707 sacrilega
3471 1638 3598 1691 dicit

2008 1726 2346 1782 Sacramenta
2374 1727 2593 1793 Christi,
2617 1729 2824 1782 etiamsi
2852 1745 2980 1784 vere
2999 1772 3013 1794 ,
3042 1732 3178 1783 sicut
3209 1729 3560 1783 cultnnnialur
3579 1769 3595 1792 ,

2009 1832 2038 1870 a
2071 1817 2412 1872 traditoribus
2443 1817 2796 1884 haberentur,
2837 1836 2956 1889 qua:
2997 1820 3047 1873 in
3083 1820 3296 1874 nomine
3340 1821 3509 1874 Patris
3542 1829 3597 1873 et

2009 1907 2129 1963 Filii
2165 1920 2219 1963 et
2255 1909 2483 1978 Spiritus
2523 1911 2692 1964 sancti
2736 1911 2841 1965 ritu
2884 1911 3190 1981 evangelieo
3218 1912 3598 1965 celebrantur?

2009 1999 2107 2054 llic
2135 1999 2356 2055 fortasse
2385 2000 2563 2066 dicat,
2600 2001 2709 2071 jan
2755 2017 2858 2056 non
2889 2018 3007 2057 esse
3035 2001 3234 2057 Christi
3282 2003 3598 2057 Sacrameno

2010 2097 2122 2143 ttun
2159 2089 2300 2158 quod
2330 2105 2361 2144 a
2400 2091 2673 2160 sacrilegis
2717 2090 2889 2145 datur.
2919 2091 3024 2146 Cur
3050 2107 3153 2146 non
3183 2107 3310 2161 ergo
3336 2091 3465 2146 dicit
3489 2107 3594 2148 non

2009 2195 2130 2236 esse
2153 2181 2313 2236 etiam
2341 2196 2534 2236 nomen
2558 2180 2785 2246 Christi,
2824 2181 2964 2251 quod
2993 2197 3022 2236 a
3068 2181 3338 2251 sacrilegis
3362 2181 3596 2236 dicitur?

2008 2272 2160 2340 Quod
2199 2273 2418 2327 omnino
2447 2289 2552 2327 non
2592 2288 2752 2328 ausus
2781 2283 2862 2327 est
2891 2274 3090 2329 dicere.
3123 2274 3210 2328 Ait
3236 2275 3376 2328 enim
3410 2291 3424 2326 :
3462 2273 3600 2328 Per-

2010 2366 2197 2419 didisse
2235 2366 2388 2434 igitur
2414 2367 2600 2437 falsum
2628 2381 2757 2436 opus
2797 2382 2898 2419 non
2927 2365 3131 2419 dubium
3159 2376 3265 2432 est,
3293 2366 3379 2436 qui
3406 2367 3600 2420 tametsi

2009 2457 2062 2509 in
2103 2457 2304 2512 nomine
2329 2456 2454 2511 Jesu
2476 2456 2700 2525 Christi,
2728 2458 2962 2528 sacrilegi
2991 2468 3157 2511 tamen
3187 2458 3298 2510 ausi
3337 2468 3452 2511 sunt
3479 2474 3598 2528 ope-

2011 2547 2136 2600 rari.
2164 2547 2422 2614 Tametsi,
2464 2548 2634 2617 inquit
2655 2589 2670 2615 ,
2702 2549 2756 2602 in
2794 2550 2996 2602 nomine
3020 2547 3146 2602 Jesu
3175 2547 3364 2603 Christi
3390 2565 3410 2602 :
3440 2564 3598 2602 num-

2011 2637 2139 2706 quid
2177 2638 2308 2691 dixit
2338 2653 2444 2692 non
2487 2654 2607 2694 esse
2636 2655 2829 2694 nomen
2870 2639 2995 2695 Jesu
3023 2639 3259 2694 Christi?
3298 2639 3446 2694 Sicut.
3472 2655 3600 2710 ergo

2013 2730 2144 2786 nihil
2186 2731 2401 2798 prodest
2445 2733 2752 2801 sacrilegis,
2795 2731 2936 2801 quod
2967 2741 3255 2800 operantur
3286 2731 3336 2784 in
3386 2732 3601 2786 nomine

2011 2820 2138 2876 Jesu
2163 2821 2382 2886 Christi;
2415 2824 2492 2876 sie
2522 2822 2650 2876 nihil
2684 2823 2899 2892 prodest
2929 2822 3195 2877 luereticis
3216 2865 3231 2888 ,
3260 2823 3400 2892 quod
3432 2822 3602 2891 bapti-

2013 2920 2134 2965 zaut
2172 2912 2250 2966 vel
2293 2911 2626 2980 baptizantur
2669 2912 2720 2965 in
2760 2911 3032 2980 Baptismo
3058 2911 3182 2966 Jesu
3227 2911 3425 2967 Christi
3457 2930 3469 2964 :
3502 2912 3598 2966 sed

2013 3010 2191 3056 tamen
2221 3003 2358 3056 sicut
2388 3002 2515 3056 illud
2557 3015 2755 3056 nomen
2778 3011 2861 3057 est
2893 3001 3018 3056 Jesu
3043 3000 3274 3068 Christi,
3307 3001 3378 3056 ita
3406 3011 3460 3059 et
3500 3004 3605 3057 isto

2013 3091 2315 3162 Baptismus
2333 3091 2459 3148 Jesu
2485 3091 2704 3148 Christi.
2742 3092 2808 3148 Et
2835 3102 3118 3163 utrumque
3137 3093 3525 3163 agnoscendum
3547 3101 3603 3148 et

2012 3183 2411 3253 approbandum
2431 3226 2446 3250 ,
2501 3200 2608 3239 non
2639 3183 2938 3254 negandum
2979 3194 3033 3239 et
3069 3184 3447 3240 desuucutlum
3479 3193 3599 3250 est;

2015 3291 2082 3329 ne
2122 3277 2280 3330 tantis
2325 3276 2480 3330 donis
2520 3276 2614 3330 Dei
2659 3277 2751 3330 liat
2791 3274 3016 3345 injuria,
3059 3290 3179 3329 cum
3221 3276 3602 3346 sacrilegorum

2013 3365 2216 3422 eisdem
2243 3365 2396 3420 donis
2431 3365 2568 3420 male
2593 3365 2852 3420 utentium
2879 3365 3162 3435 corrigitur
3185 3371 3310 3419 vita.

2087 3462 2173 3515 M.
2214 3456 2307 3516 ille
2333 3459 2461 3514 dicit
2499 3459 2770 3530 sacrilegis
2803 3457 3066 3513 dicturum
3096 3458 3414 3526 Dominum,
3446 3457 3602 3514 Rece-

2013 3553 2115 3606 dite
2137 3569 2168 3606 a
2200 3569 2279 3607 me
2298 3593 2313 3618 ,
2347 3568 2518 3606 omnes
2539 3552 2625 3620 qui
2652 3551 2932 3618 operamini
2957 3552 3267 3621 iniquitatem
3291 3593 3306 3618 ,
3335 3551 3422 3621 qui
3453 3560 3601 3606 extra

2013 3645 2307 3699 Eeelesiam
2339 3643 2639 3713 baptizant,
2669 3643 2750 3698 vel
2779 3643 3040 3699 daemonia
3083 3643 3333 3712 ejiciunt,
3382 3643 3464 3698 vel
3506 3643 3603 3697 ali-

2012 3751 2146 3804 quas
2173 3737 2394 3789 virtutes
2427 3736 2480 3787 in
2511 3736 2724 3789 nomine
2753 3735 2880 3789 Jesu
2911 3735 3108 3789 Christi
3144 3743 3474 3803 operantur:
3505 3749 3602 3788 nos

2012 3834 2186 3879 autent
2217 3825 2442 3879 dicimus
2463 3864 2478 3888 ,
2510 3825 2616 3877 imo
2642 3825 2753 3893 ipsa
2789 3824 2994 3878 Veritas
3019 3824 3182 3890 dicit,
3225 3823 3471 3877 omnibus
3499 3826 3602 3879 hoc

2014 3917 2180 3970 Deum
2221 3929 2343 3969 esse
2381 3915 2677 3977 dicturum,
2721 3913 2812 3983 qui
2861 3914 2997 3967 intra
3044 3913 3154 3982 ipsa
3202 3913 3420 3967 unitatis
3465 3914 3600 3969 retis

2013 4007 2136 4061 mali
2175 4007 2348 4077 pisces
2385 4021 2504 4060 eum
2535 4005 2689 4059 bonis
2720 4019 2884 4074 usque
2912 4003 2978 4058 ad
3027 4003 3174 4057 littus
3215 4012 3415 4057 natant.
3461 4003 3599 4070 Quid

2012 4099 2154 4154 enim
2193 4098 2276 4177 eis
2305 4096 2447 4151 aliud
2477 4095 2710 4162 dicetur,
2743 4110 2861 4150 eum
2905 4094 2958 4148 iu
2987 4109 3110 4147 vasa
3140 4093 3375 4148 collectis
3409 4094 3597 4158 bonis,

2013 4192 2086 4245 illi
2128 4191 2250 4244 mali
2281 4190 2510 4259 separati
2559 4189 2902 4258 projieientur
2925 4229 2940 4254 ,
2975 4186 3108 4252 nisi,
3143 4185 3375 4240 Recedite
3413 4203 3444 4238 ιι
3483 4202 3596 4252 me,

2012 4283 2099 4350 qui
2136 4282 2417 4352 operamini
2454 4279 2814 4350 iniquitatem?
2841 4277 2952 4332 Nec
2995 4287 3168 4332 tamen
3201 4277 3254 4331 in
3295 4276 3372 4330 eis
3401 4274 3599 4330 Christi

2013 4374 2356 4430 Sacramenta
2387 4371 2741 4436 destruimus,
2774 4386 2893 4425 cum
2928 4370 3011 4425 vel
3057 4370 3190 4425 tales
3232 4368 3596 4439 baptizantes,

2012 4467 2095 4521 vel
2134 4467 2266 4521 tales
2296 4466 2592 4534 baptizatos
2623 4467 2759 4518 intra
2801 4464 2984 4518 eadem
3015 4464 3231 4518 unitatis
3273 4463 3404 4518 retia
3434 4479 3600 4533 agno-

2012 4559 2230 4614 scimus.
2273 4557 2423 4628 lpsos
2461 4572 2670 4626 quoque
2715 4571 2822 4610 non
2863 4555 3096 4608 arbitror
3125 4564 3228 4608 tam
3262 4568 3381 4608 esse
3427 4553 3599 4624 impu-

2012 4653 2199 4707 dentes
2219 4693 2234 4718 ,
2263 4661 2320 4706 ut
2350 4651 2580 4705 audeant
2605 4651 2818 4713 dicere,
2853 4658 2957 4702 tam
3003 4647 3184 4702 multis
3213 4647 3367 4701 malis
3393 4655 3444 4700 et
3483 4661 3600 4701 scc-

2013 4743 2230 4808 leralis,
2258 4743 2346 4812 qui
2391 4743 2441 4796 iu
2469 4757 2654 4796 eorum
2697 4750 2843 4809 parte
2873 4749 2996 4793 sunt
3045 4739 3338 4792 manifestis
3391 4737 3599 4808 ﬂagitiis

2012 4844 2066 4892 et
2112 4834 2432 4890 facinoribus
2472 4832 2662 4903 perditi
2707 4841 2758 4887 et
2806 4831 3100 4900 inquinati,
3135 4829 3234 4885 boe
3260 4839 3375 4895 est,
3424 4831 3600 4884 avaris

2011 4940 2170 4999 atque
2223 4929 2566 5000 raptoribus,
2629 4926 2742 4980 sive
2808 4924 3123 4979 truculentis
3173 4922 3596 4986 feneratoribus,

2013 5021 2124 5076 sive
2166 5020 2402 5075 cruentis
2437 5016 2984 5078 circmncellionibus,
3031 5015 3310 5067 Dominum
3349 5027 3450 5066 non
3480 5027 3598 5066 esse

2011 5113 2312 5177 dicturum,
2366 5111 2602 5166 Ileccdite
2651 5127 2684 5163 a
2732 5125 2838 5171 me,
2893 5108 2980 5178 qui
3032 5106 3309 5177 aperaniini
3356 5104 3598 5173 iniquita-

2011 5214 2106 5260 tem
2149 5223 2167 5260 :
2210 5215 2264 5260 et
2304 5195 2485 5260 tamen
2528 5205 2736 5269 sciunt,
2768 5201 2980 5266 vident,
3035 5207 3250 5264 tenent,
3297 5195 3492 5250 multos
3530 5206 3599 5248 ta-

2010 5297 2088 5350 bis
2126 5295 2425 5366 baptizare,
2458 5295 2652 5348 multos
2683 5310 2711 5346 a
2745 5293 2942 5347 talibus
2985 5290 3272 5360 baptizari;
3310 5303 3407 5342 nec
3437 5287 3487 5340 in
3517 5287 3598 5341 eis

2009 5387 2202 5442 Christi
2232 5387 2426 5441 violant
2450 5387 2873 5450 Sacratncntutn,
2909 5385 3066 5438 etiaut
3101 5383 3170 5437 illi
3202 5381 3390 5450 quibus
3412 5369 3594 5446 displi—

2007 5489 2129 5534 cent
2167 5479 2367 5535 SCelera
2409 5495 2613 5533 eorum.
2656 5478 2771 5532 Non
2810 5479 2979 5530 solum
3029 5477 3203 5544 itaque
3246 5472 3374 5526 nihil
3408 5482 3590 5526 contra

2008 5588 2104 5626 nus
2125 5572 2274 5636 dixit,
2301 5586 2421 5624 cum
2447 5572 2557 5624 lucc
2580 5569 2880 5638 evangelica
2914 5566 3213 5620 testimonia
3245 5563 3480 5632 protulit;
3505 5579 3592 5616 vc-

2007 5680 2120 5716 rum
2147 5663 2303 5718 etiam
2341 5677 2434 5715 nos
2462 5660 2586 5730 quid
2616 5671 2797 5714 eontra
2821 5675 2915 5712 eos
2935 5657 3232 5710 diceremus
3251 5696 3264 5718 ,
3297 5653 3588 5710 admonuit.

2078 5753 2299 5810 CAPUT
2333 5752 2420 5806 IX.
2446 5781 2512 5791 ——-
2542 5751 2624 5807 15.
2656 5749 2882 5804 Proinde
2903 5745 3045 5818 quod
3071 5746 3307 5818 sequitur
3330 5752 3382 5801 et
3411 5743 3590 5800 exsul-
