4024 6196
423 359 529 412 603

427 482 545 524 taus
571 465 700 526 dicit
742 470 756 498 ‘
781 508 794 530 ,
825 464 967 520 Solvi
1009 462 1216 515 breuiter
1244 459 1564 529 qucrstioncm
1614 471 1632 508 :

429 577 576 623 eam,
609 559 700 613 sed
743 571 840 625 pro
871 553 1023 607 nobis
1057 571 1068 606 :
1099 549 1520 620 quandoquidem
1549 545 1804 607 dicendo,
1847 544 1897 596 in
1924 544 2004 595 in-

429 653 592 719 dignis
631 665 728 702 non
756 665 860 701 esse
896 647 1159 698 dissimiles
1197 661 1402 697 causas.
1437 641 1714 706 baptizare.
1752 637 2001 690 dremonin

430 741 609 806 pellere
629 779 642 802 ,
673 748 968 805 (ceterasque
995 753 1093 787 non
1120 729 1394 784 dissimiles
1423 732 1596 800 fecisse
1622 730 1850 788 virtutes,
1886 727 1995 792 qui‘

428 832 518 882 ltus
559 829 866 892 dicentibus,
914 825 978 880 In
1010 826 1207 878 nomine
1234 834 1319 876 tuo
1355 824 1450 875 ista
1489 824 1696 892 fecimus
1732 835 1750 873 :
1779 819 2002 871 dicturus

430 931 536 984 est,
569 939 587 971 ι
640 919 761 972 Non
801 920 914 971 novi
944 935 1060 982 vos;
1086 915 1294 968 recedite
1315 933 1346 966 a
1376 930 1476 976 me,
1520 913 1737 980 operarii
1763 910 2003 978 iniquita-

432 1016 531 1075 tis;
575 1033 593 1064 ›
643 1009 993 1066 manifestavit
1033 1021 1134 1064 tam
1177 1023 1358 1062 verum
1399 1022 1515 1059 esse
1558 1005 1696 1074 quod
1740 1003 2006 1071 baptizant

432 1104 701 1172 lttptismo
726 1103 849 1156 Jesu
877 1101 1070 1155 Christi
1098 1142 1111 1165 ,
1162 1101 1318 1152 etiam
1369 1099 1454 1165 qui
1503 1096 1732 1164 Separati
1773 1103 1898 1147 sunt
1940 1092 2006 1145 ab

435 1195 670 1248 lit-elesia
692 1235 704 1256 ,
738 1210 892 1262 quam
926 1208 1110 1245 verum
1139 1200 1219 1243 est
1247 1189 1384 1258 quod
1427 1188 1686 1241 demonia
1720 1185 1920 1252 pellunt
1945 1186 1995 1241 in

435 1285 649 1336 nomine
673 1283 797 1338 Jesu
825 1283 1014 1335 Christi
1048 1299 1060 1334 :
1087 1281 1176 1335 sed
1201 1295 1292 1332 eos
1319 1290 1598 1346 utrumque
1625 1292 1721 1330 nec
1750 1276 1813 1328 ad
1849 1275 2003 1332 vitam

436 1383 689 1427 aeternam
721 1373 1037 1441 perducere,
1071 1387 1170 1424 nec
1204 1371 1269 1422 ab
1307 1369 1520 1422 aeternis
1551 1365 1822 1435 suppliciis
1842 1364 2010 1416 vindi-

437 1480 560 1519 care
581 1466 623 1516 ³.
653 1465 731 1517 Ac
773 1479 866 1531 per
892 1463 992 1516 hoc
1026 1461 1467 1531 quemadmodum
1507 1461 1551 1512 si
1587 1460 1788 1512 veniret
1815 1457 1879 1510 ad
1909 1457 2011 1509 Ec-

437 1557 655 1611 clesiam
681 1556 954 1624 quisquam
983 1569 1164 1608 eorum
1188 1595 1201 1617 ,
1243 1568 1270 1604 a
1310 1553 1502 1621 quibus
1527 1551 1726 1618 expulit
1753 1548 2012 1602 daemonia

441 1652 527 1702 ille
547 1691 560 1711 ,
585 1663 740 1717 quem
773 1648 1015 1700 viderunt
1047 1646 1286 1713 discipuli
1317 1653 1614 1711 separatum
1647 1659 1673 1693 a
1702 1655 1859 1710 grege
1888 1640 2013 1694 Jesu

439 1740 631 1792 Christi
663 1739 859 1807 pellere
888 1737 1154 1790 dmrnonia-
1179 1737 1228 1787 in
1260 1736 1468 1787 nomine
1495 1733 1618 1786 .lesu
1644 1729 1836 1784 Christi
1859 1772 1873 1795 ,
1918 1744 2012 1783 ne-

441 1847 700 1899 quaquam
741 1831 907 1882 virtus
946 1845 1062 1898 qua:
1107 1829 1156 1880 in
1196 1829 1284 1880 illo
1317 1826 1446 1878 facta
1491 1827 1657 1878 fuerat
1697 1833 2010 1891 negaretur,

442 1921 537 1975 sed
563 1922 609 1975 ei
633 1920 771 1989 quod
794 1920 978 1973 deerat
1003 1919 1286 1971 adderetur
1321 1935 1332 1969 :
1367 1919 1432 1968 ita
1464 1916 1699 1984 quisquis
1729 1899 1875 1967 extra
1921 1914 2016 1966 Ec-

445 2012 657 2065 clesiam
699 2010 855 2064 fuerit
896 2011 963 2063 ab
1007 2009 1268 2062 ha'retieis
1297 2009 1375 2061 vel
1417 2007 1795 2068 schismaticis,
1839 2013 2014 2057 tamen

445 2105 639 2157 Christi
687 2104 1005 2172 Baptismate
1047 2111 1420 2164 consecratus,
1461 2114 1580 2152 cum
1615 2097 1681 2151 ad
1723 2097 2013 2150 Ecclesiam

444 2193 676 2251 venerit,
725 2208 828 2244 non
859 2200 941 2245 est
978 2190 1271 2255 negandum
1313 2189 1710 2241 Sacramentum
1739 2184 1975 2239 veritatis
2001 2226 2014 2246 ,

446 2298 550 2352 quo
579 2282 810 2336 imbutus
833 2292 933 2344 est;
965 2281 1056 2334 sed
1086 2279 1377 2346 adjicienda
1409 2279 1574 2346 pietas
1599 2277 1835 2341 uanitatis,
1865 2291 1893 2327 a
1917 2290 2016 2343 qua

443 2379 718 2440 separatus
739 2378 907 2434 est,‘et
930 2371 1044 2423 sine
1071 2385 1171 2438 qua
1191 2368 1506 2424 illudinesse
1529 2367 1599 2419 illi
1633 2374 1826 2434 posset,
1853 2364 2015 2433 prod-

443 2477 563 2516 esse
593 2477 702 2514 non
729 2470 924 2530 posset.
977 2460 1088 2514 Hoc
1127 2459 1348 2511 facimus
1369 2499 1382 2519 ,
1416 2457 1516 2510 hoc
1541 2471 1568 2508 a
1593 2456 1882 2523 majoribus
1909 2463 2014 2508 tra-

444 2553 610 2606 ditum
638 2551 956 2619 accepimus,
991 2550 1092 2603 hoc
1119 2550 1169 2601 in
1199 2549 1454 2601 catholica
1486 2546 1743 2611 Ecclesia,
1769 2561 1885 2615 quae
1909 2553 2018 2598 toto

445 2645 574 2699 orbe
611 2644 952 2705 diffunditur,
984 2651 1165 2695 contra
1193 2655 1379 2694 omnes
1408 2639 1649 2694 falsitatis
1676 2638 1892 2693 nébuias
1929 2653 2021 2691 eu-

445 2737 722 2790 stodimus.
749 2734 885 2802 Quid
932 2750 1055 2802 ergo
1091 2734 1210 2785 hinc
1241 2747 1270 2784 a
1309 2731 1459 2784 nobis
1489 2730 1713 2797 amplius
1743 2728 2018 2796 disputan-

443 2829 566 2880 dum
612 2837 726 2890 est,
759 2825 970 2895 quando
1013 2824 1128 2892 ipse
1171 2823 1400 2876 breviter
1437 2821 1592 2873 Solvit
1634 2821 2016 2889 qumstionem,

443 2916 910 2972 counnemoraado
937 2914 1236 2982 evangelica
1283 2911 1621 2974 testimonia,
1665 2910 1856 2977 quibus
1900 2923 2021 2976 pro-

446 3010 582 3063 fecto
608 3050 621 3072 ,
646 3009 690 3063 si
718 3007 1082 3062 contentiosus
1109 3021 1227 3059 esse
1253 3004 1416 3056 nollet
1434 3044 1446 3065 ,
1481 3010 1534 3055 et
1563 3017 1716 3056 suum
1745 3001 2021 3053 danmaret

443 3115 679 3153 errorem
701 3142 714 3163 ,
740 3108 793 3152 et
815 3096 1066 3165 Baptismi
1092 3101 1437 3161 cognosceret
1457 3092 1773 3146 veritatem?
1979 3081 1995 3088 ”

516 3195 602 3246 16.
627 3191 761 3256 Quid
784 3192 959 3258 itaque
983 3202 1116 3257 opus
1137 3197 1217 3242 est
1239 3186 1414 3239 omnia
1437 3185 1551 3252 ejus
1573 3185 1730 3237 verba
1753 3191 2016 3246 retexere,

442 3285 632 3353 quibus
667 3290 850 3352 argute
880 3280 978 3333 sibi
1017 3278 1226 3332 videtur
1249 3276 1460 3337 dicere,
1507 3283 1559 3328 et
1591 3274 1751 3326 multa
1784 3273 2020 3341 loquaci—

443 3386 548 3428 tate
574 3388 784 3426 versare
809 3413 824 3436 ,
857 3371 975 3426 ideo
1001 3367 1140 3437 apud
1179 3383 1238 3421 se
1277 3381 1394 3420 esse
1425 3380 1603 3418 verum
1647 3363 1970 3430 Baptismum
2001 3403 2016 3427 ,

443 3482 493 3532 (ιι
518 3466 562 3518 ia
594 3472 648 3518 et
684 3479 712 3516 a
744 3463 896 3516 nobis
925 3459 1262 3529 agnoscitur,
1297 3473 1400 3510 non
1429 3453 1686 3522 negatur?
1713 3453 1842 3506 Nam
1872 3453 2018 3520 quis-

443 3555 562 3623 quis
592 3557 800 3606 firmum
841 3560 896 3605 et
946 3551 1318 3603 inconcussum
1363 3545 1626 3606 tenuerit,
1673 3541 1814 3621 quod
1857 3542 2023 3596 veris-

447 3647 578 3700 sima
618 3653 673 3699 et
713 3640 1031 3699 inviolabilis
1074 3639 1254 3708 regula
1289 3636 1527 3690 veritatis
1565 3633 1828 3697 ostendit,
1878 3632 1928 3685 id
1965 3632 2017 3686 in

443 3747 761 3804 unoquoque
787 3728 1187 3799 improhandum
1214 3727 1293 3782 vel
1331 3724 1716 3779 emendandum
1743 3721 1882 3792 quod
1919 3721 2014 3776 fal-

442 3841 560 3883 sum
582 3834 740 3893 atque
769 3823 1012 3877 vitiosum
1042 3829 1123 3874 est
1141 3862 1156 3885 ,
1179 3817 1568 3888 agnoscendum
1593 3824 1766 3870 autem
1795 3824 1847 3868 et
1867 3830 2018 3869 acco-

442 3917 694 3988 ptandum
723 3914 863 3986 quod
894 3928 1072 3968 verum
1095 3919 1252 3980 atque
1275 3917 1474 3963 rectum
1496 3917 1597 3971 est;
1629 3906 1785 3959 simul
1815 3906 1943 3959 vidit
1968 3914 2021 3960 ct

437 4010 565 4080 quid
592 4009 643 4063 in
675 4007 1062 4062 Donatistarum
1093 4003 1283 4057 lncresi
1312 4001 1658 4063 detestamur,
1683 4007 1736 4052 et
1757 3998 1879 4066 quid
1911 3997 2023 4050 vio-

443 4107 553 4158 tare
600 4098 816 4154 minime
845 4095 1154 4149 debeamus.
1189 4092 1321 4145 Cum
1349 4089 1488 4144 enim
1519 4088 1569 4141 in
1596 4101 1705 4140 suae
1732 4088 2021 4154 separatio-

444 4190 527 4246 nis
554 4189 828 4258 iniquitate
866 4184 1105 4240 detinent
1132 4179 1387 4249 Baptismi
1423 4177 1733 4240 veritatem,
1775 4175 2021 4244 iniquitas

443 4294 626 4332 cut-um
657 4293 686 4330 a
718 4276 869 4329 nobis
893 4275 1134 4341 culpatur
1155 4313 1168 4335 ,
1198 4271 1390 4324 veritas
1421 4277 1593 4322 autem
1626 4267 1878 4335 Baptismi
1907 4265 2021 4318 ubi-

445 4383 546 4438 que
575 4366 875 4435 agnoscitur
901 4373 952 4418 et
976 4363 1240 4431 probatur.
1987 4347 2012 4350 7‘

514 4455 738 4511 CAPUT
768 4453 835 4509 Χ.
863 4483 934 4494 -
958 4454 1039 4506 17.
1073 4451 1169 4517 Qui
1193 4450 1332 4505 enim
1357 4447 1482 4502 dicit
1503 4445 1879 4501 destruendum
1903 4461 2020 4500 ος)εά

445 4547 770 4616 Baptismum
795 4542 1015 4604 Christi,
1050 4539 1262 4610 quando
1290 4540 1379 4593 illo
1409 4538 1643 4592 hmretici
1673 4536 1938 4604 haptizant
1962 4535 2017 4600 3;

445 4651 775 4706 consequens
800 4645 881 4691 est
911 4645 966 4688 ut
989 4633 1131 4688 dicat
1170 4630 1468 4698 negandum
1504 4645 1621 4683 esse
1651 4629 1809 4682 etiam
1851 4627 2019 4696 ipsum

443 4731 738 4790 Christum,
771 4725 980 4796 quando
1023 4740 1144 4778 eum
1191 4723 1463 4777 ιιςυιιιιηιρε
1502 4719 1842 4772 confitentur.
1890 4717 2022 4772 lliuc

446 4819 685 4876 laudatus
713 4828 790 4872 est
818 4817 1029 4880 Petrus,
1061 4813 1270 4883 quando
1299 4811 1450 4875 dixit,
1482 4808 1560 4862 Tu
1591 4825 1639 4862 es
1664 4805 1890 4860 Christus
1926 4806 2020 4858 Fi-

445 4914 540 4967 lius
571 4911 666 4966 Dei
688 4911 780 4965 vivi
815 4907 1024 4981 (Matth.
1054 4921 1162 4970 xvi,
1195 4905 1278 4970 16,
1313 4902 1398 4971 17)
1437 4920 1449 4954 :
1481 4898 1683 4967 expulsi
1714 4897 1984 4952 dminones
2004 4937 2018 4962 ,

445 5005 544 5058 hoc
566 5004 733 5073 ipsum
756 5000 996 5053 dicentes
1014 5037 1028 5058 ,
1054 4995 1252 5049 Scimus
1278 4994 1362 5060 qui
1386 4993 1453 5046 sis
1476 5033 1490 5056 ,
1522 4989 1683 5042 Filius
1708 4988 1801 5042 Dei
1827 4987 2017 5057 (Marc.

445 5112 481 5158 ι,
504 5097 593 5160 21,
615 5092 728 5164 25).
753 5092 890 5160 Ergo
913 5091 1008 5142 ista
1035 5085 1301 5141 confessio
1331 5085 1482 5138 Petro
1509 5082 1794 5146 fructuosa,
1819 5081 2022 5136 (lanno-

445 5188 598 5241 nihus
635 5182 925 5254 perniciosa
948 5221 960 5244 ,
995 5179 1044 5232 in
1075 5178 1308 5246 utrisque
1354 5185 1524 5229 tamen
1571 5191 1674 5228 non
1720 5172 1884 5238 falsa,
1928 5172 2020 5226 sed

445 5291 589 5340 vera;
618 5289 722 5326 non
750 5270 1009 5339 neganda,
1043 5268 1136 5322 sed
1168 5265 1522 5337 agnoscenda;
1555 5279 1660 5318 non
1686 5261 2016 5330 detestanda,

444 5365 534 5418 sed
565 5359 904 5434 approbauda
932 5369 1028 5411 est.
1075 5359 1166 5411 Sic
1196 5368 1248 5411 et
1286 5355 1536 5426 Baptismi
1579 5355 1773 5409 veritas
1811 5353 1964 5406 datur
1993 5367 2020 5405 a

447 5455 603 5508 rectis
631 5450 907 5508 catholicis
927 5489 941 5514 ,
975 5458 1221 5517 tanquam
1251 5463 1278 5499 a
1310 5447 1462 5499 Petro
1486 5446 1572 5499 illa
1601 5443 1902 5508 confessio;
1932 5441 2023 5496 da-

1680 470 1804 507 vere
1845 453 2002 504 solvit

512 5585 681 5639 ‘t-‘diti,
704 5583 830 5646 quod
871 5578 1082 5641 sequitur
1120 5577 1365 5629 exsultans
1391 5577 1506 5627 dicit
1527 5578 1765 5646 ;__omisso,
1805 5582 1866 5632 et,
1893 5576 2020 5638 quod

447 5655 508 5693 es
542 5654 641 5692 uss.
669 5643 955 5693 restituitur.
1546 5643 1562 5652 "

512 5706 528 5733 ι
560 5705 680 5762 Apul
707 5711 777 5749 t-Zr.
800 5704 943 5761 Lugd.
967 5711 1078 5749 ι’(πιιΔ
1097 5709 1205 5750 Lov.
1233 5703 1415 5750 additur
1443 5701 1516 5750 hic
1552 5706 1709 5750 rotat.
1779 5705 1833 5745 at.

515 5763 533 5795 ³
558 5769 606 5807 tn
632 5762 1088 5822 uss.,buj'tizutttur.

1061 349 1146 404 DE
1184 346 1384 404 UNICO
1423 341 1755 398 BAPTISMO
1790 338 2057 394 CONTRA
2102 337 2532 402 PETlLlANUM,
2573 337 2626 389 S.
2670 335 3027 394 AUGUSTINI

3579 344 3685 400 60$

2110 459 2192 503 tur
2235 465 2262 503 a
2314 451 2574 518 perversis
2626 451 2922 513 ha-reticis,
2983 463 3229 521 tanquan
3281 472 3308 504 a
3354 456 3684 511 dmmonibus

2107 545 2289 597 eadem
2313 545 2421 613 ipsa
2451 544 2711 598 confessio
2744 562 2755 597 :
2787 545 2904 598 illos
2933 545 3166 614 adjuvat,
3201 545 3298 600 hos
3326 547 3681 612 condemnat;

2106 634 2159 687 in
2193 635 2430 703 utrisque
2453 643 2624 688 tamen
2652 635 2986 704 agnoscendo
3011 636 3369 707 approbam'ia,
3405 639 3454 690 in
3483 641 3684 695 neutris

2110 724 2350 792 negando
2379 725 2637 778 violanda.
2688 725 2836 780 Unde
2880 737 2932 780 et
2975 729 3244 797 apostolus
3290 729 3519 784 Jaciihus
3561 746 3685 786 cum

2109 815 2365 894 quosdam
2411 817 2779 886 redargueret,
2820 819 2906 890 qui
2935 820 3180 875 sufficere
3209 821 3453 876 dicebant
3484 820 3687 878 homini

2111 903 2275 956 solam
2304 903 2457 957 fidem
2489 905 2536 970 ',
2562 921 2658 958 nec
2699 906 2745 958 ei
2775 904 3046 959 charitatis
3073 923 3232 976 Opera
3259 909 3684 978 conjungebant;

2111 1010 2203 1048 eos
2231 1009 2300 1048 ex
2334 997 2429 1048 ista
2457 995 2751 1048 daemonum
2774 999 3169 1067 comparatione
3197 1001 3444 1064 convicit,
3479 1016 3544 1055 ne
3566 1001 3688 1056 ideo

2113 1100 2170 1138 se
2196 1084 2259 1137 ad
2304 1085 2468 1138 Deum
2501 1085 2765 1153 pertinere
2790 1086 3187 1153 existimarent,
3227 1088 3366 1158 quod
3411 1106 3593 1145 verum
3620 1093 3690 1148 de

2117 1177 2224 1241 Deo
2265 1177 2575 1241 crederent,
2608 1179 2812 1232 etiamsi
2859 1179 2994 1233 bona
3036 1195 3194 1250 opera
3235 1181 3519 1251 adjungere
3564 1184 3686 1240 ﬁdei

2117 1281 2221 1317 non
2248 1276 2510 1318 curarent.
2543 1266 2620 1319 Tu
2661 1269 2860 1334 credis,
2907 1268 3112 1337 inquit,
3161 1273 3396 1338 quoniam
3441 1290 3570 1326 unus
3615 1284 3689 1328 est

2119 1353 2254 1407 Deus
2291 1371 2308 1408 :
2345 1356 2465 1409 bene
2499 1357 2660 1424 facis;
2699 1368 2744 1411 et
2785 1360 3033 1413 dwmoues
3070 1361 3308 1429 credunt,
3346 1373 3392 1416 et
3420 1368 3689 1420 contremi-

2117 1454 2259 1496 scunt
2289 1444 2488 1514 (Jacobi
2515 1463 2547 1499 n
2573 1488 2588 1510 ,
2621 1448 2733 1516 19).
2776 1449 2882 1502 Eos
2925 1449 3081 1518 igitur
3128 1451 3214 1519 qui
3262 1450 3329 1508 de
3360 1452 3468 1507 Deo
3507 1470 3688 1510 verum

2119 1536 2373 1600 credunt,
2406 1544 2460 1591 et
2508 1539 2642 1591 male
2685 1540 2902 1607 vivunt,
2951 1541 3278 1597 dzemonibus
3324 1550 3686 1614 comparavit:

2121 1640 2224 1678 non
2257 1634 2430 1681 tamen
2460 1629 2582 1680 illud
2615 1629 2784 1698 ipsum
2815 1647 2994 1685 verum
3017 1633 3156 1700 quod
3183 1633 3250 1687 de
3281 1635 3388 1687 Deo
3421 1635 3690 1694 dmmoncs

2120 1716 2361 1779 credunt,
2390 1727 2600 1786 propter
2623 1719 2798 1772 odium
2827 1720 3124 1774 dmmonum
3149 1724 3388 1792 negando
3409 1725 3688 1783 destruxit.

2121 1805 2474 1871 Quamobrem
2505 1824 2624 1861 cum
2648 1809 2745 1863 iste
2767 1810 2898 1878 ipse,
2930 1821 3109 1864 contra
3142 1829 3297 1880 quem
3327 1814 3690 1885 disputamus,

2125 1899 2456 1964 proposuerit
2484 1899 2792 1966 Apostolum
2813 1900 2991 1954 dicere
3010 1943 3024 1965 ,
3061 1900 3205 1956 Unus
3232 1902 3388 1968 Deus,
3416 1921 3517 1958 una
3544 1907 3688 1973 fides,

2125 2004 2277 2039 unum
2306 1988 2562 2058 Baptisma
2589 1989 2798 2060 (Ep/tes.
2831 2008 2903 2057 tv,
2935 1993 2989 2062 5)
3023 2011 3034 2044 :
3067 1978 3191 2047 ecce
3217 1995 3511 2051 invenimus
3541 2012 3690 2051 eum-

2125 2077 2244 2131 dem
2277 2079 2438 2133 Deum
2464 2088 2609 2132 extra
2636 2081 2922 2134 Esclesiam
2944 2083 3010 2134 ab
3033 2083 3392 2151 ignorantibus
3415 2087 3539 2151 coli;
3570 2103 3702 2143 ecce

2125 2167 2418 2222 invenimus
2445 2169 2684 2224 eamdem
2729 2170 2796 2224 de
2839 2186 2942 2224 uno
2991 2173 3096 2226 Deo
3143 2173 3298 2228 fidem
3329 2184 3475 2229 extra
3508 2177 3694 2231 Eccle-

2124 2261 2254 2314 siam
2280 2303 2293 2326 ,
2335 2277 2440 2315 non
2479 2264 2652 2318 Solum
2681 2265 2936 2333 quosdam
2980 2267 3223 2321 homines
3251 2309 3266 2333 ,
3311 2285 3491 2322 verum
3536 2270 3694 2324 etiam

2123 2352 2394 2408 dzemones
2423 2357 2662 2409 conliteri
2691 2374 2702 2421 ;
2741 2357 2832 2410 sed
2873 2368 3092 2427 utraque
3127 2361 3194 2414 ab
3221 2359 3487 2429 Apostolis
3508 2355 3698 2416 cenlir-

2125 2453 2261 2494 ntata
2304 2455 2385 2497 est
2433 2446 2638 2512 potius,
2695 2462 2850 2516 quam
2891 2459 3122 2518 negata:
3164 2465 3261 2503 cur
3304 2466 3407 2504 non
3456 2436 3696 2506 similiter

2126 2549 2284 2585 unum
2312 2533 2578 2602 Bap‘tisma
2607 2536 2655 2588 in
2687 2537 2879 2605 quibus
2907 2548 3053 2592 extra
3085 2540 3371 2595 Ecclesiam
3398 2544 3698 2598 constitutis

2126 2624 2502 2689 invenerimus,
2534 2627 2910 2683 confirmamus
2933 2631 3125 2697 potius,
3149 2647 3307 2700 quam
3338 2648 3608 2701 negamus,
3643 2645 3698 2688 ut

2125 2730 2228 2767 non
2271 2731 2335 2768 ex
2365 2731 2429 2768 eo
2458 2715 2597 2785 quod
2635 2720 2683 2769 in
2725 2719 2826 2770 illis
2856 2735 3070 2787 pravum
3105 2730 3184 2775 est
3207 2762 3221 2785 ,
3251 2723 3408 2775 etiam
3438 2725 3576 2792 quod
3616 2740 3696 2779 rc-

2123 2817 2265 2860 ctum
2293 2818 2373 2861 est
2396 2808 2763 2876 depravemus;
2793 2811 2882 2864 sed
2913 2828 2975 2865 ex
3007 2827 3071 2864 eo
3099 2814 3238 2882 quod
3263 2824 3460 2868 rectum
3493 2825 3692 2884 tenent,

2125 2896 2284 2949 etiam
2316 2896 2442 2949 illud
2465 2897 2514 2950 in
2539 2914 2644 2966 quo
2664 2898 2931 2967 depravati
2961 2910 3082 2953 sunt
3103 2903 3459 2972 corrigamus?

2195 2986 2436 3043 CAPUT.
2477 2988 2572 3044 XI.
2597 3020 2670 3029 —
2696 2991 2778 3045 18.
2811 2991 2942 3057 Quid
2976 3003 3055 3045 est
3083 3009 3209 3062 ergo
3237 2995 3374 3063 quod
3405 2996 3564 3060 dicit,
3591 2997 3696 3049 iltic

2129 3096 2228 3135 me
2261 3097 2428 3148 verum
2466 3081 2755 3152 Baptisma,
2785 3087 2867 3137 ubi
2896 3097 2965 3139 est
2994 3102 3109 3139 vero
3135 3081 3302 3154 ﬁdés?
3331 3088 3552 3143 Prorsus
3585 3091 3694 3144 tieri

2124 3179 2296 3239 potest
2331 3179 2388 3225 ut
2423 3173 2582 3241 aliqui
2623 3191 2804 3228 verum
2845 3176 3070 3230 habeant
3110 3178 3465 3247 Baptismum,
3501 3190 3556 3234 ct
3593 3199 3694 3234 non

2127 3263 2350 3318 habeant
2389 3281 2566 3320 veram
2607 3266 2800 3332 fulem;
2840 3269 2976 3322 sicut
3015 3270 3125 3324 fieri
3171 3281 3341 3338 potest
3379 3280 3434 3325 ut
3469 3271 3702 3326 habeant

2124 3369 2307 3408 verum
2337 3354 2700 3425 Evangelium,
2725 3359 2863 3426 quod
2895 3375 2997 3412 non
3029 3372 3170 3413 recte
3197 3361 3553 3428 intelligendo,
3583 3363 3701 3418 falsi

2124 3443 2322 3512 aliquid
2349 3446 2568 3500 credant
2595 3446 2660 3500 de
2693 3449 2817 3501 Deo.
2848 3447 3108 3518 Numquid
3142 3460 3357 3520 propter
3383 3452 3547 3520 ipsam
3578 3452 3696 3509 fidei

2125 3531 2404 3588 ﬁdsitate‘m
2445 3537 2602 3588 etiam
2645 3539 2981 3606 Evangelium
3004 3582 3016 3604 ,
3045 3542 3182 3610 quod
3223 3558 3400 3595 verum
3431 3545 3568 3610 apud
3605 3559 3698 3598 eos

2127 3621 2410 3690 invenitur,
2438 3624 2806 3681 detestandum
2833 3637 2922 3682 aut
2951 3630 3331 3683 emendandum
3361 3633 3658 3699 putabimus
3674 3634 3709 3686 τ-

2127 3712 2234 3767 Ncc
2266 3713 2385 3768 illos
2410 3715 2710 3772 Corinthios
2743 3718 2990 3782 arbitror,
3018 3735 3150 3788 quos
3185 3721 3234 3772 in
3273 3720 3552 3774 schismata
3583 3723 3697 3775 dis-

2127 3806 2336 3860 siluisse
2364 3806 2651 3875 redarguit,
2685 3823 2861 3861 veram
2895 3809 3046 3862 tidem
3090 3810 3350 3872 habuisse,
3385 3811 3434 3864 in
3463 3827 3528 3864 eo
3558 3813 3710 3880 quod

2125 3895 2403 3959 dicebant,
2445 3897 2554 3965 Ego
2594 3914 2703 3949 sum
2739 3897 2892 3950 Pauli
2925 3913 2941 3951 :
2975 3899 3072 3952 hoc
3109 3901 3300 3953 etenim
3343 3901 3528 3955 falsum
3563 3914 3694 3954 erat.

2126 3985 2500 4042 Verumtamen
2532 3989 2854 4056 Baptismum
2885 3989 3174 4056 habebant,
3203 4008 3265 4046 ex
3297 3992 3447 4062 cujus
3481 3994 3701 4047 veritate

2126 4087 2180 4130 ut
2219 4078 2372 4132 istam
2413 4082 2738 4147 corrigerent
2776 4079 3089 4145 falsitatem,
3121 4082 3189 4135 ab
3217 4098 3282 4136 eo
3318 4084 3431 4151 ipso
3458 4083 3702 4148 audiunt,

2128 4167 2388 4237 Numquid
2413 4167 2605 4222 Paulus
2627 4187 2717 4238 pro
2739 4169 2872 4225 vobis
2892 4173 3160 4240 cruciﬁxus
3183 4175 3294 4227 est?
3316 4184 3401 4225 aut
3428 4175 3479 4226 in
3504 4176 3702 4229 nomine

2129 4260 2278 4314 Pauli
2299 4261 2533 4332 baptizoti
2555 4265 2670 4316 estis
2693 4262 2735 4332 (l
2755 4262 2874 4318 Cor.
2904 4279 2941 4329 t,
2971 4263 3058 4330 12,
3086 4264 3209 4333 15)?
3229 4266 3392 4318 Erant
3414 4266 3518 4319 illic
3539 4267 3702 4320 etiam

2124 4351 2212 4420 qui
2242 4361 2481 4408 mortuos
2510 4368 2786 4422 resurgere
2814 4370 2917 4408 non
2946 4355 3248 4418 credebant,
3279 4366 3332 4412 et
3357 4358 3407 4410 in
3433 4373 3498 4412 eo
3524 4359 3701 4427 utique

2127 4459 2228 4498 non
2257 4459 2436 4500 veram
2463 4445 2706 4498 tenebant
2733 4455 2890 4514 atque
2920 4447 3183 4502 habebant
3211 4449 3365 4504 fidem
3397 4468 3411 4504 :
3440 4465 3502 4504 ex
3531 4466 3597 4504 eo
3625 4459 3702 4504 ιιιε-

2127 4551 2244 4590 men
2266 4535 2404 4604 quod
2427 4551 2607 4589 verum
2634 4535 2898 4591 habebant
2915 4539 2956 4602 ³,
2981 4539 3225 4605 quoniam
3247 4539 3534 4594 credebant
3551 4539 3706 4594 Chri-

2125 4637 2262 4682 smm
2294 4629 2666 4693 resurrexisse,
2699 4630 2750 4684 in
2779 4645 2884 4699 quo
2909 4629 3116 4685 fuerant
3143 4632 3386 4699 baptizati
3409 4675 3422 4695 ,
3452 4633 3542 4686 dat
3571 4648 3700 4702 0pc—

2127 4734 2235 4772 ram
2259 4719 2544 4786 Apostolus
2563 4720 2720 4774 etiam
2743 4719 2870 4773 illud
2889 4734 3097 4785 curare,
3123 4721 3174 4774 in
3197 4737 3301 4790 quo
3320 4722 3397 4775 eis
3421 4721 3550 4776 fides
3576 4738 3708 4776 sana

2127 4827 2229 4865 non
2259 4820 2392 4876 erat,
2421 4812 2622 4871 dicens.
2654 4811 2716 4867 Si
2740 4813 2920 4866 mortui
2943 4830 3045 4866 non
3069 4821 3353 4882 resurgunt,
3379 4829 3536 4880 neque
3558 4813 3705 4865 Chri-

2125 4915 2228 4958 sms
2268 4903 2535 4958 resurrexit
2567 4901 2684 4971 (Id.
2733 4918 2833 4964 xv,
2878 4903 2981 4970 16)
3012 4919 3026 4953 :
3058 4911 3114 4956 ut
3149 4903 3397 4972 quoniam
3437 4901 3704 4955 Christum

2128 4993 2480 5066 resurrexis’se
2522 4992 2888 5058 crediderant,
2917 5001 2970 5046 et
2997 4992 3098 5048 hoc
3133 4993 3182 5046 in
3223 4992 3300 5046 eis
3337 5007 3524 5045 sanum
3555 5002 3704 5052 erat;

2127 5085 2250 5139 illud
2280 5069 2438 5140 etiam
2470 5095 2764 5152 saltaretur,
2790 5087 2928 5155 quod
2961 5103 3236 5158 resurgere
3261 5097 3500 5141 mortuos
3525 5101 3706 5139 errore

2128 5177 2572 5245 perniciosissimo
2613 5193 2716 5233 non
2756 5178 3059 5233 credebant.
3086 5177 3440 5243 Quamobrem
3460 5217 3475 5242 ,
3506 5191 3628 5230 cum
3655 5175 3707 5228 in

2127 5268 2412 5337 Scripturis
2441 5269 2633 5324 sanctis
2658 5270 2928 5323 canonicis
2955 5286 3052 5324 nec
3079 5270 3148 5322 illi
3181 5270 3454 5323 inveniant
3489 5268 3704 5322 [πίει-οιί-

2128 5375 2219 5413 eos
2240 5360 2302 5412 ad
2330 5359 2618 5413 Ecclesium
2641 5359 2953 5414 catholicam
2981 5360 3250 5413 venientes
3273 5360 3449 5412 denuo
3476 5357 3703 5425 baptiza-

2131 5459 2211 5504 tos
2231 5493 2244 5508 .
2272 5465 2369 5504 nec
2398 5465 2495 5504 nos
2522 5451 2849 5505 inveniamus
2878 5451 2930 5504 in
2958 5451 3143 5505 eodem
3173 5450 3441 5518 Baptismo
3466 5463 3625 5518 quem
3653 5448 3702 5500 iu

2131 5542 2316 5597 Ineresi
2347 5553 2688 5612 acceperant,
2724 5543 2881 5599 fuisse
2919 5552 3192 5612 susceptos
3226 5559 3237 5594 :
3271 5541 3322 5596 in
3351 5540 3450 5596 hac
3481 5555 3537 5594 re
3565 5540 3700 5594 dun-

2194 5697 2206 5725 ¹
2238 5703 2282 5743 tu
2305 5705 2429 5748 Vss.
2457 5697 2631 5747 homini
2659 5710 2812 5744 rerum
2835 5697 2994 5748 ﬁtlrm.

2193 5760 2210 5788 ²
2231 5760 2346 5807 scim
2375 5765 2485 5808 editi
2511 5777 2609 5810 στι-ξ
2635 5769 2702 5807 Μ’.
2734 5770 2781 5811 et
2805 5752 2928 5821 lien,
2951 5759 3075 5820 (preti
3103 5770 3256 5808 trram
3297 5752 3554 5807 habebant.
