4024 6196
362 301 468 360 605

364 424 507 474 taxat
536 431 632 486 par
658 414 811 471 nobis
839 428 995 470 causa
1020 420 1103 469 est
1119 423 1147 480 ,'
1162 412 1284 484 quia
1311 425 1410 468 nec
1438 410 1514 466 illi
1539 408 1678 481 quod
1710 408 1941 474 faciunt,

363 520 421 564 ιιι
446 506 745 574 btereticos,
774 505 852 561 vel
880 519 1015 575 quos
1041 504 1320 560 ltmretieos
1344 509 1548 572 putant,
1575 500 1752 558 denuo
1776 500 1916 568 bapti
1932 530 1946 540 -

365 608 506 665 zent,
537 613 637 656 nec
662 613 761 653 nos
788 596 929 668 quod
958 596 1197 661 facimus,
1231 604 1288 649 ut
1311 596 1470 650 etiam
1496 593 1635 664 apud
1667 591 1946 647 haereticos

363 692 544 747 datum
564 688 913 759 suscipiamus
934 687 1260 758 Baptismum
1280 685 1500 753 Christi,
1522 686 1630 739 ullo
1647 694 1946 755 temporum

362 783 775 854 apostolicorum
797 796 1051 850 expresse
1068 778 1414 836 confirmatur
1435 779 1700 848 exemplo.
1723 777 1827 833 Sed
1850 790 1948 831 nos

362 875 688 944 reperientes
725 872 1011 942 Apostolus
1048 872 1100 925 in
1130 870 1455 941 quibuslibet
1492 868 1792 924 errantibus
1814 908 1829 934 ,
1861 867 1945 922 vel

362 966 594 1037 qualibet
613 963 883 1039 impietate
903 961 1195 1033 sacrilegis,
1215 961 1258 1017 si
1280 961 1406 1031 quid
1431 960 1537 1015 veri
1559 968 1942 1030 cognoverunt,

361 1055 705 1111 conﬁrmasse
748 1053 921 1123 potius
958 1067 1116 1122 quam
1158 1065 1414 1122 negasse;
1453 1049 1727 1105 hominum
1764 1059 1944 1107 autem

360 1160 596 1201 errarent
632 1153 687 1199 et
723 1143 1045 1213 impietatem
1067 1183 1082 1209 ,
1113 1141 1261 1197 salvo
1287 1140 1428 1212 quod
1459 1140 1511 1194 in
1541 1141 1620 1196 eis
1647 1155 1831 1196 verum
1862 1140 1944 1194 in-

359 1247 576 1290 ventum
602 1246 704 1300 est,
733 1232 1044 1290 emendasse
1068 1232 1179 1288 sive
1204 1232 1524 1288 damnasse:
1550 1231 1687 1287 hanc
1710 1232 1943 1299 regulam

359 1329 515 1383 etiam
543 1327 594 1381 in
616 1325 866 1395 Baptismi
890 1325 1111 1379 veritate
1132 1333 1416 1387 sectamur,
1441 1330 1496 1377 ut
1516 1323 1654 1393 apud
1673 1336 1807 1392 quos
1826 1336 1942 1376 eam

359 1418 717 1474 invenerimus
761 1416 829 1470 ita
872 1423 1130 1471 retentam
1173 1424 1335 1485 atque
1376 1424 1672 1479 servatam,
1713 1416 1849 1468 sicut
1890 1414 1941 1468 in

358 1508 594 1563 Ecclesia
624 1506 881 1564 catholica
925 1504 1183 1559 retinetur
1210 1515 1368 1576 atque
1396 1514 1657 1579 servatur,
1690 1520 1795 1559 non
1824 1519 1941 1559 eam

358 1612 648 1668 negemus,
682 1611 852 1665 neque
890 1595 1260 1658 dcstruamus;
1293 1594 1388 1649 sed
1427 1610 1489 1650 ea
1527 1602 1774 1650 manente
1801 1594 1941 1664 quod

356 1692 604 1746 vitiosum
625 1732 641 1757 ,
670 1690 810 1761 quod
843 1705 1059 1760 pravum
1080 1731 1096 1755 ,
1127 1688 1269 1759 quod
1307 1688 1493 1743 falsum
1534 1689 1585 1743 in
1626 1705 1944 1758 unoquoque

357 1780 539 1845 fuerit,
565 1795 833 1843 curemus,
863 1778 1212 1850 corrigamus,
1241 1778 1618 1843 emendemus;
1647 1786 1737 1833 aut
1759 1777 1806 1832 si
1835 1794 1940 1832 non

357 1886 660 1944 possumus,
691 1871 1032 1937 detestatum,
1059 1869 1473 1941 damnatumque
1502 1870 1748 1924 vitemus.

430 1962 518 2016 19.
550 1960 813 2027 Proinde,
838 1975 959 2016 cum
988 1974 1083 2015 eos
1109 1960 1461 2029 suscipimus,
1495 1975 1597 2014 non
1624 1959 1941 2028 suscipimus

354 2053 688 2123 iniquitatem
720 2067 926 2117 eorum,
954 2067 1055 2123 qua
1082 2066 1141 2106 sc
1169 2051 1236 2106 ab
1262 2050 1495 2106 Ecclesia
1523 2050 1718 2107 Christi
1744 2050 1940 2105 direm-

353 2146 539 2217 ptione
577 2144 831 2213 sacrilega
860 2143 1182 2207 diviserunt;
1213 2157 1316 2212 qua
1346 2141 1530 2198 orbem
1558 2141 1937 2209 christianum,

349 2237 440 2292 cui
471 2237 608 2291 Deus
633 2251 728 2305 per
753 2234 968 2304 Legem,
998 2249 1091 2303 per
1114 2232 1425 2303 Prophetas,
1454 2247 1548 2302 per
1571 2231 1935 2303 Evangelium,

351 2344 452 2398 per
496 2325 768 2386 Psalmos,
814 2339 907 2392 per
952 2323 1234 2394 Apostolos
1275 2332 1382 2377 tam
1426 2323 1590 2377 multa
1639 2323 1938 2378 testimonia

348 2420 639 2493 perhibet,
683 2416 1022 2471 calumniosis
1064 2425 1121 2470 et
1168 2415 1439 2470 maledicis
1482 2415 1939 2469 criminationibus

347 2515 684 2569 insectantur
717 2524 732 2562 :
762 2521 862 2562 nec
888 2522 1007 2562 eum
1047 2506 1280 2577 ipsorum
1311 2521 1547 2561 errorem
1587 2507 1936 2577 suscipimus,

346 2621 458 2685 quo
491 2603 817 2676 Baptismum
846 2596 1043 2657 Christi
1071 2599 1230 2654 etiam
1267 2599 1402 2668 apud
1444 2598 1721 2654 haereticos
1757 2600 1939 2670 regula

347 2693 709 2757 ecclesiastica
734 2691 1054 2748 custoditum
1084 2689 1271 2746 nolunt
1293 2703 1601 2760 agnoscere,
1627 2690 1823 2744 audent
1847 2691 1939 2745 dc-

347 2795 591 2849 struere,
625 2800 729 2838 non
757 2783 999 2838 dubitant
1031 2782 1263 2847 iterare;
1300 2782 1427 2852 quin
1461 2781 1622 2838 etiam
1642 2822 1660 2849 ,
1691 2782 1734 2837 si
1765 2797 1933 2852 quos,

348 2893 457 2933 non
487 2876 658 2929 solum
691 2874 852 2929 laicos
872 2916 887 2941 ,
921 2874 1013 2928 sed
1041 2882 1094 2929 ct
1122 2873 1345 2928 clericos
1365 2915 1379 2936 ,
1409 2890 1507 2928 nec
1534 2873 1799 2945 quoslibet
1826 2875 1938 2932 cle-

350 2969 527 3031 ricos,
558 2982 737 3021 verum
765 2977 819 3021 et
845 2965 1185 3036 presbyteros
1211 2974 1265 3020 et
1290 2966 1568 3036 episcopos
1586 3008 1601 3033 ,
1630 2968 1728 3023 etsi
1755 2969 1806 3023 in
1835 2969 1936 3024 illis

348 3057 607 3112 Eeelcsiis
635 3055 884 3127 haptizati
915 3063 1056 3119 sunt,
1086 3042 1216 3124 quas
1242 3057 1480 3125 Apostoli
1513 3058 1693 3114 labore
1723 3060 1937 3130 preprio

349 3140 724 3214 fundaverant,
747 3144 790 3199 si
813 3145 990 3215 aliquo
1015 3145 1171 3198 modo
1197 3146 1444 3202 seductos
1470 3147 1539 3204 ad
1563 3163 1622 3203 se
1648 3149 1936 3206 transferre

349 3236 642 3317 potuerint,
669 3234 1079 3290 catechumenos
1104 3234 1320 3291 faciunt.
1351 3236 1473 3293 lla2c
1496 3252 1682 3293 eorum
1708 3239 1936 3295 detesta-

347 3330 475 3386 bilia
520 3329 657 3383 mala
711 3342 1043 3398 nequaquam
1079 3328 1438 3398 suscipimus:
1467 3330 1932 3400 quandoquidem,

348 3420 454 3476 nisi
483 3419 560 3474 cis
589 3419 861 3485 correctis,
892 3417 957 3472 ad
988 3435 1084 3481 nos
1114 3420 1337 3475 transire
1364 3436 1468 3476 non
1499 3429 1742 3492 possunt.

419 3510 649 3567 CAPUT
675 3511 789 3565 XII.
808 3542 883 3552 —
902 3510 991 3566 20.
1018 3510 1127 3566 Nec
1150 3511 1276 3565 illud
1298 3512 1414 3568 sine
1439 3512 1776 3570 distinctione
1801 3529 1936 3585 pra:-

346 3602 572 3656 tcrimus
592 3641 608 3665 ,
640 3600 695 3656 ut
725 3601 1059 3657 humiliorem
1088 3610 1247 3671 agant
1285 3604 1646 3672 paenitentiam
1666 3646 1681 3671 ,
1713 3605 1799 3674 qui
1824 3594 1943 3674 jam‘

349 3691 536 3746 fideles
565 3690 856 3747 Ecclesium
894 3690 1207 3746 catholicam
1244 3692 1624 3759 deseruerunt,
1657 3710 1812 3769 quam
1845 3694 1936 3763 qui

348 3785 402 3839 in
433 3785 519 3838 illa
551 3782 785 3838 nondum
814 3783 1046 3838 fuerunt.
1074 3782 1183 3838 Nec
1211 3782 1275 3836 ad
1304 3783 1610 3838 clericatum
1644 3784 1935 3839 admittun-

347 3887 457 3944 tur,
488 3878 599 3949 sive
626 3876 694 3931 ab
724 3876 987 3932 haereticis
1018 3876 1325 3946 rebaptizati
1354 3876 1478 3943 sint,
1498 3877 1610 3932 sive
1640 3871 1786 3947 prius
1812 3891 1934 3932 sus-

346 3969 488 4038 cepti
526 3967 591 4023 ad
633 3968 751 4022 illos
796 3968 1086 4036 redierint,
1141 3968 1252 4022 sive
1290 3966 1428 4038 apud
1468 3969 1585 4022 illos
1618 3968 1793 4024 clerici
1823 3969 1937 4024 sive

349 4060 469 4115 laici
500 4058 713 4114 fuerint.
740 4059 807 4114 Et
826 4058 915 4129 qui
938 4058 1053 4113 lucc
1077 4066 1378 4112 nostrorum
1404 4058 1731 4129 negligenter
1751 4066 1933 4128 agunt,

348 4159 402 4207 et
421 4165 517 4205 eos
539 4148 673 4205 forte
697 4149 922 4205 clericos
946 4149 998 4203 in
1019 4147 1289 4203 Catholica
1318 4147 1533 4215 faciunt,
1559 4148 1645 4204 vel
1670 4163 1789 4204 esse
1814 4165 1938 4219 per-

348 4233 565 4295 mittunt
596 4257 609 4292 :
639 4240 881 4311 quamvis
911 4254 939 4293 a
966 4238 1386 4310 diligentioribus
1415 4237 1649 4297 fraterno
1671 4238 1793 4311 jure
1819 4239 1935 4295 cul-

350 4340 568 4400 pentur;
595 4342 767 4385 tamen
798 4345 895 4386 nec
921 4328 1020 4400 ipsi
1045 4331 1123 4384 eis
1143 4330 1446 4385 clericatum
1467 4328 1810 4385 deferendum
1840 4347 1936 4402 pu—

350 4429 463 4475 tant
482 4462 499 4487 ,
528 4421 627 4475 nisi
657 4435 789 4491 quos
817 4420 886 4474 ab
912 4420 1018 4474 illis
1045 4420 1197 4474 malis
1225 4420 1306 4473 vel
1337 4431 1594 4476 noverunt
1624 4420 1936 4476 emendatos

353 4528 503 4579 esse,
538 4512 622 4567 vel
663 4511 905 4567 credunt.
943 4513 1021 4567 Ac
1060 4512 1157 4581 per
1190 4511 1289 4565 hoc
1320 4510 1514 4565 frustra
1548 4511 1936 4567 calumniantur

350 4602 602 4659 Beelesiae
623 4603 916 4668 catholicae,
945 4604 1264 4673 quicumque
1286 4602 1351 4658 ab
1375 4603 1490 4671 ejus
1511 4604 1707 4659 unitate
1732 4603 1935 4658 nefario

350 4696 552 4749 scelere
594 4704 926 4764 separantur.
971 4694 1039 4750 Ut
1080 4695 1221 4748 enim
1267 4694 1445 4749 verbis
1486 4695 1725 4763 Apostoli
1768 4696 1935 4766 magis

352 4798 470 4841 utar
497 4805 509 4841 :
542 4785 807 4842 Revelatur
834 4789 911 4842 ira
944 4787 1037 4841 Dei
1063 4788 1125 4841 de
1152 4787 1275 4844 c0310
1303 4803 1454 4858 super
1482 4804 1675 4841 omnem
1703 4788 1936 4860 impieta—

351 4888 447 4931 tem
482 4886 527 4931 et
566 4878 863 4949 injustitiam
896 4878 1155 4932 hominum
1183 4878 1269 4945 qui
1299 4878 1551 4931 veritatem
1588 4877 1640 4937 in
1676 4878 1938 4945 iniquitate

350 4969 570 5023 detinent
594 4969 769 5041 (liam.
798 4984 837 5035 ι,
868 4966 984 5040 18).
1015 4967 1139 5022 Ιιιιιε
1166 4967 1263 5032 ira,
1295 4967 1339 5021 si
1370 4982 1473 5022 non
1500 4983 1557 5021 se
1583 4968 1932 5033 correxerint,

349 5059 508 5113 etiam
542 5058 674 5112 istos
702 5058 995 5124 inveniet‘,
1028 5058 1115 5127 qtti
1153 5060 1426 5111 veritatem
1453 5056 1722 5112 Cill’ialialli
1754 5058 1936 5128 Baptio

349 5149 536 5201 sinatis
568 5149 622 5202 in
663 5148 937 5219 iniquitate
973 5148 1213 5203 detinent
1255 5162 1367 5203 sua:
1405 5149 1677 5220 sacrilega:
1714 5164 1935 5219 separa-

350 5237 531 5293 tionis.

420 5329 644 5386 CAPUT
672 5328 809 5395 Xlli.
837 5361 906 5370 —
928 5329 1018 5385 ΩΙ.
1050 5330 1282 5385 Ecclesia
1311 5345 1439 5386 vero
1466 5331 1755 5399 catholica,
1784 5349 1932 5402 qua),

351 5420 485 5473 sicut
510 5419 577 5475 de
600 5420 691 5498 illa
721 5420 1026 5488 praedictum
1053 5430 1155 5487 est,
1186 5437 1278 5489 per
1300 5436 1487 5475 omnes
1513 5431 1698 5492 gentes
1721 5421 1935 5492 cepiosa

354 5511 671 5569 [ectmditatc
700 5510 1032 5577 diliunditur,
1065 5513 1260 5568 nullius
1293 5514 1370 5567 sic
1409 5512 1657 5569 emendat
1685 5514 1934 5586 iniquita-

356 5647 530 5750 ’.ιιῑῖιπ⁸
580 5653 633 5696 et
670 5654 775 5699 [ογ.
817 5664 924 5699 cum
965 5648 1201 5699 nonnullis
1239 5654 1366 5705 Mss,
1417 5644 1529 5697 istos
1571 5644 1769 5709 injustas
1813 5644 1936 5698 inrc-

372 5719 422 5750 n'L'
455 5746 465 5750 -
1624 5746 1627 5750 .

372 5719 465 5760 vitii.
1624 5746 1627 5753 .

1768 293 1970 349 LIBER
2014 293 2213 351 ι’Νυε.

3536 304 3641 362 606

2054 420 2191 475 tem,
2230 421 2287 466 ut
2324 413 2376 467 in
2415 428 2480 467 co
2520 428 2624 469 non
2666 414 2863 485 ipsius,
2903 414 2997 471 sed
3037 414 3118 470 sui
3159 415 3369 472 Domini
3402 416 3643 475 destruat

2052 503 2351 558 veritatem.
2384 502 2520 570 Quid
2556 519 2685 574 ergo
2725 506 2825 560 iste
2863 506 3015 575 quasi
3054 506 3277 561 licenter
3311 522 3376 564 ae
3415 508 3639 566 fidenter
3692 523 3724 575 ﬁ

2052 595 2313 650 exclamat
2343 612 2357 648 :
2387 595 2648 665 Baptizavi
2672 612 2895 660 securus,
2925 613 3071 665 quem
3097 607 3149 650 tu
3177 599 3452 669 sacrilegus
3476 600 3643 671 iuqui-
3693 595 3707 649 ’ἶ

2053 687 2220 750 uasti;
2254 687 2534 755 baptizari,
2562 688 2803 758 inquam,
2839 689 2933 757 feci
2965 688 3103 758 quod
3129 689 3243 759 [erit
3274 688 3471 745 Paulus
3509 708 3639 761 apo—

2052 778 2252 831 stolas?
2278 778 2443 848 chat
2470 779 2559 833 ubi
2587 779 2689 833 hoc
2725 779 2909 834 fecerit
2937 779 3210 848 apostolus
3238 780 3453 835 Paulus.
3485 780 3640 848 Quod

2051 869 2098 923 si
2121 868 2189 925 de
2216 869 2320 924 illis
2345 868 2483 938 apud
2506 869 2773 938 Ephesum
2797 869 2908 923 vult
2934 870 3171 939 intelligi,
3199 870 3389 924 audeat
3412 886 3541 940 ergo
3558 871 3640 925 di-

2050 977 2175 1017 cere
2199 961 2337 1031 quod
2365 975 2462 1015 eos
2484 960 2718 1017 Joannes
2752 962 3042 1032 sacrilegus
3078 962 3451 1032 inquinaverit.
3484 965 3635 1031 Quod

2052 1056 2097 1108 si
2123 1069 2228 1108 non
2253 1052 2413 1108 audet
2434 1053 2633 1120 dicere,
2658 1053 2907 1122 quoniam
2938 1054 3330 1122 apertissimum
3358 1054 3508 1110 nefas
3532 1066 3636 1119 est,

2051 1145 2259 1200 desinat
2289 1145 2498 1198 tandem
2532 1143 2600 1198 de
2631 1159 2692 1199 re
2732 1144 2957 1198 multum
2993 1143 3235 1198 dissimili
3268 1143 3415 1200 falsa:
3448 1145 3637 1199 simili-

2052 1233 2247 1288 tudinis
2275 1233 2498 1289 nebulas
2522 1233 2775 1288 excitare.

2118 1323 2211 1378 2i.
2236 1323 2369 1380 Nam
2396 1323 2524 1379 illud
2553 1324 2694 1394 quod
2723 1323 2963 1394 adjungit
2989 1323 3058 1379 de
3085 1324 3337 1394 episcopo
3362 1323 3638 1396 Carthagi-

2050 1419 2201 1472 nensi
2227 1416 2539 1487 Agrippino,
2566 1415 2634 1470 de
2658 1416 2854 1486 inclyte
2881 1426 3115 1487 martyre
3139 1416 3426 1486 Cypriane,
3457 1416 3525 1471 de
3551 1431 3638 1471 se-

2049 1506 2319 1579 ptuaginta
2351 1504 2768 1578 prtecessoribus
2797 1506 3064 1576 Cypriani,
3092 1506 3215 1573 quia
3246 1505 3347 1559 hoc
3374 1506 3631 1574 fecerunt,

2048 1609 2102 1655 et
2133 1599 2244 1655 ﬁeri
2274 1606 2643 1668 prmcepcrunt
2669 1595 2745 1667 (α)
2776 1615 2790 1651 :
2817 1611 2850 1649 ο
2880 1611 3037 1666 quam
3065 1596 3409 1652 detestandus
3437 1606 3518 1652 est
3542 1613 3632 1652 er-

2049 1706 2140 1746 ror
2186 1690 2490 1754 hominum,
2532 1688 2621 1757 qui
2659 1688 2922 1742 clarorum
2965 1688 3200 1741 virorum
3238 1688 3478 1757 qua‘dam
3524 1704 3632 1743 non

2048 1781 2365 1841 rectefacta
2406 1779 2737 1833 laudabiliter
2775 1793 2832 1832 se
2870 1778 3061 1832 imitari
3090 1787 3311 1848 putant,
3339 1794 3370 1831 a
3405 1793 3633 1847 quorum

2048 1873 2330 1927 virtutibus
2347 1870 2505 1924 alieni
2526 1871 2679 1923 sunt!
2709 1868 2795 1923 Sic
2819 1869 2961 1922 enim
2982 1880 3036 1921 et
3057 1867 3294 1921 nonnulli
3323 1868 3481 1921 Petro
3504 1883 3633 1936 apo-

2045 1964 2187 2020 Stolo
2217 1960 2517 2031 comparari
2551 1974 2610 2014 se
2645 1958 2829 2013 volunt
2848 1999 2864 2024 ,
2894 1958 2938 2012 si
2968 1958 3234 2013 Christum
3278 1959 3585 2028 negaverint
3614 1976 3629 2013 :

2043 2058 2090 2113 si
2133 2070 2260 2111 vero
2302 2055 2460 2110 ctiam
2500 2052 2700 2108 Gentes
2742 2051 3027 2106 Judaizarc
3063 2051 3367 2120 coegerint,
3412 2051 3630 2104 vocitari

2043 2147 2280 2220 germani
2317 2146 2435 2214 ejus
2472 2144 2740 2198 affectant.
2769 2143 2896 2199 [hec
2924 2142 2976 2199 in
3005 2142 3096 2196 illo
3121 2150 3266 2196 tanto
3293 2140 3404 2196 viro
3441 2156 3630 2211 reprc-

2046 2240 2323 2296 hcnsibilia
2356 2238 2570 2293 fuerunt
2599 2255 2612 2290 :
2641 2235 2735 2291 sed
2767 2244 2910 2289 tanta
2939 2234 3161 2289 eminuit
3187 2232 3485 2303 apostolica
3505 2249 3629 2302 gra-

2047 2336 2137 2401 tia,
2155 2341 2215 2388 ut
2233 2331 2488 2388 continuo
2506 2329 2840 2394 delerentur;
2863 2342 2962 2382 nec
2980 2328 3049 2393 ei,
3074 2342 3178 2380 non
3194 2326 3314 2380 dico
3335 2324 3627 2395 praeferri‘,

2044 2428 2140 2483 sed
2167 2427 2354 2482 saltem
2385 2423 2552 2495 possit
2574 2422 2792 2490 aquari,
2820 2428 2910 2475 aut
2937 2419 3006 2475 de
3032 2420 3280 2491 proximo
3306 2418 3628 2488 comparari,

2043 2519 2283 2591 quisquis
2312 2524 2613 2572 nostrorum
2643 2523 2940 2583 temporum
2965 2511 3284 2565 christianus
3303 2550 3317 2575 ,
3347 2517 3442 2563 aut
3466 2509 3629 2563 etiam

2043 2611 2324 2680 episcopus
2350 2623 2448 2663 nec
2471 2606 2740 2661 Christum
2772 2603 3061 2673 negaverit,
3096 2617 3193 2656 nec
3216 2600 3414 2657 Gentes
3442 2600 3629 2655 Judai-

2044 2684 2165 2756 zare
2190 2700 2522 2769 compulerit.
2553 2698 2640 2752 Sic
2665 2705 2719 2750 et
2754 2696 2804 2750 in
2843 2705 3077 2765 martyre
3114 2693 3498 2764 gloriosissimo
3525 2690 3630 2762 Cy-

2043 2795 2230 2865 priane
2269 2811 2283 2847 :
2324 2791 2367 2845 si
2407 2789 2545 2860 apud
2591 2788 2873 2842 luereticos
2914 2785 2997 2839 vel
3039 2782 3409 2837 schismaticos
3445 2780 3626 2836 datum

2042 2885 2238 2942 Christi
2276 2883 2601 2952 Baptismum
2639 2878 2854 2933 nolebat
2890 2889 3211 2945 agnoscere,
3246 2872 3373 2927 dum
3410 2886 3506 2927 eos
3543 2871 3627 2925 ui-

2041 2978 2203 3046 mium
2249 2975 2633 3036 detestaretur,
2664 2983 2798 3039 quos
2835 2982 2866 3021 a
2903 2965 3164 3020 catholica
3204 2962 3438 3027 unitate,
3467 2976 3625 3031 quam

2040 3073 2265 3127 multum
2293 3064 2509 3132 dilexit,
2537 3069 2812 3134 separatos
2835 3056 3084 3121 dolebat;
3113 3064 3256 3109 tanta
3294 3053 3410 3123 ejus
3439 3055 3627 3107 merita

2040 3175 2208 3230 usque
2246 3158 2311 3212 ad
2354 3152 2675 3224 triumphum
2715 3146 2955 3222 martyrii
2986 3154 3274 3201 consecuta
3302 3152 3462 3209 sunt,
3492 3150 3630 3197 utet

2040 3248 2314 3310 charitatis
2339 3260 2440 3316 qua
2468 3242 2763 3299 excellebat
2788 3239 3026 3304 luce,illa
3055 3234 3395 3292 obuntbratio
3414 3232 3626 3301 fugare-

2042 3349 2146 3405 tur,
2174 3347 2228 3393 et
2257 3346 2314 3391 ut
2341 3345 2667 3391 sarmentum
2706 3331 3032 3387 fructuosum
3075 3328 3226 3383 fieret
3265 3323 3626 3391 fructuosius,

2040 3435 2083 3488 si
2106 3430 2229 3502 quid
2250 3428 2479 3484 habebat
2499 3423 2850 3497 purgandum,
2868 3424 2912 3477 si
2937 3421 3082 3476 nulla
3108 3437 3167 3476 re
3189 3420 3314 3487 alia,
3335 3426 3484 3473 certe
3507 3432 3626 3487 pas-

2040 3522 2206 3577 sionis
2236 3521 2365 3574 falce
2392 3517 2573 3573 ultima
2606 3515 2897 3570 tolleretur.
2927 3511 3037 3567 Nec
3075 3526 3173 3566 nos
3206 3509 3330 3580 quia
3370 3508 3626 3577 Baptismi

2040 3612 2315 3667 veritatem
2336 3608 2494 3663 etiam
2517 3608 2570 3660 in
2594 3604 2967 3659 haereticorum
2996 3601 3270 3670 iniquitate
3288 3598 3628 3669 agnoscimus

2042 3702 2219 3772 potius
2238 3713 2397 3768 quam
2419 3710 2691 3764 negamus,
2715 3694 2834 3748 ideo
2854 3693 3105 3746 meliores
3121 3689 3386 3759 Cypriane
3405 3702 3590 3741 sumus
3611 3705 3624 3743 :

2041 3792 2179 3846 sicut
2203 3803 2301 3843 nec
2326 3788 2513 3851 Petro,
2543 3783 2665 3853 quia
2692 3781 2888 3836 Gentes
2924 3780 3203 3834 Judaizare
3228 3793 3336 3832 non
3363 3777 3622 3845 cogimus.

2041 3883 2154 3941 Hoc
2177 3881 2245 3936 de
2270 3877 2559 3948 Agrippino
2585 3874 2808 3942 aliisque
2841 3871 3107 3939 episcOpis
3125 3910 3140 3934 ,
3168 3870 3257 3939 qui
3287 3869 3375 3923 illa
3401 3868 3626 3925 concilia

2042 3973 2232 4031 fecisse
2259 3969 2621 4041 perhibentur,
2649 3962 3039 4033 responderim,
3062 3961 3252 4030 quisic
3274 3960 3480 4014 diversa
3502 3974 3627 4016 sen-

2041 4074 2243 4129 serunt,
2270 4072 2326 4119 ut
2344 4077 2463 4117 cum
2485 4061 2585 4127 eis,
2608 4065 2792 4114 contra
2814 4069 2950 4126 quos
2969 4052 3037 4109 de
3064 4054 3164 4108 hac
3186 4052 3479 4122 quaestione
3502 4066 3627 4106 sen~

2043 4160 2264 4221 tiebant,
2293 4157 2345 4210 in
2384 4154 2586 4210 unitate
2617 4148 2983 4220 persisterent,
3012 4144 3100 4199 ubi
3130 4143 3362 4199 cbaritas
3388 4142 3628 4211 cooperit

2040 4249 2433 4310 multitudinem
2463 4252 2814 4315 peccatorum.
2848 4239 2939 4295 Sic
2975 4251 3204 4306 namque
3232 4233 3628 4289 ambulantibus

2041 4345 2093 4399 in
2134 4339 2386 4398 Ecclesim
2423 4336 2646 4391 veritate
2666 4336 2710 4399 ',
2749 4332 2803 4386 in
2842 4345 3001 4402 quam
3041 4334 3425 4398 pervenerant,
3456 4325 3629 4394 potuit

2045 4439 2203 4501 Dens,
2231 4435 2367 4488 sicut
2390 4428 2682 4499 Apostolus
2703 4425 2850 4490 dicit,
2879 4432 2933 4477 et
2958 4423 3062 4477 illis
3092 4419 3332 4475 revelare
3356 4417 3497 4487 quod
3522 4417 3625 4473 ali.

2043 4538 2123 4585 ter
2146 4525 2421 4597 sapiebant
2446 4519 2702 4595 (Philipp.
2732 4532 2811 4583 ιιι,
2844 4516 2952 4584 l5).
2984 4515 3129 4569 Nova
3156 4512 3299 4568 enim
3327 4519 3453 4564 tunc
3476 4525 3623 4579 quas-

2044 4622 2148 4677 stio
2177 4620 2295 4684 fuit,
2326 4611 2772 4687 quemadmodum
2802 4605 3123 4678 suscipiendi
3154 4612 3336 4661 essent
3370 4602 3622 4667 haeretici,

2040 4727 2159 4782 qua:
2180 4707 2462 4763 nonnullos
2484 4703 2671 4758 fratres
2692 4698 2995 4754 haereticam
3027 4695 3312 4765 perniciem
3335 4694 3625 4749 vehemen-

2044 4814 2124 4857 ter
2148 4800 2336 4856 mcrito
2363 4796 2705 4859 detestantes,
2725 4790 2837 4861 ipsa
2856 4785 3350 4850 novitateturbavit,
3370 4795 3426 4838 ut
3449 4782 3625 4837 credi-

2041 4893 2216 4949 derint
2241 4891 2343 4945 hoc
2362 4890 2520 4944 etiam
2544 4887 2597 4941 in
2623 4884 2703 4940 eis
2726 4896 2845 4939 esse
2870 4877 3294 4950 improbandum,
3318 4875 3458 4947 quod
3484 4874 3626 4929 malo

2107 5090 2122 5121 ι
2141 5094 2290 5137 Locus
2308 5081 2618 5134 Floriacensis
2635 5077 2815 5130 codicis
2849 5085 2968 5142 ope_
2984 5072 3364 5142 redintegratis.
3392 5075 3461 5142 tn__
3482 5067 3626 5142 editis

2043 5132 2423 5199 θιιὶιῆνέἰῖιιιιιὸιι
2462 5144 2737 5206 legebatur,
2768 5132 2968 5206 recitari
3002 5132 3223 5206 ρειπωιῐί
3256 5132 3625 5206 ejusageeztant,

2041 5195 2309 5271 apostolica
2332 5195 2490 5271 gratia
2510 5195 2560 5255 ἱὶι
2583 5195 2802 5254 continuo
2839 5195 3146 5248 decimarum
3169 5206 3188 5244 :
3211 5205 3323 5243 cum
3356 5204 3442 5241 nec
3465 5195 3510 5240 ei
3534 5201 3628 5239 non

2041 5226 2072 5261 (ι
2135 5225 2301 5261 stouca
2332 5225 2490 5271 grana
2510 5225 2560 5255 ιιι
2583 5225 2802 5254 wutumu
2839 5225 2992 5248 acum
3007 5225 3134 5247 unm
3169 5231 3183 5244 .
3211 5225 3323 5243 eum
3356 5225 3441 5241 ,νυν
3465 5225 3508 5240 υ.

2041 5225 2151 5326 dign
2173 5267 2415 5337 praeferri.
2479 5328 2490 5337 _
2549 5326 2560 5337 _
2700 5322 2727 5337 ._
2765 5330 2801 5337 μ
2868 5327 2954 5337 _-__
3003 5317 3188 5337 ﬂum-
3236 5314 3284 5337 :_
3332 5311 3508 5337 “nm.

2107 5317 2289 5392 ῖιῐιέῖξ
2303 5317 2355 5382 ιιι
2380 5317 2606 5392 meum
2623 5322 2970 5392 imitate-issa-
2998 5317 3207 5392 (ιιιεάίιηιο
3310 5317 3621 5392 sustentet?-

2041 5374 2355 5448 cmé‘ii'c'hiﬁ
2380 5374 2730 5453 antiquioribus
2752 5374 3045 5434 editieuibus
3061 5391 3162 5429 Am.
3196 5374 3247 5427 et
3270 5384 3363 5438 Et,
3387 5374 3439 5425 in
3464 5374 3627 5425 Eccle-

2076 5463 2129 5487 ῖηι
2146 5455 2312 5487 causast”!
2331 5470 2337 5481 ι
2694 5468 2707 5487 Ι
3368 5465 3375 5469 ”

2076 5463 2083 5469 .
2215 5463 2245 5479 ,γ
2331 5470 2337 5481 ,
2694 5468 2707 5487 ,
3368 5465 3375 5469 .

2042 5463 2438 5583 Μαξίῖξιιῗέέῗιιῖιιιι·
2460 5511 2523 5561 de
2549 5508 2750 5559 concilio
2767 5506 3106 5583 episcoporum
3130 5499 3293 5583 africa:

2034 5558 2432 5652 mii'ig'r‘i'il,"i}361
2448 5558 2610 5652 ﬁdius
2634 5558 3623 5652 meminitlsﬁjﬁ

2043 5619 2780 5702 Ξὲϊὲρίὶἷῖἱιῖ¹ι⁷ι¹ιὶἶ’ὲὶιιῖιέῖιιάιςιηηηιε
2809 5630 2868 5702 ad
2904 5619 3194 5702 Januari'um.
3222 5622 3336 5673 \‘ide
3358 5619 3503 5685 supra
3542 5619 3625 5670 litt.

2042 5688 2414 5770 gileibiiptistiio
2436 5705 2601 5750 contra
2623 5696 2908 5747 Donatistas,
2926 5701 2972 5738 ιι.
2999 5688 3068 5735 t7.
