4024 6194
455 340 564 398 607

415 465 428 479 ⁸
450 483 550 524 suo
579 471 823 526 tenebant
867 470 1084 525 bonum.
1115 471 1229 542 Ego
1267 483 1440 527 autem
1476 485 1533 528 ut
1571 475 1714 544 quod
1745 475 1811 530 de
1845 476 1944 531 hac
1980 493 2038 532 re

453 562 630 614 sentio
661 559 894 614 breviter
925 559 1096 615 dicam
1129 579 1142 614 :
1176 561 1508 633 rcbaptizare
1553 565 1832 621 haereticos
1851 609 1866 633 ,
1897 568 2038 638 quod

452 649 528 704 iiIi
569 649 760 704 fecisse
798 651 1081 719 dicuntur,
1123 663 1248 708 tunc
1285 654 1382 710 fuit
1421 657 1635 711 humani
1673 660 1904 733 erroris;
1949 677 2036 714 re-

453 737 722 808 baptizare
750 751 926 796 autem
957 743 1246 798 catholicos
1267 787 1282 810 ,
1313 746 1453 815 quod
1482 747 1656 804 adhuc
1689 749 1772 804 isti
1804 749 2034 819 faciunt,

452 845 668 899 semper
693 841 779 886 est
805 834 1080 889 diabolica:
1111 840 1538 908 prtrsumptionis
1561 842 1599 894 ¹.

521 920 749 977 CAPUT
775 922 911 977 XIV.
935 957 1006 965 —
1023 927 1113 981 25.
1142 930 1246 983 Sed
1273 931 1392 984 volo
1417 931 1545 986 mihi
1575 934 1746 988 solvat
1770 934 1870 990 iste
1892 951 2038 1006 qua:-

449 1011 678 1066 stionetn
712 1031 726 1068 :
754 1015 1181 1086 quandoquidem
1215 1035 1332 1074 cum
1371 1021 1628 1077 Ronnana:
1657 1025 1908 1080 Ecclesia:
1943 1042 2037 1095 per

447 1102 692 1157 ordinem
723 1119 1166 1164 commemoraret
1193 1112 1494 1182 episcopos,
1526 1115 1664 1169 inter
1689 1132 1782 1170 eos
1810 1131 2036 1173 eorume-

447 1195 676 1250 utoravit
720 1206 773 1249 et
819 1197 1144 1266 Stephanum
1188 1217 1320 1271 quos
1368 1205 1729 1274 episcopatum
1773 1207 2033 1262 illibatum

447 1287 682 1353 gessisse
715 1288 991 1344 confessus
1019 1301 1117 1346 est.
1151 1294 1280 1347 Cum
1309 1311 1436 1365 ergo
1465 1296 1766 1365 Stephanus
1804 1314 1908 1353 non
1947 1315 2036 1354 so-

450 1375 560 1428 lum
591 1393 694 1430 tton
723 1379 1073 1448 rebaptizaret
1100 1382 1396 1447 luercticos,
1429 1402 1612 1442 verum
1643 1390 1800 1443 etiam
1830 1389 1933 1444 hoc
1961 1390 2035 1443 fa-

448 1466 652 1522 cientes
671 1510 686 1533 ,
717 1470 796 1521 vel
828 1480 883 1523 ut
911 1471 1060 1525 fieret
1087 1472 1467 1541 decernentes,
1494 1479 2032 1534 excomtnunicaudos

446 1569 566 1609 esse
587 1567 848 1622 censeret,
873 1560 1009 1613 sicut
1034 1561 1257 1616 aliorum
1281 1565 1646 1635 episcoporum
1670 1578 1723 1622 et
1748 1569 1911 1636 ipsius
1931 1569 2036 1641 Cy-

445 1648 616 1717 priani
650 1650 838 1705 littera:
869 1654 1185 1720 ostendunt;
1217 1668 1389 1710 tamen
1419 1674 1538 1712 cum
1567 1674 1630 1712 eo
1656 1659 1951 1730 Cyprianus
1979 1662 2030 1715 in

445 1743 662 1796 unitatis
689 1759 818 1810 pace
842 1749 1152 1814 permansit.
1179 1747 1312 1812 Quid
1347 1749 1428 1802 hic
1455 1736 1646 1804 dicturi
1672 1751 1827 1806 sunt?
1852 1751 2030 1806 Excu-

448 1832 578 1886 tiaut
608 1834 812 1902 ingenia
841 1849 934 1888 sua
961 1846 1216 1905 quantum
1256 1850 1510 1906 possunt,
1539 1850 1591 1894 et
1617 1851 1794 1895 utrum
1822 1843 2032 1897 valeant

443 1923 769 1989 respondere
795 1926 1150 1979 considerent.
1182 1927 1320 1982 Ecce
1344 1928 1448 1982 duo
1469 1940 1621 1984 erant
1642 1947 1751 1985 uno
1770 1940 2028 2001 tempore,

443 2021 501 2064 ιιι
530 2012 598 2066 de
623 2013 739 2066 aliis
768 2024 967 2068 taceam
987 2057 1000 2078 ,
1031 2017 1119 2085 qui
1147 2017 1357 2071 diversa
1390 2020 1719 2087 sentiebant;
1749 2021 1854 2076 duo
1880 2033 2032 2078 crant

441 2103 980 2158 etniuentissimarum
1021 2106 1410 2173 Ecclesiarum,
1443 2109 1696 2166 Romana:
1736 2112 1939 2168 scilicet
1977 2123 2032 2169 et

440 2192 874 2262 Carthaginiensis
899 2197 1156 2266 episc0pi,
1183 2198 1484 2268 Stephanus
1509 2209 1562 2255 et
1585 2201 1901 2273 Cyprianus,
1927 2219 2030 2258 am-

439 2284 510 2338 Lo
537 2286 588 2338 in
619 2287 819 2341 unitate
847 2289 1104 2342 catholica
1131 2291 1401 2346 constituti
1432 2311 1444 2346 :
1475 2309 1697 2363 quorum
1728 2297 2029 2366 Stephanus

437 2376 766 2446 Baptismum
794 2379 987 2434 Christi
1019 2381 1071 2434 in
1100 2383 1244 2437 nullo
1274 2383 1572 2440 iterandum
1599 2402 1718 2442 esse
1746 2389 2024 2458 censebat,

439 2471 615 2525 ethoc
638 2471 948 2526 facientibus
967 2476 1199 2543 graviter
1218 2479 1568 2534 succensebat
1591 2498 1604 2546 ;
1627 2479 1920 2552 Cyprianus
1943 2501 2030 2538 au-

441 2570 548 2614 tem
578 2562 628 2616 in
662 2562 854 2618 haeresi
878 2565 960 2618 vel
991 2565 1276 2623 schismate
1310 2570 1884 2643 baptizatos,tanquam
1922 2591 2025 2628 non

439 2651 698 2707 habentes
725 2654 1052 2723 Baptismum
1081 2656 1298 2722 Christi,
1329 2660 1673 2730 baptizandos
1701 2663 1754 2717 in
1790 2666 2026 2722 Ecclesia

437 2745 696 2800 catholica
718 2746 1074 2801 existimabat.
1097 2749 1241 2803 Multi
1267 2766 1385 2805 cum
1410 2753 1520 2819 illo,
1544 2755 1757 2823 quidam
1781 2772 1899 2811 cum
1924 2758 2026 2812 isto

436 2835 595 2889 etiam
621 2836 940 2901 sentiebant,
966 2840 1174 2910 utrique
1194 2857 1312 2895 cum
1337 2845 1414 2897 eis
1441 2845 1490 2897 in
1521 2846 1717 2900 unitate
1738 2851 2027 2905 consisten-

437 2938 520 2979 tcs
540 2927 581 2978 '.
608 2926 661 2981 Si
687 2942 814 2996 ergo
840 2945 1023 2982 verum
1052 2940 1133 2984 est
1157 2931 1296 3001 quod
1324 2934 1407 2987 isti
1435 2935 1637 3000 dicunt,
1666 2949 1715 2992 et
1739 2939 1876 2994 unde
1901 2957 2026 2996 cau-

434 3030 547 3068 sam
570 3032 680 3071 sua:
698 3021 1048 3089 separationis
1068 3037 1330 3087 asserere,
1356 3025 1435 3078 vel
1461 3042 1721 3082 excusare
1741 3042 2020 3097 conantur,

434 3105 489 3157 In
530 3122 631 3158 una
672 3110 1047 3163 communione
1087 3111 1554 3169 Sacramentorum
1595 3119 1716 3172 mali
1757 3122 2025 3176 maculant

433 3194 623 3262 bonos,
655 3204 708 3250 ct
737 3197 856 3251 idco
885 3201 1146 3268 corporali
1174 3202 1528 3271 disiunctione
1554 3223 1581 3259 a
1614 3210 1871 3264 malorum
1895 3227 2024 3268 con-

433 3287 644 3355 tagione
683 3288 1036 3343 recedendum
1067 3301 1176 3352 est,
1211 3310 1278 3348 ne
1307 3311 1492 3349 omnes
1521 3299 1718 3366 pariter
1757 3314 1974 3369 pereant
2003 3322 2016 3357 :

426 3378 535 3446 jam
559 3388 684 3434 tunc
701 3379 955 3450 Stephani
977 3391 1030 3436 et
1054 3381 1302 3454 Cypriani
1329 3391 1652 3456 temporibus
1677 3393 1895 3460 periisse
1919 3395 2022 3450 Ec-

429 3469 644 3522 clcsiatn
671 3473 1031 3527 confitendum
1061 3483 1163 3537 est,
1198 3492 1293 3531 nec
1323 3479 1551 3546 aliquam
1581 3483 1807 3550 posteris
1834 3484 2020 3540 dereli.

427 3570 568 3612 ctam
586 3559 627 3624 ³,
651 3561 737 3614 ubi
763 3563 1001 3618 Donatus
1024 3565 1135 3635 ipse
1156 3568 1500 3636 spiritualiter
1522 3583 1845 3628 nasceretur.
1865 3577 2017 3644 Quod

427 3653 470 3704 si
499 3652 680 3708 dicere
707 3655 966 3710 nefarium
989 3657 1247 3726 jndicant,
1269 3661 1390 3730 quia
1417 3678 1600 3718 revera
1625 3665 1880 3721 nefariqu
1902 3679 2012 3737 est;

427 3745 562 3796 sicut
587 3745 776 3800 mansit
799 3747 1034 3802 Ecclesia
1057 3766 1117 3802 ex
1142 3750 1244 3804 illis
1271 3755 1595 3820 temporibus
1618 3773 1784 3826 usque
1804 3759 1869 3813 ad
1892 3768 2017 3815 tem—

426 3849 552 3903 pora
578 3834 844 3891 Caiciliani
867 3849 918 3892 et
939 3839 1178 3908 Majorini
1207 3842 1316 3896 sive
1344 3844 1548 3909 Donati,
1576 3862 1673 3902 nec
1695 3863 1812 3902 eam
1837 3866 2016 3906 macu-

424 3925 582 3980 lando
605 3927 825 3996 perdere
852 3939 1132 3998 potuerunt
1156 3933 1475 4003 quicumque
1500 3937 1549 3989 in
1574 3953 1690 3992 eam
1717 3941 2012 3997 secundum

423 4016 566 4084 ipsos
595 4017 710 4071 sine
740 4018 1008 4088 Baptismo
1035 4021 1251 4076 admissi
1278 4036 1420 4091 sunt,
1449 4026 1591 4095 pleni
1616 4031 1864 4085 omnibus
1890 4048 2013 4101 pec-

421 4109 554 4162 catis
576 4119 630 4164 et
655 4109 965 4166 Criminibus
996 4114 1126 4177 suis,
1158 4131 1256 4170 nea
1282 4117 1384 4171 ulla
1409 4117 1545 4172 facta
1569 4129 1651 4174 est
1673 4137 1700 4174 a
1722 4122 2009 4199 Cypriano,

419 4210 473 4253 et
499 4201 578 4255 eis
607 4201 694 4270 qui
735 4203 930 4271 pariter
965 4203 1032 4258 de
1066 4204 1337 4276 Baptismo
1362 4209 1668 4277 sapiebant,
1699 4212 1766 4267 ab
1796 4215 2007 4271 illorum

419 4293 793 4347 communione
831 4293 1054 4360 divisio;
1086 4298 1330 4364 quoniaut
1376 4315 1478 4353 non
1518 4316 1576 4354 se
1615 4301 2010 4361 arbitrabantur

421 4382 471 4434 in
515 4383 716 4437 unitate
758 4392 813 4438 et
858 4387 1232 4442 communione
1274 4403 1727 4447 sacramentorum
1771 4395 2004 4467 Christi,

418 4473 606 4526 alienis
645 4475 796 4528 malis
837 4490 991 4544 posse
1027 4477 1278 4532 maculari
1312 4496 1324 4532 :
1357 4479 1434 4534 sic
1468 4484 1638 4550 potuit
1673 4494 1726 4540 et
1753 4485 2006 4557 deinceps

419 4566 653 4621 l'lcclesia
686 4583 1031 4637 permanere,
1059 4586 1214 4641 quam
1249 4579 1358 4627 toto
1379 4615 1391 4636 ,
1423 4575 1558 4629 sicut
1583 4575 1649 4630 de
1684 4578 1767 4632 illa
1807 4581 2002 4648 praedi-

417 4668 559 4712 ctum
589 4669 702 4725 est,
735 4669 994 4716 terrarum
1026 4665 1156 4718 orbe
1182 4676 1508 4721 crescentem
1541 4669 1687 4725 nullo
1717 4673 1874 4726 modo
1903 4689 2003 4744 po-

418 4756 590 4802 terant
610 4751 962 4816 quorumlibet
985 4754 1296 4808 traditarum
1317 4770 1379 4809 ac
1397 4754 1813 4814 facinorosorum
1832 4763 1998 4819 aliena

415 4837 635 4891 crimina
667 4841 962 4905 maculare;
997 4843 1132 4896 sicut
1161 4843 1210 4895 in
1237 4860 1334 4896 nua
1362 4860 1483 4899 area
1511 4864 1674 4918 usque
1700 4849 1766 4904 ad
1794 4859 2000 4922 tempus

415 4926 773 4982 ventilationis
813 4931 1062 4985 maculari
1103 4933 1265 5001 paleis
1305 4933 1565 4991 frumenta
1597 4955 1702 4993 non
1742 4955 1995 5012 possunt,

413 5023 550 5074 sicut
591 5021 722 5074 intra
765 5037 863 5075 una
905 5023 1035 5077 retia
1081 5041 1247 5095 usque
1281 5027 1346 5081 ad
1393 5037 1599 5100 tempus
1641 5033 1829 5092 littoris
1874 5039 1998 5094 mali

413 5115 586 5185 pisces
616 5115 782 5170 honos
811 5115 968 5170 simul
999 5119 1228 5172 natando
1257 5135 1360 5173 non
1391 5123 1638 5190 perdunt.

483 5206 574 5260 9.4.
607 5205 760 5260 Nulla
790 5207 948 5276 igitur
973 5209 1109 5262 ratio
1135 5208 1256 5276 fuit,
1283 5212 1374 5289 sed
1398 5216 1661 5270 maximus
1691 5217 1854 5287 furor,
1885 5239 1992 5290 quo

414 5297 500 5352 isti
539 5299 682 5352 velut
724 5299 982 5353 malorum
1023 5304 1451 5360 communionem
1494 5320 1778 5379 caventes,
1829 5328 1889 5371 se
1929 5316 1996 5370 ab

453 5433 490 5499 _'
521 5433 766 5483 Vaticanus
798 5439 880 5482 Ms.
901 5467 916 5493 ,
957 5432 1208 5486 diabolica
1246 5434 1538 5502 deceptionis
1577 5447 1624 5493 et
1653 5448 1993 5512 prwsumptio-

409 5503 609 5602 mftm.
639 5562 689 5604 et
711 5569 882 5606 omnes
903 5563 1030 5615 3155.,
1053 5556 1284 5611 sidentes.

475 5615 588 5683 {Sic
611 5616 922 5683 Florjacensis
945 5628 1088 5669 vetus
1107 5622 1280 5683 codex.
1319 5629 1485 5675 Caneri
1513 5625 1618 5676 fere
1639 5633 1745 5676 Mss.
1766 5633 1994 5683 omittunt

411 5676 577 5745 verba.
604 5675 924 5742 conﬁtendum
961 5688 1048 5738 est,
1072 5682 1410 5745 nccaliquam.
1438 5689 1551 5737 t-‘diti
1593 5675 1904 5742 “eratsi-inii
1930 5675 1990 5743 ita

410 5736 825 5845 reﬂltlttegra'hant,
849 5750 1028 5796 constat
1037 5736 1248 5807 periisse
1263 5736 1272 5745 ’
1285 5747 1562 5811 Ecclesia",
1579 5736 1664 5800 nec
1689 5736 1902 5815 podii-ii
1913 5736 1990 5807 (iiii

413 5809 465 5845 re
487 5811 528 5845 ις
547 5812 643 5845 um.

413 5809 643 5852 ηἰιςιιιιη.

1055 358 1142 414 DE
1183 357 1383 416 UNlCO
1423 359 1758 416 BAPTISMO
1794 360 2064 416 CONTRA
2107 362 2542 443 PETILIANUM,
2583 376 2636 432 S.
2680 381 3049 444 AUGUSTINI

3625 407 3737 468 (08'

2153 484 2351 594 imitate
2379 486 2574 548 Christi
2602 513 2719 566 quae
2741 508 2852 556 toto
2874 505 3002 561 orbe
3025 509 3360 584 diffunditur,
3391 535 3728 594 separat-unt.

2146 573 2256 631 Nisi
2301 580 2435 637 forte
2463 600 2492 638 a
2530 590 2841 648 criminibus
2871 599 3092 657 crimina
3118 607 3343 666 mirabili
3373 573 3488 671 art;
3514 620 3726 678 discer-

2149 679 2280 723 nunt
2298 713 2312 737 ,
2345 690 2448 729 non
2475 677 2542 733 de
2563 679 2870 754 Scripturis,
2907 691 2999 745 sed
3027 693 3093 750 de
3119 700 3367 757 cordibus
3394 708 3505 762 suis
3532 677 3719 770 disitin.

2145 763 2380 820 ctionum
2409 773 2614 840 regulas
2642 777 3009 853 proferentes,
3042 799 3199 858 atque
3225 794 3484 863 dicentes,
3517 803 3568 857 in
3606 811 3719 863 uni-

2146 863 2252 911 tate
2279 866 2665 920 communionis
2706 871 3171 936 Sacramentorum
3202 887 3301 940 alia
3347 893 3571 948 crimina
3599 900 3721 955 alic-

2145 961 2209 999 ua
2241 950 2356 1004 sine
2399 958 2849 1020 contaminatiotte
2899 970 3146 1038 tolerari,
3199 979 3499 1039 traditionis
3543 1000 3723 1045 autem

2143 1039 2366 1096 crimine
2412 1059 2600 1104 omnes
2624 1091 2636 1113 ,
2674 1054 2762 1122 qui
2812 1072 2933 1113 cum
2980 1063 3172 1121 talibus
3200 1068 3540 1130 Sacramenta
3572 1095 3724 1135 corn-

2142 1132 2563 1204 municaverint,
2611 1143 2858 1202 detineri.
2908 1150 3012 1207 Sed
3062 1157 3186 1213 hinc
3220 1161 3420 1219 diutius
3449 1168 3724 1238 disttutaro

2141 1222 2463 1288 superfluum
2489 1240 2589 1296 est,
2640 1240 2930 1303 prtesertim
2970 1247 3089 1313 quia
3121 1257 3174 1303 ct
3205 1250 3304 1307 hoc
3330 1258 3600 1318 rarissime
3626 1280 3722 1319 att-

2141 1310 2274 1366 deut
2301 1316 2500 1387 dicere,
2533 1323 2630 1391 ipsi
2659 1344 2869 1399 quoque
2903 1310 3322 1400 t'erccuttdatttes
3348 1357 3400 1402 ct
3429 1355 3723 1412 sentientes

2140 1417 2275 1456 vana
2305 1421 2364 1460 se
2391 1410 2529 1480 loqui
2555 1430 2569 1478 ;
2617 1426 2670 1469 et
2705 1433 2823 1474 cum
2852 1439 2910 1476 ea
2940 1425 3150 1497 dicunt,
3182 1435 3325 1490 nullo
3353 1439 3533 1495 divino
3567 1450 3722 1502 testi-

2138 1496 2319 1551 monio
2350 1498 2534 1557 fulcire
2560 1505 2817 1565 nituntur.
2865 1514 3028 1585 Magis
3049 1521 3192 1576 enim
3220 1527 3391 1583 solent
3423 1532 3471 1584 in
3504 1550 3598 1590 ore
3629 1537 3724 1591 ha-

2137 1583 2266 1640 bere
2284 1628 2300 1652 ,
2331 1593 2540 1658 quando
2562 1601 2794 1664 peccatis
2825 1605 3049 1662 aliorum
3077 1612 3209 1669 alios
3237 1618 3588 1680 criminantur
3608 1669 3623 1692 ,
3653 1631 3722 1687 ad

2137 1681 2496 1741 excusandum
2529 1687 2675 1742 nefas
2707 1697 3056 1762 separationis
3085 1716 3195 1758 sua:
3216 1747 3228 1768 ,
3277 1707 3490 1768 Videbat;
3527 1721 3718 1790 furem,

2135 1777 2182 1820 et
2207 1774 2535 1828 concurrebas
2555 1795 2666 1832 cum
2691 1799 2747 1835 eo
2769 1783 2940 1853 (Psal.
2966 1806 3108 1856 thx,
3132 1795 3252 1862 18);
3284 1808 3356 1862 et,
3385 1802 3466 1856 Ne
3488 1774 3718 1864 contum:

2135 1865 2377 1922 uicavcris
2413 1877 2626 1939 peccatis
2653 1877 2830 1933 alienis
2867 1882 2909 1952 (Ι
2941 1883 3070 1939 Tim.
3102 1905 3150 1951 v,
3181 1890 3308 1963 22);
3337 1906 3388 1949 ct
3409 1941 3422 1963 ,
3459 1900 3715 1970 Iicccdile,

2134 1956 2262 2008 exite
2289 1958 2432 2026 inde,
2479 1974 2524 2016 et
2559 1967 2872 2024 inmundum
2900 1992 2962 2028 ne
2988 1979 3243 2048 teligerilis
3273 1984 3422 2055 (lani.
3456 2007 3523 2046 LII
3545 2037 3560 2057 ,
3598 1997 3715 2065 ll);

2134 2054 2220 2110 et,
2277 2049 2376 2114 Qui
2405 2055 2620 2126 (eliget-il
2659 2063 2940 2131 pollutum,
2989 2071 3212 2137 pollutus
3257 2049 3327 2131 est
3370 2080 3552 2151 (Levii.
3587 2049 3716 2153 uit;

2134 2138 2257 2208 4-6)
2281 2158 2295 2206 ;
2335 2153 2389 2196 et
2409 2186 2422 2209 ,
2451 2146 2711 2206 Modicum
2739 2155 3037 2224 fermentum
3071 2173 3224 2219 totum
3251 2187 3464 2226 massam
3485 2194 3718 2244 corrum-

2135 2229 2208 2298 pit
2237 2231 2439 2334 l(lCor.
2473 2255 2503 2289 v
2526 2282 2540 2305 ,
2581 2243 2650 2313 6)
2684 2263 2697 2298 :
2730 2258 2781 2300 ct
2823 2251 2922 2308 alia
2966 2252 3264 2322 hujusmodi
3291 2304 3304 2327 ,
3360 2229 3710 2334 quibus

2136 2323 2432 2384 traditionis
2481 2335 2678 2390 crimen
2728 2339 2798 2393 ab
2844 2343 2961 2397 aliis
3007 2349 3317 2409 criminibus
3362 2360 3541 2430 aliqua
3590 2382 3718 2433 pro-

2135 2415 2356 2482 prietate
2386 2420 2734 2498 discernitur,
2791 2433 2882 2487 sed
2929 2440 3103 2493 ornuis
3141 2447 3344 2510 peccati
3391 2457 3716 2511 consociatio

2131 2507 2461 2574 prohibetur.
2517 2516 2645 2584 Qure
2683 2530 2857 2578 tamen
2889 2526 3062 2584 divina
3096 2507 3427 2604 testimonia,
3461 2546 3544 2600 vel
3577 2564 3714 2616 pra:-

2131 2610 2282 2668 cepta
2308 2643 2321 2665 ,
2374 2605 2420 2659 si
2462 2622 2528 2661 eo
2558 2612 2716 2666 modo
2743 2631 2848 2684 quo
2879 2618 3001 2688 isti,
3051 2623 3370 2698 intelligeret
3399 2605 3713 2708 Cyprianus,

2132 2695 2367 2760 profecto
2394 2714 2452 2754 se
2494 2701 2562 2755 ab
2607 2703 2876 2774 Stephano
2907 2726 3177 2782 separaret
3197 2695 3361 2784 ,inec
3387 2695 3507 2782 etim
3542 2731 3632 2784 illo
3664 2735 3713 2788 in

2131 2789 2404 2843 catholica:
2425 2795 2639 2849 unitatis
2656 2806 3031 2862 communione
3057 2813 3386 2878 persisteret.
3412 2819 3504 2875 Ille
3519 2825 3714 2895 quippe

2129 2878 2420 2935 secundum
2439 2889 2752 2943 sententiam
2769 2908 2924 2960 quam
2943 2895 3008 2952 de
3021 2897 3090 2952 Ba
3099 2901 3289 2968 ptismo
3304 2906 3385 2961 isti
3404 2878 3687 2971 tenendam

2129 2978 2356 3039 putant,
2410 2975 2693 3035 ltmreticos
2739 2993 2792 3037 et
2834 2987 3200 3048 schisntaticos
3229 2997 3363 3052 sicut
3405 3005 3710 3075 opinantur,

2129 3061 2457 3133 Baptismum
2492 3085 2594 3125 non
2627 3073 2914 3144 habentes,
2947 3082 3275 3144 admittendo
3309 3092 3358 3146 in
3394 3061 3708 3165 Ecclesium:

2127 3159 2553 3215 communicabat
2574 3168 3042 3241 peccatisalienis;
3075 3179 3195 3246 quia
3225 3183 3464 3241 videlicet
3495 3205 3719 3258 peccata.

2125 3532 2236 3586 ret.
2270 3543 2334 3580 ne
2358 3533 2586 3597 peccatis
2615 3543 3032 3600 communicaret
3059 3551 3264 3619 alienis,
3295 3573 3361 3612 ne
3389 3566 3706 3633 eontagione

2123 3616 2488 3687 inquinaretttr
2533 3627 2828 3699 immundi,
2883 3653 2948 3692 ne
2987 3640 3221 3709 pollutus
3252 3649 3399 3702 fieret
3441 3616 3704 3724 lanugo-udo

2122 3711 2379 3779 pollutum
2405 3759 2420 3782 ,
2454 3735 2520 3772 tte
2552 3721 2812 3778 fermento
2837 3744 3272 3800 corrumperetur
3299 3743 3543 3800 aliorum.
3594 3751 3701 3807 Hoc

2119 3817 2245 3873 ergo
2292 3809 2539 3876 quoniam
2591 3829 2692 3868 non
2736 3817 2895 3887 fecit,
2947 3824 3041 3878 sed
3072 3842 3190 3882 cum
3222 3833 3298 3885 eis
3339 3837 3542 3894 unitate
3584 3859 3700 3912 per-

2119 3899 2346 3966 mansit,
2380 3910 2484 3956 tota
2517 3905 2680 3974 ipsius
2712 3912 2927 3968 ttuitatis
2963 3926 3087 3974 tunc
3117 3937 3289 3978 massa
3319 3942 3569 4001 corrupta
3584 3899 3693 4004 ἀει,

2118 4003 2216 4043 nec
2260 3996 2618 4061 perseveravit
2660 4001 2896 4060 Ecclesia
2917 4049 2932 4074 ,
2975 4025 3092 4080 qua:
3120 4022 3299 4081 postea
3328 4033 3546 4078 sanctos
3572 4026 3700 4081 isto-

2116 4098 2232 4136 rum
2256 4085 2570 4155 Majorinum
2601 4108 2808 4162 pareret
2834 4115 2895 4154 ac
2927 4102 3208 4162 Donatum.
3236 4111 3348 4167 lloc
3370 4117 3494 4187 quia
3521 4119 3698 4178 dicere

2117 4176 2264 4228 nullo
2308 4181 2467 4234 modo
2513 4187 2744 4252 audent;
2795 4201 2960 4248 restat
2996 4207 3053 4251 ut
3080 4199 3339 4259 fateantur
3377 4176 3551 4265 bonos
3579 4228 3695 4268 cunt

2114 4267 2271 4322 ntalis
2299 4270 2349 4324 in
2387 4271 2851 4336 Sacramentorum
2879 4283 3290 4347 Christianorum
3319 4303 3694 4357 communione

2110 4359 2226 4414 sine
2255 4363 2360 4418 ulla
2385 4379 2480 4420 sua
2513 4368 2630 4424 labe
2660 4375 2942 4439 mansisse,
2969 4389 3022 4433 et
3053 4398 3218 4452 usque
3242 4387 3306 4440 ad
3335 4397 3546 4458 tempus
3575 4397 3692 4450 Ca:-

2110 4451 2285 4506 ciliani
2313 4470 2683 4524 perseverasse
2709 4463 3002 4524 Ecclesiam
3030 4470 3262 4543 Christi,
3293 4483 3546 4546 non_siue
3576 4487 3693 4543 ullis

2111 4540 2412 4601 hominibus
2431 4540 2604 4612 malis.
2634 4560 2885 4625 tanquam
2913 4559 2964 4613 itt
2990 4561 3184 4620 horreo
3198 4540 3306 4636 jam
3337 4540 3684 4643 reconditam,

2107 4637 2200 4688 sed
2227 4636 2404 4692 adhuc
2431 4644 2714 4699 commixta
2745 4650 2897 4716 palea
2927 4661 3173 4725 tanquam
3205 4660 3256 4714 in
3286 4677 3408 4717 area
3431 4669 3688 4725 constitu-

2110 4735 2236 4782 tam.
2285 4730 2374 4784 Sic
2401 4747 2530 4802 ergo
2557 4745 2611 4790 et
2656 4737 2908 4811 deinceps
2946 4749 3116 4815 potuit
3155 4766 3506 4824 permanere,
3552 4763 3688 4818 sicut

2107 4829 2159 4873 et
2189 4832 2492 4893 permanet,
2519 4825 2690 4883 donec
2710 4830 2896 4889 ultimo
2918 4836 3100 4905 jndicii
3127 4843 3213 4899 die
3248 4849 3495 4902 ventilata
3523 4867 3683 4907 mun-

2103 4913 2277 4970 detur.

2175 5007 2400 5065 CAPUT
2436 5011 2552 5066 XV.
2581 5043 2653 5056 --
2675 5016 2764 5072 23.
2793 5021 2928 5088 Quid
2957 5023 3111 5094 igitur
3136 5028 3234 5082 sibi
3260 5030 3370 5085 vult
3396 5040 3574 5085 tantus
3606 5034 3682 5087 fu-

2104 5115 2195 5152 ror
2236 5105 2586 5169 separationis
2627 5108 2846 5163 istorum
2874 5113 2941 5166 ah
2968 5115 3167 5171 unitate
3194 5121 3438 5187 corporis
3465 5121 3682 5186 Christi,

2102 5207 2241 5261 qua},
2269 5193 2405 5248 sicut
2433 5197 2800 5266 prophetatum
2828 5201 3051 5273 legitur,
3095 5209 3408 5280 implerique
3428 5213 3539 5281 jam
3569 5229 3683 5268 cer-

2103 5283 2246 5337 nitur
2267 5325 2282 5350 ,
2317 5292 2428 5340 toto
2453 5287 2584 5343 orbe
2610 5297 2866 5346 terrarum
2893 5303 3052 5366 atque
3078 5299 3130 5352 itt
3163 5301 3412 5356 omnibus
3437 5305 3680 5373 gentibus

2101 5374 2382 5432 dilatatur?
2407 5378 2501 5431 llic
2525 5392 2669 5434 certe
2693 5423 2708 5445 ,
2738 5385 2873 5437 sicut
2894 5387 3149 5456 scriptum
3178 5400 3289 5456 est,
3328 5391 3498 5448 Filius
3521 5397 3682 5448 malus

2103 5466 2209 5529 ipse
2249 5484 2302 5520 se
2327 5469 2528 5536 justum
2568 5472 2723 5536 dicit;
2768 5476 2953 5530 exitum
2993 5491 3161 5532 autem
3193 5498 3344 5536 suum
3381 5501 3481 5538 non
3524 5486 3680 5539 obluit

2107 5558 2285 5626 (Prov.
2321 5576 2483 5625 xxrv,
2513 5579 2614 5615 sec.
2648 5564 2842 5635 LXX);
2895 5569 2994 5623 hoc
3020 5580 3132 5632 cst,
3167 5587 3268 5626 non
3295 5587 3541 5638 excusat,
3577 5592 3678 5632 non

2101 5652 2285 5714 diluit,
2337 5669 2438 5707 non
2465 5654 2698 5710 defendit
2723 5660 2860 5728 quod
2892 5659 3070 5717 furore
3110 5665 3450 5722 St‘lliSlllﬂliCO
3483 5669 3536 5723 in
3568 5667 3673 5724 ha:-

2166 5822 2178 5850 ¹
2206 5819 2339 5882 ruta,
2371 5818 2655 5884 Ittdusuwdi.
2689 5831 2738 5877 At
2757 5827 3069 5896 3tss.,lmjus,'
3091 5829 3278 5882 scilicet
3309 5832 3535 5895 Stethanl
