4024 6194
308 324 415 381 809

314 437 527 494 rcticam
559 444 763 507 pestem
792 437 861 492 de
895 436 1056 492 domo
1083 435 1175 492 Dei
1202 436 1351 493 exire
1383 450 1491 491 non
1520 435 1695 490 timuit
1725 451 1739 488 :
1771 433 1891 506 quia

310 528 353 584 si
384 542 508 581 vere
531 526 708 596 justus
735 535 877 582 esset
897 569 912 594 ,
945 528 1079 582 sicut
1106 526 1381 597 apostolus
1409 526 1606 581 Paulus
1635 540 1755 578 cum
1784 531 1891 577 Ira-

313 619 480 673 tribus
502 617 651 675 falsis
678 659 694 685 ,
742 618 812 673 de
838 619 1030 689 quibus
1057 618 1110 673 in
1137 622 1250 673 suis
1280 618 1532 688 Epistolis
1560 617 1797 686 ingemit,
1842 623 1896 669 et

310 711 442 765 sicut
478 708 777 780 Cyprianus
816 724 941 765 cum
984 710 1063 764 eis
1088 751 1102 776 ,
1156 724 1290 780 quos
1334 710 1450 763 sine
1476 708 1748 777 Baptismo
1785 706 1894 760 suis

313 800 540 870 peccatis
584 801 868 870 praeteritis
916 800 1104 870 plenos
1150 800 1485 862 mstimabat,
1517 809 1571 855 et
1591 799 1799 853 admitti
1826 797 1893 852 ad

314 892 599 947 Ecclesium
617 893 686 947 ab
699 892 969 962 Stephano
984 892 1187 948 sciebat
1206 907 1220 953 ;
1252 892 1319 946 ita
1340 893 1390 946 in
1422 891 1656 945 Ecclesia
1673 890 1890 955 Christi,

308 1002 425 1042 eum
453 987 532 1041 eis
558 1000 694 1057 quos
739 986 965 1057 iujustos
992 986 1081 1041 vel
1121 994 1379 1051 noverat,
1418 983 1500 1038 vel
1533 982 1747 1053 putabat
1778 982 1893 1036 sine

312 1078 414 1131 nlla
440 1078 522 1132 sui
561 1078 1040 1133 commaculatioue
1065 1076 1372 1147 persisteret
1388 1119 1403 1141 ,
1447 1090 1546 1130 nec
1571 1076 1739 1130 bonos
1767 1088 1892 1143 pro-

312 1179 429 1238 pter
453 1169 625 1225 malos
649 1169 938 1235 desereret,
963 1168 1056 1224 Sed
1087 1169 1259 1223 malos
1284 1172 1502 1238 propter
1522 1168 1692 1222 bonos
1717 1167 1893 1237 p0tius

308 1262 592 1326 toleraret,
644 1270 894 1332 tanquam
931 1276 1155 1332 granum
1180 1275 1301 1315 cum
1334 1261 1482 1330 palea
1511 1258 1743 1328 pondere
1768 1256 1888 1312 cha-
1959 1259 1973 1371 χ

308 1353 476 1371 -.ΔΑ-θ-
508 1352 742 1371 ,ηεμκ--.μ
774 1350 802 1371 ρ
831 1368 949 1371 μ-“-
1032 1367 1134 1371 ..Α-
1164 1360 1248 1371 ΑΑ-
1270 1366 1411 1371 __---_.
1441 1349 1741 1371 I-__!--2__---
1774 1347 1858 1371 .._-I

307 1353 480 1406 ritatis
508 1352 748 1406 trituram
774 1350 954 1407 ferens
973 1394 990 1419 ,
1031 1367 1138 1406 non
1164 1360 1415 1421 tanquam
1441 1349 1744 1405 levissimus
1774 1347 1891 1417 pul-

307 1443 385 1495 vis
434 1452 561 1497 ante
606 1443 1006 1498 ventilatiouem
1057 1442 1270 1497 ﬂatibus
1320 1441 1539 1497 cedens.
1592 1441 1672 1494 Eo
1698 1441 1894 1511 quippe

309 1531 470 1586 modo
496 1534 655 1587 etiam
685 1549 806 1588 cum
836 1533 1031 1604 iniquis
1050 1575 1066 1599 ,
1106 1547 1243 1603 quos
1269 1546 1489 1586 necesse
1515 1540 1597 1585 est
1623 1546 1795 1601 usque
1821 1530 1890 1584 ad

307 1624 457 1676 littus
484 1626 615 1677 retia
646 1623 745 1677 ista
787 1624 1095 1678 contineant
1114 1664 1128 1688 ,
1170 1624 1222 1677 in
1249 1622 1450 1677 unitate
1480 1622 1740 1677 catholica
1772 1638 1892 1692 per-

224 1715 236 1726 ’
307 1725 578 1778 severam,
613 1729 717 1768 non
750 1722 927 1767 tamen
952 1727 1074 1767 cum
1094 1712 1211 1767 fure
1234 1721 1603 1778 concurreret,
1638 1726 1890 1781 neepec-

307 1809 441 1861 catis
464 1789 881 1861 communicaret
911 1805 1103 1861 alienis
1125 1846 1140 1869 ,
1190 1818 1289 1860 nec
1312 1805 1623 1875 cujusquam
1663 1804 1892 1859 immun-

306 1896 451 1953 ditiae
476 1897 493 1930 ⁸
519 1898 943 1954 contrectatione
991 1896 1350 1952 macularetur
1373 1938 1388 1961 ,
1437 1910 1538 1950 nec
1566 1895 1893 1966 pollueretur

307 1987 575 2059 tangendo
605 1988 884 2058 pollutum,
907 2002 1007 2044 nec
1026 1988 1337 2057 cujusquam
1365 1985 1626 2041 fermento
1650 1996 1892 2041 corrum-

306 2090 543 2149 peretur.
570 2079 696 2134 "ch
715 2080 856 2134 enim
884 2078 1383 2133 fiuutconsensione
1399 2086 1761 2146 peccatorum,
1784 2090 1889 2146 qua

306 2186 406 2241 per
434 2171 684 2227 feminam
711 2186 936 2243 serpens
962 2171 1233 2226 hominem
1265 2170 1494 2241 primum
1524 2168 1685 2224 etiam
1711 2167 1764 2222 in
1795 2183 1891 2237 pa-

306 2262 469 2316 radisi
497 2260 752 2317 felicitate
779 2262 1020 2331 decepit;
1050 2275 1157 2316 non
1186 2260 1561 2315 communione
1579 2260 1893 2314 Sacramen-

305 2361 480 2407 torum
509 2395 525 2420 ,
558 2357 611 2407 in
640 2368 743 2422 qua
772 2353 1169 2422 condiscipulos
1196 2351 1363 2406 ludas
1389 2349 1618 2405 mundos
1660 2349 1892 2403 immun-

302 2443 407 2500 dus
453 2444 822 2499 contaminare
864 2459 971 2498 non
1015 2445 1209 2513 potuit.
1262 2442 1304 2496 A
1338 2434 1505 2497 malis'
1529 2449 1742 2506 autem,
1771 2432 1892 2493 cum

299 2537 502 2605 quibus
523 2535 865 2591 Sacramenta
896 2535 991 2590 Dei
1019 2534 1411 2590 communicant
1434 2573 1449 2598 ,
1482 2531 1642 2587 etiam
1672 2547 1811 2585 nunc
1838 2531 1892 2586 in

300 2642 456 2694 area,
485 2627 722 2683 nondum
751 2626 805 2681 in
836 2626 1060 2691 horreo,
1094 2627 1204 2696 jam
1237 2633 1415 2679 tamen
1442 2623 1565 2679 boni
1590 2621 1904 2695 discedunt,

300 2725 358 2773 et
383 2726 701 2787 separantur
726 2732 933 2772 morum
962 2714 1426 2780 dissimilitudine,
1461 2728 1567 2768 non
1605 2725 1892 2781 corporqu

300 2811 703 2880 segregatione;
755 2808 913 2864 aliter
962 2806 1228 2873 vivendo,
1272 2821 1377 2861 non
1408 2804 1476 2860 ad
1521 2804 1624 2859 alia
1652 2817 1886 2858 conven-

302 2899 464 2955 ticula
493 2899 754 2955 veniendo
784 2916 800 2954 :
828 2898 907 2954 sic
933 2913 1033 2953 nec
1059 2912 1180 2952 eum
1211 2896 1369 2951 malis
1397 2909 1560 2950 unum
1587 2893 1755 2960 fiunt,
1794 2907 1895 2949 nec

302 2991 373 3045 ah
407 2991 656 3046 Ecclesia:
687 2989 889 3045 unitate
914 2988 1216 3044 discedunt.

374 3082 468 3137 26.
517 3082 656 3148 Quid
704 3097 834 3153 ergo
879 3081 1032 3137 nobis
1071 3081 1253 3136 nescio
1295 3094 1523 3150 quorum
1576 3078 1891 3133 traditurum

300 3173 507 3228 crimen
534 3182 892 3243 exaggerant,
926 3172 1078 3241 ’qnos
1124 3181 1299 3226 tamen
1329 3186 1432 3225 nec
1477 3171 1622 3241 ipsos
1657 3185 1889 3241 unquam

297 3256 622 3320 convincere
650 3264 977 3334 potuerunt?
1006 3262 1116 3318 Sed
1146 3263 1192 3317 si
1219 3277 1314 3317 eos
1333 3270 1519 3317 contra
1553 3260 1775 3316 istorum
1803 3275 1895 3315 ca-

299 3355 535 3409 lumnias
558 3353 940 3420 defendamus,
982 3352 1333 3424 quorumdam
1373 3352 1646 3407 hominum
1674 3365 1890 3407 causam

296 3446 604 3501 videbimur
622 3460 781 3515 agere
803 3485 820 3513 ,
866 3460 972 3499 non
1003 3444 1274 3500 Ecclesize.
1320 3445 1544 3499 Prorsus
1569 3444 1892 3515 quicumque

294 3547 351 3591 et
398 3535 719 3607 ubicumque
765 3535 1050 3590 traditores
1074 3535 1306 3603 fuerunt,
1338 3544 1392 3591 et
1418 3550 1524 3590 non
1553 3544 1754 3591 tantum
1782 3545 1892 3591 tra-

297 3628 538 3683 diturum
582 3635 896 3697 peccatum,
949 3627 1042 3681 sed
1086 3627 1324 3698 ipsorum
1368 3628 1528 3683 etiam
1554 3628 1643 3698 qui
1674 3628 1889 3684 tradere

296 3719 691 3787 compellebant
718 3758 732 3782 ,
784 3727 842 3773 et
884 3718 1124 3772 omnium
1168 3719 1389 3772 omnino
1434 3717 1885 3784 facinorosorum,
1920 3729 1927 3735 ‘

298 3807 686 3879 llagitiosoruin
712 3849 726 3874 ,
764 3808 1181 3878 sacrilegorum,
1228 3807 1542 3861 admittebat
1584 3806 1890 3876 Stephanus

297 3898 352 3951 iu
384 3899 673 3954 Ecclesiatn
698 3897 991 3954 secundum
1019 3900 1148 3953 istos
1176 3916 1191 3953 :
1214 3898 1337 3968 quia
1366 3898 1411 3951 si
1432 3896 1758 3966 Baptismum
1783 3912 1888 3952 non

301 3988 601 4055 habebant,
644 3990 824 4044 omnia
852 3999 1066 4059 peccata
1093 4003 1443 4060 qumeumque
1477 3987 1657 4059 gravia
1686 3998 1740 4044 et
1764 3988 1891 4044 hor-

300 4078 469 4133 renda
509 4079 924 4146 commiserant,
973 4078 1026 4133 in
1057 4079 1136 4133 eis
1169 4087 1342 4145 erant,
1392 4087 1448 4133 et
1477 4093 1596 4136 reos
1622 4078 1745 4134 illos
1773 4079 1890 4137 sine

304 4170 405 4224 ulla
437 4171 753 4225 remissione
784 4170 1099 4226 retinebant.
1139 4169 1298 4225 Tales
1323 4169 1639 4226 admittebat
1661 4170 1890 4242 Stepha-

304 4278 425 4329 nus,
452 4277 571 4317 cum
602 4263 794 4318 talibus
815 4272 929 4318 erat
956 4262 1009 4316 in
1042 4263 1245 4317 unitate
1272 4261 1532 4317 catholica
1559 4260 1886 4334 Cyprianus;

304 4369 403 4410 nec
425 4364 604 4409 tamen
635 4355 811 4425 periit,
842 4354 936 4409 sed
966 4355 1325 4425 perseveravit
1355 4354 1615 4409 Ecclesia.
1646 4354 1762 4410 Non
1793 4355 1893 4426 igi-

305 4455 391 4503 tur
418 4462 740 4518 quemquam
778 4447 829 4501 in
861 4446 978 4517 ejus
1013 4447 1212 4502 unitate
1254 4446 1523 4502 maculant
1565 4447 1735 4502 aliena
1766 4463 1892 4519 pec-

302 4551 442 4597 cata.
497 4540 717 4596 Frustra
756 4541 893 4610 ﬁlius
930 4540 1096 4594 ntalus
1120 4555 1149 4595 a
1179 4538 1372 4594 familia
1402 4534 1567 4610 patris
1593 4541 1740 4597 exire
1768 4556 1890 4611 pro-

306 4632 511 4702 peravit
537 4672 553 4698 ,
598 4630 789 4686 frustra
826 4647 882 4685 se
904 4631 1103 4701 justum
1134 4631 1291 4695 dicit;
1328 4632 1517 4685 exitum
1549 4641 1716 4686 autem
1743 4648 1891 4686 suum

306 4739 407 4777 non
441 4721 622 4777 abluit.
650 4722 731 4776 An
761 4719 896 4776 forte
918 4720 1109 4776 dicturi
1140 4730 1282 4785 sunt,
1310 4735 1405 4775 eos
1425 4736 1560 4790 quos
1586 4721 1892 4794 Stephanus

302 4813 653 4879 admittebat,
693 4811 861 4883 ipsius
888 4811 1107 4867 unitatis
1135 4811 1541 4882 participatione
1578 4813 1887 4880 mundatus,

304 4905 562 4974 quoniam
585 4903 818 4958 eharitas
842 4903 1084 4973 cooperit
1125 4901 1517 4957 multitudinem
1549 4913 1889 4973 peccatorum

306 4994 349 5064 (l
380 4993 525 5049 Pctr.
554 5011 637 5060 tv,
677 4994 773 5065 8)?
805 4994 1018 5052 Utinam
1043 4993 1225 5049 dicant
1253 5010 1266 5050 :
1298 4993 1400 5049 hoc
1423 4994 1567 5049 enim
1598 5003 1653 5050 et
1681 5011 1779 5051 nos
1806 4996 1887 5051 di-

304 5089 516 5155 cimus,
558 5087 771 5159 quando
810 5102 903 5144 cos
941 5086 1008 5142 ad
1048 5088 1302 5142 unitatem
1331 5087 1415 5142 vel
1443 5102 1695 5158 urgemus
1721 5096 1780 5143 ut
1808 5105 1907 5144 re--

306 5181 506 5248 deant,
547 5180 630 5236 vel
661 5194 961 5235 mouemus.
1013 5179 1124 5234 lloc
1148 5188 1325 5233 autem
1375 5187 1531 5249 pacto
1567 5178 1678 5249 jam
1726 5181 1889 5236 etiam

314 5273 461 5329 nulla
487 5275 629 5328 inter
656 5287 758 5328 nos
786 5271 1037 5341 Baptismi
1066 5270 1293 5342 quaestio
1321 5272 1636 5327 remanebit.
1664 5272 1721 5327 Si
1750 5273 1890 5328 enim

307 5365 450 5435 apud
477 5365 761 5421 Inercticos
790 5364 1058 5434 baptizati,
1086 5379 1210 5419 cum
1230 5363 1298 5418 ad
1324 5361 1621 5419 Ecclesiam
1647 5365 1888 5429 veniunt,

310 5459 532 5513 unitatis
576 5459 743 5529 ipsius
793 5456 1051 5513 eharitate
1097 5456 1454 5524 mandantur,
1507 5459 1745 5529 profecto
1776 5458 1889 5513 siue

308 5567 471 5608 eausa
493 5553 906 5623 rebaptizantur.

376 5745 396 5780 ⁸
416 5745 632 5798 nonnulli
652 5745 845 5797 codices
863 5744 1065 5807 habent,
1081 5743 1365 5808 cujusquam
1388 5743 1641 5799 immundi.

1726 320 1927 377 LIBER
1967 321 2149 382 UNUS

2072 437 2298 494 CAPUT
2356 440 2492 497 XVI.
2522 473 2592 484 -—
2620 445 2710 502 27.
2745 448 2903 505 Vides
2923 450 3098 523 itaque
3120 452 3171 508 in
3194 453 3296 510 hoc
3310 469 3583 521 sermone,

2000 528 2085 583 cui
2116 545 2201 585 me
2242 534 2566 603 respondere
2592 540 2801 596 voluisti
2828 585 2844 609 ,
2874 560 3031 614 quam
3063 546 3226 601 multa
3262 548 3453 604 dixerit
3483 554 3573 612 ille

1999 633 2098 711 pro
2122 622 2297 677 nobis.
2352 624 2490 692 Quid
2533 644 2662 700 ergo
2684 630 2794 701 jam
2824 649 2957 704 opus
2986 645 3068 691 est
3107 648 3163 691 ut
3199 638 3571 711 episcoporum

2000 710 2254 769 Romana:
2282 716 2534 773 Ecclesia!
2555 763 2569 784 ,
2601 739 2735 791 quos
2768 724 3167 782 incredibilibus
3194 710 3474 787 calumniis
3502 734 3585 786 ina

1999 812 2234 860 sectatus
2258 818 2374 874 est,
2426 811 2633 878 objecta
2661 814 2727 869 ab
2751 830 2817 871 eo
2850 819 3073 873 crimina
3109 820 3415 875 diluamus?
3443 823 3582 877 hlar-

1999 895 2250 965 cellinus,
2283 908 2337 953 et
2366 902 2660 974 presbyteri
2691 906 2805 975 ejus
2836 908 3178 974 Mclchiades,
3204 912 3500 981 Marcellus,
3529 926 3583 969 et

1998 986 2278 1058 Silvester,
2301 993 2597 1049 traditionis
2623 998 2866 1054 codicum
2888 1002 3209 1068 divinorum,
3235 1014 3290 1059 et
3317 1006 3583 1059 thurilica-

1999 1078 2159 1134 tionis
2201 1080 2270 1135 ab
2308 1097 2374 1137 eo
2411 1085 2634 1140 crimine
2675 1100 2968 1158 arguuntur
2998 1109 3012 1145 :
3046 1093 3139 1147 sed
3181 1095 3433 1165 numquid
3463 1097 3583 1151 ideo

1997 1170 2157 1224 etiam
2179 1173 2568 1229 convincuntur
2587 1218 2602 1243 ,
2647 1187 2739 1231 aut
2767 1181 2998 1235 convicti
3025 1183 3198 1254 aliqua
3228 1185 3583 1242 documento-

1998 1276 2114 1315 rum
2147 1263 2396 1319 firmitate
2438 1272 2840 1326 monstrantur?
2884 1272 3002 1344 Ipse
3028 1276 3316 1331 sceleratos
3342 1289 3395 1333 et
3418 1280 3584 1334 sacri-

1997 1350 2145 1421 legos
2170 1352 2331 1409 fuisse
2361 1356 2522 1422 dicit;
2555 1374 2654 1430 ego
2696 1361 3008 1420 innocentes
3048 1365 3213 1422 fuisse
3258 1370 3578 1438 respondeo.

1995 1442 2132 1510 Quid
2170 1445 2405 1501 laborem
2450 1452 2677 1518 probare
2718 1452 3084 1512 defensionem
3112 1474 3282 1513 meam
3308 1500 3322 1523 ,
3350 1476 3469 1515 cum
3495 1462 3583 1517 ille

1999 1548 2100 1590 nec
2130 1539 2357 1591 tenuiter
2380 1540 2605 1608 probare
2630 1553 2855 1599 conatus
2872 1548 2941 1600 sit
2966 1550 3359 1604 accusationem
3387 1558 3536 1605 snam
3552 1553 3579 1606 ?

1996 1624 2050 1681 Si
2081 1636 2165 1681 est
2191 1629 2293 1681 ulla
2319 1629 2622 1686 humanitas
2652 1632 2702 1687 iu
2726 1635 2885 1691 rebus
2914 1620 3161 1695 humanis
3181 1681 3196 1705 ,
3226 1649 3352 1709 puto
3379 1658 3475 1695 nos
3497 1644 3583 1711 ju-

1997 1718 2134 1772 stius
2167 1734 2323 1788 posse
2347 1723 2689 1792 reprehendi,
2718 1727 2763 1781 si
2788 1727 2996 1798 ignotos
3019 1729 3284 1798 homines,
3315 1746 3451 1803 quos
3478 1736 3584 1788 cri-

1996 1811 2269 1864 minantur
2305 1811 2543 1880 inimici,
2593 1831 2691 1871 nec
2719 1831 2904 1873 eorum
2946 1822 3148 1877 crimen
3183 1826 3285 1879 ulla
3327 1828 3584 1882 testifica-

1997 1901 2142 1955 tione
2167 1901 2535 1959 demonstrant
2553 1947 2569 1971 ,
2604 1918 2857 1964 nocentes
2886 1914 3060 1980 potius
3082 1929 3240 1983 quam
3274 1918 3584 1974 innocentes

1996 1993 2400 2052 crediderimus.
2447 1996 2580 2064 Quia
2624 1999 2670 2054 si
2716 2001 2850 2057 forte
2894 2017 2953 2059 se
2987 2006 3142 2062 aliter
3179 1997 3374 2063 veritas
3401 2010 3579 2077 habet,

1996 2085 2095 2156 ipsi
2140 2097 2286 2141 certe
2331 2087 2644 2145 humanitati
2674 2092 2912 2148 debitum
2945 2096 3228 2167 redditur,
3273 2116 3392 2155 cum
3420 2103 3583 2157 homo

1997 2178 2064 2265 de
2093 2177 2308 2236 homine
2331 2182 2459 2237 nihil
2489 2185 2611 2238 mali
2636 2194 2837 2241 temere
2852 2190 3177 2258 suspicatur,
3209 2208 3306 2247 nec
3334 2196 3585 2264 cuiquam

1996 2269 2297 2323 erimiuauti
2331 2270 2484 2326 facile
2509 2275 2702 2336 credit,
2732 2278 2945 2346 quando
2968 2280 3083 2335 sine
3100 2290 3236 2337 teste
3260 2298 3321 2337 ac
3342 2285 3458 2339 sine
3477 2287 3584 2341 ullo

1997 2358 2318 2415 documento
2340 2362 2544 2418 crimen
2573 2365 2865 2435 objiciens,
2914 2370 3205 2427 maledicus
3252 2376 3424 2442 potius
3457 2390 3585 2431 eon-

1996 2450 2220 2505 viciator
2242 2493 2257 2517 ,
2287 2468 2444 2522 quam
2477 2455 2741 2510 veridicos
2766 2468 3045 2515 accusator
3068 2464 3348 2519 exstiterit.

2034 2542 2159 2598 ~28.
2210 2544 2324 2599 lluc
2374 2548 2616 2615 accedit,
2668 2552 2791 2620 quia
2831 2551 3124 2610 .‘llelchiade
3169 2565 3292 2612 tunc
3334 2558 3586 2630 episc0po

1999 2633 2251 2693 Romana:
2280 2640 2532 2698 Ecclesizn
2560 2646 2903 2715 praisidente,
2937 2665 3005 2705 ex
3039 2661 3308 2722 praecepto
3335 2654 3588 2709 Constan-

2000 2727 2094 2781 tini
2123 2729 2483 2800 imperatoris,
2524 2736 2591 2790 ad
2621 2741 2780 2807 quem
2818 2750 2979 2795 totam
3008 2743 3150 2797 illam
3178 2760 3392 2801 causam
3424 2763 3586 2802 accu-

1998 2826 2201 2873 satores
2248 2822 2481 2893 episcopi
2537 2826 2969 2898 Carthagineusis
3020 2833 3274 2891 Ecclesia:
3322 2836 3588 2893 Czeciliani

1998 2924 2097 2979 per
2121 2911 2405 2968 Anulinum
2434 2920 2801 2985 proconsulem
2822 2920 3147 2991 detulerunt,
3177 2926 3315 2981 idem
3340 2926 3582 2984 C:rcilia-

1998 3017 2101 3059 nus
2146 3004 2403 3062 innocens
2446 3011 2815 3079 pronuntiatus
2842 3025 2942 3069 est.
2994 3016 3067 3071 De
3096 3032 3201 3088 quo
3236 3019 3437 3089 judicio
3466 3038 3585 3078 cum

1997 3097 2228 3163 majores
2253 3097 2474 3152 istorum
2498 3100 2946 3169 importunissima
2970 3108 3265 3175 pervicacia
3295 3123 3590 3167 memorato

1997 3182 2310 3273 imperatori
2336 3200 2720 3260 quererentur,
2748 3195 2915 3273 ,ψιοά
2957 3212 3060 3253 non
3106 3199 3262 3269 plene
3305 3217 3405 3258 nec
3442 3213 3589 3260 recte

1997 3272 2157 3329 fuerit
2188 3281 2547 3333 examinatum
2589 3272 2755 3353 atque
2787 3284 3180 3357 depromptum,
3207 3290 3338 3346 nihil
3365 3293 3431 3349 de
3456 3295 3587 3349 Mel-

1997 3364 2201 3420 chiadis
2229 3367 2509 3433 traditione
2525 3371 2607 3426 vel
2637 3374 3023 3432 thurilicatione
3039 3378 3303 3436 dixerunt.
3330 3383 3409 3438 Ad
3431 3384 3583 3455 cujus

1996 3457 2319 3515 audientiam
2347 3476 2446 3517 nec
2467 3463 2652 3520 venire
2679 3467 2861 3538 utique
2903 3469 3203 3527 debuerunt
3222 3515 3236 3540 ,
3286 3474 3387 3530 hoc
3413 3478 3588 3547 potius

1995 3558 2119 3604 ante
2151 3563 2495 3623 suggerentes
2540 3553 2868 3627 Imperatori,
2892 3571 2981 3615 aut
3006 3570 3064 3616 ut
3099 3576 3471 3635 suggererctur
3508 3568 3589 3624 in-

1996 3648 2221 3707 stantes,
2263 3643 2403 3712 quod
2425 3645 2564 3714 apud
2592 3648 2900 3704 traditorem
2927 3652 3168 3709 codicum
3195 3657 3495 3712 divinorum
3533 3667 3588 3713 et

1996 3730 2260 3784 idolorum
2300 3735 2576 3788 sacrificiis
2618 3736 2948 3806 inquinatum
2997 3757 3210 3798 causam
3240 3762 3391 3801 suam
3428 3763 3588 3818 agere

1995 3834 2105 3874 non
2134 3820 2410 3875 deberent.
2451 3822 2587 3877 Cum
2617 3824 2720 3881 hoc
2744 3842 2872 3897 ergo
2900 3844 3000 3884 nec
3035 3841 3162 3887 ante
3201 3838 3582 3906 suggesserim,

1996 3926 2096 3967 nec
2118 3920 2458 3983 posteaquam
2499 3924 2686 3973 contra
2730 3933 2825 3974 eos
2857 3934 2956 3989 pro
2978 3921 3263 3979 Caeciliano
3290 3927 3582 3997 judicatum

1996 4013 2079 4059 est
2102 4046 2118 4070 ,
2167 4004 2356 4061 saltem
2386 4007 2509 4062 victi
2536 4018 2589 4064 et
2614 4009 2733 4065 irati
2773 4011 3128 4082 objiciendum
3168 4017 3432 4087 putarint,
3460 4021 3585 4090 quid

1996 4110 2140 4151 nunc
2179 4095 2364 4152 inanes
2395 4108 2500 4154 tam
2533 4114 2654 4156 sero
2682 4112 3003 4161 connectunt
3024 4105 3337 4175 calumnias,
3363 4111 3511 4180 quasi
3532 4124 3587 4166 et

1998 4186 2300 4242 innocentia
2325 4186 2615 4256 Carciliani,
2640 4192 2953 4250 Melchiadis
2973 4195 3167 4266 judicis
3192 4198 3586 4259 decoloratioue

1996 4277 2269 4346 fuscetur,
2306 4289 2359 4336 et
2395 4281 2508 4352 ipsa
2536 4281 2775 4339 Romana
2803 4284 3064 4356 Ecclesia,
3096 4288 3184 4345 ubi
3214 4306 3312 4346 nec
3330 4291 3585 4349 damnare

1997 4385 2316 4441 quemquam
2342 4387 2442 4427 suo
2467 4373 2842 4447 qualicumque
2875 4377 3079 4447 judicio
3118 4390 3441 4451 potuerunt,
3484 4400 3584 4441 nec

1996 4461 2226 4531 aliquem
2267 4478 2484 4518 suorum
2530 4466 2674 4520 velut
2703 4467 2755 4521 in
2795 4468 2969 4524 locum
3008 4471 3298 4543 subrogare
3326 4472 3580 4540 damnati,

1996 4564 2182 4607 contra
2210 4569 2368 4624 quam
2411 4556 2742 4623 paucissimis
2784 4559 2926 4615 Afris
2956 4563 3121 4630 partis
3149 4579 3260 4619 stne
3291 4567 3462 4635 primo
3505 4569 3585 4623 in-
3622 4582 3627 4587 '

2002 4652 2338 4701 tcrventores
2360 4646 2436 4718 (α)
2453 4648 2773 4705 adventitios
2798 4649 2976 4706 furtim
3008 4653 3269 4726 longeque
3283 4658 3582 4728 mittebant,

1996 4749 2133 4805 quos
2171 4735 2331 4791 istum
2385 4740 2699 4795 nominatim
2746 4736 3167 4801 commemorare
3214 4762 3322 4803 non
3375 4751 3581 4821 puduit,

1997 4825 2171 4880 donec
2214 4826 2449 4898 deceptae
2501 4830 2790 4900 plebecula:
2842 4835 2990 4904 quasi
3036 4838 3280 4907 proprios
3303 4842 3583 4910 episcopos

1997 4916 2349 4972 ordinareut?
2389 4918 2590 4990 Nempe
2636 4922 2941 4993 episcopum
2971 4925 3366 4999 Abtuugeasem
3395 4932 3412 4964 ¹
3444 4932 3583 4987 Feli-

1997 5024 2113 5066 cem
2143 5019 2261 5082 post
2302 5011 2570 5069 Cmciliaui
2617 5014 2980 5086 purgationem
3024 5020 3164 5091 apud
3202 5020 3581 5093 Imperatorem

1997 5115 2382 5160 accusaverunt
2403 5147 2417 5169 ,
2444 5106 2588 5177 quod
2619 5107 2734 5178 ipse
2758 5118 2903 5165 esset
2929 5101 3388 5171 manifestissimus
3415 5118 3581 5171 tradi—

1998 5206 2115 5264 tor,
2164 5207 2219 5252 et
2248 5197 2369 5252 ideo
2396 5197 2710 5277 Caecilianus
2747 5202 3030 5273 episcupus
3070 5219 3190 5261 esse
3233 5222 3337 5261 non
3376 5220 3578 5279 posset,

1998 5289 2138 5360 quod
2164 5288 2232 5344 ab
2255 5289 2345 5344 illo
2371 5289 2626 5346 traditore
2646 5289 2805 5347 fuerit
2829 5292 3123 5351 ordinatus.
3151 5296 3301 5353 Tunc
3315 5297 3581 5357 Constan-

2001 5384 2139 5437 tinus
2182 5397 2283 5438 nec
2329 5381 2451 5438 huic
2500 5398 2686 5439 eorum
2727 5388 3082 5445 acccusatioui
3130 5392 3340 5463 negavit
3382 5391 3579 5462 locum,

2064 5561 2080 5632 ξ
2109 5568 2209 5632 sm.
2226 5567 2307 5632 γει.
2327 5573 2380 5614 et
2400 5564 2594 5632 quidam
2616 5571 2745 5632 ltss.,
2766 5566 3153 5632 .4btugnenst'um.

2062 5623 2135 5699 ta)
2169 5623 2532 5699 tuterveutores
2551 5630 2659 5699 sive
2688 5623 3047 5699 intercessores
3075 5630 3381 5699 dicebautur,
3397 5635 3477 5699 qui
3503 5642 3584 5687 Re-
