4024 6196
393 331 490 390 till

390 442 632 512 quamvis
653 453 744 495 eos
774 439 824 491 in
849 434 1115 490 Czrciliani
1158 433 1292 486 lictis
1331 427 1639 484 criminibus
1680 424 1972 480 calumnio-

391 550 482 589 sos
510 534 690 586 inisset
716 539 998 599 expertus;
1052 535 1106 580 et
1137 525 1255 578 ideo
1281 522 1530 592 praecepit
1560 529 1614 574 ut
1640 533 1793 574 causa
1832 516 1972 572 Feli—

390 633 467 680 cis
513 626 864 679 discuteretur
891 618 984 687 (ιι).
1033 619 1084 672 ln
1116 616 1291 671 Africa
1321 615 1558 668 discu3sa
1587 622 1667 666 est
1693 627 1720 664 a
1748 623 1972 679 procon-

390 719 504 772 sule
542 715 774 770 Ᾱέιίειιιο.
835 711 981 765 Felix
1025 724 1236 780 quoque
1262 708 1513 761 itmoceas
1539 704 1834 759 declaratus
1865 710 1964 754 est.

392 808 612 860 Exstant
639 814 786 875 gesta
826 800 1217 872 prot-onsnlaria
1246 799 1313 868 (b)
1350 816 1362 848 :
1394 798 1481 866 qui
1510 795 1750 857 voluerit,
1794 801 1968 846 sumat

391 909 442 953 et
468 897 627 966 legat.
677 896 786 949 lloc
815 902 990 947 autem
1019 907 1121 945 non
1152 889 1320 944 solum
1353 887 1419 941 ad
1462 887 1776 940 innocentite
1801 883 1968 938 Caici-

386 989 508 1043 liani
533 985 958 1042 demonstrandae
985 983 1255 1038 cumulum
1283 980 1532 1050 pertinet,
1564 978 1832 1048 ipsiusque
1862 973 1970 1032 Fe-

385 1083 498 1136 licis
527 1079 976 1135 evidentissimam
1010 1075 1410 1147 purgationem,
1449 1082 1607 1140 atque
1638 1070 1846 1125 illorum
1876 1086 1968 1124 ca-

385 1175 611 1229 lumnias
637 1170 981 1226 declarandas
1001 1210 1014 1231 ,
1045 1168 1131 1238 qui
1163 1183 1283 1221 eum
1313 1165 1509 1220 fentem
1540 1164 1774 1219 onmium
1805 1161 1963 1214 malo-

389 1282 504 1318 rum
534 1266 583 1318 in
626 1263 852 1318 cont-ilio
882 1277 978 1314 suo
1009 1259 1290 1324 dixerant;
1326 1273 1505 1311 rerum
1536 1257 1693 1310 etiam
1729 1254 1792 1306 ad
1819 1253 1967 1321 cogi-

387 1359 598 1414 tandam
630 1355 936 1413 Mole-Iliadis
971 1355 1039 1409 ab
1075 1369 1258 1408 eorum
1289 1349 1746 1405 criminationibus
1791 1346 1965 1413 puris-

384 1452 572 1508 simam
600 1453 780 1504 vitam.
827 1448 934 1502 Nisi
967 1446 1099 1500 forte
1126 1446 1403 1514 quisquam
1437 1453 1539 1495 tam
1576 1441 1646 1495 sit
1684 1440 1960 1508 insipiens,

385 1553 442 1597 ut
467 1541 646 1596 credat
674 1555 800 1604 eos,
856 1554 972 1590 cum
1008 1537 1168 1590 Felici
1217 1551 1321 1588 non
1377 1533 1746 1602 pepercerint,
1795 1547 1824 1584 a
1862 1545 1969 1600 quo

382 1633 694 1688 Ctecilianus
737 1631 906 1684 fuerat
942 1629 1212 1682 ordinatus
1237 1665 1252 1691 ,
1305 1624 1583 1678 Melcbiadi
1634 1638 1847 1692 parcere
1877 1638 1970 1690 po-

385 1725 569 1788 tuisse,
601 1739 631 1777 a
658 1736 764 1792 quo
793 1719 959 1773 fuerat
981 1717 1272 1780 absolutus,
1291 1716 1332 1767 si
1358 1715 1497 1767 illius
1523 1712 1757 1782 episcopi
1781 1713 1964 1775 vitam,

383 1815 620 1886 quamvis
653 1813 854 1866 milium
888 1811 1078 1865 vulnus
1106 1807 1442 1862 conscientim
1474 1804 1816 1873 peremisset,
1865 1803 1968 1855 sal-

385 1917 490 1960 tem
520 1905 917 1975 qualiscumque
964 1900 1100 1953 fama
1134 1898 1418 1966 enlpassct.
1470 1896 1550 1949 An
1577 1909 1701 1948 vero
1730 1893 1868 1961 quod
1901 1892 1967 1946 de

392 1998 509 2052 foro
542 1995 960 2063 Abtungcnsium
991 1990 1166 2045 fictum
1197 1990 1212 2020 ¹
1241 1991 1430 2054 fuerat,
1453 1987 1520 2039 ab
1547 1985 1662 2038 istis
1691 1999 1964 2036 accusare-

388 2100 504 2154 tur;
534 2098 589 2144 ct
615 2087 754 2158 quod
782 2087 830 2139 in
854 2083 1112 2153 Capitolio
1141 2082 1504 2136 Ron'tattorum
1546 2077 1740 2132 factum
1767 2075 1962 2140 luerat,

385 2193 648 2236 taceretur
672 2180 694 2232 ?

451 2274 540 2328 29.
571 2273 641 2327 De
664 2269 928 2325 llicnsurio
951 2276 1126 2322 autem
1153 2265 1276 2336 quid
1299 2261 1647 2332 respondeam
1666 2300 1680 2326 ,
1707 2275 1826 2312 cum
1851 2258 1964 2326 ejus

385 2375 625 2434 tempore
673 2359 935 2430 usquead
965 2358 1144 2410 obitus
1172 2355 1312 2408 diem
1364 2353 1516 2422 plebs
1565 2351 1780 2405 unitatis
1821 2349 1961 2402 nulla

382 2457 650 2512 conscissa
695 2464 811 2517 est;
860 2451 1091 2519 ipaeque
1141 2445 1330 2500 littera:
1377 2443 1606 2499 Secundi
1654 2440 1957 2510 Tigisitani,

381 2546 572 2617 quibus
603 2542 956 2612 reprehensus
982 2538 1255 2600 asseritnr,
1286 2551 1380 2590 eos
1422 2534 1486 2585 ad
1516 2549 1574 2586 se
1607 2532 1832 2584 invicem
1862 2543 1953 2597 pa-

381 2638 532 2691 ciﬁce
559 2635 836 2704 scripsisse
861 2631 1176 2686 confirmant
1199 2670 1214 2694 ,
1248 2637 1406 2695 atque
1457 2625 1508 2678 in
1540 2623 1746 2691 collegii
1778 2622 1953 2674 socie-

382 2739 488 2783 tate
516 2727 774 2782 tnansisse
798 2725 821 2776 ?
847 2723 962 2777 Jam
995 2736 1123 2776 vero
1152 2718 1292 2789 quod
1323 2717 1480 2772 etiam
1509 2715 1576 2770 de
1601 2714 1829 2769 Cirtensi
1865 2714 1962 2766 Ec-

378 2822 537 2875 clesia
568 2819 746 2873 dicere
769 2817 966 2878 voluit,
997 2824 1047 2868 ct
1074 2813 1352 2882 episcopos
1383 2809 1451 2862 ibi
1475 2806 1764 2861 catholicos
1795 2805 1960 2858 male-

383 2912 541 2965 dictis
568 2911 854 2964 insectatus
880 2917 961 2960 est
991 2906 1182 2975 quibus
1227 2900 1428 2965 \OIUil;
1475 2897 1600 2968 quid
1645 2895 1787 2951 aliud
1817 2895 1923 2965 egit
1943 2935 1959 2963 ,

381 3003 481 3056 nisi
515 3012 570 3054 ut
595 2998 947 3068 vituperando
983 3004 1196 3048 sanctos
1226 2995 1384 3047 etiam
1416 3001 1722 3046 nostrorum
1752 2996 1960 3055 tempo-

379 3110 496 3148 rum
529 3095 670 3146 viros
694 3133 707 3153 ,
741 3090 998 3157 nobisque
1028 3087 1224 3152 «quime
1258 3084 1526 3154 cognitos,
1557 3082 1685 3138 satis
1714 3078 1962 3134 ostende-

381 3195 462 3238 ret
487 3184 608 3252 quid
635 3184 790 3235 etiam
817 3180 883 3234 de
913 3179 1107 3248 ignotis
1131 3219 1142 3238 ,
1177 3177 1369 3242 quibus
1393 3175 1640 3228 similiter
1667 3171 1956 3237 maledicit,

378 3275 577 3329 sentire
605 3269 935 3326 debeunns?
979 3267 1236 3330 Proinde,
1267 3267 1309 3320 si
1341 3264 1651 3320 Profuturus
1675 3272 1799 3316 ante
1826 3277 1959 3331 pau-

377 3365 621 3420 cissimos
663 3375 830 3415 annos
855 3358 1167 3423 defunctus,
1196 3368 1247 3411 et
1274 3355 1595 3410 Fortunatus
1643 3355 1731 3424 qui
1762 3355 1812 3406 in
1839 3367 1932 3406 cor

379 3474 506 3528 pore
534 3456 707 3509 adhuc
735 3463 843 3516 est,
878 3462 1038 3522 atque
1084 3451 1155 3504 illi
1188 3450 1446 3504 successit
1488 3448 1774 3516 episcopo,
1822 3460 1958 3513 quo-

380 3550 537 3605 modo
559 3546 831 3602 Manichtei
859 3546 1100 3606 fuerunt,
1128 3544 1208 3596 sic
1239 3544 1447 3596 fuerunt
1470 3550 1522 3594 ct
1551 3540 1621 3592 illi
1655 3538 1956 3598 traditores,

379 3656 511 3712 quos
541 3641 694 3709 longe
713 3654 742 3690 a
766 3636 961 3692 nOStris
984 3633 1310 3702 temporibus
1332 3630 1688 3701 ignotissimos
1709 3642 1960 3682 accusare

378 3749 482 3788 non
514 3739 758 3795 cessant,
791 3729 954 3785 etiam
1005 3727 1214 3781 illorum
1256 3724 1410 3778 nobis
1441 3738 1570 3793 pura
1617 3721 1686 3776 ab
1735 3721 1960 3775 istorum

379 3824 586 3895 probris
616 3823 634 3853 '
655 3822 758 3876 \ita
784 3819 1056 3874 notissima
1089 3824 1192 3870 est.

447 3917 533 3972 50.
574 3914 688 3968 Non
717 3928 846 3968 sane
893 3927 1051 3982 parva
1084 3922 1164 3964 ρει
1192 3923 1484 3979 parumque
1513 3907 1737 3977 gloriosa
1765 3919 1958 3961 conso-

377 4009 503 4062 latio
532 4007 914 4076 cujuscumque
943 4010 1217 4066 nostrum,
1246 4001 1291 4056 si
1322 4001 1388 4054 ab
1429 3999 1659 4053 inimicis
1705 3995 1960 4051 Ecclesire

375 4115 494 4153 eum
521 4098 634 4168 ipsa
662 4095 902 4151 Ecclesia
946 4094 1290 4148 criminnmnr
1324 4110 1338 4147 ;
1369 4089 1484 4158 ejus
1515 4097 1686 4142 tamen
1718 4087 1960 4141 defensio

377 4193 560 4246 nonin
587 4204 772 4246 eorum
819 4187 1097 4242 hominum
1149 4182 1461 4238 defensione
1503 4180 1774 4243 consistit,
1824 4193 1957 4247 quos

378 4285 464 4340 isti
495 4281 806 4336 nominatim
834 4278 984 4333 falsis
1012 4273 1468 4332 criminationibus
1497 4280 1768 4341 appetunt.
1798 4269 1960 4322 Pror-

377 4390 469 4430 sus
514 4373 924 4442 qualescumque
972 4367 1168 4421 fuerint
1209 4363 1582 4424 Marcellinus,
1649 4359 1955 4425 Marcellus,

375 4467 654 4528 Silvesler,
683 4457 1004 4514 hit-leltiades
1023 4496 1037 4520 ,
1069 4455 1396 4520 Mensurius,
1425 4453 1736 4507 Cmcilianus
1756 4491 1772 4516 ,
1801 4460 1959 4518 atque

377 4557 464 4609 alii
492 4553 684 4624 quibus
709 4548 966 4618 objiciunt
989 4561 1085 4616 pro
1109 4560 1204 4599 sua
1229 4543 1562 4598 dissensione
1584 4540 1722 4611 quod
1754 4539 1953 4604 volunt,

377 4647 508 4701 nihil
556 4641 865 4714 praeiudicat
913 4637 1166 4694 Ecclesiae
1207 4633 1484 4690 catholicae
1543 4641 1652 4685 toto
1699 4641 1956 4683 terrarum

377 4740 508 4792 orbe
539 4734 744 4791 dill'uSte
779 4751 791 4788 :
825 4732 972 4788 nullo
1002 4729 1162 4785 modo
1187 4742 1371 4782 eorum
1405 4724 1702 4780 innocentia
1729 4735 1955 4777 corona-

375 4845 518 4892 mur,
543 4827 692 4882 nullo
715 4824 873 4881 modo
893 4838 1079 4879 eorum
1103 4820 1380 4890 iniquitate
1400 4815 1732 4871 damnamur.
1758 4813 1811 4868 Si
1835 4813 1956 4868 boni

377 4923 612 4988 fuerunt,
654 4921 708 4975 in
735 4934 876 4974 areze
931 4914 1207 4972 catholica:
1269 4912 1457 4966 tritura
1500 4918 1750 4979 tanquam
1794 4921 1957 4978 grana

376 5015 614 5070 mandati
658 5022 781 5068 sunt
809 5029 821 5065 :
854 5011 898 5065 si
950 5007 1075 5064 mali
1103 5006 1350 5071 fuerunt,
1403 5003 1456 5058 in
1500 5017 1639 5057 area:
1684 4999 1958 5057 catholicae

379 5110 564 5162 tritura
594 5115 843 5174 tanquam
867 5101 1074 5172 stipnlm
1099 5095 1412 5154 comminuti
1442 5104 1586 5150 sunt.
1631 5095 1774 5149 intra
1803 5095 1956 5147 istam

375 5215 553 5255 aream
580 5196 701 5252 boni
725 5207 777 5248 et
802 5193 922 5248 mali
953 5207 1071 5247 esse
1097 5197 1356 5262 possunt;
1379 5197 1525 5243 extra
1552 5201 1668 5242 eam
1691 5185 1812 5240 boni
1838 5199 1959 5238 esse

379 5311 483 5350 non
517 5299 758 5365 possunt.
781 5288 1038 5358 Quisquis
1065 5287 1132 5341 ab
1158 5285 1258 5341 hac
1284 5283 1483 5339 unitate
1509 5289 1670 5336 vento
1695 5277 1956 5348 superbia:

378 5398 626 5459 tanquam
651 5384 763 5438 sola
790 5383 934 5453 palea
958 5387 1252 5450 separatur,
1281 5391 1417 5432 arcte
1440 5374 1718 5428 dominicre
1747 5380 1959 5442 propter

441 5567 456 5598 ι
483 5567 619 5620 aditi,
644 5565 839 5627 [iu-tum.
866 5560 1030 5627 Aptius
1050 5559 1128 5608 hic
1151 5556 1463 5627 Floriacensis
1485 5554 1658 5627 cedes,
1681 5551 1863 5627 ﬁction.

440 5628 461 5657 ι
481 5630 552 5674 sie
583 5617 688 5675 ats's.
715 5633 769 5674 At
791 5617 920 5678 Lovf,
941 5621 1143 5672 obscura
1165 5620 1223 5669 ab
1245 5619 1443 5669 istorum
1466 5617 1750 5681 approbriis,
1769 5623 1864 5664 ete.

442 5687 516 5804 (ag
549 5688 660 5756 Vide
685 5694 885 5735 Rett'act.
914 5687 998 5734 fil).
1024 5683 1068 5742 2,
1093 5695 1196 5744 cap.
1222 5682 1299 5730 3i.

471 5747 494 5791 ίι
556 5749 665 5794 \tde
689 5748 810 5795 infra
835 5749 880 5795 in
906 5746 1195 5804 Appendice.

471 5746 516 5804 ίι)
556 5748 665 5794 \ide
689 5748 810 5795 infra
835 5749 880 5795 in
906 5746 1195 5809 Appendiee.

815 325 900 382 DE
945 321 1142 380 UNlCO
1181 315 1512 375 BJPTISMO
1547 310 1816 369 CONTRA
1860 307 2294 379 l‘E‘l‘ilJANUll,
2335 314 2391 367 S.
2433 315 2796 372 AUGUSTI-Nl
2836 317 3038 372 Lini-lii
3081 318 3273 376 l'NUS.

3561 323 3664 378 612

2082 425 2418 480 commixtam
2453 429 2654 495 paleam
2682 431 2804 500 quid
2832 431 3229 486 ealmnniatur?

2151 515 2372 572 CAPUT
2418 519 2774 576 X\'ll.-—3l.
2816 523 2924 578 Nos
2968 523 3180 594 quoque
3240 523 3500 594 dit-imus,
3562 547 3659 590 nec

2081 612 2280 658 tantum
2310 607 2554 675 dicimus,
2585 627 2768 666 verum
2809 613 2967 667 etiam
2998 614 3292 670 litterarum
3317 619 3657 677 monimentis

2077 696 2450 752 ecclesiastiris
2491 710 2546 753 et
2591 702 2815 770 publicis
2862 704 3306 774 comprobatnns,
3353 707 3656 767 Secundam

2079 789 2462 860 Tigisitanum,
2493 795 2642 863 cujus
2683 808 3001 866 etmgregato
3045 800 3274 854 concilio
3316 801 3656 858 Caecilianum

2076 885 2259 943 dicunt
2299 903 2418 945 esse
2463 887 2804 958 damnatum,
2853 889 3114 947 confessis
3163 892 3538 962 traditoribus,
3588 913 3656 952 ne

2075 980 2306 1035 schisma
2338 980 2490 1036 fieret
2511 1021 2527 1049 ,
2560 997 2742 1052 pacem
2771 983 2985 1039 dedisse
3004 1027 3018 1048 ,
3065 1001 3186 1040 cum
3217 987 3268 1041 et
3299 966 3470 1042 cidem
3499 991 3597 1058 ipsi
3625 1007 3655 1046 a

2076 1070 2344 1140 Purpurio
2375 1071 2702 1126 Limatensi‘
2735 1074 2936 1128 crimen
2969 1075 3266 1130 traditionis
3296 1075 3481 1132 fuisset
3506 1080 3654 1148 obje-

2074 1170 2238 1214 cunn.
2272 1160 2506 1218 Dicimus
2532 1163 2795 1220 Victorem
2847 1163 3314 1220 Rusiccadienscm
3341 1210 3355 1233 ,
3391 1167 3649 1224 Donatum

2075 1251 2437 1306 Calamensem
2460 1294 2475 1318 ,
2525 1253 2782 1308 Donatum
2813 1253 3211 1310 Mascalitanum
3232 1299 3248 1324 ,
3297 1259 3554 1314 Marinum
3583 1263 3653 1316 ab

2078 1343 2572 1412 Aquis-Tibilitanis
2589 1383 2604 1410 ,
2634 1344 2904 1399 Silvanum
2930 1347 3226 1403 Cirtensem
3251 1349 3413 1405 fuisse
3440 1351 3654 1406 tradito-

2074 1445 2160 1485 res
2179 1473 2192 1498 ,
2216 1433 2537 1503 eosdemque
2563 1436 2712 1504 quasi
2762 1436 3073 1491 traditurum
3101 1440 3468 1496 severissimos
3496 1443 3652 1496 dam-

2075 1533 2306 1578 natores.
2340 1524 2451 1579 lloc
2476 1525 2760 1594 probamus
2791 1521 2854 1581 “et
2882 1528 3286 1595 ecclesiasticis,
3334 1541 3390 1586 et
3431 1533 3654 1587 municia

2075 1615 2279 1684 palibus
2298 1657 2312 1681 ,
2344 1625 2398 1670 et
2439 1615 2777 1685 jndicialibus
2805 1618 2988 1685 gestis.
3014 1617 3118 1673 Sed
3147 1635 3246 1674 nec
3273 1620 3395 1675 ideo
3424 1623 3652 1676 traditos

2074 1722 2159 1761 res
2188 1717 2310 1761 sunt
2359 1723 2545 1762 omnes
2595 1707 2648 1762 in
2703 1718 2850 1776 parte
2897 1708 3119 1775 Donati,
3166 1713 3287 1780 quia
3346 1713 3399 1766 in
3449 1729 3511 1767 ea
3562 1715 3653 1770 isti

2073 1797 2318 1864 fuerunt;
2350 1814 2449 1852 nec
2477 1798 2595 1854 ideo
2643 1809 2725 1854 est
2771 1801 3026 1855 innocens
3054 1818 3174 1870 pars
3201 1803 3424 1871 Donati,
3474 1806 3518 1858 si
3565 1808 3648 1860 isti

2073 1889 2380 1945 innocentes
2400 1905 2430 1943 a
2453 1891 2750 1946 traditionis
2766 1891 3038 1962 iniquitate
3061 1904 3438 1950 monstrentur.
3465 1896 3651 1951 Melius

2069 1983 2210 2035 enim
2258 1982 2502 2038 audimus
2538 1992 2775 2039 sanctam
2807 1984 3166 2052 Scripturam,
3211 2001 3368 2056 quam
3412 1988 3493 2042 vel
3534 1989 3650 2042 cui-

2068 2088 2223 2141 quam
2243 2074 2630 2128 calumniamur
2650 2074 2718 2129 de
2739 2075 2970 2144 peccatis
2990 2076 3178 2130 alienis
3193 2118 3206 2141 ,
3234 2076 3316 2130 vel
3333 2077 3645 2146 cujusquam

2068 2165 2291 2218 similem
2333 2165 2654 2219 calumniam
2701 2165 3066 2220 formidamus.
3127 2167 3311 2220 Anima
3352 2168 3492 2222 enim
3535 2177 3647 2236 υκαι

2069 2266 2271 2325 per-cut,
2303 2257 2414 2326 ipsa
2441 2258 2679 2311 morietur
2707 2257 2917 2330 (Ifzecli.
2955 2275 3081 2313 xvul
3104 2300 3119 2324 ,
3168 2259 3225 2329 4)
3263 2277 3277 2314 :
3333 2269 3418 2324 el,
3469 2261 3645 2315 Unus-

2067 2348 2271 2416 quisque
2298 2349 2559 2417 prOprium
2587 2365 2714 2402 onus
2741 2349 2953 2415 portabit
2978 2348 3170 2418 (Calui.
3196 2364 3246 2402 γι
3268 2390 3282 2414 ,
3311 2351 3394 2418 5):
3427 2360 3478 2404 et
3499 2392 3513 2410 .
3549 2351 3649 2417 Qui

2067 2439 2336 2490 mandarat
2360 2447 2407 2491 et
2433 2438 2552 2490 bibit
2570 2439 2774 2508 indigne
2793 2480 2806 2503 ,
2827 2454 2930 2492 non
2950 2439 3099 2492 alteri
3122 2481 3133 2500 ,
3163 2438 3253 2492 sed
3282 2439 3376 2492 sibi
3393 2441 3647 2511 judicium

2068 2526 2338 2579 manducet
2363 2536 2408 2580 et
2433 2526 2552 2580 bibit
2582 2527 2621 2598 (Ι
2658 2528 2772 2581 Cor.
2807 2544 2855 2582 at
2882 2569 2896 2594 ,
2938 2528 3048 2598 29.).
3080 2530 3140 2582 Et
3163 2529 3406 2582 sinuntur
3427 2541 3648 2597 utraque

2065 2634 2307 2674 crescere
2338 2635 2504 2688 usque
2533 2619 2599 2672 ad
2638 2635 2906 2682 messem,
2959 2636 3059 2682 ne,
3105 2635 3223 2674 C-llm
3271 2632 3393 2676 ante
3443 2631 3648 2688 tempus

2065 2709 2384 2778 colliguntur
2456 2709 2686 2771 zizania,
2743 2710 3042 2764 eradicetur
3097 2710 3253 2764 simul
3297 2721 3352 2764 et
3410 2713 3640 2764 triticum

2067 2799 2281 2869 (:ilall/t.
2315 2815 2445 2866 xm,
2493 2800 2562 2856 29
2583 2842 2596 2864 ,
2641 2800 2735 2864 50)
2770 2817 2782 2852 :
2813 2808 2869 2853 et
2897 2801 3166 2854 commixti
3197 2800 3411 2870 optimis
3441 2806 3646 2869 pascuis

2066 2889 2203 2946 haedi
2235 2893 2458 2962 agnique
2487 2902 2793 2962 pascuntur,
2823 2893 2995 2947 donec
3020 2909 3048 2946 a
3078 2903 3324 2962 pastore,
3352 2895 3440 2962 qui
3465 2907 3646 2947 ειη-,ιτα

2067 2996 2172 3036 non
2202 2993 2406 3050 potest,
2435 2995 2782 3052 segregentur
2813 2981 2924 3052 (Id.
2956 2998 3097 3049 xxv,
3147 2982 3216 3038 52
3237 3023 3250 3046 ,
3280 2985 3369 3053 55)
3417 3001 3429 3036 :
3475 2995 3528 3037 et
3573 2999 3642 3036 ex

2067 3074 2207 3126 omni
2233 3089 2430 3142 genere
2459 3074 2682 3143 piscium
2714 3075 2844 3128 retia
2874 3075 3209 3143 complentur
3237 3075 3256 3104 ⁸
3286 3075 3519 3134 unitat‘s,
3557 3073 3646 3126 ιιοι

2064 3179 2163 3218 nec
2181 3164 2250 3218 ad
2269 3164 2524 3233 judicium
2547 3165 2742 3219 littoris
2764 3165 3117 3234 perducantur
3139 3165 3248 3236 (Id.
3275 3181 3390 3230 xm,
3417 3166 3506 3230 47,
3529 3166 3641 3236 43).

2063 3253 2172 3308 Nisi
2191 3254 2330 3324 quod
2355 3255 2438 3309 isti
2461 3272 2554 3310 sua
2579 3270 2824 3324 perversa
2848 3255 3086 3324 falsaque
3105 3256 3366 3310 sententia
3386 3256 3484 3323 sibi
3509 3271 3645 3324 pra:-

2060 3345 2330 3415 judicant,
2373 3347 2465 3416 qui
2493 3359 2709 3417 propter
2735 3348 2906 3401 aliena
2936 3357 3148 3416 peccata
3176 3349 3317 3416 jnste
3355 3363 3416 3402 se
3459 3347 3645 3401 dicunt

2063 3438 2130 3492 ab
2159 3438 2304 3492 orbis
2327 3437 2601 3493 christiani
2625 3439 2998 3492 communione
3041 3448 3312 3506 separatos
3340 3456 3354 3490 :
3386 3455 3477 3508 per
3506 3437 3646 3492 hanc

2064 3530 2206 3583 enim
2245 3529 2528 3583 absurdam
2561 3529 2902 3598 insanamque
2944 3529 3245 3597 epiniOnem
3275 3529 3373 3597 ipsi
3419 3529 3638 3594 faciunt,

2066 3629 2123 3672 ut
2151 3619 2226 3672 eis
2251 3617 2602 3686 quorumdam
2629 3633 2844 3672 suorum
2875 3629 3089 3688 peccata
3117 3618 3362 3674 omnibus
3387 3619 3645 3688 imputeu-

2065 3719 2168 3762 tur.
2194 3708 2342 3776 Quod
2365 3710 2409 3762 si
2427 3709 2631 3779 justum
2654 3710 2997 3772 arbitrantur,
3023 3707 3097 3762 rei
3121 3718 3240 3764 sum
3259 3722 3442 3762 omnes
3462 3709 3646 3777 cujus-

2068 3802 2198 3856 libet
2223 3801 2362 3868 apud
2391 3817 2449 3856 se
2497 3802 2550 3856 in
2578 3817 2684 3856 uno
2727 3800 2943 3854 homine
2992 3800 3186 3854 inventi
3227 3798 3643 3852 manifestissimi

2066 3893 2302 3946 criminis
2336 3911 2348 3946 :
2379 3891 2424 3944 si
2452 3899 2627 3945 autem
2657 3891 2754 3943 hoc
2774 3928 2789 3955 ,
2813 3891 2950 3944 sicut
2974 3889 3224 3958 injustum
3250 3897 3328 3943 est
3348 3930 3364 3953 ,
3388 3887 3644 3957 injustam

2066 3999 2187 4038 esse
2208 3991 2562 4052 cognoscunt,
2589 3981 2668 4036 rei
2695 3991 2819 4036 sunt
2840 3996 3027 4036 omnes
3058 3980 3403 4051 iniquissima:
3433 3995 3640 4049 separa-

2066 4077 2244 4130 tionis.

2133 4165 2359 4220 CAPUT
2404 4165 2784 4220 XV'lll.--52.
2825 4163 2940 4217 Jam
2983 4178 3110 4216 vero
3151 4160 3400 4232 quoniam
3449 4161 3500 4214 in
3547 4161 3644 4213 hoc

2064 4273 2310 4312 sermone
2335 4256 2400 4310 de
2432 4257 2588 4310 unico
2631 4256 2798 4325 magis
2845 4255 3116 4322 Baptismo
3159 4253 3379 4322 anestio
3425 4261 3539 4314 est,
3587 4259 3644 4304 ut

2064 4349 2204 4403 unde
2233 4357 2404 4418 coepta
2435 4357 2518 4402 est
2546 4356 2724 4400 nostra
2750 4345 3036 4414 disputatio
3053 4343 3418 4405 concludatur,
3438 4343 3573 4395 sicut
3591 4342 3640 4394 in

2064 4442 2174 4511 ipsa
2201 4442 2399 4494 unitate
2427 4439 2704 4492 dominica:
2733 4453 2870 4490 arcte
2889 4445 2922 4500 ,'
2952 4451 3049 4490 nec
3079 4447 3295 4505 propter
3333 4435 3502 4487 bonos
3533 4433 3644 4484 ian-

2063 4533 2219 4588 dandi
2239 4542 2362 4588 sunt
2381 4531 2629 4598 Inali,nec
2647 4539 2860 4600 propter
2874 4530 3042 4583 malos
3053 4528 3331 4584 deserendi
3350 4535 3471 4582 sunt
3488 4525 3608 4577 boni
3628 4542 3640 4579 ε

2064 4627 2142 4680 sic
2169 4625 2188 4656 ³
2208 4625 2258 4678 in
2286 4638 2393 4678 uno
2423 4622 2637 4676 homine
2660 4636 2756 4675 nec
2783 4631 2997 4690 promer
3026 4619 3149 4674 illud
3178 4619 3318 4689 quod
3351 4620 3399 4672 iu
3420 4635 3486 4673 eo
3513 4620 3645 4671 inte-

2062 4733 2213 4786 grum
2229 4724 2330 4779 est,
2350 4714 2466 4783 ejus
2482 4722 2566 4768 est
2590 4711 2895 4780 accipienda
2917 4710 3270 4780 perversitas;
3301 4724 3397 4763 nec
3425 4718 3644 4777 propter

2064 4808 2190 4864 illud
2209 4805 2350 4879 quod
2379 4807 2431 4860 in
2449 4819 2514 4860 eo
2543 4817 2845 4873 perversum
2865 4811 2962 4867 est,
2990 4801 3170 4870 negari
3192 4799 3484 4868 debctejus
3512 4800 3636 4851 inte-

2063 4905 2225 4974 gritas
2246 4920 2260 4957 :
2283 4901 2405 4973 quia
2431 4909 2484 4955 et
2513 4899 2564 4953 in
2586 4897 2890 4953 Judzeorunt
2921 4895 3197 4964 iniquitate
3219 4892 3488 4948 detinetur
3507 4890 3643 4943 veri-

2067 5006 2146 5050 tas
2163 4990 2572 5049 resurrectionis
2591 4995 2923 5043 mortuorum
2945 5003 2960 5052 ;
2984 4995 3040 5040 et
3061 4985 3112 5038 in
3139 4983 3428 5040 Gentilium
3448 4980 3642 5049 iniqui-

2066 5098 2170 5142 tate
2191 5086 2460 5142 detinetur
2476 5083 2672 5137 veritas
2687 5080 2845 5135 unius
2864 5079 2979 5144 Dei,
2998 5077 3086 5146 qui
3107 5073 3342 5130 condidit
3364 5072 3639 5127 mundum:

2065 5184 2118 5228 et
2145 5172 2196 5226 in
2228 5183 2412 5225 eorum
2442 5167 2745 5236 iniquitate,
2767 5163 2854 5234 qui
2880 5178 2999 5218 cum
3019 5160 3232 5216 Christo
3259 5157 3376 5228 quia
3407 5171 3514 5210 non
3539 5154 3648 5209 col-

2065 5263 2264 5332 ligunt,
2291 5267 2579 5330 spargunt,
2610 5255 2878 5312 detinetur
2915 5253 3108 5308 veritas
3138 5247 3277 5322 qua‘
3305 5250 3357 5304 in
3385 5247 3502 5317 ejus
3543 5259 3642 5300 no-

2132 5547 2144 5574 ι
2175 5549 2222 5590 tn
2245 5548 2372 5599 uss,
2400 5533 2668 5599 [ἐπίσταιδὰ

2129 5607 2149 5636 ¹
2175 5591 2484 5653 ιἸυι-ὶιιοέιιείε
2505 5598 2677 5652 codex,
2703 5591 3001 5644 contrahunt.

2133 5668 2153 5698 ³
2176 5651 2311 5721 editi,
2331 5670 2398 5712 ut.
2417 5659 2731 5710 Eruendantur
2753 5656 2812 5704 ad
2834 5656 3051 5704 codicem
3089 5651 3453 5700 Flor-lacerum].

2136 5735 2155 5759 ⁵
2178 5729 2313 5786 Edtti,
2335 5723 2465 5792 quia.
2492 5721 2657 5770 Melius
2684 5727 2808 5778 .uss.,
2831 5730 2940 5778 qua.
