4024 6196
300 325 396 386 615

300 448 431 501 mine
459 439 659 511 pellunt
686 441 928 512 spiritum
955 442 1319 506 immundum;
1350 449 1405 497 et
1446 441 1498 495 in
1545 441 1863 510 templorum

298 534 661 604 sacrilegorum
690 531 966 603 iniquitate
993 533 1205 588 inventa
1229 542 1313 588 est
1336 531 1565 596 veritas,
1597 547 1700 602 qua
1730 531 1863 586 cole-

298 628 415 681 bant
442 625 675 694 ignotum
708 623 903 690 Deum;
935 632 989 679 et
1032 623 1083 678 in
1109 621 1410 678 dtemonum
1457 621 1733 694 iniquitate
1776 622 1862 676 in-

745 322 803 379 S.
834 322 1199 383 AUGUSTINI
1231 322 1528 383 EPISCOPI
1568 323 1992 383 BREVICULUS
2028 322 2479 382 COLLATIONiS
2516 326 2655 383 CUM
2696 300 3111 385 DONATISTIS.

3444 334 3546 393 ΒΗ

1969 449 2126 495 vetita
2172 449 2254 495 est
2283 441 2478 495 veritas
2502 482 2516 507 ,
2573 456 2674 511 qua
2721 440 2950 496 confessi
2973 451 3107 501 suit
3145 441 3437 501 Christum.
3468 446 3556 503 Sic

1970 539 2026 587 et
2072 532 2123 586 in
2179 530 2548 587 hmrcticorum
2614 533 2891 603 iniquitate
2946 535 3159 588 inventa
3204 536 3396 591 veritas
3451 554 3559 593 non

1968 621 2209 693 neganda
2251 631 2352 689 est,
2404 637 2507 692 qua
2560 623 2831 678 detinetur
2854 622 3111 694 Baptismi
3140 635 3555 681 sacramentum.

296 758 406 828 Non
434 763 606 812 exstat
625 755 759 812 liber
790 755 859 812 de
884 755 1287 811 Maximianistis
1314 763 1499 811 contra
1525 754 2109 879 Dpnalistaishquiipost
2132 769 2268 881 opuss
2294 754 2362 811 d-e
2384 753 2554 812 Unico
2585 756 2856 826 Baptismo
2882 757 3175 813 collocatur
3199 758 3252 812 in
3283 758 3560 815 Rctracta«

1592 841 1768 879 tonum
1821 844 1833 879 l
1877 842 1935 880 ['0
2000 867 2013 881 .
2035 840 2154 881 CQD.
2184 843 2217 879 ο
2260 864 2273 877 .

1592 841 1768 879 tonum
1800 840 1935 880 ιιι)νο
1956 840 2013 889 3,
2035 840 2154 896 cap.
2184 840 2273 881 οδ.

1676 950 1679 953 .
2322 946 3386 960 .__.________.___.__

318 945 3495 1001 Μ

1190 1076 1332 1149 DE
1380 1077 2163 1164 SUBSEQUENTE
2227 1079 2621 1166 OPERE,

1367 1228 1470 1268 LIB.
1503 1228 1538 1267 ιι
1568 1228 2042 1269 IBTRAC‘I'ATIONUI
2087 1228 2257 1270 CAPUT
2285 1230 2476 1269 XXXIX.

358 1330 705 1398 Posteaquam
732 1326 867 1382 facta
897 1333 979 1380 est
1003 1340 1124 1381 cum
1154 1325 1443 1379 Donatistis
1474 1334 1653 1380 nostra
1675 1322 1903 1381 Collatia
1928 1326 2025 1398 (a),
2057 1327 2293 1382 breviter
2334 1328 2751 1381 commemoravi
2777 1344 2895 1399 quzc
2923 1339 3071 1399 gesta
3097 1332 3235 1396 sint,
3261 1332 3560 1406 litterisque

291 1421 699 1493 comprehendi,
731 1418 1019 1474 secundum
1048 1426 1157 1473 tres
1183 1416 1300 1471 dies
1325 1417 1517 1488 quibus
1560 1433 1680 1472 cum
1709 1419 1790 1472 eis
1813 1419 2135 1473 contulimus
2180 1436 2194 1471 :
2237 1418 2397 1489 idque
2448 1433 2582 1488 opus
2625 1420 2754 1475 utile
2802 1422 3134 1487 existimavi,
3182 1440 3288 1493 quo
3336 1427 3562 1497 quisque

292 1514 675 1576 commonitus,
703 1512 788 1568 vel
819 1511 953 1565 sciat
979 1510 1096 1564 sine
1145 1508 1326 1563 labore
1352 1508 1477 1579 quid
1505 1519 1680 1563 act-um
1721 1510 1821 1575 sit,
1869 1509 1952 1564 vel
2004 1509 2264 1577 consultis
2305 1510 2583 1575 numeris,
2626 1526 2761 1578 quos
2810 1512 2975 1566 rebus
3013 1513 3236 1582 singulis
3274 1518 3557 1580 annotavi,

291 1609 420 1678 legat
451 1608 508 1662 in
536 1604 736 1661 eisdem
766 1603 930 1673 gestis
970 1600 1035 1655 ad
1066 1600 1240 1656 locum
1256 1599 1629 1672 quodcumque
1658 1600 1917 1667 voluerit;
1951 1602 2200 1671 quoniam
2215 1599 2435 1670 fatigant
2464 1601 2549 1653 illa
2574 1601 2733 1655 nimia
2762 1602 3062 1669 prolixitate
3092 1604 3365 1659 lectorem.
3396 1606 3563 1676 llujus

288 1707 463 1752 autem
490 1697 669 1767 operis
698 1693 882 1749 titulus
910 1701 994 1747 est
1012 1731 1027 1759 ,
1057 1689 1367 1746 Breviculus
1392 1687 1724 1745 Collationis.
1756 1690 1871 1745 lloc
1900 1705 2034 1760 opus
2063 1690 2141 1744 sic
2166 1689 2352 1759 incipit
2379 1706 2392 1741 :
2422 1687 2549 1743 Cum
2575 1690 2810 1744 catholici
2838 1691 3060 1761 episcopi
3088 1702 3135 1747 et
3160 1696 3320 1762 partis
3349 1694 3557 1751 Donati.

347 1830 417 1892 (α)
448 1834 585 1896 Facta
610 1824 900 1896 estpollatio
921 1836 1093 1896 mense
1110 1822 1246 1896 iunio
1266 1824 1385 1896 anni.
1407 1821 1824 1896 dithpollationis’
1836 1819 2113 1896 ergohhicce
2135 1820 2416 1896 Br‘eviculus
2428 1821 2896 1896 subgejusdemianni
2920 1821 2973 1896 «ει
3036 1820 3181 1896 linem
3214 1825 3423 1896 scriptus
3463 1834 3556 1896 est.

288 1882 549 1941 De'eodetn
573 1888 817 1937 Breviculo
851 1888 899 1936 in
932 1888 1075 1947 Epist.
1111 1882 1224 1943 139,
1267 1884 1325 1933 ad
1352 1882 1690 1947 Marcellinum,
1716 1896 1764 1931 n.
1794 1884 1868 1947 δέ
1900 1882 1933 1928 ἀ
1950 1884 2077 1930 sicut
2117 1882 2232 1947 mihi
2272 1882 2360 1947 fuit
2388 1883 2625 1947 Breviatio
2646 1891 2897 1947 gestorum
2928 1882 3202 1947 Collationis
3238 1882 3417 1947 nostra:
3443 1891 3561 1935 satis

295 1970 318 1997 ι
337 1962 694 2012 ορθιοοδειιειιιιι
716 1949 936 2012 viderem
961 1941 1219 2012 neminem
1242 1959 1305 2012 se_
1321 1945 1455 1995 velle
1477 1952 1611 2012 tanto
1641 1946 1812 2006 aggeri
1838 1943 2112 1992 litterarum
2143 1941 2357 2012 legendo
2379 1941 2683 2012 committere
2697 1957 2719 2012 _:
2746 1945 2871 2012 sicut
2895 1945 3008 1993 mihi
3041 1944 3161 2012 _fuit_
3180 1946 3326 1995 etiam
3354 1948 3557 2012 Ειὶδιυιιι

289 2074 376 2135 Epit

294 2031 316 2057 ι
340 2005 396 2077 ad
417 2005 714 2077 ipsesglaicqs
735 2009 1005 2077 Donatistas
1019 2007 1083 2056 de
1106 2007 1195 2077 hac
1217 2006 1391 2077 eadem
1413 2005 1671 2077 collatione
1686 2005 1875 2077 nostra,
1912 2018 2057 2076 quam
2092 2005 2238 2077 modo
2271 2005 2453 2077 aliquot
2476 2005 2887 2077 lticttbrationibus
2910 2005 3193 2077 terminavi._

366 2027 396 2061 α
417 2027 432 2060 1
457 2027 549 2059 ISOS
568 2027 714 2059 lalCOS
737 2027 1005 2058 nonattst
1019 2027 1083 2056 uc
1107 2027 1195 2055 nat:
1217 2027 1391 2055 cauum
1413 2027 1671 2055 unuuuuc
1694 2027 1875 2062 nusu'a,
1912 2027 2057 2067 quam
2097 2027 2238 2051 ule
2271 2027 2453 2065 auquut
2476 2027 2887 2052 tucum‘uuuumua
2912 2027 3183 2054 lcnutltau.
3210 2027 3231 2049 ι
3273 2027 3472 2055 nursqu
3509 2027 3556 2056 In

366 2027 488 2122 stoia
508 2072 612 2136 185.
638 2070 697 2119 ad
721 2070 1030 2136 tionifacium,
1059 2081 1109 2117 n.
1134 2068 1199 2115 6:
1229 2067 1678 2136 siquemadmodum
1701 2075 1885 2125 autem,
1909 2082 1932 2110 ι
1973 2068 2143 2136 inquit,
2173 2082 2195 2109 ι
2216 2065 2264 2112 in
2288 2066 2391 2136 ipsa
2411 2064 2673 2136 Collatione
2704 2065 2862 2136 modis
2892 2067 3116 2136 omnibus
3151 2068 3261 2116 victi
3292 2070 3407 2123 sint,
3440 2082 3562 2136 quo-

2209 2003 2238 2051 ο
2271 2003 2453 2065 aliquot
2476 2003 2887 2065 lucubrationibus
2910 2005 3183 2054 terminavi.
3210 2023 3231 2049 ι
3273 2003 3472 2055 Rursum
3509 2009 3556 2056 in

291 2125 465 2200 (niam
487 2125 630 2182 valde
654 2129 838 2200 proliyta
860 2137 975 2200 sunt
1005 2125 1172 2200 gesta,
1189 2135 1247 2200 et
1267 2129 1357 2200 tibi
1389 2129 1498 2200 aliis
1518 2130 1909 2200 relntsﬁomanae
1937 2125 2050 2200 paci
2073 2125 2364 2200 necessariis
2392 2133 2643 2188 occupato,
2669 2125 2873 2200 multum
2899 2135 2977 2176 est
3011 2134 3068 2200 ut
3097 2125 3559 2200 legantur._8re'viao

292 2212 315 2240 ι
335 2195 460 2243 rium
487 2189 667 2242 eorum'
680 2191 765 2242 tibi
784 2191 883 2254 legi
908 2189 1105 2254 forsitan

288 2272 313 2300 ι
335 2261 433 2304 test
454 2254 680 2304 facillime
702 2250 931 2315 aocip'ere
953 2250 1018 2300 de
1042 2250 1252 2299 Ecclesia
1266 2250 1496 2298 sitit‘ensi.
1517 2265 1541 2294 ι

1189 2190 1320 2253 terit,
1337 2189 1474 2253 quod
1497 2190 1644 2238 credo
1665 2189 1853 2238 habere
1872 2187 2073 2238 fratrem
2098 2195 2151 2237 et
2171 2187 2510 2250 coepiscotmm
2531 2199 2697 2235 meum
2713 2193 2966 2249 Optattnn;
2990 2193 3075 2237 aut
3094 2189 3137 2237 si
3156 2187 3267 2237 ‘non
3286 2188 3451 2250 habet,
3477 2203 3561 2253 po.

3254 2361 3405 2371 ~—

322 2362 337 2371 δι
1691 2358 1711 2365 ’-
1824 2356 1909 2363 ⁴”.-
3254 2361 3405 2371 ’,σς-η

302 2356 3524 2415 m

898 2490 1046 2629 Su
1126 2491 1885 2602 AUBELII

1974 2488 2971 2603 AUGUSTI!!!

3382 2397 3505 2409 --ἡ

1464 2672 1979 2741 ΗΙΡΡῸΝΕΝ818
2029 2680 2383 2743 EPISCOPI

1127 2837 2646 3005 BREVICULUS

422 3104 1622 3240 COLLATIONIS
1681 3103 2078 3234 CUM
2168 3102 3241 3243 DONATISTIS
3290 3108 3395 3240 "’.

1708 3292 2126 3348 τεκῡθιοιευιε

1199 3400 1753 3547 @otlatio
1871 3398 2244 3578 primi
2343 3402 2626 3543 Diei.

340 3646 650 3701 Purmo.
694 3674 766 3685 —-
802 3642 1249 3701 Cum.Catholici
1299 3640 1533 3711 episcopi
1589 3649 1643 3693 et
1691 3637 1858 3708 partis

271 3733 487 3801 Donati,
527 3733 678 3805 jussu
716 3733 1057 3805 Imperatoris
1102 3730 1213 3806 (a),
1254 3728 1573 3799 disputando
1618 3727 1756 3779 inter
1800 3740 1859 3780 se

271 3829 439 3895 gestis
461 3824 600 3893 apud
631 3824 898 3879 tribunum
929 3832 983 3878 et
1012 3823 1274 3877 notarium
1290 3817 1653 3873 Marcellinum
1675 3815 1858 3884 cogni-

275 3926 444 3970 torem
475 3914 669 3971 habitis
709 3914 1099 3979 contulissent,
1129 3912 1350 3966 multum
1401 3908 1605 3979 prolixa
1649 3920 1861 3961 eorum-

274 4004 397 4061 dem
424 4015 694 4077 gestorum
732 4013 818 4060 est
843 4004 975 4060 facta
1003 4002 1324 4072 conscriptio
1347 4042 1361 4064 ,
1402 3997 1642 4069 quamvis
1676 4002 1861 4066 posset

273 4105 442 4152 totum
475 4097 640 4151 multo
666 4096 878 4152 brevius
912 4096 1016 4166 agi.
1043 4094 1152 4151 Sed
1182 4094 1269 4164 qui
1295 4107 1507 4148 causam
1534 4091 1725 4147 bonam
1752 4103 1858 4143 non

269 4202 328 4242 se
356 4187 559 4243 habere
583 4188 840 4255 sciebant,
875 4188 926 4242 id
954 4197 1178 4259 egerunt
1208 4187 1435 4257 primum
1474 4191 1725 4255 quantum
1761 4198 1861 4253 po-

273 4288 507 4347 luerunt,
532 4289 591 4335 ut
611 4296 679 4336 ne
704 4282 815 4351 ipsa
839 4280 1064 4335 Collatio
1088 4279 1260 4346 ﬁeret,
1288 4285 1345 4333 et
1372 4286 1429 4332 ut
1456 4290 1673 4347 prorsus
1700 4289 1861 4331 causa

274 4372 387 4442 ipsa
418 4388 528 4428 non
557 4382 821 4443 ageretur.
853 4372 959 4428 Sed
982 4372 1101 4443 quia
1130 4370 1232 4425 hoc
1255 4370 1498 4426 obtinere
1524 4368 1741 4422 minime
1759 4382 1858 4438 po-

273 4470 528 4527 tuerunt,
572 4463 626 4517 id
680 4462 971 4518 effecerunt
1014 4461 1399 4532 multiplicitate
1437 4468 1701 4529 gestorum
1726 4500 1740 4521 ,
1803 4466 1860 4511 ut

270 4554 413 4623 quod
436 4561 614 4609 actum
640 4562 739 4618 est,
770 4568 876 4607 non
911 4552 1064 4607 facile
1098 4552 1383 4622 legeretur.
1412 4548 1563 4606 Unde
1584 4549 1752 4602 visum
1779 4555 1861 4601 est

274 4640 372 4697 isto
396 4642 667 4698 breviat-io
693 4655 882 4698 cuncta
912 4641 1190 4712 complecti
1214 4681 1229 4707 ,
1255 4649 1315 4695 ut
1340 4638 1407 4694 ad
1435 4640 1582 4710 signa
1607 4654 1858 4692 numero-

270 4750 410 4803 rum,
438 4750 559 4806 quae
585 4744 639 4789 ct
683 4735 737 4789 in
768 4735 871 4790 isto
914 4733 1207 4799 breviculo,
1235 4740 1290 4788 et
1313 4732 1365 4786 in
1412 4731 1539 4801 ipsis
1561 4730 1725 4801 gestis
1760 4745 1857 4781 an-

197 4894 205 4905 .
269 4836 557 4893 notantur,
583 4828 698 4881 sine
737 4825 1044 4881 difﬁcultate
1062 4825 1287 4895 quisque
1315 4824 1551 4879 inveniat
1576 4821 1715 4893 quod
1758 4836 1857 4877 vo~

269 4915 447 4973 luerit.

337 5006 566 5064 CAPUT
616 5004 900 5065 PRIMUII.
948 5038 1020 5050 —
1072 5007 1332 5078 Ingressis
1380 5008 1558 5078 itaque
1620 5007 1858 5076 utrisque

268 5098 527 5167 partibus,
557 5099 730 5169 primo
778 5099 897 5154 loco
940 5099 1219 5154 recitatum
1270 5106 1353 5154 est
1399 5098 1711 5168 rescriptum
1756 5099 1856 5152 im-

268 5190 532 5259 peratoris
567 5188 640 5265 (ὁ)
662 5232 679 5259 ,
709 5204 814 5261 quo
846 5188 1005 5260 jussit
1031 5188 1380 5245 Collationem
1408 5189 1546 5244 inter
1588 5190 1851 5244 niemora-

1962 3646 2045 3692 tos
2074 3639 2353 3708 episc0pos
2381 3642 2530 3709 fieri,
2561 3650 2619 3697 ut
2664 3649 3095 3716 superstitionem
3141 3654 3418 3712 manifesta
3467 3675 3554 3713 raa

1962 3728 2035 3781 tio
2056 3726 2373 3783 confutaret.

2031 3815 2258 3871 CAPUT
2284 3817 2347 3871 ll.
2376 3846 2450 3859 --
2478 3817 2726 3877 Secundo
2755 3824 2874 3880 loco
2912 3829 3186 3884 recitatum
3215 3843 3295 3887 cst
3320 3835 3549 3893 edictum

1964 3906 2129 3976 ipsius
2166 3907 2466 3978 Cognitoris
2509 3910 2632 3982 (a),
2661 3915 2801 3985 quod
2844 3932 2940 3987 per
2991 3922 3315 3989 provinciam
3366 3928 3545 3991 misit,

1963 4008 2021 4052 ut
2056 4001 2468 4055 convenirentur
2500 4004 2772 4075 utriusque
2803 4008 2967 4077 partis
3010 4011 3243 4082 episcopi
3267 4056 3282 4081 ,
3314 4025 3368 4069 et
3413 4018 3548 4073 intra

1962 4089 2100 4145 diem
2129 4091 2464 4147 calendarum
2481 4094 2750 4164 juniarum
2793 4099 3104 4156 conferendi
3141 4119 3298 4159 causa
3326 4123 3549 4178 congre-

1961 4190 2215 4251 garentur
2236 4182 2575 4254 Carthagine.
2625 4185 2680 4240 in
2720 4203 2785 4242 eo
2814 4189 2987 4245 edicto
3027 4191 3549 4271 basilicasksinejus-

1963 4273 2112 4327 sione
2140 4272 2481 4344 imperatoris
2506 4277 2734 4334 reddidit
2767 4281 3055 4339 Donatistis
3081 4326 3094 4348 ,
3132 4286 3219 4356 qui
3244 4303 3302 4341 se
3331 4290 3548 4359 pellit-c-

1963 4371 2145 4416 rentur
2161 4378 2279 4419 esse
2303 4373 2574 4431 venturos,
2600 4377 2656 4422 ut
2677 4384 2741 4424 eo
2768 4371 2925 4425 modo
2951 4388 3043 4427 eos
3068 4375 3131 4428 ad
3163 4377 3545 4437 conferendum

1963 4454 2120 4509 etiam
2147 4456 2417 4511 beneﬂciis
2446 4460 2712 4515 invitaret.
2743 4461 2797 4517 in
2824 4464 3011 4519 eodem
3051 4466 3210 4521 etiam
3246 4470 3418 4525 edicto
3448 4474 3546 4526 ob-

1964 4546 2079 4600 tulit
2107 4545 2205 4613 eis,
2247 4554 2304 4600 ιιι
2340 4549 2500 4602 alium
2554 4565 2711 4619 quem
2752 4551 2953 4607 vellent
2996 4571 3116 4610 cum
3175 4558 3265 4612 illo
3312 4560 3545 4629 jndicem

1961 4641 2380 4705 constituerent;
2407 4642 2711 4713 juravitque
2754 4659 2814 4700 se
2851 4644 2955 4701 hoc
2977 4646 3330 4715 iudicaturum
3357 4694 3371 4717 ,
3403 4655 3545 4724 quod

1962 4732 2156 4785 veritas
2206 4733 2460 4787 suasisset
2507 4752 2519 4787 :
2549 4743 2601 4788 ct
2637 4744 2829 4790 cratera
2856 4753 2974 4806 quae
3020 4738 3086 4791 ad
3117 4740 3544 4799 exhortationem

1962 4823 2383 4893 congregationis
2410 4823 2617 4878 illorum
2656 4825 2842 4881 eodem
2875 4828 3217 4884 continentur
3241 4832 3434 4887 edicto.

2032 4914 2255 4972 CAPUT
2282 4915 2367 4970 lll.
2398 4946 2473 4958 --
2526 4917 2707 4973 Tertio
2748 4918 2865 4972 loco
2895 4919 3171 4974 recitatum
3211 4933 3289 4976 cst
3318 4925 3541 4981 alterum

1961 5006 2256 5076 Coguitoris
2280 5006 2509 5061 edictum
2534 5007 2606 5079 (ὁ)
2628 5048 2643 5073 ,
2675 5008 2816 5078 quod
2858 5011 3130 5081 proposuit
3162 5012 3272 5082 jam
3304 5030 3535 5083 presen-

1961 5097 2102 5151 tibus
2126 5096 2259 5166 apud
2276 5095 2645 5166 Carthaginem
2665 5100 2935 5171 utriusque
2965 5103 3125 5171 partis
3141 5105 3420 5173 cpiscOpis.
3451 5123 3484 5176 q
3508 5109 3539 5157 tl

1955 5187 2102 5242 locus
2129 5196 2181 5241 et
2208 5187 2297 5257 qui
2344 5187 2532 5241 modus
2571 5190 2881 5245 Collationis
2925 5190 3138 5247 futurus
3176 5203 3338 5259 esset,
3380 5209 3537 5265 supra

1472 5297 1754 5338 ADIONITIO
1779 5297 1858 5336 PP.
1883 5295 2361 5336 BENEDICTINORUI.

348 5375 625 5427 mevitmlns
644 5373 916 5426 Collationis
933 5386 1043 5425 ctnn
1062 5375 1317 5425 Donatistis
1334 5373 1617 5439 recognitus
1638 5382 1715 5425 est
1730 5374 1891 5424 denuo
1905 5373 2189 5487 adivleteres
2232 5374 2472 5425 editiones
2485 5408 2500 5435 ,
2544 5373 2924 5427 destituentibus
2968 5390 3059 5429 nos
3091 5378 3171 5429 hic
3211 5379 3456 5433 codicibus

1738 5450 1957 5486 ntanuscv
1979 5451 2004 5487 υ
2032 5449 2089 5485 IS.

1738 5449 2089 5498 manuscvtptts.

344 5519 850 5601 Comparaoimus
870 5530 1173 5601 pra-terea
1200 5537 1298 5580 eas
1329 5537 1533 5581 omnes
1560 5519 1861 5581 editiones
1894 5518 2083 5581 initio
2108 5519 2682 5593 Retractationum,
2715 5530 2762 5581 t.
2793 5522 2850 5595 1,
2882 5529 3268 5585 memoratas.
3364 5522 3450 5586 Μ.

428 5621 636 5693 ﬁndimus
650 5620 744 5669 sub
759 5616 904 5669 ﬁnem
926 5619 1038 5667 anni
1057 5616 1110 5667 41
1124 5617 1165 5665 ι.

350 5682 404 5741 ιι)
436 5682 642 5730 Honorii.

350 5740 400 5805 ὓ)
434 5743 692 5793 Exhibctur
714 5740 835 5791 infra
857 5741 906 5791 in
930 5739 1217 5805 Appcndice.

2003 5617 2076 5680 (tt)
2109 5615 2228 5666 Infra
2252 5619 2298 5667 in
2334 5619 2619 5680 Appendice.

2006 5678 2076 5741 (ο)
2111 5679 2225 5729 Ibid.
