4024 6196
363 332 467 389 6ὶό

366 450 510 503 dicto
534 444 620 500 dis
658 441 838 498 itidem
872 443 1288 494 commemorato
1319 440 1371 488 et
1402 430 1691 485 constituto
1721 446 1734 483 :
1765 437 1819 484 et
1849 427 1948 480 ad—

366 537 573 593 monuit
614 544 669 588 ut
699 535 745 587 ei
775 546 894 600 pars
924 540 1145 597 utraque
1184 524 1543 589 rescriberet,
1576 531 1748 576 utrum
1776 519 1956 589 plaee-

371 642 488 685 rent
513 642 629 697 qua:
653 621 1054 693 comprehendit
1084 619 1281 674 edicto.
1767 704 1801 715 ἢ
1939 696 1952 715 δ

434 717 662 775 CAPUT
712 716 797 769 IV.
848 743 918 754 —~
962 714 1159 778 Quarto
1210 710 1347 774 loco,
1378 724 1495 762 cum
1550 706 1711 776 partis
1767 704 1955 758 Donati

369 810 599 883 episcopi
648 809 916 878 exigerent
972 804 1189 875 preponi
1243 803 1342 857 sibi
1384 801 1449 855 ab
1492 798 1813 853 adversariis
1856 811 1956 865 qua

371 917 528 955 causa
575 899 798 953 fuissent
845 895 1183 965 congregati;
1237 892 1489 961 (Iognitor
1526 889 1766 951 distulit,
1810 899 1864 940 ut
1893 902 1957 941 ct

372 994 557 1048 ordine
589 992 732 1061 prius
760 990 936 1043 omnia
971 988 1343 1050 recitarentur,
1372 998 1488 1053 qua:
1515 991 1639 1035 ante
1663 981 1803 1035 diem
1836 980 1959 1033 Col-

373 1086 585 1141 lationis
626 1094 739 1137 acta
774 1082 999 1135 fuerant.
1051 1080 1111 1131 lit
1145 1077 1362 1131 recitata
1395 1084 1478 1129 est
1508 1073 1707 1131 notaria
1742 1072 1959 1125 Donati-

372 1189 572 1234 starum
610 1174 681 1248 (α)
703 1218 716 1240 ,
750 1175 801 1228 in
833 1188 932 1242 qua
962 1170 1230 1233 dixerunt,
1260 1182 1362 1220 non
1384 1165 1479 1219 sibi
1506 1164 1717 1235 placere
1740 1161 1881 1232 quod
1904 1162 1958 1215 in

383 1274 557 1327 edicto
584 1284 682 1323 suo
713 1266 909 1337 posuit,
943 1274 997 1317 ut
1022 1262 1073 1316 hi
1103 1261 1201 1315 Soli
1232 1275 1295 1314 ex
1322 1257 1584 1328 episcopis
1615 1254 1961 1309 convenirent

374 1363 440 1415 ad
471 1359 780 1415 Collationis
824 1357 1016 1419 locum,
1050 1365 1183 1422 quos
1231 1349 1297 1403 ad
1368 1351 1535 1417 ipsam
1580 1360 1792 1400 causam
1845 1358 1963 1413 per-

375 1450 631 1521 agendam
658 1446 835 1500 caueri
876 1445 1230 1512 delegissent,
1263 1442 1350 1510 qui
1400 1453 1585 1493 omnes
1632 1437 1841 1506 triginta
1867 1450 1962 1489 sex

374 1541 774 1610 complebantur
799 1579 811 1601 ,
840 1537 1020 1590 decem
1049 1543 1102 1589 et
1126 1541 1247 1586 octo
1287 1532 1408 1585 hinc
1429 1572 1442 1595 ,
1472 1541 1524 1585 et
1548 1529 1734 1584 decem
1762 1536 1815 1582 et
1843 1534 1964 1580 octo

377 1633 526 1695 imle;
561 1632 610 1684 id
640 1639 740 1693 est,
775 1639 979 1696 septem
1008 1625 1094 1695 qui
1133 1627 1271 1678 inter
1308 1637 1368 1675 se
1397 1621 1728 1689 disputarent
1751 1658 1765 1681 ,
1798 1626 1849 1672 et
1876 1616 1963 1671 alii

375 1734 579 1791 septem
607 1719 698 1790 qui
745 1717 993 1780 concilio,
1019 1716 1063 1768 si
1105 1729 1238 1782 Opus
1266 1722 1427 1775 esset,
1457 1710 1862 1772 adhiberentur,
1912 1714 1967 1761 et

377 1816 465 1870 alii
489 1813 729 1885 quaterni
776 1811 861 1881 qui
896 1811 1060 1880 gestis
1092 1804 1450 1861 custodiendis
1479 1810 1533 1857 et
1566 1797 1967 1856 conscribendis

379 1912 671 1976 prmcssent
705 1920 716 1954 :
748 1900 841 1954 sed
883 1899 1187 1969 petiverunt
1227 1911 1286 1948 se
1313 1908 1500 1947 onmes
1531 1894 1724 1961 potius,
1753 1890 1841 1959 qui
1872 1904 1967 1944 ve-

380 2004 599 2057 nerant,
624 1992 811 2047 adesse
838 1990 1063 2052 debere;
1098 1996 1153 2040 ut
1175 2000 1359 2039 eormn
1388 1996 1637 2035 numerus
1663 1988 1965 2050 appareret,

382 2088 620 2143 dicentes
646 2085 786 2154 quod
809 2097 901 2137 eos
923 2078 1212 2134 adversarii
1243 2092 1438 2146 paucos
1465 2090 1584 2128 esse
1610 2073 1816 2128 mentiti
1840 2072 1967 2127 sint.

382 2179 455 2234 lbi
483 2178 733 2231 dixerunt
761 2174 831 2227 ita
858 2189 915 2227 se
945 2186 1130 2224 omnes
1158 2168 1372 2223 venisse
1414 2176 1582 2234 usque
1607 2164 1672 2217 ad
1713 2162 1967 2232 gravissi-

381 2286 501 2325 mos
525 2283 701 2331 senes,
732 2277 787 2318 ut
817 2263 868 2317 hi
898 2262 995 2315 soli
1021 2260 1288 2323 deessent,
1312 2270 1448 2327 quos
1477 2254 1701 2308 adversa
1724 2251 1970 2307 valetudo

381 2361 619 2427 corporis
649 2357 958 2429 impedisset
987 2373 999 2409 :
1024 2363 1076 2410 et
1095 2360 1286 2408 extera
1312 2366 1431 2422 qua:
1460 2348 1574 2420 ipsa
1604 2346 1811 2403 notaria
1840 2360 1969 2402 eon-

383 2455 637 2506 tinentur.

451 2544 678 2601 CAI‘UT
716 2543 781 2597 γ.
809 2573 883 2583 —
924 2541 1118 2611 Quinto
1161 2540 1277 2594 loco
1330 2537 1564 2592 recitata:
1610 2543 1734 2591 sunt
1779 2534 1973 2588 litterae

384 2639 802 2701 Catholicorum,
825 2651 956 2705 quas
980 2632 1368 2700 rcseripserunt
1394 2624 1665 2698 Cognitori
1699 2627 1775 2697 (ὁ)
1797 2668 1812 2694 ,
1839 2626 1975 2679 sieut

385 2733 560 2789 edicto
610 2735 1039 2792 commonuerat,
1088 2724 1417 2778 insinuantes
1461 2720 1764 2775 censentire
1808 2734 1867 2773 se
1905 2717 1973 2772 ad

385 2825 563 2879 oumia
602 2838 721 2891 qua:
769 2819 859 2873 illo
904 2818 1079 2872 edicto
1129 2815 1339 2869 fuerant
1376 2813 1639 2869 ordinata.
1673 2811 1730 2866 In
1769 2810 1973 2866 eisdem

386 2915 577 2970 litteris
601 2913 761 2968 etiam
793 2925 851 2965 se
878 2908 1298 2971 obstrinxerunt,
1330 2912 1385 2958 et
1406 2903 1625 2972 polliciti
1652 2909 1804 2966 sunt,
1833 2900 1975 2971 quod

387 3008 431 3060 si
464 3007 514 3059 in
547 3013 694 3073 parte
721 3000 908 3055 Donati
952 2998 1147 3052 veritas
1176 2996 1254 3049 eis
1292 2994 1749 3048 demonstraretur
1792 2989 1976 3045 Eccle-

388 3098 501 3159 situ,
534 3112 637 3147 non
668 3108 726 3147 se
758 3092 865 3145 illic
910 3088 1267 3158 episeupalem
1319 3084 1578 3139 honorem
1620 3082 1934 3153 quaesituros
1957 3121 1972 3147 ,

387 3186 481 3240 sed
510 3182 788 3238 consilium
815 3196 1000 3233 eorum
1026 3187 1301 3231 secuturos
1325 3190 1425 3244 pro
1453 3170 1971 3228 salute'christiana:

388 3278 430 3329 si
460 3286 633 3328 autem
657 3274 707 3327 in
734 3288 826 3325 sua
864 3267 1239 3324 communione
1280 3264 1455 3334 potius
1485 3263 1683 3317 veritas
1714 3260 1967 3317 ostende-

388 3377 536 3421 retur
569 3363 840 3425 Eeelesiie,
870 3361 1101 3415 honores
1127 3355 1458 3426 episcopales
1482 3354 1561 3409 eis
1592 3368 1695 3407 non
1727 3368 1787 3408 se
1817 3366 1976 3423 nega-

390 3469 535 3512 turos
566 3474 579 3509 :
607 3464 661 3510 et
693 3454 792 3508 hoc
817 3469 847 3507 a
876 3467 935 3507 se
984 3449 1097 3505 ﬁeri
1135 3449 1276 3503 bono
1306 3446 1452 3517 pacis
1472 3488 1486 3514 ,
1517 3455 1578 3500 ut
1623 3444 1979 3520 intelligerent

390 3548 441 3602 hi
469 3548 659 3618 quibus
690 3545 791 3599 hoe
818 3549 1180 3613 prmstaretur,
1210 3538 1354 3610 quod
1383 3538 1434 3595 in
1462 3537 1542 3596 eis
1569 3540 1828 3595 Catholici
1871 3555 1976 3594 non

388 3641 730 3695 christianam
772 3633 1270 3702 consecrationem,
1297 3634 1391 3689 sed
1420 3632 1707 3688 humanum
1748 3632 1978 3687 detesta—

388 3740 572 3789 reutur
591 3745 852 3787 errorem.
880 3727 1030 3797 Quod
1061 3727 1103 3781 si
1129 3726 1314 3798 plebes
1354 3724 1489 3779 duos
1516 3725 1571 3777 in
1605 3738 1708 3777 una
1738 3723 1977 3777 Ecclesia

389 3828 666 3896 epise0pos
689 3824 828 3879 ferre
858 3839 962 3876 non
994 3827 1233 3890 possent,
1263 3817 1502 3887 utrisque
1531 3815 1597 3871 de
1626 3815 1802 3871 medio
1832 3831 1981 3870 rece-

387 3918 652 3979 dentibus,
679 3914 870 3984 singuli
892 3913 1345 3968 constituerentur
1370 3907 1605 3977 episeOpi
1628 3947 1642 3972 ,
1672 3907 1738 3961 ab
1763 3907 1841 3961 eis
1867 3906 1982 3976 epi-

389 4010 563 4079 Scupis
590 4005 905 4071 ordinandi,
944 4004 1032 4071 qui
1065 4002 1118 4055 in
1148 4001 1259 4055 suis
1288 3998 1532 4069 plebibus
1557 3998 1749 4067 singuli
1777 3998 1979 4052 inveni-

389 4111 591 4154 rentur.
635 4101 688 4152 ln
732 4096 934 4152 eisdem
973 4092 1164 4147 litteris
1224 4096 1646 4146 commemorata
1696 4096 1779 4142 est
1819 4089 1977 4142 etiam

389 4207 545 4246 causa
577 4187 1100 4249 Maximianistarum,
1124 4198 1190 4239 ex
1216 4181 1461 4254 quibusa
1480 4194 1540 4233 se
1566 4178 1831 4233 damnatis
1860 4195 1982 4248 pro-

390 4295 509 4352 pter
555 4296 736 4350 pacem
782 4279 946 4348 partis
978 4274 1165 4329 Donati
1196 4281 1457 4344 quosdam
1497 4270 1549 4323 in
1580 4268 1871 4323 honoribus
1899 4270 1981 4322 in-

393 4374 553 4443 tegris
586 4372 952 4439 susceperunt,
977 4374 1028 4420 et
1057 4364 1123 4418 ab
1142 4364 1218 4418 eis
1245 4363 1426 4417 datum
1454 4361 1507 4416 in
1537 4360 1799 4429 sacrilego
1830 4360 1977 4415 schi-

390 4474 559 4519 smate
587 4462 915 4531 Baptismum
933 4474 1036 4512 non
1063 4455 1398 4512 resciderunt
1433 4472 1447 4509 :
1476 4462 1531 4510 et
1555 4462 1747 4508 cmtera
1774 4468 1893 4522 quae
1922 4452 1976 4507 in

392 4555 699 4611 memoratis
730 4552 919 4608 litteris
950 4549 1313 4605 continentur.

461 4646 685 4703 CAPUT
717 4644 803 4699 γι.
830 4674 903 4684 -
923 4643 1085 4698 Sexto
1116 4641 1231 4695 loco
1260 4638 1540 4694 recitatum
1568 4645 1650 4693 est
1675 4638 1835 4693 etiam
1864 4637 1979 4693 edi-

390 4751 535 4795 ctum
586 4737 751 4807 ipsius
779 4734 1078 4805 Cognitoris
1122 4731 1226 4802 (c),
1276 4729 1417 4800 quod
1462 4738 1815 4799 preposuerat
1854 4744 1975 4784 cum

389 4847 552 4902 snpra
572 4831 709 4884 dicta
743 4827 944 4883 notaria
959 4826 1370 4887 Donatistarum,
1400 4829 1454 4875 et
1484 4836 1641 4890 supra
1656 4819 1811 4875 dictis
1837 4820 1978 4875 litte-

393 4924 469 4981 ris
496 4922 891 4979 Catholieorum
918 4918 1193 4974 insinuans
1216 4915 1414 4987 pOpulo
1434 4930 1552 4984 quae
1576 4913 1649 4968 illi
1678 4929 1800 4984 pars
1825 4921 1974 4967 utra-

390 5032 495 5089 que
518 5014 876 5083 rescripserit.

456 5104 685 5163 CAPUT
720 5103 828 5156 \‘ll.
859 5132 930 5143 -—-
957 5100 1199 5171 Septimo
1228 5099 1348 5154 loco
1374 5098 1608 5153 recitata:
1631 5109 1756 5153 sunt
1782 5098 1974 5154 littera:

383 5199 774 5258 Catholicorum
805 5194 871 5248 ad
899 5195 1239 5264 Cognitorem
1278 5191 1417 5245 data:
1445 5190 1521 5255 (ά)
1540 5233 1553 5256 ,
1584 5191 1774 5261 quibus
1803 5192 1976 5246 Dona-

386 5297 626 5351 tistarmn
657 5290 875 5345 notari-.e
903 5288 1309 5358 responderunt,
1343 5286 1700 5343 concedentes
1728 5288 1806 5342 eis
1829 5288 1969 5358 quod

384 5380 665 5450 petierant,
712 5383 767 5429 ut
797 5374 1023 5428 universi
1052 5373 1143 5443 qui
1188 5380 1443 5426 venerant
1477 5380 1764 5442 prmsentes
1793 5383 1974 5427 essent

445 5512 518 5577 (α)
552 5510 793 5578 Interdum
813 5507 1057 5578 scribitur,
1090 5524 1115 5578 ιι
1137 5496 1339 5578 notoria.
1362 5522 1385 5550 ι
1403 5504 1676 5578 inhibetur
1693 5505 1798 5554 bree
1820 5512 1972 5556 Dona-

384 5569 603 5640 tistarum
618 5572 899 5640 Ertistolajn
921 5570 1064 5640 hujus
1087 5569 1210 5640 torni
1221 5569 1510 5640 appendiee.

443 5636 518 5748 έὸζ
551 5633 753 5697 aiis—tela
779 5633 868 5683 138
888 5635 1016 5683 inter
1039 5633 1417 5691 Angustinianas.

466 5709 493 5742 c
548 5702 597 5742 tn
620 5696 909 5748 Appendice.

470 5638 497 5683 υ
551 5638 753 5697 E;istola
779 5638 868 5706 ιίῃς
888 5638 909 5683 i1

466 5638 524 5803 ά
548 5696 909 5803 tutatast;

445 5753 524 5816 (ά)
549 5753 751 5815 Epistula
777 5756 861 5807 l29
879 5759 1005 5806 inter
1030 5753 1407 5818 augustiuianas.

1550 280 1559 287 ’
1596 314 1653 371 s.
1696 311 2059 370 AUGUSTINI
2104 311 2400 369 liPlSCUPt

2062 424 2113 481 in
2142 440 2205 481 eo
2233 428 2349 482 leco
2384 427 2470 482 ubi
2498 436 2610 483 erat
2638 427 2809 485 futura
2838 429 3061 487 Collatia
3113 450 3127 489 :
3169 442 3291 488 cum
3338 440 3513 491 tamen
3541 438 3647 492 illic

2062 534 2127 571 ex
2159 518 2445 574 Catholicis
2472 522 2734 592 episcopis
2766 523 2839 577 illi
2868 525 2964 579 soli
3006 525 3288 593 adessent,
3321 544 3456 599 quos
3476 531 3648 587 edicto
3730 576 3743 591 .

2063 623 2160 663 suo
2187 610 2437 680 Cognitor
2462 611 2767 678 definierat;
2799 626 2853 668 ut
2878 616 2921 670 si
2948 618 3139 686 aliquis
3163 620 3420 675 tumultus
3448 624 3644 679 existe-
3716 610 3742 686 ί

2065 706 2160 762 ret,
2193 700 2333 769 quod
2362 696 2618 757 Catholici
2661 698 2815 759 valde
2843 707 3145 762 metuebant
3170 750 3185 774 ,
3212 725 3318 764 non
3343 712 3446 765 illis
3475 713 3650 782 impu-
3676 777 3680 781 _
3716 715 3723 737 ‘

2067 800 2266 846 taretur
2308 794 2396 863 qui
2429 796 2729 864 paucissimi
2759 797 3038 864 adessent,
3090 802 3181 855 sed
3230 803 3308 858 eis
3361 807 3537 874 potius
3564 809 3651 877 qul

2067 884 2456 941 multitudinem
2503 904 2653 942 suam
2704 901 3020 959 praesentem
3065 908 3183 948 esse
3232 896 3545 950 voluissent.
3595 898 3652 953 In

2066 973 2267 1029 eisdem
2292 976 2482 1032 litteris
2501 979 2659 1032 etiam
2686 989 2792 1034 tota
2818 981 2930 1051 ipsa
2951 997 3109 1037 causa
3135 986 3521 1055 comprehensa
3549 999 3651 1055 est,

2069 1076 2125 1117 ut
2152 1066 2521 1122 ostenderetur
2550 1069 2791 1125 Ecclesia
2813 1072 3072 1127 catholica
3108 1089 3211 1128 non
3241 1090 3362 1130 esse
3390 1092 3511 1147 pars
3543 1079 3653 1133 Do-

2068 1156 2203 1221 nati,
2234 1157 2328 1211 sed
2372 1158 2458 1211 illa
2490 1162 2666 1229 potius
2689 1178 2805 1231 qua:
2836 1178 2931 1233 per
2961 1173 3127 1218 totum
3156 1167 3410 1222 mundum
3436 1168 3656 1224 fructifi-

2068 1255 2214 1300 caret
2241 1255 2292 1302 et
2321 1259 2623 1315 cresceret,
2658 1251 2915 1322 incipiens
2940 1255 3006 1309 ab
3043 1255 3337 1311 Jerusalem
3365 1260 3655 1315 secundum

2069 1349 2277 1391 Sacram
2306 1336 2637 1409 Scripturam
2668 1342 2830 1413 (Luc.
2859 1361 3003 1412 XXIV,
3033 1347 3137 1417 47)
3173 1364 3187 1402 :
3218 1358 3272 1403 et
3292 1350 3415 1418 quia
3448 1351 3577 1406 nihil
3606 1354 3658 1408 ei

2071 1425 2478 1494 prxjudicarent
2505 1432 2824 1502 quicumque
2850 1434 2902 1488 in
2943 1450 3004 1490 ea
3037 1438 3159 1490 mali
3189 1438 3447 1506 fuissent,
3478 1441 3661 1498 divino

2072 1518 2125 1572 in
2159 1518 2263 1574 line
2284 1519 2485 1589 judicio
2507 1525 2790 1592 separandi
2826 1544 2837 1579 :
2866 1535 2921 1580 et
2940 1529 3059 1597 quia
3082 1545 3180 1584 nec
3201 1530 3254 1584 in
3282 1531 3457 1601 ipsum
3487 1533 3659 1591 Caeci—

2073 1611 2271 1665 lianum
2298 1614 2528 1682 majores
2553 1631 2734 1671 eorum
2765 1618 2962 1688 aliquid
2991 1622 3216 1690 probare
3243 1634 3543 1693 potuerunt,
3569 1630 3661 1697 qui

2068 1701 2284 1772 judieiis
2320 1706 2693 1764 ecclesiasticis
2723 1710 2830 1782 (a),
2856 1720 2909 1766 et
2945 1714 3174 1769 maxime
3210 1715 3550 1786 Imperatoris
3586 1720 3659 1794 (ὁ)

2074 1795 2214 1865 apud
2245 1812 2405 1867 quem
2432 1798 2498 1852 ab
2524 1802 2601 1853 eis
2641 1799 2814 1856 fuerat
2855 1816 3155 1871 accusatus,
3192 1806 3447 1863 innocens
3474 1810 3661 1866 inven-

2075 1897 2160 1944 tus
2185 1898 2237 1943 et
2264 1890 2633 1960 pronuntiatus
2663 1904 2764 1948 est.
2793 1894 2860 1948 Et
2882 1895 3003 1965 quia
3033 1895 3099 1952 de
3126 1897 3457 1967 jussionibus
3485 1902 3659 1972 impe-

2073 1988 2309 2036 ratorum
2336 1996 2455 2052 qua:
2486 1999 2581 2053 pro
2604 1983 2873 2040 Catholica
2903 1988 3303 2043 constituuntur
3325 2029 3341 2057 ,
3374 1993 3548 2046 solent
3588 1994 3662 2047 fa.

2075 2086 2197 2127 cere
2238 2073 2519 2142 invidiam;
2565 2086 3037 2131 cunnuemoratum
3069 2088 3150 2133 est
3196 2080 3356 2134 etiam
3378 2081 3445 2136 de
3480 2093 3660 2138 sancta

2075 2162 2348 2234 Scriptura
2367 2206 2380 2229 ,
2410 2180 2562 2236 reges
2588 2166 2890 2224 decrevisse
2916 2170 2967 2224 in
3010 2187 3173 2242 regno
3202 2188 3299 2226 suo
3318 2175 3662 2244 gravissimas

2076 2270 2262 2325 pmnas
2304 2258 2380 2313 eis
2409 2259 2497 2328 qui
2525 2259 2983 2331 blasphemassent
3018 2263 3181 2319 Deum
3211 2264 3368 2337 (Dan.
3402 2283 3477 2333 Ill,
3529 2270 3598 2323 96
3622 2270 3661 2339 ).

2075 2345 2499 2406 Commemorata
2552 2362 2634 2407 est
2686 2354 2845 2409 etiam
2899 2372 3061 2411 causa
3118 2357 3661 2429 Maximianistarum,

2077 2456 2211 2512 quos
2237 2450 2290 2496 et
2310 2442 2524 2512 judiciis
2558 2444 2653 2514 ipsi
2680 2445 2899 2514 publicis
2928 2448 3169 2503 inseetati
3196 2459 3337 2512 sunt,
3371 2461 3425 2506 et
3451 2469 3513 2506 ex
3543 2452 3657 2522 qui-

2078 2530 2176 2586 bus
2206 2532 2469 2588 damnatis
2498 2536 2756 2605 quosdam
2786 2537 2837 2591 in
2870 2536 3166 2595 honoribus
3211 2541 3432 2611 integris
3476 2558 3665 2599 susce-

2079 2633 2273 2692 perunt
2296 2666 2309 2690 ,
2344 2641 2442 2681 nec
2471 2627 2538 2682 ab
2571 2626 2649 2683 eis
2680 2629 2731 2682 in
2770 2628 3059 2686 schismate
3104 2632 3285 2687 datum
3334 2634 3665 2703 Baptismum

2079 2716 2478 2783 destruxerunt;
2512 2719 2652 2788 quod
2697 2735 2791 2776 eos
2840 2723 3031 2791 quibus
3057 2722 3361 2779 dilationem
3407 2727 3667 2784 dederunt

2080 2805 2401 2863 Maximiano
2428 2810 2961 2876 communicantibus,
2988 2813 3234 2868 dixerunt
3257 2815 3396 2870 illius
3420 2819 3667 2889 contagio

2081 2913 2185 2952 non
2226 2899 2390 2953 fuisse
2430 2900 2659 2970 pollutos
2698 2919 2711 2955 :
2755 2911 3022 2957 etcmtera
3066 2920 3186 2973 qua:
3225 2905 3425 2960 eisdem
3470 2907 3669 2964 litteris

2080 2979 2436 3046 continentur.
2480 2993 2604 3049 llaec
2650 3004 2826 3049 autem
2873 2996 3050 3049 omnia
3082 2996 3200 3052 ideo
3237 2998 3305 3053 ibi
3334 3014 3669 3055 commemo-

2080 3092 2194 3136 rata
2240 3093 2397 3151 sunt,
2451 3100 2517 3139 ne
2564 3084 2699 3141 forte
2758 3087 2802 3141 si
2858 3102 3039 3143 secum
3071 3089 3087 3120 ¹
3118 3090 3441 3164 cogitassent
3490 3093 3669 3151 Dona-

2084 3175 2241 3237 tistte,
2271 3185 2324 3230 et
2354 3175 2591 3233 riderent
2620 3194 2777 3254 quam
2820 3180 3006 3246 malam
3041 3200 3253 3240 causam
3282 3185 3505 3242 haberet
3546 3203 3669 3257 pars

2082 3262 2304 3335 Donati,
2360 3266 2426 3325 ad
2478 3266 2581 3327 hoc
2635 3273 2948 3341 voluissent,
3007 3292 3193 3332 omnes
3239 3277 3328 3347 qui
3383 3288 3665 3347 venerant,

2081 3355 2285 3432 ingredi
2315 3364 2487 3418 locum
2518 3365 2825 3420 Collationis
2851 3408 2864 3432 ,
2894 3376 2951 3421 ut
2981 3384 3079 3437 pax
3110 3377 3268 3439 atque
3297 3370 3471 3425 unitas
3493 3370 3664 3426 fieret.

2157 3452 2383 3508 CAPUT
2416 3454 2548 3508 \‘lll.
2576 3486 2648 3495 —
2671 3457 2870 3512 Octavo
2900 3458 3035 3521 loco,
3061 3475 3179 3513 cum
3211 3460 3463 3531 Cognitor
3490 3462 3669 3532 inqui-

2082 3542 2239 3596 sisset
2272 3552 2448 3598 utrum
2479 3546 2615 3600 sicut
2654 3563 2685 3601 a
2728 3547 3016 3605 Catholieis
3051 3552 3280 3619 videbat,
3334 3552 3407 3607 ita
3448 3555 3607 3609 etiam
3636 3570 3670 3610 a

2084 3644 2232 3704 parte
2264 3637 2450 3693 Donati
2470 3640 2624 3695 electi
2656 3642 2764 3711 jam
2789 3655 2968 3699 essent
2992 3647 3079 3715 qui
3121 3658 3419 3718 susceptam
3448 3666 3666 3707 causam

2085 3738 2429 3797 peragerent;
2462 3746 2775 3801 reSponsum
2803 3745 2882 3788 est
2911 3751 2940 3789 a
2970 3747 3119 3806 parte
3151 3738 3353 3805 Donati,
3384 3741 3529 3810 quod
3554 3742 3666 3811 jam

2082 3827 2227 3872 esset
2253 3827 2367 3873 acta
2413 3836 2442 3873 a
2473 3820 2761 3877 Catholieis
2807 3840 2964 3897 causa
2987 3869 3000 3891 ,
3056 3837 3336 3898 antequam
3362 3840 3507 3885 esset
3540 3847 3670 3886 eon-

2085 3908 2372 3978 lligeutium
2418 3921 2611 3969 statuta
2655 3930 2879 3984 persona
2912 3934 2924 3969 :
2960 3928 3175 3987 propter
3219 3920 3334 3974 illas
3358 3921 3669 3979 Catholico-

2084 4014 2202 4053 rum
2229 4001 2429 4055 litteras
2464 4020 2581 4073 qua:
2619 4014 2781 4059 totam
2813 4022 3024 4062 causam
3047 4008 3277 4065 breviter
3302 4014 3665 4068 continebant.

2088 4089 2286 4146 Deinde
2319 4092 2516 4150 instare
2540 4108 2852 4166 coeperunt,
2887 4108 2943 4153 ut
2971 4102 3115 4170 prius
3153 4112 3401 4173 ageretur
3428 4104 3497 4160 de
3534 4106 3669 4160 tem-

2084 4198 2233 4253 pore,
2282 4186 2349 4240 de
2392 4187 2662 4256 mandato,
2702 4190 2769 4244 de
2812 4207 3074 4262 persona,
3102 4195 3169 4250 de
3197 4210 3380 4262 causa,
3434 4206 3560 4252 tunc
3604 4198 3672 4252 ad

2085 4274 2278 4342 negotii
2308 4276 2498 4331 merita
2535 4279 2823 4334 veniretur.
2856 4280 3069 4337 Etcum
3105 4283 3361 4353 Cognitor
3388 4286 3673 4341 interlocu-

2087 4372 2171 4417 tus
2209 4374 2371 4431 esset,
2416 4367 2545 4420 nihil
2576 4369 2642 4422 de
2672 4385 2828 4424 causa
2860 4387 2981 4427 esse
3011 4374 3342 4441 mutilatum;
3386 4386 3441 4430 et
3488 4393 3674 4433 rursus

2085 4456 2393 4527 inquisisset
2420 4470 2593 4513 utrmn
2634 4460 2700 4515 de
2732 4465 3106 4520 constituendo
3143 4482 3367 4521 numero
3397 4468 3675 4539 disputan—

2087 4548 2215 4602 tium
2241 4549 2416 4603 edicto
2442 4551 2557 4620 ejus
2581 4554 2807 4622 paritum
2838 4554 2997 4611 fuerit
3032 4599 3046 4623 ,
3072 4558 3191 4627 quia
3225 4574 3319 4629 per
3342 4558 3439 4613 hos
3459 4574 3675 4629 oporte-

2083 4649 2167 4693 ret
2192 4642 2274 4709 agi
2302 4643 2479 4697 omnia
2524 4660 2643 4714 qua:
2674 4647 2875 4716 agenda
2906 4658 3089 4703 essent
3121 4667 3135 4703 :
3177 4662 3456 4719 cmperunt
3496 4652 3673 4706 Dona-
3708 4642 3713 4647 ’

2085 4734 2219 4788 tista:
2249 4750 2406 4805 agere
2445 4736 2513 4792 de
2541 4747 2796 4809 tempore,
2844 4741 3093 4809 quoniam
3125 4757 3280 4796 causa
3309 4743 3422 4811 ipsa
3457 4744 3542 4813 agi
3568 4761 3671 4799 non

2085 4836 2307 4896 posset,
2350 4830 2469 4897 quia
2511 4829 2627 4885 dies
2673 4832 3015 4901 prteterisset.
3048 4834 3247 4900 Quarto
3272 4834 3483 4889 decimo
3530 4837 3669 4891 enim

2082 4918 2421 4973 calcndarmn
2456 4921 2722 4990 juniarum
2770 4923 2856 4978 die
2898 4926 3146 4995 completi
3195 4926 3403 4981 fuerant
3444 4939 3673 4999 quatuor

2082 5026 2296 5066 menses
2322 5028 2387 5067 ex
2413 5012 2501 5067 die
2531 5013 2686 5068 edicti
2729 5016 3033 5085 Cognitoris
3076 5018 3217 5088 quod
3255 5019 3320 5072 ad
3346 5020 3669 5087 provinciam

2084 5101 2321 5170 miserat,
2374 5105 2511 5160 sicut
2550 5105 2929 5177 interrogatum
2979 5110 3252 5178 respondit
3296 5109 3566 5165 Officium.
3605 5110 3670 5165 Et

2081 5196 2329 5265 quoniam
2372 5198 2508 5251 intra
2535 5209 2764 5268 quatuor
2794 5215 3007 5255 menses
3033 5203 3114 5272 agi
3143 5217 3357 5257 causam
3396 5218 3670 5273 pnecepe-

2082 5296 2164 5342 rat
2191 5288 2503 5359 Imperator,
2544 5290 2663 5345 ideo
2690 5290 2829 5346 diem
2869 5294 2978 5361 jam
3014 5295 3277 5348 transisse
3302 5294 3589 5361 dicebant,
3618 5303 3668 5349 et

2083 5382 2332 5453 petebant
2361 5392 2416 5437 ut
2459 5394 2706 5454 tanquam
2737 5386 2788 5440 in
2829 5396 3171 5442 contumaces
3195 5386 3499 5442 Catholicos
3542 5402 3666 5443 sen-

2083 5474 2242 5528 tentia
2276 5474 2602 5542 proferretur
2650 5492 2662 5528 :
2692 5476 2843 5546 quasi
2884 5476 3143 5531 Catholici
3189 5476 3439 5533 absentes
3465 5486 3664 5546 essent,

2144 5630 2162 5697 ξ
2183 5628 2426 5697 antiquior
2451 5629 2598 5680 editio
2621 5638 2740 5697 itm,
2764 5644 2823 5697 ne
2838 5632 2958 5695 forte
2982 5631 3074 5697 ipsi
3093 5646 3270 5685 secum.

2164 5693 2215 5743 α)
2239 5697 2441 5739 Romano
2465 5700 2514 5740 et
2539 5692 2821 5743 arelateusi.

2164 5703 2195 5738 α
2239 5697 2441 5739 Romano
2465 5700 2514 5740 et

2143 5691 2216 5815 ib;
2234 5752 2538 5802 Constantini.

3540 323 3640 382 6l6
3712 319 3727 331 ⁸
