4024 6196
251 313 343 369 6i?
1091 309 1518 365 DllleriZLULUS
1556 303 2001 363 COLLA'HONIS
2037 305 2176 362 CUM
2217 308 2633 368 DONA'llS'llS.

249 438 331 483 aut
359 426 642 481 Donatistae
668 426 951 498 aliquando
976 426 1040 479 ad
1078 426 1337 496 agendam
1363 440 1575 480 causam
1605 423 1706 478 illis
1733 422 1825 476 ab-

249 518 472 573 sentibus
496 517 852 577 intravissent.
875 526 964 571 ani.
998 517 1255 572 admoniti
1283 517 1541 573 Catholici
1585 514 1671 570 vel
1709 528 1824 569 evo-

248 612 340 667 cati
364 610 668 667 defuissent.
688 610 792 665 ista
814 627 939 682 ergo
964 611 1294 666 calumniose
1311 622 1363 665 et
1378 607 1821 681 tergiversatorie,

246 719 354 775 qua:
379 718 476 758 ne:
501 703 553 756 in
579 702 830 771 forojure
858 714 1165 774 agerentur,
1197 703 1466 768 dicebant,
1496 701 1739 755 nolentes
1769 708 1825 752 ut

246 794 431 865 aliquid
459 803 728 864 ageretur.
768 796 870 850 Sed
904 795 969 849 ad
1002 795 1102 851 hoc
1133 796 1212 851 eis
1260 793 1535 865 respondit
1567 794 1680 863 ipse
1719 791 1823 846 Co-

243 885 429 957 guitor,
478 885 618 957 quod
669 886 720 939 in
768 886 1016 940 calendas
1048 887 1226 956 junias
1262 900 1386 956 pars
1414 895 1638 954 utraque
1690 898 1822 938 con-

244 979 481 1041 senserit,
510 979 754 1046 quamvis
783 978 991 1032 etiamsi
1022 977 1273 1045 quaelibet
1303 992 1425 1048 pars
1450 975 1625 1030 adhuc
1651 989 1823 1044 usque

244 1083 339 1123 non
385 1070 724 1135 occurrisset,
783 1070 917 1125 duos
959 1071 1091 1124 alios
1135 1086 1349 1125 menses
1404 1083 1687 1138 superesse
1728 1082 1821 1137 po-

245 1160 420 1225 tuisse,
455 1178 589 1232 quos
634 1161 926 1233 Imperator
964 1162 1205 1234 adiunxit
1243 1163 1396 1218 trinis
1439 1162 1628 1218 edictis
1658 1161 1821 1216 fuisse

239 1255 543 1310 servandos.

305 1338 526 1404 canor
565 1348 653 1403 ix.
686 1332 932 1404 -Νὸιιο
960 1350 1101 1416 loco,
1144 1349 1396 1418 quoniam
1442 1349 1696 1420 Cognitor
1724 1362 1819 1401 su-

239 1439 409 1507 perius
430 1439 656 1508 dixerat,
687 1441 753 1496 de
786 1450 1024 1512 tempore
1055 1442 1404 1512 praescribere
1433 1452 1490 1495 ut
1514 1457 1671 1495 causa
1703 1458 1810 1494 non

237 1540 498 1601 ageretur,
532 1547 635 1586 non
663 1533 1000 1602 episcopalis,
1045 1533 1136 1588 sed
1204 1533 1431 1588 forensis
1477 1533 1655 1602 potius
1701 1546 1818 1585 esse

235 1622 565 1692 objectionis,
596 1623 795 1679 invenit
817 1624 1154 1679 occasionem
1176 1639 1299 1694 pars
1324 1624 1510 1678 Donati
1533 1638 1635 1693 qua
1664 1622 1815 1678 dices

237 1724 333 1781 ret,
358 1715 488 1770 nihil
505 1732 632 1786 ergo
648 1733 828 1772 secum
852 1717 933 1788 agi
955 1716 1305 1787 publieojure
1330 1715 1549 1783 debere,
1578 1715 1671 1770 sed
1705 1725 1821 1768 tan-

237 1815 340 1859 tum
366 1805 561 1861 divinis
581 1806 889 1876 Scripturis.
917 1807 1089 1872 Unde,
1123 1823 1243 1862 cum
1270 1808 1549 1877 qmesisset
1567 1806 1820 1876 Cognitor

232 1894 352 1965 quid
374 1897 589 1968 utrique
619 1899 759 1967 parti
811 1897 879 1953 de
920 1898 1021 1953 hac
1070 1914 1128 1953 re
1178 1899 1445 1968 placeret;
1493 1912 1813 1967 responsum

230 1995 352 2040 esta
380 1987 694 2053 Catholicis,
728 1988 1015 2057 utjuberet
1056 1989 1366 2044 mandatum
1395 1989 1645 2043 catholici
1686 2004 1815 2045 con-

228 2080 331 2133 cilii
357 2080 598 2149 recitari,
628 2081 716 2136 ubi
740 2082 933 2138 eiectis
961 2082 1384 2152 disputatoribus
1414 2081 1602 2153 agendi
1626 2081 1816 2150 modus

231 2173 500 2242 iujunctns
518 2184 632 2242 est;
663 2175 734 2229 ibi
779 2190 936 2246 posse
969 2176 1158 2232 melius
1210 2190 1466 2245 apparere
1523 2174 1663 2245 quod
1707 2190 1815 2229 non

226 2262 531 2319 forensibus
584 2266 1126 2336 tergiversatiooibus,
1184 2266 1279 2322 sed
1307 2267 1473 2336 magis
1503 2265 1701 2320 divinis
1732 2274 1814 2320 tc-

224 2355 494 2411 stimoniis
523 2366 785 2427 ageretur.
822 2357 886 2411 Et
912 2357 1215 2428 aliquandiu
1263 2356 1531 2413 conﬂictio
1560 2356 1814 2426 producta

223 2455 323 2512 est,
355 2463 485 2501 cum
513 2445 777 2519 Catholici
827 2449 1084 2502 instarent
1111 2448 1322 2502 recitari
1379 2446 1710 2512 mandatum,
1738 2446 1815 2500 illi

222 2549 404 2594 autem
459 2548 785 2594 recusarent.
813 2539 923 2595 Sed
949 2550 1132 2610 postea
1164 2539 1387 2595 remotis
1414 2539 1666 2594 oumibus
1690 2555 1808 2594 mo-

220 2630 443 2685 ratoriis
474 2630 926 2696 contentionibus,
982 2630 1190 2686 recitari
1228 2629 1536 2684 mandatum
1561 2630 1818 2701 Coguitor

215 2722 400 2789 jussit.
552 2703 567 2715 ’

288 2811 528 2868 CAPUT
566 2812 727 2867 X.—
780 2813 997 2869 Decimo
1042 2815 1163 2870 loco
1210 2813 1521 2870 mandatum
1567 2811 1819 2870 catholici

214 2904 438 2958 concilii
465 2904 742 2959 recitatum
774 2906 966 2978 est(a),
996 2921 1101 2977 quo
1121 2907 1306 2963 electis
1330 2907 1397 2962 ad
1439 2906 1815 2979 disputandum

214 2994 529 3064 episropis,
560 2995 836 3052 catholicae
881 2998 1133 3054 Ecclesiae
1180 3008 1263 3055 est
1300 2999 1534 3071 injuncta
1577 2999 1820 3057 defensio

213 3083 485 3140 adversus
528 3088 926 3143 criminationes
968 3089 1379 3145 Donatistarum.
1412 3090 1524 3147 lioc
1567 3090 1818 3148 mandato

214 3176 445 3242 iterum,
490 3178 625 3232 sient
678 3179 733 3233 in
764 3181 1124 3251 superioribus
1174 3181 1387 3247 litteris,
1430 3182 1667 3237 breviter
1707 3191 1817 3238 tota

210 3286 380 3325 causa
414 3272 809 3342 comprehensa
854 3282 954 3335 est,
984 3274 1129 3343 prius
1159 3282 1215 3327 ut
1238 3288 1396 3328 causa
1426 3273 1680 3329 Ecclesia:
1702 3290 1819 3344 qua:

212 3373 352 3431 toto,
384 3363 535 3418 sicut
562 3365 821 3434 promissa
847 3375 949 3431 est,
974 3373 1235 3419 terrarum
1266 3356 1398 3420 orbe
1418 3365 1757 3431 diffunditur,
1789 3383 1818 3419 a

206 3469 379 3510 causa
413 3453 689 3508 Caeciliani
713 3443 1111 3526 qualiscumque
1142 3455 1231 3510 illa
1259 3455 1467 3523 fuisset,
1515 3457 1595 3512 sic
1626 3458 1817 3513 distin-

206 3555 507 3615 gnerctur,
537 3545 993 3601 utostcmleretur
1033 3547 1200 3601 malos
1227 3546 1279 3601 in
1325 3547 1581 3614 Ecclesia,
1612 3549 1700 3619 qui
1737 3551 1817 3605 vel

208 3639 547 3707 ignorantcr
596 3639 677 3693 vel
720 3654 816 3710 pro
846 3641 1045 3695 unitate
1088 3641 1234 3710 pacis
1265 3643 1557 3698 tolerantur
1583 3658 1614 3698 a
1642 3644 1816 3707 bouis,

208 3744 316 3783 non
353 3731 440 3783 eis
475 3728 540 3782 ad
590 3729 724 3784 mala
773 3730 1225 3787 consentientibus
1250 3732 1441 3789 obesse
1485 3749 1590 3788 non
1636 3749 1816 3805 posse,

211 3820 681 3875 s’militmliuilms
706 3822 1032 3892 evangelieis
1061 3832 1114 3877 et
1138 3824 1386 3894 exemplo
1412 3823 1817 3893 Prophetarum,

213 3922 266 3966 et
299 3912 487 3983 ipsius
512 3913 719 3968 Domini
751 3913 945 3969 Christi
985 3922 1040 3968 et
1090 3914 1487 3983 Apostolorum,
1519 3925 1574 3970 et
1617 3916 1823 3985 episco—

206 4020 436 4075 porum,
475 4015 525 4059 ct
549 4005 750 4075 judicio
801 4007 1033 4076 ipsorum
1062 4006 1222 4062 etiam
1282 4006 1672 4062 Donatistarum
1699 4021 1824 4077 pro-

208 4107 333 4166 pter
382 4080 843 4152 Maximianistas:
900 4096 1095 4153 deinde
1127 4098 1292 4167 ipsius
1347 4097 1611 4151 Ca-uiliani
1662 4113 1819 4153 causa

207 4206 316 4243 tum
351 4186 503 4243 tnala
538 4187 702 4243 fuisse
750 4189 913 4243 certis
962 4188 1299 4244 documentis
1342 4188 1818 4252 demonstraretur,

205 4279 414 4351 quibus
445 4289 505 4334 ct
537 4280 651 4349 ipse
673 4290 727 4335 et
751 4280 1028 4335 ordinatur
1068 4279 1185 4350 ejus
1217 4279 1364 4334 Felix
1412 4280 1819 4351 Aptuginensis,

200 4386 374 4441 qutun
410 4372 468 4425 in
502 4370 730 4425 eum-ilio
766 4387 865 4427 suo
905 4371 1243 4427 criminosius
1269 4381 1676 4438 accusaverunt,
1698 4388 1821 4442 pro-

207 4462 442 4518 baretur
465 4477 591 4518 esse
628 4474 900 4533 purgatus.
947 4463 1011 4518 Et
1059 4474 1250 4519 CtL'lCl‘a
1296 4480 1415 4534 quae
1451 4464 1700 4519 mandato
1728 4480 1823 4520 eo-

206 4553 332 4608 dem
366 4554 747 4621 continentur,
805 4555 918 4608 sive
962 4553 1027 4609 de
1063 4555 1350 4624 Ilaptisnto,
1377 4556 1490 4610 sive
1536 4556 1604 4611 de
1637 4571 1819 4625 perse-

205 4646 458 4712 (’ttiinltc,
486 4660 609 4716 qua:
653 4644 786 4700 Solet
835 4644 1124 4700 Catholicis
1172 4645 1408 4715 objiCcre
1455 4664 1576 4715 pars
1612 4648 1817 4703 Donati.

206 4735 342 4791 Nam
378 4745 822 4791 commemorata
854 4737 920 4791 ibi
947 4746 1029 4793 Cal
1058 4739 1268 4803 itertnu,
1300 4739 1438 4794 sicut
1476 4739 1528 4793 in
1579 4740 1821 4810 superio-

205 4829 364 4885 ribus
404 4829 629 4894 litteris,
662 4845 822 4884 causa
869 4829 1398 4897 Maximiauistarum,
1444 4847 1544 4900 qua
1594 4830 1818 4887 demen-

201 4931 531 4977 strarcntnr
558 4921 847 4976 Donatista:
877 4921 1192 4992 suojudicio
1219 4933 1408 4978 cuncta
1431 4923 1671 4989 diluisse,
1703 4939 1821 4993 qum

199 5014 460 5084 obiicere
513 5004 806 5067 Catholicis
833 5013 913 5068 vei
937 5012 1003 5067 de
1036 5013 1328 5084 Baptismo,
1362 5015 1443 5068 vel
1472 5014 1538 5068 de
1568 5028 1820 5082 persecu-

201 5107 381 5173 tione,
421 5105 514 5159 vel
539 5103 606 5159 de
641 5106 1029 5160 romunmionis
1054 5107 1366 5177 cottiagione
1406 5117 1818 5163 consueverunt.

199 5197 516 5266 Adjectnm
549 5205 629 5251 est
661 5198 847 5260 etiam,
870 5208 925 5251 ut
970 5197 1011 5252 si
1044 5212 1146 5267 qua
1177 5198 1337 5252 etiam
1390 5213 1530 5252 liliIIC
1559 5198 1822 5268 episeopis

125 5290 131 5295 ’
200 5288 525 5344 ιζειιὶιοίἱείέ
549 5302 819 5343 metarum
869 5288 1369 5358 ititm'ponendarum
1413 5289 1583 5358 gratia
1620 5289 1821 5344 voluis-

195 5393 324 5437 sent
357 5364 623 5435 crimina
658 5378 914 5449 objicere,
950 5389 1167 5450 propter
1195 5379 1479 5434 finiendam
1512 5396 1627 5449 quze
1678 5382 1824 5450 prius

206 5481 445 5544 urgeret
485 5485 725 5533 causam,
759 5471 1018 5525 audienda
1040 5479 1091 5524 et
1135 5470 1460 5525 dismtienda
1493 5482 1676 5541 postea
1724 5474 1824 5526 dif-

198 5568 525 5625 terrentur.
561 5563 671 5618 lloc
694 5574 891 5625 autem,
939 5563 985 5617 id
1034 5574 1134 5622 est.
1166 5573 1221 5617 ut
1248 5573 1352 5617 tota
1381 5580 1538 5619 causa
1588 5575 1638 5620 ct
1669 5580 1823 5635 supc-

262 5770 344 5833 (α)
373 5773 554 5818 Exstat
581 5766 628 5815 in
652 5766 942 5828 Appendice.

531 5855 795 5914 l’ATuoL.
838 5851 1054 5911 XLIII.

3397 313 3501 365 ($13

1935 421 2160 480 rioribus
2182 425 2371 482 litteris
2410 437 2465 483 et
2510 429 2611 485 isto
2652 431 2904 487 mandato
2946 433 3510 503 comprehenderetur.

1932 530 1995 567 eo
2021 519 2244 573 cntisiiio
2269 535 2299 574 a
2319 520 2607 578 Catholicis
2631 523 2826 580 factum
2850 536 2950 589 est,
2983 544 3049 583 ne
3080 527 3233 588 forte.
3266 530 3408 586 sicut
3432 532 3509 585 fa-

1932 622 2015 661 ma
2040 608 2296 679 jactabat,
2319 613 2521 683 aliquas
2543 618 2857 671 moratorias
2883 622 3311 691 praescriptiones
3337 624 3512 678 Dona-

1934 700 2068 752 tista:
2095 700 2336 771 ingerere
2361 718 2685 785 conarentur
2714 726 2729 775 ;
2778 722 2831 765 et
2880 710 3102 766 forsitan
3132 727 3237 767 non
3268 716 3513 783 permissi

1929 790 1996 843 ab
2019 791 2127 860 ipsa
2172 791 2469 852 Collatione
2517 799 2955 865 resilirent;aela
2985 802 3109 857 licet
3153 803 3384 858 breviter
3412 806 3514 858 Ec-

1929 881 2104 934 CiC‘iiU
2131 883 2405 939 catholica:
2432 901 2613 953 causa,
2646 888 2697 943 in
2722 892 3113 959 conscriptione
3139 902 3406 962 gestorum
3438 896 3515 948 ie-

1928 971 2094 1051 gcuda
2127 987 2445 1043 remaneret,
2500 994 2661 1048 quam
2705 981 2943 1037 timuisse
2995 981 3519 1053 intelligerentur,et

1931 1061 2050 1116 ideo
2080 1064 2316 1121 noluisse
2341 1067 2606 1124 conferre.

1997 1153 2221 1213 CAPUT
2258 1158 2348 1214 XI.
2376 1191 2447 1200 —
2473 1160 2763 1217 Undecimo
2795 1165 2930 1232 loco,
2975 1182 3097 1221 cum
3153 1168 3407 1238 Cognitor
3435 1171 3516 1223 in-

1928 1247 2218 1302 terlocutus
2244 1260 2405 1317 esset,
2446 1251 2498 1306 in
2528 1255 2777 1309 mandato
2799 1256 3196 1312 Catholicorum
3238 1261 3405 1329 magis
3432 1263 3512 1312 di-

1928 1337 2044 1389 vina
2073 1341 2372 1395 testimonia
2395 1358 2553 1411 quam
2588 1344 2818 1401 forensia
2871 1347 3078 1401 vincula
3120 1363 3237 1405 esse
3284 1351 3506 1418 prolata,

1927 1427 2247 1497 ctjussissct
2292 1430 2452 1486 etiam
2504 1434 2932 1505 subscriptiones
2991 1442 3229 1494 omnium
3274 1442 3508 1503 recitari,

1925 1519 2200 1575 conflictus
2246 1534 2462 1578 exortus
2492 1535 2594 1589 est,
2623 1536 2676 1580 et
2704 1527 3010 1597 aliquandiu
3058 1531 3350 1599 productus
3400 1544 3501 1595 est,

1924 1624 2044 1664 cum
2084 1611 2369 1669 Donatista:
2420 1616 2696 1687 exigerent
2747 1634 2932 1674 eorum
2999 1625 3367 1692 prmsentiam,
3421 1627 3508 1694 qui

1901 1704 2172 1759 .mandato
2228 1706 2690 1777 subscripserunt;
2722 1711 3034 1782 objicieutes
3078 1715 3219 1785 quod
3259 1716 3339 1771 eis
3380 1732 3508 1787 sup-

1922 1797 2111 1866 positis
2135 1799 2222 1869 qui
2246 1800 2480 1872 episcOpi
2499 1818 2603 1857 non
2630 1802 2842 1869 fuerint,
2869 1808 3160 1875 potuissent
3195 1808 3381 1864 fallere
3402 1811 3512 1864 Co-

1923 1890 2205 1958 gnitorem,
2234 1908 2341 1963 quo
2386 1905 2651 1962 prasente
2676 1896 3059 1967 subscripsisse
3089 1898 3420 1969 legebantur,
3456 1914 3512 1955 et

1923 1981 2064 2051 quod
2090 1985 2321 2055 antiquis
2350 1986 2618 2043 cathedris
2642 1987 2779 2042 alios
2800 1989 3079 2059 episcopos
3126 1990 3429 2047 addiderint
3456 2005 3513 2048 ut

1925 2089 2178 2131 numerus
2204 2089 2505 2154 augeretur.
2552 2078 2810 2135 Catholici
2838 2090 3041 2150 autem,
3071 2098 3138 2137 ne
3175 2084 3256 2138 sui
3281 2099 3512 2154 prresen-

1924 2174 2182 2232 tarentur,
2211 2170 2564 2235 resistebant;
2597 2182 2843 2228 verentes
2880 2189 2946 2227 ne
2973 2174 3043 2226 illi
3088 2175 3371 2230 tumultum
3401 2177 3502 2229 ali-

1922 2271 2080 2326 quem
2111 2270 2492 2328 prrepararent,
2525 2277 2619 2331 per
2644 2277 2802 2332 quem
2854 2279 3073 2333 prorsus
3099 2263 3513 2336 abrumperetur

1925 2350 2037 2420 ipsa
2053 2351 2294 2418 Collatio,
2320 2370 2479 2425 quam
2498 2357 2610 2411 fieri
2642 2359 2933 2413 Donatista:
2958 2360 3102 2415 nolle
3127 2362 3348 2417 omnino
3368 2363 3513 2419 vide-

1924 2442 2134 2509 bantur,
2158 2446 2387 2500 maxime
2415 2447 2629 2517 quando
2660 2449 2729 2505 de
2754 2460 3015 2521 tempore,
3045 2452 3194 2523 quasi
3215 2453 3327 2524 jam
3352 2468 3511 2509 causa

1925 2533 2070 2604 lapsa
2094 2546 2238 2592 esset
2279 2547 2330 2592 et
2348 2538 2516 2593 audiri
2548 2554 2652 2593 non
2686 2549 2888 2609 posset,
2941 2543 3293 2613 praescribere
3324 2545 3512 2601 volue-

1923 2635 2065 2680 runt.
2094 2627 2262 2694 Quem
2285 2630 2564 2684 tumultum
2595 2630 2715 2686 ideo
2743 2633 3066 2701 putabantur
3083 2633 3320 2689 nondum
3345 2634 3505 2691 fecis-

1925 2729 2005 2781 se,
2034 2717 2155 2786 quia
2178 2720 2222 2772 si
2249 2718 2419 2784 iieret,
2468 2706 2744 2777 videbant.
2771 2737 2876 2777 non
2908 2738 3065 2793 posse
3116 2726 3363 2795 imputari
3409 2727 3506 2784 Ca-

1926 2806 2157 2875 tholicis,
2175 2811 2262 2881 qni
2293 2813 2596 2882 pauciSs-imi
2627 2814 2889 2881 aderant;
2918 2816 3011 2871 sed
3034 2816 3132 2870 sibi
3156 2818 3349 2886 potius,
3375 2834 3506 2890 quc-

1926 2914 2043 2954 rum
2073 2916 2308 2972 praesens
2356 2903 2528 2958 fuerat
2554 2904 2854 2960 multitudo.
2893 2906 3000 2962 Sed
3034 2906 3292 2962 voluntati
3323 2923 3508 2963 eorum

1927 2991 2236 3049 cedentibus
2277 2993 2582 3059 Catholicis.
2632 3005 2689 3049 ut
2716 3011 2903 3052 omnes
2941 2998 3029 3067 qui
3083 2997 3513 3068 subscripserunt

1926 3084 2372 3156 ingrederentur;
2431 3088 2676 3156 apparuit
2716 3097 2902 3158 postea
2967 3087 3071 3144 hoc
3113 3089 3232 3144 ideo
3282 3090 3514 3145 voluisse

1930 3174 2245 3241 Donatistas,
2279 3177 2400 3246 quia
2443 3177 2819 3232 existimabant
2860 3193 2967 3233 non
3013 3179 3328 3235 convenisse
3368 3177 3509 3235 .Car-

1927 3268 2194 3338 thaginem
2228 3278 2304 3323 tot
2342 3270 2662 3336 Catholicos,
2718 3281 2848 3342 quot
2888 3271 3309 3342 subscriptiones
3335 3284 3515 3330 osten-

1926 3359 2207 3414 debantur.
2225 3360 2337 3415 lloc
2358 3370 2534 3416 autem
2554 3371 2833 3431 propterea
2850 3362 3147 3419 credidisse
3169 3365 3334 3433 putati
3365 3373 3510 3428 sunt,

1927 3449 2048 3518 quia
2077 3449 2334 3506 Catholici
2381 3465 2485 3506 non
2513 3466 2573 3505 ea
2607 3466 2799 3521 pompa
2845 3467 2949 3523 qua
3000 3453 3074 3508 illi
3131 3452 3509 3525 Carthaginem

1929 3542 2133 3596 fuerant
2158 3543 2399 3612 ingressi,
2424 3554 2477 3600 et
2508 3543 2577 3598 ob
2624 3543 2724 3601 hoc
2746 3559 2845 3602 eos
2862 3560 3061 3617 paucos
3088 3547 3297 3604 venisse
3339 3549 3515 3617 suspi-

1927 3636 2200 3700 cabantur.
2582 3692 2591 3701 ,

1998 3729 2226 3784 CAPUT
2267 3729 2378 3783 XII.
2416 3731 2828 3786 —D:todeeimo
2867 3733 2986 3787 loco
3004 3734 3256 3800 ingressis
3292 3734 3506 3801 episco-

1932 3820 2012 3887 pis
2041 3817 2353 3882 Catholicis,
2397 3834 2620 3887 (piorum
2674 3823 2954 3889 prmsentia
2983 3824 3278 3890 petebatur,
3324 3839 3514 3878 omnes

1928 3909 2237 3978 singillatim
2286 3910 2509 3973 reeitati,
2557 3920 2614 3965 et
2656 3910 2708 3964 in
2768 3911 3003 3967 medium
3057 3913 3429 3981 procedentes.
3482 3932 3510 3965 ιι

1931 3998 2223 4053 Donatistis
2245 4001 2498 4069 recogniti
2524 4008 2668 4065 sunt,
2711 4001 2790 4054 vel
2841 4000 3028 4054 vicinis
3083 4001 3212 4066 suis,
3253 4001 3339 4057 vel
3390 4018 3512 4057 cum

1928 4090 2119 4156 quibus
2141 4089 2190 4143 iu
2220 4105 2325 4143 uno
2346 4091 2463 4146 loco
2492 4100 2639 4145 erant
2667 4109 2681 4144 :
2722 4098 2779 4145 et
2802 4090 3123 4161 quicumque
3149 4093 3513 4149 recitabantur

1929 4181 2188 4237 Catholici
2219 4183 2454 4254 episcopi
2485 4199 2551 4239 ex
2587 4183 2670 4237 his
2701 4183 2849 4243 locis,
2876 4182 2963 4237 ubi
2986 4199 3089 4237 non
3112 4194 3226 4239 erat
3255 4199 3378 4254 pars
3405 4186 3513 4240 υυο-

1930 4273 2061 4337 nati,
2093 4274 2222 4328 satis
2248 4281 2307 4329 et
2335 4274 2462 4344 ipsis
2502 4273 2791 4329 Donatistis
2828 4282 3012 4328 notum
3035 4285 3151 4330 erat
3196 4292 3256 4331 se
3306 4276 3375 4330 ibi
3407 4294 3511 4330 mm

1929 4364 2130 4420 habere
2148 4364 2381 4435 collegas
2411 4365 2492 4421 vel
2523 4364 2954 4421 communionem
2977 4379 3152 4436 suam,
3176 4375 3374 4422 etesse
3405 4364 3514 4421 iliie

1928 4456 2251 4524 Catholicos,
2282 4456 2365 4512 vel
2388 4472 2523 4527 quos
2539 4457 2916 4525 noverant,vel
2932 4456 2998 4512 de
3013 4457 3208 4528 quibus
3232 4458 3512 4514 audierant

1930 4549 1981 4603 iu
2009 4566 2120 4604 sua:
2151 4549 2423 4605 vicinitate
2447 4549 2698 4619 regionis.
2742 4550 2819 4606 Ita
2862 4549 3055 4606 factum
3083 4560 3168 4607 est
3211 4562 3267 4606 ut
3291 4555 3514 4607 omnino

1928 4643 2124 4697 nullius
2152 4640 2412 4698 Catholici
2469 4643 2784 4699 recitaretur
2833 4644 3177 4715 subscriptio,
3245 4646 3312 4701 de
3359 4647 3510 4717 cujus

1931 4736 2207 4805 pratsentia
2230 4734 2554 4790 dubitarent.
2583 4736 2723 4792 Sane
2754 4751 2874 4793 cum
2906 4746 3120 4792 ventum
3159 4747 3301 4793 esset
3321 4738 3387 4792 ad
3418 4756 3515 4793 no-

1929 4844 2050 4883 men
2087 4826 2372 4883 \"ictoriani
2396 4826 2661 4882 Mustitani
2689 4828 3203 4899 catholiciepiscopi,
3225 4838 3280 4883 et
3318 4829 3372 4883 in
3400 4845 3515 4883 me-

1927 4923 2074 4978 dium
2118 4922 2413 4992 procedens
2459 4921 2824 4992 rcSpondisset
2873 4937 2933 4977 se
2987 4921 3182 4977 habere
3215 4922 3517 4979 contrarios

1927 5015 2082 5081 duos,
2112 5015 2437 5070 Felicianum
2460 5015 2511 5069 in
2533 5014 2745 5069 civitate
2775 5014 3076 5081 Mustitana,
3105 5023 3158 5069 ct
3180 5016 3439 5070 Donatum
3461 5014 3514 5068 in

1930 5108 2047 5162 loco
2065 5107 2107 5161 Τ
2114 5107 2318 5162 urrensi
2339 5124 2353 5171 ;
2375 5116 2667 5177 exegerunt
2689 5106 2970 5171 Catholici,
2995 5117 3052 5159 ut
3089 5104 3222 5161 actis
3240 5109 3513 5161 constaret

1929 5200 2253 5256 Feliciantnn
2311 5199 2362 5253 in
2425 5199 2801 5253 communione
2849 5213 2968 5255 esse
3008 5198 3264 5254 Primiani
3297 5217 3311 5251 :
3343 5199 3514 5267 ipsum

1929 5289 2071 5345 enim
2104 5292 2239 5344 inter
2267 5291 2401 5345 alios
2445 5304 2566 5345 cum
2607 5290 2925 5345 Maximiano
2968 5287 3370 5353 damnaverant,
3413 5290 3510 5344 da-

1931 5393 2225 5437 muatorem
2253 5383 2501 5436 Primiani
2520 5391 2573 5436 et
2594 5382 2959 5438 ordinatorem
2992 5384 3158 5453 ipsius
3189 5381 3512 5447 Maximiani,

1931 5488 2088 5543 quem
2129 5481 2309 5543 postea
2339 5475 2388 5525 in
2422 5474 2627 5542 integro
2674 5474 2876 5528 honore
2906 5483 3239 5544 receperant,
3297 5489 3394 5528 nec
3417 5471 3511 5526 de-

1931 5575 2235 5622 struxerant
2262 5564 2656 5636 lmptismumin
2684 5566 2763 5619 eis
2783 5579 2917 5635 quos
2957 5566 3007 5619 in
3037 5564 3339 5620 Maximiani
3364 5564 3515 5618 sebi.

1933 5650 2101 5714 smate
2128 5655 2647 5727 iiaptiz:tvera‘t.,Sed
2674 5656 2737 5710 :ul
2767 5657 3235 5727 interrogationem
3279 5654 3516 5710 Catholi-

1938 5765 2118 5809 eorum
2148 5748 2474 5820 respondere
2528 5748 2831 5819 noluerunt,
2877 5749 3116 5803 dicentes
3161 5764 3265 5803 non
3319 5748 3518 5808 debere

2923 5847 3218 5924 (i'ingt.)
