  <div class='ocr_page' id='page_1' title='image "/cluster/home/n/w/nwhite01/storage/ocr_20150623/43/hvd.32044096580659/317.png"; bbox 0 0 4024 6196; ppageno 0'>
   <div class='ocr_carea' id='block_1_1' title="bbox 435 309 554 374">
    <p class='ocr_par' dir='ltr' id='par_1_1' title="bbox 435 309 554 374">
     <span class='ocr_line' id='line_1_1' title="bbox 435 309 554 374; baseline 0 -13"><span class='ocrx_word' id='word_1_1' title='bbox 435 309 554 374; x_wconf 64' lang='lat' dir='ltr'><strong>ess</strong></span> 
     </span>
    </p>
   </div>
   <div class='ocr_carea' id='block_1_2' title="bbox 450 414 2037 482">
    <p class='ocr_par' dir='ltr' id='par_1_2' title="bbox 450 414 2037 482">
     <span class='ocr_line' id='line_1_2' title="bbox 450 414 2037 482; baseline -0.008 -5"><span class='ocrx_word' id='word_1_2' title='bbox 450 424 538 477; x_wconf 83' lang='lat' dir='ltr'><strong>t-iti</strong></span> <span class='ocrx_word' id='word_1_3' title='bbox 572 423 784 482; x_wconf 79' lang='lat' dir='ltr'><strong>fuerint,</strong></span> <span class='ocrx_word' id='word_1_4' title='bbox 817 435 934 473; x_wconf 81' lang='lat' dir='ltr'><strong>cum</strong></span> <span class='ocrx_word' id='word_1_5' title='bbox 965 417 1304 472; x_wconf 70' lang='lat' dir='ltr'><strong>tle-Erclesi.t~.</strong></span> <span class='ocrx_word' id='word_1_6' title='bbox 1333 414 1700 468; x_wconf 86' lang='lat' dir='ltr'><strong>criminatione</strong></span> <span class='ocrx_word' id='word_1_7' title='bbox 1753 421 1803 465; x_wconf 93' lang='lat' dir='ltr'><strong>ct</strong></span> <span class='ocrx_word' id='word_1_8' title='bbox 1843 425 2037 480; x_wconf 81' lang='lat' dir='ltr'><strong>purga-</strong></span> 
     </span>
    </p>
   </div>
   <div class='ocr_carea' id='block_1_3' title="bbox 453 503 2030 580">
    <p class='ocr_par' dir='ltr' id='par_1_3' title="bbox 453 503 2030 580">
     <span class='ocr_line' id='line_1_3' title="bbox 453 503 2030 580; baseline -0.009 -12"><span class='ocrx_word' id='word_1_9' title='bbox 453 519 592 569; x_wconf 83' lang='lat' dir='ltr'><strong>tione</strong></span> <span class='ocrx_word' id='word_1_10' title='bbox 615 511 872 568; x_wconf 84' lang='lat' dir='ltr'><strong>Catholici</strong></span> <span class='ocrx_word' id='word_1_11' title='bbox 898 511 1295 580; x_wconf 53' lang='lat' dir='ltr'><strong>proposuissent</strong></span> <span class='ocrx_word' id='word_1_12' title='bbox 1323 509 1402 578; x_wconf 83' lang='lat' dir='ltr'><strong>agi</strong></span> <span class='ocrx_word' id='word_1_13' title='bbox 1428 516 1693 576; x_wconf 83' lang='lat' dir='ltr'><strong>oportere,</strong></span> <span class='ocrx_word' id='word_1_14' title='bbox 1727 503 2030 574; x_wconf 74' lang='lat' dir='ltr'><strong>coepernnt‘</strong></span> 
     </span>
    </p>
   </div>
   <div class='ocr_carea' id='block_1_4' title="bbox 453 588 2031 677">
    <p class='ocr_par' dir='ltr' id='par_1_4' title="bbox 453 588 2031 677">
     <span class='ocr_line' id='line_1_4' title="bbox 453 588 2031 677; baseline -0.005 -19"><span class='ocrx_word' id='word_1_15' title='bbox 453 623 704 677; x_wconf 55' lang='lat' dir='ltr'><strong>persnas</strong></span> <span class='ocrx_word' id='word_1_16' title='bbox 727 621 967 674; x_wconf 86' lang='lat' dir='ltr'><strong>qu.erere</strong></span> <span class='ocrx_word' id='word_1_17' title='bbox 988 604 1291 670; x_wconf 84' lang='lat' dir='ltr'><strong>petitorum,</strong></span> <span class='ocrx_word' id='word_1_18' title='bbox 1314 611 1369 654; x_wconf 81' lang='lat' dir='ltr'><strong>ut</strong></span> <span class='ocrx_word' id='word_1_19' title='bbox 1389 616 1478 654; x_wconf 88' lang='lat' dir='ltr'><strong>cas</strong></span> <span class='ocrx_word' id='word_1_20' title='bbox 1511 609 1727 667; x_wconf 83' lang='lat' dir='ltr'><strong>possent</strong></span> <span class='ocrx_word' id='word_1_21' title='bbox 1748 614 1810 652; x_wconf 78' lang='lat' dir='ltr'><strong>ex</strong></span> <span class='ocrx_word' id='word_1_22' title='bbox 1839 588 2031 652; x_wconf 84' lang='lat' dir='ltr'><strong>forensi</strong></span> 
     </span>
    </p>
   </div>
   <div class='ocr_carea' id='block_1_5' title="bbox 444 689 2037 768">
    <p class='ocr_par' dir='ltr' id='par_1_5' title="bbox 444 689 2037 768">
     <span class='ocr_line' id='line_1_5' title="bbox 444 689 2037 768; baseline -0.006 -16"><span class='ocrx_word' id='word_1_23' title='bbox 444 701 562 768; x_wconf 90' lang='lat' dir='ltr'><strong>jure</strong></span> <span class='ocrx_word' id='word_1_24' title='bbox 607 697 889 750; x_wconf 87' lang='lat' dir='ltr'><strong>discutere.</strong></span> <span class='ocrx_word' id='word_1_25' title='bbox 924 694 1117 748; x_wconf 93' lang='lat' dir='ltr'><strong>Contra</strong></span> <span class='ocrx_word' id='word_1_26' title='bbox 1146 709 1271 762; x_wconf 80' lang='lat' dir='ltr'><strong>ergo</strong></span> <span class='ocrx_word' id='word_1_27' title='bbox 1310 691 1567 745; x_wconf 76' lang='lat' dir='ltr'><strong>Catholici</strong></span> <span class='ocrx_word' id='word_1_28' title='bbox 1615 689 1950 751; x_wconf 58' lang='lat' dir='ltr'><strong>resistebant,</strong></span> <span class='ocrx_word' id='word_1_29' title='bbox 1984 697 2037 742; x_wconf 90' lang='lat' dir='ltr'><strong>et</strong></span> 
     </span>
    </p>
   </div>
   <div class='ocr_carea' id='block_1_6' title="bbox 455 785 2035 858">
    <p class='ocr_par' dir='ltr' id='par_1_6' title="bbox 455 785 2035 858">
     <span class='ocr_line' id='line_1_6' title="bbox 455 785 2035 858; baseline -0.005 -17"><span class='ocrx_word' id='word_1_30' title='bbox 455 799 670 858; x_wconf 87' lang='lat' dir='ltr'><strong>propter</strong></span> <span class='ocrx_word' id='word_1_31' title='bbox 699 785 1125 857; x_wconf 65' lang='lat' dir='ltr'><strong>praseindendas</strong></span> <span class='ocrx_word' id='word_1_32' title='bbox 1153 798 1348 848; x_wconf 90' lang='lat' dir='ltr'><strong>moras,</strong></span> <span class='ocrx_word' id='word_1_33' title='bbox 1375 797 1505 852; x_wconf 90' lang='lat' dir='ltr'><strong>quas</strong></span> <span class='ocrx_word' id='word_1_34' title='bbox 1533 797 1625 836; x_wconf 89' lang='lat' dir='ltr'><strong>eos</strong></span> <span class='ocrx_word' id='word_1_35' title='bbox 1653 791 1706 835; x_wconf 94' lang='lat' dir='ltr'><strong>et</strong></span> <span class='ocrx_word' id='word_1_36' title='bbox 1735 795 2035 849; x_wconf 58' lang='lat' dir='ltr'><strong>pratparare</strong></span> 
     </span>
    </p>
   </div>
   <div class='ocr_carea' id='block_1_7' title="bbox 450 873 2036 943">
    <p class='ocr_par' dir='ltr' id='par_1_7' title="bbox 450 873 2036 943">
     <span class='ocr_line' id='line_1_7' title="bbox 450 873 2036 943; baseline -0.006 -11"><span class='ocrx_word' id='word_1_37' title='bbox 450 879 748 939; x_wconf 82' lang='lat' dir='ltr'><strong>audierant,</strong></span> <span class='ocrx_word' id='word_1_38' title='bbox 787 887 839 930; x_wconf 93' lang='lat' dir='ltr'><strong>et</strong></span> <span class='ocrx_word' id='word_1_39' title='bbox 871 876 1138 930; x_wconf 90' lang='lat' dir='ltr'><strong>innectere</strong></span> <span class='ocrx_word' id='word_1_40' title='bbox 1159 874 1268 943; x_wconf 90' lang='lat' dir='ltr'><strong>jam</strong></span> <span class='ocrx_word' id='word_1_41' title='bbox 1303 873 1584 934; x_wconf 89' lang='lat' dir='ltr'><strong>videbant,</strong></span> <span class='ocrx_word' id='word_1_42' title='bbox 1635 879 2036 940; x_wconf 87' lang='lat' dir='ltr'><strong>perseveranter</strong></span> 
     </span>
    </p>
   </div>
   <div class='ocr_carea' id='block_1_8' title="bbox 450 961 2032 1035">
    <p class='ocr_par' dir='ltr' id='par_1_8' title="bbox 450 961 2032 1035">
     <span class='ocr_line' id='line_1_8' title="bbox 450 961 2032 1035; baseline -0.008 -10"><span class='ocrx_word' id='word_1_43' title='bbox 450 972 734 1033; x_wconf 71' lang='lat' dir='ltr'><strong>instabant,</strong></span> <span class='ocrx_word' id='word_1_44' title='bbox 769 977 828 1024; x_wconf 90' lang='lat' dir='ltr'><strong>ut</strong></span> <span class='ocrx_word' id='word_1_45' title='bbox 853 968 1104 1023; x_wconf 69' lang='lat' dir='ltr'><strong>Ecclesire</strong></span> <span class='ocrx_word' id='word_1_46' title='bbox 1132 981 1288 1020; x_wconf 88' lang='lat' dir='ltr'><strong>causa</strong></span> <span class='ocrx_word' id='word_1_47' title='bbox 1317 966 1490 1035; x_wconf 87' lang='lat' dir='ltr'><strong>potius</strong></span> <span class='ocrx_word' id='word_1_48' title='bbox 1520 971 1783 1032; x_wconf 77' lang='lat' dir='ltr'><strong>ageretur.</strong></span> <span class='ocrx_word' id='word_1_49' title='bbox 1822 961 1876 1014; x_wconf 90' lang='lat' dir='ltr'><strong>In</strong></span> <span class='ocrx_word' id='word_1_50' title='bbox 1905 975 2032 1015; x_wconf 89' lang='lat' dir='ltr'><strong>con-</strong></span> 
     </span>
    </p>
   </div>
   <div class='ocr_carea' id='block_1_9' title="bbox 451 1055 2035 1132">
    <p class='ocr_par' dir='ltr' id='par_1_9' title="bbox 451 1055 2035 1132">
     <span class='ocr_line' id='line_1_9' title="bbox 451 1055 2035 1132; baseline -0.008 -15"><span class='ocrx_word' id='word_1_51' title='bbox 451 1063 593 1117; x_wconf 80' lang='lat' dir='ltr'><strong>ﬂictu</strong></span> <span class='ocrx_word' id='word_1_52' title='bbox 625 1069 940 1132; x_wconf 86' lang='lat' dir='ltr'><strong>perventum</strong></span> <span class='ocrx_word' id='word_1_53' title='bbox 967 1069 1067 1123; x_wconf 87' lang='lat' dir='ltr'><strong>est,</strong></span> <span class='ocrx_word' id='word_1_54' title='bbox 1098 1067 1155 1113; x_wconf 87' lang='lat' dir='ltr'><strong>ut</strong></span> <span class='ocrx_word' id='word_1_55' title='bbox 1203 1055 1541 1128; x_wconf 75' lang='lat' dir='ltr'><strong>Imperatoris</strong></span> <span class='ocrx_word' id='word_1_56' title='bbox 1580 1064 1899 1125; x_wconf 77' lang='lat' dir='ltr'><strong>przrceptum</strong></span> <span class='ocrx_word' id='word_1_57' title='bbox 1930 1067 2035 1122; x_wconf 90' lang='lat' dir='ltr'><strong>quo</strong></span> 
     </span>
    </p>
   </div>
   <div class='ocr_carea' id='block_1_10' title="bbox 450 1143 2038 1221">
    <p class='ocr_par' dir='ltr' id='par_1_10' title="bbox 450 1143 2038 1221">
     <span class='ocr_line' id='line_1_10' title="bbox 450 1143 2038 1221; baseline -0.008 -13"><span class='ocrx_word' id='word_1_58' title='bbox 450 1153 802 1210; x_wconf 84' lang='lat' dir='ltr'><strong>Collationcm</strong></span> <span class='ocrx_word' id='word_1_59' title='bbox 828 1152 1073 1221; x_wconf 69' lang='lat' dir='ltr'><strong>jussisset</strong></span> <span class='ocrx_word' id='word_1_60' title='bbox 1105 1148 1217 1202; x_wconf 82' lang='lat' dir='ltr'><strong>fieri</strong></span> <span class='ocrx_word' id='word_1_61' title='bbox 1247 1148 1529 1218; x_wconf 78' lang='lat' dir='ltr'>legeretur,</span> <span class='ocrx_word' id='word_1_62' title='bbox 1559 1154 1613 1199; x_wconf 91' lang='lat' dir='ltr'><strong>ut</strong></span> <span class='ocrx_word' id='word_1_63' title='bbox 1638 1159 1703 1198; x_wconf 93' lang='lat' dir='ltr'><strong>eo</strong></span> <span class='ocrx_word' id='word_1_64' title='bbox 1724 1144 1881 1198; x_wconf 88' lang='lat' dir='ltr'><strong>modo</strong></span> <span class='ocrx_word' id='word_1_65' title='bbox 1905 1143 2038 1213; x_wconf 83' lang='lat' dir='ltr'><strong>peti-</strong></span> 
     </span>
    </p>
   </div>
   <div class='ocr_carea' id='block_1_11' title="bbox 453 1235 2038 1316">
    <p class='ocr_par' dir='ltr' id='par_1_11' title="bbox 453 1235 2038 1316">
     <span class='ocr_line' id='line_1_11' title="bbox 453 1235 2038 1316; baseline -0.008 -15"><span class='ocrx_word' id='word_1_66' title='bbox 453 1258 626 1301; x_wconf 89' lang='lat' dir='ltr'><strong>torum</strong></span> <span class='ocrx_word' id='word_1_67' title='bbox 659 1259 885 1316; x_wconf 80' lang='lat' dir='ltr'><strong>persona</strong></span> <span class='ocrx_word' id='word_1_68' title='bbox 931 1249 1220 1297; x_wconf 58' lang='lat' dir='ltr'><strong>constaret.</strong></span> <span class='ocrx_word' id='word_1_69' title='bbox 1255 1239 1541 1293; x_wconf 68' lang='lat' dir='ltr'><strong>Videbatur</strong></span> <span class='ocrx_word' id='word_1_70' title='bbox 1569 1236 1708 1292; x_wconf 90' lang='lat' dir='ltr'><strong>enim</strong></span> <span class='ocrx_word' id='word_1_71' title='bbox 1749 1246 1812 1302; x_wconf 70' lang='lat' dir='ltr'><strong>et</strong></span> <span class='ocrx_word' id='word_1_72' title='bbox 1843 1235 2038 1304; x_wconf 54' lang='lat' dir='ltr'><strong>Cogni-</strong></span> 
     </span>
    </p>
   </div>
   <div class='ocr_carea' id='block_1_12' title="bbox 453 1326 2033 1404">
    <p class='ocr_par' dir='ltr' id='par_1_12' title="bbox 453 1326 2033 1404">
     <span class='ocr_line' id='line_1_12' title="bbox 453 1326 2033 1404; baseline -0.008 -13"><span class='ocrx_word' id='word_1_73' title='bbox 453 1339 576 1400; x_wconf 88' lang='lat' dir='ltr'><strong>tori,</strong></span> <span class='ocrx_word' id='word_1_74' title='bbox 608 1351 671 1390; x_wconf 92' lang='lat' dir='ltr'><strong>ne</strong></span> <span class='ocrx_word' id='word_1_75' title='bbox 702 1334 825 1404; x_wconf 92' lang='lat' dir='ltr'><strong>quid</strong></span> <span class='ocrx_word' id='word_1_76' title='bbox 860 1331 1146 1387; x_wconf 90' lang='lat' dir='ltr'><strong>Donatistis</strong></span> <span class='ocrx_word' id='word_1_77' title='bbox 1185 1330 1344 1386; x_wconf 86' lang='lat' dir='ltr'><strong>etiam</strong></span> <span class='ocrx_word' id='word_1_78' title='bbox 1392 1329 1457 1384; x_wconf 89' lang='lat' dir='ltr'><strong>de</strong></span> <span class='ocrx_word' id='word_1_79' title='bbox 1502 1330 1617 1398; x_wconf 85' lang='lat' dir='ltr'><strong>ipso</strong></span> <span class='ocrx_word' id='word_1_80' title='bbox 1649 1327 1768 1398; x_wconf 86' lang='lat' dir='ltr'><strong>jure</strong></span> <span class='ocrx_word' id='word_1_81' title='bbox 1817 1326 2033 1393; x_wconf 76' lang='lat' dir='ltr'><strong>forensi,</strong></span> 
     </span>
    </p>
   </div>
   <div class='ocr_carea' id='block_1_13' title="bbox 452 1419 2034 1495">
    <p class='ocr_par' dir='ltr' id='par_1_13' title="bbox 452 1419 2034 1495">
     <span class='ocr_line' id='line_1_13' title="bbox 452 1419 2034 1495; baseline -0.008 -14"><span class='ocrx_word' id='word_1_82' title='bbox 452 1429 612 1482; x_wconf 78' lang='lat' dir='ltr'><strong>veluti</strong></span> <span class='ocrx_word' id='word_1_83' title='bbox 650 1427 788 1495; x_wconf 82' lang='lat' dir='ltr'><strong>justa</strong></span> <span class='ocrx_word' id='word_1_84' title='bbox 836 1422 1175 1494; x_wconf 89' lang='lat' dir='ltr'><strong>poscentibus</strong></span> <span class='ocrx_word' id='word_1_85' title='bbox 1215 1431 1518 1490; x_wconf 81' lang='lat' dir='ltr'><strong>negaretur,</strong></span> <span class='ocrx_word' id='word_1_86' title='bbox 1571 1420 1714 1489; x_wconf 89' lang='lat' dir='ltr'><strong>prius</strong></span> <span class='ocrx_word' id='word_1_87' title='bbox 1755 1419 2034 1488; x_wconf 88' lang='lat' dir='ltr'><strong>petitorum</strong></span> 
     </span>
    </p>
   </div>
   <div class='ocr_carea' id='block_1_14' title="bbox 425 1507 2036 1582">
    <p class='ocr_par' dir='ltr' id='par_1_14' title="bbox 425 1507 2036 1582">
     <span class='ocr_line' id='line_1_14' title="bbox 425 1507 2036 1582; baseline -0.008 -9"><span class='ocrx_word' id='word_1_88' title='bbox 425 1520 427 1522; x_wconf 74' lang='grc'><em>’</em></span> <span class='ocrx_word' id='word_1_89' title='bbox 451 1515 852 1573; x_wconf 87' lang='lat' dir='ltr'><strong>constituendas</strong></span> <span class='ocrx_word' id='word_1_90' title='bbox 875 1527 995 1568; x_wconf 91' lang='lat' dir='ltr'><strong>esse</strong></span> <span class='ocrx_word' id='word_1_91' title='bbox 1023 1526 1293 1582; x_wconf 74' lang='lat' dir='ltr'><strong>personas.</strong></span> <span class='ocrx_word' id='word_1_92' title='bbox 1318 1512 1592 1580; x_wconf 71' lang='lat' dir='ltr'><strong>Praecepto</strong></span> <span class='ocrx_word' id='word_1_93' title='bbox 1618 1524 1745 1579; x_wconf 80' lang='lat' dir='ltr'><strong>ergo</strong></span> <span class='ocrx_word' id='word_1_94' title='bbox 1777 1507 2036 1576; x_wconf 79' lang='lat' dir='ltr'><strong>imperiali</strong></span> 
     </span>
    </p>
   </div>
   <div class='ocr_carea' id='block_1_15' title="bbox 453 1589 2038 1671">
    <p class='ocr_par' dir='ltr' id='par_1_15' title="bbox 453 1589 2038 1671">
     <span class='ocr_line' id='line_1_15' title="bbox 453 1589 2038 1671; baseline -0.007 -10"><span class='ocrx_word' id='word_1_95' title='bbox 453 1607 695 1668; x_wconf 85' lang='lat' dir='ltr'><strong>recitato,</strong></span> <span class='ocrx_word' id='word_1_96' title='bbox 743 1604 1092 1659; x_wconf 89' lang='lat' dir='ltr'><strong>Collationem</strong></span> <span class='ocrx_word' id='word_1_97' title='bbox 1132 1601 1330 1671; x_wconf 80' lang='lat' dir='ltr'><strong>petisse</strong></span> <span class='ocrx_word' id='word_1_98' title='bbox 1375 1589 1680 1655; x_wconf 74' lang='lat' dir='ltr'><strong>CatholicOs</strong></span> <span class='ocrx_word' id='word_1_99' title='bbox 1715 1599 2038 1653; x_wconf 84' lang='lat' dir='ltr'><strong>declaratum</strong></span> 
     </span>
    </p>
   </div>
   <div class='ocr_carea' id='block_1_16' title="bbox 451 1689 2039 1765">
    <p class='ocr_par' dir='ltr' id='par_1_16' title="bbox 451 1689 2039 1765">
     <span class='ocr_line' id='line_1_16' title="bbox 451 1689 2039 1765; baseline -0.006 -14"><span class='ocrx_word' id='word_1_100' title='bbox 451 1706 554 1762; x_wconf 89' lang='lat' dir='ltr'><strong>est,</strong></span> <span class='ocrx_word' id='word_1_101' title='bbox 588 1711 813 1765; x_wconf 88' lang='lat' dir='ltr'><strong>eamque</strong></span> <span class='ocrx_word' id='word_1_102' title='bbox 843 1709 962 1749; x_wconf 91' lang='lat' dir='ltr'><strong>esse</strong></span> <span class='ocrx_word' id='word_1_103' title='bbox 1008 1707 1338 1748; x_wconf 90' lang='lat' dir='ltr'><strong>concessam.</strong></span> <span class='ocrx_word' id='word_1_104' title='bbox 1373 1691 1523 1745; x_wconf 90' lang='lat' dir='ltr'><strong>Tunc</strong></span> <span class='ocrx_word' id='word_1_105' title='bbox 1560 1691 1849 1745; x_wconf 68' lang='lat' dir='ltr'><strong>Donatista:</strong></span> <span class='ocrx_word' id='word_1_106' title='bbox 1879 1689 2039 1743; x_wconf 72' lang='lat' dir='ltr'><strong>etiam</strong></span> 
     </span>
    </p>
   </div>
   <div class='ocr_carea' id='block_1_17' title="bbox 455 1783 2040 1860">
    <p class='ocr_par' dir='ltr' id='par_1_17' title="bbox 455 1783 2040 1860">
     <span class='ocr_line' id='line_1_17' title="bbox 455 1783 2040 1860; baseline -0.006 -15"><span class='ocrx_word' id='word_1_107' title='bbox 455 1805 642 1860; x_wconf 90' lang='lat' dir='ltr'><strong>preces</strong></span> <span class='ocrx_word' id='word_1_108' title='bbox 662 1789 854 1860; x_wconf 92' lang='lat' dir='ltr'><strong>quibus</strong></span> <span class='ocrx_word' id='word_1_109' title='bbox 884 1787 949 1842; x_wconf 91' lang='lat' dir='ltr'><strong>ab</strong></span> <span class='ocrx_word' id='word_1_110' title='bbox 979 1787 1057 1842; x_wconf 90' lang='lat' dir='ltr'><strong>eis</strong></span> <span class='ocrx_word' id='word_1_111' title='bbox 1085 1786 1173 1840; x_wconf 89' lang='lat' dir='ltr'><strong>illa</strong></span> <span class='ocrx_word' id='word_1_112' title='bbox 1195 1785 1418 1840; x_wconf 88' lang='lat' dir='ltr'><strong>Collatio</strong></span> <span class='ocrx_word' id='word_1_113' title='bbox 1453 1785 1614 1855; x_wconf 89' lang='lat' dir='ltr'><strong>petita</strong></span> <span class='ocrx_word' id='word_1_114' title='bbox 1643 1791 1746 1850; x_wconf 88' lang='lat' dir='ltr'><strong>est,</strong></span> <span class='ocrx_word' id='word_1_115' title='bbox 1775 1783 2040 1854; x_wconf 88' lang='lat' dir='ltr'><strong>postulare</strong></span> 
     </span>
    </p>
   </div>
   <div class='ocr_carea' id='block_1_18' title="bbox 453 1875 2041 1952">
    <p class='ocr_par' dir='ltr' id='par_1_18' title="bbox 453 1875 2041 1952">
     <span class='ocr_line' id='line_1_18' title="bbox 453 1875 2041 1952; baseline -0.004 -17"><span class='ocrx_word' id='word_1_116' title='bbox 453 1889 749 1952; x_wconf 77' lang='lat' dir='ltr'><strong>coeperunt.</strong></span> <span class='ocrx_word' id='word_1_117' title='bbox 779 1879 875 1934; x_wconf 91' lang='lat' dir='ltr'><strong>llic</strong></span> <span class='ocrx_word' id='word_1_118' title='bbox 907 1894 1026 1932; x_wconf 89' lang='lat' dir='ltr'><strong>eum</strong></span> <span class='ocrx_word' id='word_1_119' title='bbox 1059 1879 1134 1932; x_wconf 89' lang='lat' dir='ltr'><strong>eis</strong></span> <span class='ocrx_word' id='word_1_120' title='bbox 1162 1877 1274 1947; x_wconf 87' lang='lat' dir='ltr'><strong>ipse</strong></span> <span class='ocrx_word' id='word_1_121' title='bbox 1298 1876 1552 1946; x_wconf 84' lang='lat' dir='ltr'><strong>Cognitor</strong></span> <span class='ocrx_word' id='word_1_122' title='bbox 1590 1875 1959 1946; x_wconf 86' lang='lat' dir='ltr'><strong>responderet,</strong></span> <span class='ocrx_word' id='word_1_123' title='bbox 1987 1875 2041 1928; x_wconf 90' lang='lat' dir='ltr'><strong>in</strong></span> 
     </span>
    </p>
   </div>
   <div class='ocr_carea' id='block_1_19' title="bbox 455 1964 2040 2044">
    <p class='ocr_par' dir='ltr' id='par_1_19' title="bbox 455 1964 2040 2044">
     <span class='ocr_line' id='line_1_19' title="bbox 455 1964 2040 2044; baseline -0.003 -20"><span class='ocrx_word' id='word_1_124' title='bbox 455 1972 779 2044; x_wconf 75' lang='lat' dir='ltr'><strong>pragmatico</strong></span> <span class='ocrx_word' id='word_1_125' title='bbox 811 1972 1071 2038; x_wconf 89' lang='lat' dir='ltr'><strong>rescripto</strong></span> <span class='ocrx_word' id='word_1_126' title='bbox 1098 1982 1284 2039; x_wconf 86' lang='lat' dir='ltr'><strong>preces</strong></span> <span class='ocrx_word' id='word_1_127' title='bbox 1310 1968 1471 2022; x_wconf 82' lang='lat' dir='ltr'><strong>inseri</strong></span> <span class='ocrx_word' id='word_1_128' title='bbox 1513 1982 1618 2021; x_wconf 92' lang='lat' dir='ltr'><strong>non</strong></span> <span class='ocrx_word' id='word_1_129' title='bbox 1649 1968 1823 2021; x_wconf 91' lang='lat' dir='ltr'><strong>solere</strong></span> <span class='ocrx_word' id='word_1_130' title='bbox 1852 1983 1862 2020; x_wconf 92' lang='lat'><strong>:</strong></span> <span class='ocrx_word' id='word_1_131' title='bbox 1897 1964 1962 2020; x_wconf 92' lang='lat' dir='ltr'><strong>ad</strong></span> <span class='ocrx_word' id='word_1_132' title='bbox 1990 1965 2040 2020; x_wconf 89' lang='lat' dir='ltr'><strong>id</strong></span> 
     </span>
    </p>
   </div>
   <div class='ocr_carea' id='block_1_20' title="bbox 457 2058 2042 2124">
    <p class='ocr_par' dir='ltr' id='par_1_20' title="bbox 457 2058 2042 2124">
     <span class='ocr_line' id='line_1_20' title="bbox 457 2058 2042 2124; baseline -0.004 -5"><span class='ocrx_word' id='word_1_133' title='bbox 457 2081 518 2119; x_wconf 87' lang='lat' dir='ltr'><strong>se</strong></span> <span class='ocrx_word' id='word_1_134' title='bbox 557 2070 942 2118; x_wconf 79' lang='lat' dir='ltr'><strong>eonvertcrunt</strong></span> <span class='ocrx_word' id='word_1_135' title='bbox 990 2073 1046 2115; x_wconf 90' lang='lat' dir='ltr'><strong>ut</strong></span> <span class='ocrx_word' id='word_1_136' title='bbox 1099 2058 1404 2114; x_wconf 81' lang='lat' dir='ltr'><strong>mandatum</strong></span> <span class='ocrx_word' id='word_1_137' title='bbox 1459 2058 1879 2122; x_wconf 87' lang='lat' dir='ltr'><strong>Catholicorum,</strong></span> <span class='ocrx_word' id='word_1_138' title='bbox 1938 2073 2042 2124; x_wconf 86' lang='lat' dir='ltr'><strong>quo</strong></span> 
     </span>
    </p>
   </div>
   <div class='ocr_carea' id='block_1_21' title="bbox 459 2149 2040 2222">
    <p class='ocr_par' dir='ltr' id='par_1_21' title="bbox 459 2149 2040 2222">
     <span class='ocr_line' id='line_1_21' title="bbox 459 2149 2040 2222; baseline -0.003 -14"><span class='ocrx_word' id='word_1_139' title='bbox 459 2154 838 2209; x_wconf 69' lang='lat' dir='ltr'><strong>mandaverant</strong></span> <span class='ocrx_word' id='word_1_140' title='bbox 857 2153 959 2222; x_wconf 87' lang='lat' dir='ltr'><strong>peti</strong></span> <span class='ocrx_word' id='word_1_141' title='bbox 977 2153 1044 2207; x_wconf 92' lang='lat' dir='ltr'><strong>ab</strong></span> <span class='ocrx_word' id='word_1_142' title='bbox 1068 2152 1388 2221; x_wconf 88' lang='lat' dir='ltr'><strong>lmperatore</strong></span> <span class='ocrx_word' id='word_1_143' title='bbox 1404 2149 1778 2218; x_wconf 87' lang='lat' dir='ltr'><strong>Collationem,</strong></span> <span class='ocrx_word' id='word_1_144' title='bbox 1801 2150 2040 2206; x_wconf 79' lang='lat' dir='ltr'><strong>eosdem-</strong></span> 
     </span>
    </p>
   </div>
   <div class='ocr_carea' id='block_1_22' title="bbox 459 2241 2042 2316">
    <p class='ocr_par' dir='ltr' id='par_1_22' title="bbox 459 2241 2042 2316">
     <span class='ocr_line' id='line_1_22' title="bbox 459 2241 2042 2316; baseline -0.003 -15"><span class='ocrx_word' id='word_1_145' title='bbox 459 2263 564 2316; x_wconf 90' lang='lat' dir='ltr'><strong>que</strong></span> <span class='ocrx_word' id='word_1_146' title='bbox 591 2247 791 2316; x_wconf 80' lang='lat' dir='ltr'><strong>legatos</strong></span> <span class='ocrx_word' id='word_1_147' title='bbox 816 2259 952 2314; x_wconf 87' lang='lat' dir='ltr'><strong>quos</strong></span> <span class='ocrx_word' id='word_1_148' title='bbox 982 2243 1046 2296; x_wconf 90' lang='lat' dir='ltr'><strong>ad</strong></span> <span class='ocrx_word' id='word_1_149' title='bbox 1074 2242 1176 2297; x_wconf 90' lang='lat' dir='ltr'><strong>hoc</strong></span> <span class='ocrx_word' id='word_1_150' title='bbox 1212 2241 1600 2311; x_wconf 89' lang='lat' dir='ltr'><strong>impetrandum</strong></span> <span class='ocrx_word' id='word_1_151' title='bbox 1640 2242 1915 2309; x_wconf 83' lang='lat' dir='ltr'><strong>miserant,</strong></span> <span class='ocrx_word' id='word_1_152' title='bbox 1944 2241 2042 2296; x_wconf 83' lang='lat' dir='ltr'><strong>sibi</strong></span> 
     </span>
    </p>
   </div>
   <div class='ocr_carea' id='block_1_23' title="bbox 456 2332 2042 2406">
    <p class='ocr_par' dir='ltr' id='par_1_23' title="bbox 456 2332 2042 2406">
     <span class='ocr_line' id='line_1_23' title="bbox 456 2332 2042 2406; baseline -0.003 -14"><span class='ocrx_word' id='word_1_153' title='bbox 456 2336 675 2392; x_wconf 88' lang='lat' dir='ltr'><strong>ederent</strong></span> <span class='ocrx_word' id='word_1_154' title='bbox 698 2345 858 2406; x_wconf 85' lang='lat' dir='ltr'><strong>atque</strong></span> <span class='ocrx_word' id='word_1_155' title='bbox 887 2335 1199 2405; x_wconf 78' lang='lat' dir='ltr'><strong>proderent;</strong></span> <span class='ocrx_word' id='word_1_156' title='bbox 1244 2342 1543 2390; x_wconf 87' lang='lat' dir='ltr'><strong>asserentes</strong></span> <span class='ocrx_word' id='word_1_157' title='bbox 1569 2332 1837 2389; x_wconf 89' lang='lat' dir='ltr'><strong>discutere</strong></span> <span class='ocrx_word' id='word_1_158' title='bbox 1864 2348 1920 2388; x_wconf 92' lang='lat' dir='ltr'><strong>se</strong></span> <span class='ocrx_word' id='word_1_159' title='bbox 1945 2333 2042 2388; x_wconf 84' lang='lat' dir='ltr'><strong>de-</strong></span> 
     </span>
    </p>
   </div>
   <div class='ocr_carea' id='block_1_24' title="bbox 460 2424 2046 2499">
    <p class='ocr_par' dir='ltr' id='par_1_24' title="bbox 460 2424 2046 2499">
     <span class='ocr_line' id='line_1_24' title="bbox 460 2424 2046 2499; baseline -0.004 -15"><span class='ocrx_word' id='word_1_160' title='bbox 460 2431 587 2485; x_wconf 87' lang='lat' dir='ltr'><strong>bere</strong></span> <span class='ocrx_word' id='word_1_161' title='bbox 613 2444 730 2499; x_wconf 68' lang='lat' dir='ltr'><strong>qute</strong></span> <span class='ocrx_word' id='word_1_162' title='bbox 755 2426 1003 2481; x_wconf 86' lang='lat' dir='ltr'><strong>mandata</strong></span> <span class='ocrx_word' id='word_1_163' title='bbox 1024 2433 1165 2488; x_wconf 89' lang='lat' dir='ltr'><strong>sunt,</strong></span> <span class='ocrx_word' id='word_1_164' title='bbox 1188 2434 1345 2495; x_wconf 92' lang='lat' dir='ltr'><strong>atque</strong></span> <span class='ocrx_word' id='word_1_165' title='bbox 1367 2425 1437 2479; x_wconf 87' lang='lat' dir='ltr'><strong>ibi</strong></span> <span class='ocrx_word' id='word_1_166' title='bbox 1459 2424 1696 2479; x_wconf 83' lang='lat' dir='ltr'><strong>invenire</strong></span> <span class='ocrx_word' id='word_1_167' title='bbox 1716 2439 1871 2494; x_wconf 86' lang='lat' dir='ltr'><strong>posse</strong></span> <span class='ocrx_word' id='word_1_168' title='bbox 1896 2438 2046 2478; x_wconf 84' lang='lat' dir='ltr'><strong>man-</strong></span> 
     </span>
    </p>
   </div>
   <div class='ocr_carea' id='block_1_25' title="bbox 458 2514 2041 2586">
    <p class='ocr_par' dir='ltr' id='par_1_25' title="bbox 458 2514 2041 2586">
     <span class='ocr_line' id='line_1_25' title="bbox 458 2514 2041 2586; baseline -0.003 -14"><span class='ocrx_word' id='word_1_169' title='bbox 458 2522 578 2574; x_wconf 85' lang='lat' dir='ltr'><strong>data</strong></span> <span class='ocrx_word' id='word_1_170' title='bbox 601 2517 994 2574; x_wconf 85' lang='lat' dir='ltr'><strong>Catholicorum</strong></span> <span class='ocrx_word' id='word_1_171' title='bbox 1018 2532 1135 2586; x_wconf 66' lang='lat' dir='ltr'><strong>qute</strong></span> <span class='ocrx_word' id='word_1_172' title='bbox 1162 2515 1230 2570; x_wconf 91' lang='lat' dir='ltr'><strong>de</strong></span> <span class='ocrx_word' id='word_1_173' title='bbox 1251 2516 1354 2570; x_wconf 91' lang='lat' dir='ltr'><strong>illis</strong></span> <span class='ocrx_word' id='word_1_174' title='bbox 1384 2514 1692 2586; x_wconf 87' lang='lat' dir='ltr'><strong>Imperatori</strong></span> <span class='ocrx_word' id='word_1_175' title='bbox 1722 2516 1878 2570; x_wconf 90' lang='lat' dir='ltr'><strong>locuti</strong></span> <span class='ocrx_word' id='word_1_176' title='bbox 1896 2522 2041 2569; x_wconf 89' lang='lat' dir='ltr'><strong>sunt.</strong></span> 
     </span>
    </p>
   </div>
   <div class='ocr_carea' id='block_1_26' title="bbox 458 2605 2047 2677">
    <p class='ocr_par' dir='ltr' id='par_1_26' title="bbox 458 2605 2047 2677">
     <span class='ocr_line' id='line_1_26' title="bbox 458 2605 2047 2677; baseline -0.003 -13"><span class='ocrx_word' id='word_1_177' title='bbox 458 2610 572 2665; x_wconf 88' lang='grc'><strong>1100</strong></span> <span class='ocrx_word' id='word_1_178' title='bbox 619 2624 738 2664; x_wconf 83' lang='grc'><strong>011111</strong></span> <span class='ocrx_word' id='word_1_179' title='bbox 786 2607 1141 2677; x_wconf 85' lang='lat' dir='ltr'><strong>intelligerent</strong></span> <span class='ocrx_word' id='word_1_180' title='bbox 1185 2605 1442 2660; x_wconf 83' lang='lat' dir='ltr'><strong>Catholici</strong></span> <span class='ocrx_word' id='word_1_181' title='bbox 1489 2605 1553 2659; x_wconf 92' lang='lat' dir='ltr'><strong>ad</strong></span> <span class='ocrx_word' id='word_1_182' title='bbox 1596 2605 1696 2661; x_wconf 93' lang='lat' dir='ltr'><strong>hoc</strong></span> <span class='ocrx_word' id='word_1_183' title='bbox 1733 2605 1956 2676; x_wconf 91' lang='lat' dir='ltr'><strong>inquiri,</strong></span> <span class='ocrx_word' id='word_1_184' title='bbox 1988 2613 2047 2660; x_wconf 90' lang='lat' dir='ltr'><strong>ut</strong></span> 
     </span>
    </p>
   </div>
   <div class='ocr_carea' id='block_1_27' title="bbox 459 2698 2046 2768">
    <p class='ocr_par' dir='ltr' id='par_1_27' title="bbox 459 2698 2046 2768">
     <span class='ocr_line' id='line_1_27' title="bbox 459 2698 2046 2768; baseline -0.003 -12"><span class='ocrx_word' id='word_1_185' title='bbox 459 2701 823 2757; x_wconf 71' lang='lat' dir='ltr'><strong>invenirentur</strong></span> <span class='ocrx_word' id='word_1_186' title='bbox 849 2701 1154 2754; x_wconf 87' lang='lat' dir='ltr'><strong>Occasiones</strong></span> <span class='ocrx_word' id='word_1_187' title='bbox 1181 2698 1374 2768; x_wconf 87' lang='lat' dir='ltr'><strong>quibus</strong></span> <span class='ocrx_word' id='word_1_188' title='bbox 1393 2698 1578 2768; x_wconf 81' lang='lat' dir='ltr'><strong>prolixi</strong></span> <span class='ocrx_word' id='word_1_189' title='bbox 1607 2699 1860 2768; x_wconf 90' lang='lat' dir='ltr'><strong>temporis</strong></span> <span class='ocrx_word' id='word_1_190' title='bbox 1883 2712 2046 2752; x_wconf 77' lang='lat' dir='ltr'><strong>morte</strong></span> 
     </span>
    </p>
   </div>
   <div class='ocr_carea' id='block_1_28' title="bbox 459 2787 2045 2860">
    <p class='ocr_par' dir='ltr' id='par_1_28' title="bbox 459 2787 2045 2860">
     <span class='ocr_line' id='line_1_28' title="bbox 459 2787 2045 2860; baseline -0.002 -14"><span class='ocrx_word' id='word_1_191' title='bbox 459 2808 522 2848; x_wconf 88' lang='lat' dir='ltr'><strong>ac</strong></span> <span class='ocrx_word' id='word_1_192' title='bbox 544 2792 823 2847; x_wconf 83' lang='lat' dir='ltr'><strong>dilationes</strong></span> <span class='ocrx_word' id='word_1_193' title='bbox 862 2789 1254 2860; x_wconf 76' lang='lat' dir='ltr'><strong>ingererentur,</strong></span> <span class='ocrx_word' id='word_1_194' title='bbox 1301 2788 1614 2844; x_wconf 84' lang='lat' dir='ltr'><strong>asserebant</strong></span> <span class='ocrx_word' id='word_1_195' title='bbox 1658 2790 1878 2843; x_wconf 90' lang='lat' dir='ltr'><strong>omnino</strong></span> <span class='ocrx_word' id='word_1_196' title='bbox 1904 2787 2045 2859; x_wconf 90' lang='lat' dir='ltr'><strong>quod</strong></span> 
     </span>
    </p>
   </div>
   <div class='ocr_carea' id='block_1_29' title="bbox 462 2879 2045 2954">
    <p class='ocr_par' dir='ltr' id='par_1_29' title="bbox 462 2879 2045 2954">
     <span class='ocr_line' id='line_1_29' title="bbox 462 2879 2045 2954; baseline -0.002 -18"><span class='ocrx_word' id='word_1_197' title='bbox 462 2890 703 2954; x_wconf 82' lang='lat' dir='ltr'><strong>peterent</strong></span> <span class='ocrx_word' id='word_1_198' title='bbox 749 2879 815 2935; x_wconf 93' lang='lat' dir='ltr'><strong>ad</strong></span> <span class='ocrx_word' id='word_1_199' title='bbox 855 2894 1071 2935; x_wconf 88' lang='lat' dir='ltr'><strong>causam</strong></span> <span class='ocrx_word' id='word_1_200' title='bbox 1119 2895 1226 2934; x_wconf 87' lang='lat' dir='ltr'><strong>non</strong></span> <span class='ocrx_word' id='word_1_201' title='bbox 1270 2879 1565 2949; x_wconf 90' lang='lat' dir='ltr'><strong>pertinere;</strong></span> <span class='ocrx_word' id='word_1_202' title='bbox 1615 2879 2045 2949; x_wconf 85' lang='lat' dir='ltr'><strong>quandoquidem</strong></span> 
     </span>
    </p>
   </div>
   <div class='ocr_carea' id='block_1_30' title="bbox 460 2970 2046 3041">
    <p class='ocr_par' dir='ltr' id='par_1_30' title="bbox 460 2970 2046 3041">
     <span class='ocr_line' id='line_1_30' title="bbox 460 2970 2046 3041; baseline -0.003 -13"><span class='ocrx_word' id='word_1_203' title='bbox 460 2975 806 3028; x_wconf 75' lang='lat' dir='ltr'><strong>Collationem</strong></span> <span class='ocrx_word' id='word_1_204' title='bbox 833 2972 899 3026; x_wconf 89' lang='lat' dir='ltr'><strong>ab</strong></span> <span class='ocrx_word' id='word_1_205' title='bbox 915 2971 992 3025; x_wconf 87' lang='lat' dir='ltr'><strong>eis</strong></span> <span class='ocrx_word' id='word_1_206' title='bbox 1013 2970 1229 3041; x_wconf 80' lang='lat' dir='ltr'><strong>petitam</strong></span> <span class='ocrx_word' id='word_1_207' title='bbox 1257 2970 1371 3040; x_wconf 91' lang='lat' dir='ltr'><strong>ipse</strong></span> <span class='ocrx_word' id='word_1_208' title='bbox 1399 2970 1693 3040; x_wconf 89' lang='lat' dir='ltr'><strong>Imperator</strong></span> <span class='ocrx_word' id='word_1_209' title='bbox 1711 2970 2046 3039; x_wconf 83' lang='lat' dir='ltr'><strong>apertissime</strong></span> 
     </span>
    </p>
   </div>
   <div class='ocr_carea' id='block_1_31' title="bbox 462 3061 2042 3131">
    <p class='ocr_par' dir='ltr' id='par_1_31' title="bbox 462 3061 2042 3131">
     <span class='ocr_line' id='line_1_31' title="bbox 462 3061 2042 3131; baseline -0.001 -16"><span class='ocrx_word' id='word_1_210' title='bbox 462 3065 786 3130; x_wconf 80' lang='lat' dir='ltr'><strong>ostenderet,</strong></span> <span class='ocrx_word' id='word_1_211' title='bbox 811 3062 894 3118; x_wconf 89' lang='lat' dir='ltr'><strong>cui</strong></span> <span class='ocrx_word' id='word_1_212' title='bbox 921 3061 1259 3131; x_wconf 83' lang='lat' dir='ltr'><strong>Cognitorem</strong></span> <span class='ocrx_word' id='word_1_213' title='bbox 1282 3061 1520 3121; x_wconf 83' lang='lat' dir='ltr'><strong>dederat,</strong></span> <span class='ocrx_word' id='word_1_214' title='bbox 1541 3071 1596 3113; x_wconf 93' lang='lat' dir='ltr'><strong>ut</strong></span> <span class='ocrx_word' id='word_1_215' title='bbox 1614 3062 2042 3130; x_wconf 83' lang='lat' dir='ltr'><strong>superstitionem</strong></span> 
     </span>
    </p>
   </div>
   <div class='ocr_carea' id='block_1_32' title="bbox 461 3150 2044 3222">
    <p class='ocr_par' dir='ltr' id='par_1_32' title="bbox 461 3150 2044 3222">
     <span class='ocr_line' id='line_1_32' title="bbox 461 3150 2044 3222; baseline -0.003 -12"><span class='ocrx_word' id='word_1_216' title='bbox 461 3155 735 3210; x_wconf 86' lang='lat' dir='ltr'><strong>manifesta</strong></span> <span class='ocrx_word' id='word_1_217' title='bbox 764 3156 897 3208; x_wconf 88' lang='lat' dir='ltr'><strong>ratio</strong></span> <span class='ocrx_word' id='word_1_218' title='bbox 918 3150 1232 3207; x_wconf 79' lang='lat' dir='ltr'><strong>confutaret.</strong></span> <span class='ocrx_word' id='word_1_219' title='bbox 1254 3151 1314 3205; x_wconf 83' lang='lat' dir='ltr'><strong>Et</strong></span> <span class='ocrx_word' id='word_1_220' title='bbox 1341 3151 1680 3206; x_wconf 72' lang='lat' dir='ltr'><strong>vehementer</strong></span> <span class='ocrx_word' id='word_1_221' title='bbox 1701 3151 2044 3222; x_wconf 81' lang='lat' dir='ltr'><strong>urgebantur,</strong></span> 
     </span>
    </p>
   </div>
   <div class='ocr_carea' id='block_1_33' title="bbox 454 3242 2049 3312">
    <p class='ocr_par' dir='ltr' id='par_1_33' title="bbox 454 3242 2049 3312">
     <span class='ocr_line' id='line_1_33' title="bbox 454 3242 2049 3312; baseline -0.001 -13"><span class='ocrx_word' id='word_1_222' title='bbox 454 3257 520 3301; x_wconf 81' lang='lat' dir='ltr'><strong>nt</strong></span> <span class='ocrx_word' id='word_1_223' title='bbox 558 3245 776 3302; x_wconf 77' lang='lat' dir='ltr'><strong>remotis</strong></span> <span class='ocrx_word' id='word_1_224' title='bbox 827 3242 1075 3300; x_wconf 86' lang='lat' dir='ltr'><strong>omnibus</strong></span> <span class='ocrx_word' id='word_1_225' title='bbox 1113 3257 1381 3296; x_wconf 89' lang='lat' dir='ltr'><strong>morarum</strong></span> <span class='ocrx_word' id='word_1_226' title='bbox 1427 3242 1947 3312; x_wconf 72' lang='lat' dir='ltr'><strong>interpositionibus,</strong></span> <span class='ocrx_word' id='word_1_227' title='bbox 1996 3252 2049 3298; x_wconf 90' lang='lat' dir='ltr'><strong>et</strong></span> 
     </span>
    </p>
   </div>
   <div class='ocr_carea' id='block_1_34' title="bbox 461 3333 2048 3405">
    <p class='ocr_par' dir='ltr' id='par_1_34' title="bbox 461 3333 2048 3405">
     <span class='ocr_line' id='line_1_34' title="bbox 461 3333 2048 3405; baseline -0.002 -14"><span class='ocrx_word' id='word_1_228' title='bbox 461 3339 685 3394; x_wconf 89' lang='lat' dir='ltr'><strong>aliarum</strong></span> <span class='ocrx_word' id='word_1_229' title='bbox 733 3333 1236 3405; x_wconf 82' lang='lat' dir='ltr'><strong>interponendarum</strong></span> <span class='ocrx_word' id='word_1_230' title='bbox 1285 3333 1734 3402; x_wconf 79' lang='lat' dir='ltr'><strong>inquisitionibus,</strong></span> <span class='ocrx_word' id='word_1_231' title='bbox 1775 3333 1823 3387; x_wconf 92' lang='lat' dir='ltr'><strong>id</strong></span> <span class='ocrx_word' id='word_1_232' title='bbox 1875 3333 2048 3403; x_wconf 84' lang='lat' dir='ltr'><strong>potius</strong></span> 
     </span>
    </p>
   </div>
   <div class='ocr_carea' id='block_1_35' title="bbox 460 3423 2046 3501">
    <p class='ocr_par' dir='ltr' id='par_1_35' title="bbox 460 3423 2046 3501">
     <span class='ocr_line' id='line_1_35' title="bbox 460 3423 2046 3501; baseline -0.003 -20"><span class='ocrx_word' id='word_1_233' title='bbox 460 3439 708 3501; x_wconf 75' lang='lat' dir='ltr'><strong>ageretur</strong></span> <span class='ocrx_word' id='word_1_234' title='bbox 733 3425 872 3497; x_wconf 90' lang='lat' dir='ltr'><strong>quod</strong></span> <span class='ocrx_word' id='word_1_235' title='bbox 901 3441 961 3480; x_wconf 86' lang='lat' dir='ltr'><strong>ca</strong></span> <span class='ocrx_word' id='word_1_236' title='bbox 991 3423 1286 3478; x_wconf 72' lang='lat' dir='ltr'><strong>Collatiune</strong></span> <span class='ocrx_word' id='word_1_237' title='bbox 1321 3425 1401 3493; x_wconf 80' lang='lat' dir='ltr'><strong>agi</strong></span> <span class='ocrx_word' id='word_1_238' title='bbox 1443 3423 1509 3477; x_wconf 90' lang='lat' dir='ltr'><strong>ab</strong></span> <span class='ocrx_word' id='word_1_239' title='bbox 1554 3423 1876 3493; x_wconf 87' lang='lat' dir='ltr'><strong>lmperatore</strong></span> <span class='ocrx_word' id='word_1_240' title='bbox 1908 3440 2046 3492; x_wconf 71' lang='grc'><strong>[1110-</strong></span> 
     </span>
    </p>
   </div>
   <div class='ocr_carea' id='block_1_36' title="bbox 459 3515 2049 3590">
    <p class='ocr_par' dir='ltr' id='par_1_36' title="bbox 459 3515 2049 3590">
     <span class='ocr_line' id='line_1_36' title="bbox 459 3515 2049 3590; baseline -0.001 -20"><span class='ocrx_word' id='word_1_241' title='bbox 459 3529 670 3590; x_wconf 78' lang='lat' dir='ltr'><strong>ceptum</strong></span> <span class='ocrx_word' id='word_1_242' title='bbox 696 3528 797 3582; x_wconf 87' lang='lat' dir='ltr'><strong>est,</strong></span> <span class='ocrx_word' id='word_1_243' title='bbox 829 3531 986 3585; x_wconf 88' lang='lat' dir='ltr'><strong>quam</strong></span> <span class='ocrx_word' id='word_1_244' title='bbox 1014 3526 1065 3567; x_wconf 92' lang='lat' dir='ltr'><strong>et</strong></span> <span class='ocrx_word' id='word_1_245' title='bbox 1087 3518 1302 3583; x_wconf 80' lang='lat' dir='ltr'><strong>petitam</strong></span> <span class='ocrx_word' id='word_1_246' title='bbox 1325 3515 1392 3567; x_wconf 87' lang='lat' dir='ltr'><strong>ab</strong></span> <span class='ocrx_word' id='word_1_247' title='bbox 1416 3515 1505 3568; x_wconf 89' lang='lat' dir='ltr'><strong>illo</strong></span> <span class='ocrx_word' id='word_1_248' title='bbox 1527 3521 1579 3567; x_wconf 90' lang='lat' dir='ltr'><strong>et</strong></span> <span class='ocrx_word' id='word_1_249' title='bbox 1600 3528 1905 3568; x_wconf 88' lang='lat' dir='ltr'><strong>concessam</strong></span> <span class='ocrx_word' id='word_1_250' title='bbox 1929 3530 2049 3568; x_wconf 89' lang='lat' dir='ltr'><strong>esse</strong></span> 
     </span>
    </p>
   </div>
   <div class='ocr_carea' id='block_1_37' title="bbox 453 3605 1180 3664">
    <p class='ocr_par' dir='ltr' id='par_1_37' title="bbox 453 3605 1180 3664">
     <span class='ocr_line' id='line_1_37' title="bbox 453 3605 1180 3664; baseline -0.01 0"><span class='ocrx_word' id='word_1_251' title='bbox 453 3608 759 3664; x_wconf 71' lang='lat' dir='ltr'><strong>constabat.</strong></span> <span class='ocrx_word' id='word_1_252' title='bbox 1151 3605 1180 3622; x_wconf 73' lang='lat'><strong><em>‘</em></strong></span> 
     </span>
    </p>
   </div>
   <div class='ocr_carea' id='block_1_38' title="bbox 533 3695 2048 3756">
    <p class='ocr_par' dir='ltr' id='par_1_38' title="bbox 533 3695 2048 3756">
     <span class='ocr_line' id='line_1_38' title="bbox 533 3695 2048 3756; baseline -0.003 0"><span class='ocrx_word' id='word_1_253' title='bbox 533 3699 758 3756; x_wconf 77' lang='lat' dir='ltr'><strong>CAPUT</strong></span> <span class='ocrx_word' id='word_1_254' title='bbox 801 3697 886 3754; x_wconf 93' lang='grc'><strong>111.</strong></span> <span class='ocrx_word' id='word_1_255' title='bbox 914 3727 987 3739; x_wconf 85' lang='lat'><strong>-——</strong></span> <span class='ocrx_word' id='word_1_256' title='bbox 1033 3699 1084 3753; x_wconf 82' lang='grc'><strong>5.</strong></span> <span class='ocrx_word' id='word_1_257' title='bbox 1129 3696 1268 3752; x_wconf 82' lang='lat' dir='ltr'><strong>inter</strong></span> <span class='ocrx_word' id='word_1_258' title='bbox 1321 3695 1435 3752; x_wconf 87' lang='lat' dir='ltr'><strong>h:cc</strong></span> <span class='ocrx_word' id='word_1_259' title='bbox 1472 3696 1630 3752; x_wconf 86' lang='lat' dir='ltr'><strong>etiam</strong></span> <span class='ocrx_word' id='word_1_260' title='bbox 1673 3697 1740 3752; x_wconf 89' lang='lat' dir='ltr'><strong>de</strong></span> <span class='ocrx_word' id='word_1_261' title='bbox 1783 3697 2048 3752; x_wconf 88' lang='lat' dir='ltr'><strong>catholico</strong></span> 
     </span>
    </p>
   </div>
   <div class='ocr_carea' id='block_1_39' title="bbox 467 3790 2048 3862">
    <p class='ocr_par' dir='ltr' id='par_1_39' title="bbox 467 3790 2048 3862">
     <span class='ocr_line' id='line_1_39' title="bbox 467 3790 2048 3862; baseline -0.004 -11"><span class='ocrx_word' id='word_1_262' title='bbox 467 3794 705 3859; x_wconf 83' lang='lat' dir='ltr'><strong>nomine,</strong></span> <span class='ocrx_word' id='word_1_263' title='bbox 757 3791 894 3862; x_wconf 89' lang='lat' dir='ltr'><strong>apud</strong></span> <span class='ocrx_word' id='word_1_264' title='bbox 939 3805 1075 3861; x_wconf 85' lang='lat' dir='ltr'><strong>quos</strong></span> <span class='ocrx_word' id='word_1_265' title='bbox 1118 3791 1292 3860; x_wconf 88' lang='lat' dir='ltr'><strong>potius</strong></span> <span class='ocrx_word' id='word_1_266' title='bbox 1321 3798 1484 3855; x_wconf 85' lang='lat' dir='ltr'><strong>esset,</strong></span> <span class='ocrx_word' id='word_1_267' title='bbox 1517 3805 1682 3860; x_wconf 86' lang='lat' dir='ltr'><strong>pauca</strong></span> <span class='ocrx_word' id='word_1_268' title='bbox 1713 3790 1781 3845; x_wconf 88' lang='lat' dir='ltr'><strong>ab</strong></span> <span class='ocrx_word' id='word_1_269' title='bbox 1828 3800 2048 3862; x_wconf 87' lang='lat' dir='ltr'><strong>utraque</strong></span> 
     </span>
    </p>
   </div>
   <div class='ocr_carea' id='block_1_40' title="bbox 467 3882 2050 3959">
    <p class='ocr_par' dir='ltr' id='par_1_40' title="bbox 467 3882 2050 3959">
     <span class='ocr_line' id='line_1_40' title="bbox 467 3882 2050 3959; baseline -0.004 -15"><span class='ocrx_word' id='word_1_270' title='bbox 467 3899 616 3959; x_wconf 88' lang='lat' dir='ltr'><strong>parte</strong></span> <span class='ocrx_word' id='word_1_271' title='bbox 659 3887 882 3943; x_wconf 88' lang='lat' dir='ltr'><strong>invicem</strong></span> <span class='ocrx_word' id='word_1_272' title='bbox 915 3885 1052 3939; x_wconf 92' lang='lat' dir='ltr'><strong>dicta</strong></span> <span class='ocrx_word' id='word_1_273' title='bbox 1093 3893 1147 3940; x_wconf 92' lang='lat' dir='ltr'><strong>et</strong></span> <span class='ocrx_word' id='word_1_274' title='bbox 1193 3882 1401 3953; x_wconf 81' lang='lat' dir='ltr'><strong>objecta</strong></span> <span class='ocrx_word' id='word_1_275' title='bbox 1449 3891 1592 3948; x_wconf 90' lang='lat' dir='ltr'><strong>sunt,</strong></span> <span class='ocrx_word' id='word_1_276' title='bbox 1643 3893 1695 3940; x_wconf 88' lang='lat' dir='ltr'><strong>et</strong></span> <span class='ocrx_word' id='word_1_277' title='bbox 1725 3883 1925 3955; x_wconf 85' lang='lat' dir='ltr'><strong>iussum</strong></span> <span class='ocrx_word' id='word_1_278' title='bbox 1967 3893 2050 3939; x_wconf 87' lang='lat' dir='ltr'><strong>est</strong></span> 
     </span>
    </p>
   </div>
   <div class='ocr_carea' id='block_1_41' title="bbox 465 3974 2046 4052">
    <p class='ocr_par' dir='ltr' id='par_1_41' title="bbox 465 3974 2046 4052">
     <span class='ocr_line' id='line_1_41' title="bbox 465 3974 2046 4052; baseline -0.006 -15"><span class='ocrx_word' id='word_1_279' title='bbox 465 3980 741 4052; x_wconf 77' lang='lat' dir='ltr'><strong>principali</strong></span> <span class='ocrx_word' id='word_1_280' title='bbox 770 3993 944 4036; x_wconf 71' lang='lat' dir='ltr'><strong>causa:</strong></span> <span class='ocrx_word' id='word_1_281' title='bbox 991 3978 1163 4046; x_wconf 83' lang='lat' dir='ltr'><strong>potius</strong></span> <span class='ocrx_word' id='word_1_282' title='bbox 1205 3974 1488 4029; x_wconf 86' lang='lat' dir='ltr'><strong>reservari.</strong></span> <span class='ocrx_word' id='word_1_283' title='bbox 1539 3976 1602 4028; x_wconf 70' lang='lat' dir='ltr'><strong>lit</strong></span> <span class='ocrx_word' id='word_1_284' title='bbox 1630 3985 1748 4043; x_wconf 90' lang='lat' dir='ltr'><strong>post</strong></span> <span class='ocrx_word' id='word_1_285' title='bbox 1779 3976 2046 4045; x_wconf 88' lang='lat' dir='ltr'><strong>aliquanta</strong></span> 
     </span>
    </p>
   </div>
   <div class='ocr_carea' id='block_1_42' title="bbox 469 4063 2049 4140">
    <p class='ocr_par' dir='ltr' id='par_1_42' title="bbox 469 4063 2049 4140">
     <span class='ocr_line' id='line_1_42' title="bbox 469 4063 2049 4140; baseline -0.005 -12"><span class='ocrx_word' id='word_1_286' title='bbox 469 4073 781 4140; x_wconf 86' lang='lat' dir='ltr'><strong>identidem,</strong></span> <span class='ocrx_word' id='word_1_287' title='bbox 813 4087 933 4127; x_wconf 91' lang='lat' dir='ltr'><strong>cum</strong></span> <span class='ocrx_word' id='word_1_288' title='bbox 964 4067 1209 4124; x_wconf 89' lang='lat' dir='ltr'><strong>catholici</strong></span> <span class='ocrx_word' id='word_1_289' title='bbox 1239 4065 1470 4121; x_wconf 87' lang='lat' dir='ltr'><strong>nominis</strong></span> <span class='ocrx_word' id='word_1_290' title='bbox 1496 4063 1630 4119; x_wconf 87' lang='lat' dir='ltr'><strong>facta</strong></span> <span class='ocrx_word' id='word_1_291' title='bbox 1673 4067 1940 4121; x_wconf 90' lang='lat' dir='ltr'><strong>mentione</strong></span> <span class='ocrx_word' id='word_1_292' title='bbox 1969 4066 2049 4120; x_wconf 90' lang='lat' dir='ltr'><strong>di-</strong></span> 
     </span>
    </p>
   </div>
   <div class='ocr_carea' id='block_1_43' title="bbox 464 4156 2043 4232">
    <p class='ocr_par' dir='ltr' id='par_1_43' title="bbox 464 4156 2043 4232">
     <span class='ocr_line' id='line_1_43' title="bbox 464 4156 2043 4232; baseline -0.007 -10"><span class='ocrx_word' id='word_1_293' title='bbox 464 4175 649 4223; x_wconf 81' lang='lat' dir='ltr'><strong>cerent</strong></span> <span class='ocrx_word' id='word_1_294' title='bbox 691 4163 976 4220; x_wconf 65' lang='lat' dir='ltr'><strong>Donatista:</strong></span> <span class='ocrx_word' id='word_1_295' title='bbox 1021 4160 1158 4232; x_wconf 91' lang='lat' dir='ltr'><strong>apud</strong></span> <span class='ocrx_word' id='word_1_296' title='bbox 1203 4173 1262 4214; x_wconf 89' lang='lat' dir='ltr'><strong>se</strong></span> <span class='ocrx_word' id='word_1_297' title='bbox 1301 4159 1477 4228; x_wconf 89' lang='lat' dir='ltr'><strong>potius</strong></span> <span class='ocrx_word' id='word_1_298' title='bbox 1521 4172 1643 4212; x_wconf 89' lang='lat' dir='ltr'><strong>esse</strong></span> <span class='ocrx_word' id='word_1_299' title='bbox 1683 4156 2043 4216; x_wconf 85' lang='lat' dir='ltr'><strong>Catholicam:</strong></span> 
     </span>
    </p>
   </div>
   <div class='ocr_carea' id='block_1_44' title="bbox 458 4251 2043 4330">
    <p class='ocr_par' dir='ltr' id='par_1_44' title="bbox 458 4251 2043 4330">
     <span class='ocr_line' id='line_1_44' title="bbox 458 4251 2043 4330; baseline -0.005 -15"><span class='ocrx_word' id='word_1_300' title='bbox 458 4260 814 4318; x_wconf 78' lang='lat' dir='ltr'><strong>interlocutus</strong></span> <span class='ocrx_word' id='word_1_301' title='bbox 848 4265 930 4309; x_wconf 88' lang='lat' dir='ltr'><strong>est</strong></span> <span class='ocrx_word' id='word_1_302' title='bbox 957 4253 1230 4324; x_wconf 79' lang='lat' dir='ltr'><strong>Cognitor,</strong></span> <span class='ocrx_word' id='word_1_303' title='bbox 1253 4267 1321 4330; x_wconf 87' lang='lat' dir='ltr'><strong>_se</strong></span> <span class='ocrx_word' id='word_1_304' title='bbox 1350 4251 1558 4304; x_wconf 90' lang='lat' dir='ltr'><strong>interim</strong></span> <span class='ocrx_word' id='word_1_305' title='bbox 1591 4251 1705 4304; x_wconf 87' lang='lat' dir='ltr'><strong>sine</strong></span> <span class='ocrx_word' id='word_1_306' title='bbox 1731 4251 2043 4322; x_wconf 84' lang='lat' dir='ltr'><strong>cujusquam</strong></span> 
     </span>
    </p>
   </div>
   <div class='ocr_carea' id='block_1_45' title="bbox 465 4341 2040 4422">
    <p class='ocr_par' dir='ltr' id='par_1_45' title="bbox 465 4341 2040 4422">
     <span class='ocr_line' id='line_1_45' title="bbox 465 4341 2040 4422; baseline -0.005 -17"><span class='ocrx_word' id='word_1_307' title='bbox 465 4349 780 4422; x_wconf 57' lang='lat' dir='ltr'><strong>pra‘judicio</strong></span> <span class='ocrx_word' id='word_1_308' title='bbox 827 4363 932 4400; x_wconf 89' lang='lat' dir='ltr'><strong>non</strong></span> <span class='ocrx_word' id='word_1_309' title='bbox 991 4360 1150 4415; x_wconf 69' lang='lat' dir='ltr'><strong>posse</strong></span> <span class='ocrx_word' id='word_1_310' title='bbox 1208 4344 1364 4398; x_wconf 88' lang='lat' dir='ltr'><strong>aliter</strong></span> <span class='ocrx_word' id='word_1_311' title='bbox 1405 4342 1673 4414; x_wconf 88' lang='lat' dir='ltr'><strong>appellare</strong></span> <span class='ocrx_word' id='word_1_312' title='bbox 1722 4341 2040 4408; x_wconf 89' lang='lat' dir='ltr'><strong>Catholieos,</strong></span> 
     </span>
    </p>
   </div>
   <div class='ocr_carea' id='block_1_46' title="bbox 465 4432 2047 4511">
    <p class='ocr_par' dir='ltr' id='par_1_46' title="bbox 465 4432 2047 4511">
     <span class='ocr_line' id='line_1_46' title="bbox 465 4432 2047 4511; baseline -0.003 -19"><span class='ocrx_word' id='word_1_313' title='bbox 465 4457 623 4511; x_wconf 74' lang='lat' dir='ltr'><strong>quam</strong></span> <span class='ocrx_word' id='word_1_314' title='bbox 652 4455 747 4494; x_wconf 85' lang='lat' dir='ltr'><strong>eos</strong></span> <span class='ocrx_word' id='word_1_315' title='bbox 769 4435 1051 4507; x_wconf 85' lang='lat' dir='ltr'><strong>appellavit</strong></span> <span class='ocrx_word' id='word_1_316' title='bbox 1078 4433 1392 4506; x_wconf 83' lang='lat' dir='ltr'><strong>Imperator,</strong></span> <span class='ocrx_word' id='word_1_317' title='bbox 1421 4449 1450 4487; x_wconf 93' lang='lat' dir='ltr'><strong>a</strong></span> <span class='ocrx_word' id='word_1_318' title='bbox 1480 4449 1586 4504; x_wconf 90' lang='lat' dir='ltr'><strong>quo</strong></span> <span class='ocrx_word' id='word_1_319' title='bbox 1618 4433 1870 4503; x_wconf 80' lang='lat' dir='ltr'><strong>Cognitor</strong></span> <span class='ocrx_word' id='word_1_320' title='bbox 1891 4432 2047 4488; x_wconf 90' lang='lat' dir='ltr'><strong>datus</strong></span> 
     </span>
    </p>
   </div>
   <div class='ocr_carea' id='block_1_47' title="bbox 465 4523 2047 4598">
    <p class='ocr_par' dir='ltr' id='par_1_47' title="bbox 465 4523 2047 4598">
     <span class='ocr_line' id='line_1_47' title="bbox 465 4523 2047 4598; baseline -0.007 -9"><span class='ocrx_word' id='word_1_321' title='bbox 465 4543 548 4590; x_wconf 83' lang='lat' dir='ltr'><strong>est</strong></span> <span class='ocrx_word' id='word_1_322' title='bbox 577 4550 589 4586; x_wconf 90' lang='lat'><strong>:</strong></span> <span class='ocrx_word' id='word_1_323' title='bbox 621 4532 738 4586; x_wconf 91' lang='lat' dir='ltr'><strong>illos</strong></span> <span class='ocrx_word' id='word_1_324' title='bbox 776 4536 950 4582; x_wconf 86' lang='lat' dir='ltr'><strong>autem</strong></span> <span class='ocrx_word' id='word_1_325' title='bbox 979 4537 1176 4598; x_wconf 85' lang='lat' dir='ltr'><strong>quanto</strong></span> <span class='ocrx_word' id='word_1_326' title='bbox 1208 4525 1373 4593; x_wconf 76' lang='lat' dir='ltr'><strong>magis</strong></span> <span class='ocrx_word' id='word_1_327' title='bbox 1403 4539 1460 4578; x_wconf 88' lang='lat' dir='ltr'><strong>se</strong></span> <span class='ocrx_word' id='word_1_328' title='bbox 1501 4539 1619 4578; x_wconf 89' lang='lat' dir='ltr'><strong>esse</strong></span> <span class='ocrx_word' id='word_1_329' title='bbox 1644 4523 1932 4578; x_wconf 89' lang='lat' dir='ltr'><strong>catholicos</strong></span> <span class='ocrx_word' id='word_1_330' title='bbox 1967 4524 2047 4578; x_wconf 85' lang='lat' dir='ltr'><strong>di-</strong></span> 
     </span>
    </p>
   </div>
   <div class='ocr_carea' id='block_1_48' title="bbox 463 4614 2045 4688">
    <p class='ocr_par' dir='ltr' id='par_1_48' title="bbox 463 4614 2045 4688">
     <span class='ocr_line' id='line_1_48' title="bbox 463 4614 2045 4688; baseline -0.006 -10"><span class='ocrx_word' id='word_1_331' title='bbox 463 4633 671 4688; x_wconf 81' lang='lat' dir='ltr'><strong>cerent,</strong></span> <span class='ocrx_word' id='word_1_332' title='bbox 705 4628 849 4676; x_wconf 84' lang='lat' dir='ltr'><strong>tanto</strong></span> <span class='ocrx_word' id='word_1_333' title='bbox 887 4619 1054 4688; x_wconf 74' lang='lat' dir='ltr'><strong>magis</strong></span> <span class='ocrx_word' id='word_1_334' title='bbox 1079 4617 1187 4686; x_wconf 87' lang='lat' dir='ltr'><strong>jam</strong></span> <span class='ocrx_word' id='word_1_335' title='bbox 1231 4631 1444 4670; x_wconf 89' lang='lat' dir='ltr'><strong>causam</strong></span> <span class='ocrx_word' id='word_1_336' title='bbox 1473 4614 1641 4686; x_wconf 82' lang='lat' dir='ltr'><strong>ipsam</strong></span> <span class='ocrx_word' id='word_1_337' title='bbox 1684 4617 1902 4669; x_wconf 84' lang='lat' dir='ltr'><strong>remotis</strong></span> <span class='ocrx_word' id='word_1_338' title='bbox 1929 4631 2045 4669; x_wconf 87' lang='lat' dir='ltr'><strong>mo-</strong></span> 
     </span>
    </p>
   </div>
   <div class='ocr_carea' id='block_1_49' title="bbox 464 4709 2044 4786">
    <p class='ocr_par' dir='ltr' id='par_1_49' title="bbox 464 4709 2044 4786">
     <span class='ocr_line' id='line_1_49' title="bbox 464 4709 2044 4786; baseline -0.008 -10"><span class='ocrx_word' id='word_1_339' title='bbox 464 4735 642 4776; x_wconf 85' lang='lat' dir='ltr'><strong>rartun</strong></span> <span class='ocrx_word' id='word_1_340' title='bbox 691 4711 1180 4786; x_wconf 89' lang='lat' dir='ltr'><strong>interpositionibus</strong></span> <span class='ocrx_word' id='word_1_341' title='bbox 1222 4725 1380 4780; x_wconf 77' lang='lat' dir='ltr'><strong>agere</strong></span> <span class='ocrx_word' id='word_1_342' title='bbox 1427 4709 1640 4771; x_wconf 87' lang='lat' dir='ltr'><strong>debere.</strong></span> <span class='ocrx_word' id='word_1_343' title='bbox 1686 4710 1738 4763; x_wconf 91' lang='lat' dir='ltr'><strong>in</strong></span> <span class='ocrx_word' id='word_1_344' title='bbox 1783 4725 1883 4778; x_wconf 91' lang='lat' dir='ltr'><strong>qua</strong></span> <span class='ocrx_word' id='word_1_345' title='bbox 1926 4727 2044 4779; x_wconf 89' lang='lat' dir='ltr'><strong>pro-</strong></span> 
     </span>
    </p>
   </div>
   <div class='ocr_carea' id='block_1_50' title="bbox 463 4801 2045 4882">
    <p class='ocr_par' dir='ltr' id='par_1_50' title="bbox 463 4801 2045 4882">
     <span class='ocr_line' id='line_1_50' title="bbox 463 4801 2045 4882; baseline -0.011 -14"><span class='ocrx_word' id='word_1_346' title='bbox 463 4815 592 4870; x_wconf 87' lang='lat' dir='ltr'><strong>bare</strong></span> <span class='ocrx_word' id='word_1_347' title='bbox 617 4817 836 4882; x_wconf 86' lang='lat' dir='ltr'><strong>possent</strong></span> <span class='ocrx_word' id='word_1_348' title='bbox 866 4822 923 4862; x_wconf 90' lang='lat' dir='ltr'><strong>se</strong></span> <span class='ocrx_word' id='word_1_349' title='bbox 950 4806 1123 4876; x_wconf 90' lang='lat' dir='ltr'><strong>potius</strong></span> <span class='ocrx_word' id='word_1_350' title='bbox 1142 4817 1261 4859; x_wconf 90' lang='lat' dir='ltr'><strong>esse</strong></span> <span class='ocrx_word' id='word_1_351' title='bbox 1285 4801 1600 4857; x_wconf 86' lang='lat' dir='ltr'><strong>catholicos.</strong></span> <span class='ocrx_word' id='word_1_352' title='bbox 1639 4802 1732 4854; x_wconf 89' lang='lat' dir='ltr'><strong>llic</strong></span> <span class='ocrx_word' id='word_1_353' title='bbox 1760 4802 2045 4856; x_wconf 63' lang='lat' dir='ltr'><strong>Donatista:</strong></span> 
     </span>
    </p>
   </div>
   <div class='ocr_carea' id='block_1_51' title="bbox 452 4892 2046 4977">
    <p class='ocr_par' dir='ltr' id='par_1_51' title="bbox 452 4892 2046 4977">
     <span class='ocr_line' id='line_1_51' title="bbox 452 4892 2046 4977; baseline -0.007 -19"><span class='ocrx_word' id='word_1_354' title='bbox 452 4915 584 4977; x_wconf 77' lang='lat' dir='ltr'><strong>post</strong></span> <span class='ocrx_word' id='word_1_355' title='bbox 621 4912 794 4958; x_wconf 85' lang='lat' dir='ltr'><strong>tantas</strong></span> <span class='ocrx_word' id='word_1_356' title='bbox 831 4913 1010 4955; x_wconf 88' lang='lat' dir='ltr'><strong>moras</strong></span> <span class='ocrx_word' id='word_1_357' title='bbox 1059 4907 1113 4950; x_wconf 89' lang='lat' dir='ltr'><strong>et</strong></span> <span class='ocrx_word' id='word_1_358' title='bbox 1161 4903 1238 4948; x_wconf 85' lang='lat' dir='ltr'><strong>tot</strong></span> <span class='ocrx_word' id='word_1_359' title='bbox 1283 4892 1718 4948; x_wconf 70' lang='lat' dir='ltr'><strong>interlocutioncs</strong></span> <span class='ocrx_word' id='word_1_360' title='bbox 1746 4892 2046 4963; x_wconf 79' lang='lat' dir='ltr'><strong>Cognitoris</strong></span> 
     </span>
    </p>
   </div>
   <div class='ocr_carea' id='block_1_52' title="bbox 464 4987 2042 5063">
    <p class='ocr_par' dir='ltr' id='par_1_52' title="bbox 464 4987 2042 5063">
     <span class='ocr_line' id='line_1_52' title="bbox 464 4987 2042 5063; baseline -0.009 -10"><span class='ocrx_word' id='word_1_361' title='bbox 464 5007 646 5054; x_wconf 85' lang='lat' dir='ltr'><strong>contra</strong></span> <span class='ocrx_word' id='word_1_362' title='bbox 685 5010 780 5051; x_wconf 89' lang='lat' dir='ltr'><strong>eos</strong></span> <span class='ocrx_word' id='word_1_363' title='bbox 825 4992 1079 5063; x_wconf 82' lang='lat' dir='ltr'><strong>prolatas,</strong></span> <span class='ocrx_word' id='word_1_364' title='bbox 1121 4987 1377 5058; x_wconf 78' lang='lat' dir='ltr'><strong>exigentis</strong></span> <span class='ocrx_word' id='word_1_365' title='bbox 1417 4995 1471 5040; x_wconf 89' lang='lat' dir='ltr'><strong>ut</strong></span> <span class='ocrx_word' id='word_1_366' title='bbox 1512 5000 1669 5040; x_wconf 89' lang='lat' dir='ltr'><strong>causa</strong></span> <span class='ocrx_word' id='word_1_367' title='bbox 1707 4987 1880 5055; x_wconf 89' lang='lat' dir='ltr'><strong>potius</strong></span> <span class='ocrx_word' id='word_1_368' title='bbox 1919 5001 2042 5056; x_wconf 80' lang='lat' dir='ltr'><strong>age-</strong></span> 
     </span>
    </p>
   </div>
   <div class='ocr_carea' id='block_1_53' title="bbox 465 5077 2043 5156">
    <p class='ocr_par' dir='ltr' id='par_1_53' title="bbox 465 5077 2043 5156">
     <span class='ocr_line' id='line_1_53' title="bbox 465 5077 2043 5156; baseline -0.008 -14"><span class='ocrx_word' id='word_1_369' title='bbox 465 5103 632 5155; x_wconf 85' lang='lat' dir='ltr'><strong>retur,</strong></span> <span class='ocrx_word' id='word_1_370' title='bbox 669 5097 828 5156; x_wconf 86' lang='lat' dir='ltr'><strong>atque</strong></span> <span class='ocrx_word' id='word_1_371' title='bbox 877 5084 1119 5137; x_wconf 80' lang='lat' dir='ltr'><strong>testantis</strong></span> <span class='ocrx_word' id='word_1_372' title='bbox 1171 5079 1238 5134; x_wconf 87' lang='lat' dir='ltr'><strong>de</strong></span> <span class='ocrx_word' id='word_1_373' title='bbox 1298 5078 1586 5148; x_wconf 73' lang='lat' dir='ltr'><strong>legatorum</strong></span> <span class='ocrx_word' id='word_1_374' title='bbox 1642 5077 1904 5148; x_wconf 88' lang='lat' dir='ltr'><strong>personis,</strong></span> <span class='ocrx_word' id='word_1_375' title='bbox 1960 5079 2043 5132; x_wconf 85' lang='lat' dir='ltr'><strong>vel</strong></span> 
     </span>
    </p>
   </div>
   <div class='ocr_carea' id='block_1_54' title="bbox 463 5171 2042 5248">
    <p class='ocr_par' dir='ltr' id='par_1_54' title="bbox 463 5171 2042 5248">
     <span class='ocr_line' id='line_1_54' title="bbox 463 5171 2042 5248; baseline -0.008 -10"><span class='ocrx_word' id='word_1_376' title='bbox 463 5182 715 5238; x_wconf 85' lang='lat' dir='ltr'><strong>mandato</strong></span> <span class='ocrx_word' id='word_1_377' title='bbox 756 5175 896 5248; x_wconf 91' lang='lat' dir='ltr'><strong>quod</strong></span> <span class='ocrx_word' id='word_1_378' title='bbox 943 5175 1022 5228; x_wconf 90' lang='lat' dir='ltr'><strong>eis</strong></span> <span class='ocrx_word' id='word_1_379' title='bbox 1069 5173 1362 5242; x_wconf 89' lang='lat' dir='ltr'><strong>injunctum</strong></span> <span class='ocrx_word' id='word_1_380' title='bbox 1410 5180 1510 5236; x_wconf 66' lang='lat' dir='ltr'><strong>est,</strong></span> <span class='ocrx_word' id='word_1_381' title='bbox 1570 5185 1669 5224; x_wconf 89' lang='lat' dir='ltr'><strong>nec</strong></span> <span class='ocrx_word' id='word_1_382' title='bbox 1717 5171 1781 5226; x_wconf 89' lang='lat' dir='ltr'><strong>ad</strong></span> <span class='ocrx_word' id='word_1_383' title='bbox 1831 5186 2042 5228; x_wconf 87' lang='lat' dir='ltr'><strong>causam</strong></span> 
     </span>
    </p>
   </div>
   <div class='ocr_carea' id='block_1_55' title="bbox 463 5263 2047 5348">
    <p class='ocr_par' dir='ltr' id='par_1_55' title="bbox 463 5263 2047 5348">
     <span class='ocr_line' id='line_1_55' title="bbox 463 5263 2047 5348; baseline -0.009 -16"><span class='ocrx_word' id='word_1_384' title='bbox 463 5275 664 5348; x_wconf 86' lang='lat' dir='ltr'><strong>aliquid</strong></span> <span class='ocrx_word' id='word_1_385' title='bbox 712 5270 999 5342; x_wconf 87' lang='lat' dir='ltr'><strong>pertinere,</strong></span> <span class='ocrx_word' id='word_1_386' title='bbox 1030 5282 1129 5321; x_wconf 91' lang='lat' dir='ltr'><strong>nec</strong></span> <span class='ocrx_word' id='word_1_387' title='bbox 1159 5265 1257 5320; x_wconf 89' lang='lat' dir='ltr'><strong>sibi</strong></span> <span class='ocrx_word' id='word_1_388' title='bbox 1288 5263 1485 5334; x_wconf 91' lang='lat' dir='ltr'><strong>aliquid</strong></span> <span class='ocrx_word' id='word_1_389' title='bbox 1514 5274 1568 5317; x_wconf 91' lang='lat' dir='ltr'><strong>ut</strong></span> <span class='ocrx_word' id='word_1_390' title='bbox 1599 5263 1721 5317; x_wconf 92' lang='lat' dir='ltr'><strong>hinc</strong></span> <span class='ocrx_word' id='word_1_391' title='bbox 1752 5265 2047 5334; x_wconf 87' lang='lat' dir='ltr'><strong>requireret</strong></span> 
     </span>
    </p>
   </div>
   <div class='ocr_carea' id='block_1_56' title="bbox 466 5357 2044 5438">
    <p class='ocr_par' dir='ltr' id='par_1_56' title="bbox 466 5357 2044 5438">
     <span class='ocr_line' id='line_1_56' title="bbox 466 5357 2044 5438; baseline -0.004 -20"><span class='ocrx_word' id='word_1_392' title='bbox 466 5373 628 5427; x_wconf 75' lang='lat' dir='ltr'><strong>fuisse</strong></span> <span class='ocrx_word' id='word_1_393' title='bbox 663 5373 1017 5438; x_wconf 72' lang='lat' dir='ltr'><strong>prmccptmn;</strong></span> <span class='ocrx_word' id='word_1_394' title='bbox 1049 5358 1302 5412; x_wconf 82' lang='lat' dir='ltr'><strong>dixerunt</strong></span> <span class='ocrx_word' id='word_1_395' title='bbox 1324 5367 1378 5411; x_wconf 92' lang='lat' dir='ltr'><strong>ut</strong></span> <span class='ocrx_word' id='word_1_396' title='bbox 1409 5357 1452 5412; x_wconf 86' lang='lat' dir='ltr'><strong>si</strong></span> <span class='ocrx_word' id='word_1_397' title='bbox 1484 5357 1533 5410; x_wconf 93' lang='lat' dir='ltr'><strong>in</strong></span> <span class='ocrx_word' id='word_1_398' title='bbox 1564 5357 1767 5426; x_wconf 78' lang='lat' dir='ltr'><strong>legatis,</strong></span> <span class='ocrx_word' id='word_1_399' title='bbox 1795 5357 2044 5412; x_wconf 62' lang='grc'><strong>1011111111-</strong></span> 
     </span>
    </p>
   </div>
   <div class='ocr_carea' id='block_1_57' title="bbox 464 5448 2044 5530">
    <p class='ocr_par' dir='ltr' id='par_1_57' title="bbox 464 5448 2044 5530">
     <span class='ocr_line' id='line_1_57' title="bbox 464 5448 2044 5530; baseline -0.004 -19"><span class='ocrx_word' id='word_1_400' title='bbox 464 5467 588 5518; x_wconf 72' lang='grc' dir='ltr'><strong>ιιτιιο</strong></span> <span class='ocrx_word' id='word_1_401' title='bbox 631 5457 770 5530; x_wconf 85' lang='lat' dir='ltr'><strong>quod</strong></span> <span class='ocrx_word' id='word_1_402' title='bbox 818 5455 897 5508; x_wconf 86' lang='lat' dir='ltr'><strong>eis</strong></span> <span class='ocrx_word' id='word_1_403' title='bbox 943 5451 1123 5505; x_wconf 80' lang='lat' dir='ltr'><strong>datmn</strong></span> <span class='ocrx_word' id='word_1_404' title='bbox 1170 5458 1252 5504; x_wconf 91' lang='lat' dir='ltr'><strong>est</strong></span> <span class='ocrx_word' id='word_1_405' title='bbox 1295 5448 1706 5512; x_wconf 86' lang='lat' dir='ltr'><strong>manifestando,</strong></span> <span class='ocrx_word' id='word_1_406' title='bbox 1753 5449 2044 5505; x_wconf 90' lang='lat' dir='ltr'><strong>noluissent</strong></span> 
     </span>
    </p>
   </div>
   <div class='ocr_carea' id='block_1_58' title="bbox 467 5540 2044 5614">
    <p class='ocr_par' dir='ltr' id='par_1_58' title="bbox 467 5540 2044 5614">
     <span class='ocr_line' id='line_1_58' title="bbox 467 5540 2044 5614; baseline -0.007 -5"><span class='ocrx_word' id='word_1_407' title='bbox 467 5551 731 5611; x_wconf 78' lang='lat' dir='ltr'><strong>Catholici</strong></span> <span class='ocrx_word' id='word_1_408' title='bbox 762 5548 1134 5614; x_wconf 75' lang='lat' dir='ltr'><strong>ohletttpet&#39;are</strong></span> <span class='ocrx_word' id='word_1_409' title='bbox 1164 5540 1436 5612; x_wconf 86' lang='lat' dir='ltr'><strong>judicatis,</strong></span> <span class='ocrx_word' id='word_1_410' title='bbox 1477 5541 1663 5596; x_wconf 87' lang='lat' dir='ltr'><strong>saltem</strong></span> <span class='ocrx_word' id='word_1_411' title='bbox 1696 5543 1794 5598; x_wconf 89' lang='lat' dir='ltr'><strong>hoc</strong></span> <span class='ocrx_word' id='word_1_412' title='bbox 1823 5557 2044 5612; x_wconf 84' lang='lat' dir='ltr'><strong>respou-</strong></span> 
     </span>
    </p>
   </div>
   <div class='ocr_carea' id='block_1_59' title="bbox 471 5635 2044 5712">
    <p class='ocr_par' dir='ltr' id='par_1_59' title="bbox 471 5635 2044 5712">
     <span class='ocr_line' id='line_1_59' title="bbox 471 5635 2044 5712; baseline 0 -18"><span class='ocrx_word' id='word_1_413' title='bbox 471 5647 671 5706; x_wconf 77' lang='lat' dir='ltr'><strong>derent,</strong></span> <span class='ocrx_word' id='word_1_414' title='bbox 703 5651 878 5697; x_wconf 89' lang='lat' dir='ltr'><strong>utrum</strong></span> <span class='ocrx_word' id='word_1_415' title='bbox 914 5640 1033 5693; x_wconf 90' lang='lat' dir='ltr'><strong>loco</strong></span> <span class='ocrx_word' id='word_1_416' title='bbox 1065 5637 1346 5705; x_wconf 85' lang='lat' dir='ltr'><strong>petitorum</strong></span> <span class='ocrx_word' id='word_1_417' title='bbox 1393 5635 1749 5712; x_wconf 76' lang='lat' dir='ltr'><strong>consisterent</strong></span> <span class='ocrx_word' id='word_1_418' title='bbox 1775 5655 1788 5690; x_wconf 89' lang='lat'>:</span> <span class='ocrx_word' id='word_1_419' title='bbox 1820 5638 2044 5694; x_wconf 91' lang='lat' dir='ltr'><strong>multum</strong></span> 
     </span>
    </p>
   </div>
   <div class='ocr_carea' id='block_1_60' title="bbox 458 5727 1133 5793">
    <p class='ocr_par' dir='ltr' id='par_1_60' title="bbox 458 5727 1133 5793">
     <span class='ocr_line' id='line_1_60' title="bbox 458 5727 1133 5793; baseline -0.009 -12"><span class='ocrx_word' id='word_1_420' title='bbox 458 5787 462 5790; x_wconf 93' lang='lat'><strong>_</strong></span> <span class='ocrx_word' id='word_1_421' title='bbox 537 5727 546 5751; x_wconf 86' lang='grc'><strong>¹</strong></span> <span class='ocrx_word' id='word_1_422' title='bbox 581 5744 676 5781; x_wconf 68' lang='lat' dir='ltr'><strong>am.</strong></span> <span class='ocrx_word' id='word_1_423' title='bbox 707 5738 850 5782; x_wconf 62' lang='lat' dir='ltr'><strong>ettfr.</strong></span> <span class='ocrx_word' id='word_1_424' title='bbox 873 5734 1133 5793; x_wconf 68' lang='lat' dir='ltr'><strong>ca&#39;pirmu.</strong></span> 
     </span>
    </p>
   </div>
   <div class='ocr_carea' id='block_1_61' title="bbox 1697 291 2499 352">
    <p class='ocr_par' dir='ltr' id='par_1_61' title="bbox 1697 291 2499 352">
     <span class='ocr_line' id='line_1_61' title="bbox 1697 291 2499 352; baseline -0.005 0"><span class='ocrx_word' id='word_1_425' title='bbox 1697 297 1752 352; x_wconf 89' lang='lat' dir='ltr'><strong>S.</strong></span> <span class='ocrx_word' id='word_1_426' title='bbox 1797 291 2156 352; x_wconf 70' lang='lat' dir='ltr'><strong>AUGUSTINI</strong></span> <span class='ocrx_word' id='word_1_427' title='bbox 2201 292 2499 348; x_wconf 74' lang='lat' dir='ltr'><strong>EPISCOPl</strong></span> 
     </span>
    </p>
   </div>
   <div class='ocr_carea' id='block_1_62' title="bbox 3626 302 3730 358">
    <p class='ocr_par' dir='ltr' id='par_1_62' title="bbox 3626 302 3730 358">
     <span class='ocr_line' id='line_1_62' title="bbox 3626 302 3730 358; baseline 0.048 -5"><span class='ocrx_word' id='word_1_428' title='bbox 3626 302 3695 355; x_wconf 74' lang='grc' dir='ltr'><strong>(ἶὲ</strong></span> <span class='ocrx_word' id='word_1_429' title='bbox 3712 306 3730 358; x_wconf 74' lang='grc'><strong>1</strong></span> 
     </span>
    </p>
   </div>
   <div class='ocr_carea' id='block_1_63' title="bbox 2145 407 3725 480">
    <p class='ocr_par' dir='ltr' id='par_1_63' title="bbox 2145 407 3725 480">
     <span class='ocr_line' id='line_1_63' title="bbox 2145 407 3725 480; baseline 0.006 -20"><span class='ocrx_word' id='word_1_430' title='bbox 2145 408 2458 461; x_wconf 81' lang='lat' dir='ltr'><strong>mirantibus</strong></span> <span class='ocrx_word' id='word_1_431' title='bbox 2489 407 2790 471; x_wconf 81' lang='lat' dir='ltr'><strong>Catholieis,</strong></span> <span class='ocrx_word' id='word_1_432' title='bbox 2824 424 2916 463; x_wconf 92' lang='lat' dir='ltr'><strong>cur</strong></span> <span class='ocrx_word' id='word_1_433' title='bbox 2943 423 3033 462; x_wconf 90' lang='lat' dir='ltr'><strong>eos</strong></span> <span class='ocrx_word' id='word_1_434' title='bbox 3064 410 3350 466; x_wconf 73' lang='lat' dir='ltr'><strong>Donatistre</strong></span> <span class='ocrx_word' id='word_1_435' title='bbox 3375 412 3645 480; x_wconf 76' lang='lat' dir='ltr'><strong>dixerunt,</strong></span> <span class='ocrx_word' id='word_1_436' title='bbox 3674 416 3725 469; x_wconf 86' lang='lat' dir='ltr'><strong>in</strong></span> 
     </span>
    </p>
   </div>
   <div class='ocr_carea' id='block_1_64' title="bbox 2143 499 3727 576">
    <p class='ocr_par' dir='ltr' id='par_1_64' title="bbox 2143 499 3727 576">
     <span class='ocr_line' id='line_1_64' title="bbox 2143 499 3727 576; baseline 0.008 -26"><span class='ocrx_word' id='word_1_437' title='bbox 2143 499 2350 553; x_wconf 85' lang='lat' dir='ltr'><strong>edendo</strong></span> <span class='ocrx_word' id='word_1_438' title='bbox 2405 500 2692 569; x_wconf 77' lang='lat' dir='ltr'><strong>legatorum</strong></span> <span class='ocrx_word' id='word_1_439' title='bbox 2746 501 2995 556; x_wconf 88' lang='lat' dir='ltr'><strong>mandato</strong></span> <span class='ocrx_word' id='word_1_440' title='bbox 3046 520 3151 557; x_wconf 89' lang='lat' dir='ltr'><strong>non</strong></span> <span class='ocrx_word' id='word_1_441' title='bbox 3208 521 3396 574; x_wconf 90' lang='lat' dir='ltr'><strong>parere</strong></span> <span class='ocrx_word' id='word_1_442' title='bbox 3437 507 3727 576; x_wconf 87' lang='lat' dir='ltr'><strong>judicatis;</strong></span> 
     </span>
    </p>
   </div>
   <div class='ocr_carea' id='block_1_65' title="bbox 2144 591 3732 662">
    <p class='ocr_par' dir='ltr' id='par_1_65' title="bbox 2144 591 3732 662">
     <span class='ocr_line' id='line_1_65' title="bbox 2144 591 3732 662; baseline 0.008 -18"><span class='ocrx_word' id='word_1_443' title='bbox 2144 605 2263 644; x_wconf 92' lang='lat' dir='ltr'><strong>cum</strong></span> <span class='ocrx_word' id='word_1_444' title='bbox 2289 591 2462 661; x_wconf 88' lang='lat' dir='ltr'><strong>pot-ius</strong></span> <span class='ocrx_word' id='word_1_445' title='bbox 2482 603 2666 646; x_wconf 88' lang='lat' dir='ltr'><strong>contra</strong></span> <span class='ocrx_word' id='word_1_446' title='bbox 2696 594 2838 662; x_wconf 86' lang='lat' dir='ltr'><strong>ipsos</strong></span> <span class='ocrx_word' id='word_1_447' title='bbox 2867 604 2970 648; x_wconf 90' lang='lat' dir='ltr'><strong>tam</strong></span> <span class='ocrx_word' id='word_1_448' title='bbox 3013 597 3195 650; x_wconf 92' lang='lat' dir='ltr'><strong>multis</strong></span> <span class='ocrx_word' id='word_1_449' title='bbox 3235 597 3732 657; x_wconf 83' lang='lat' dir='ltr'><strong>interlocutionibus</strong></span> 
     </span>
    </p>
   </div>
   <div class='ocr_carea' id='block_1_66' title="bbox 2145 682 3728 763">
    <p class='ocr_par' dir='ltr' id='par_1_66' title="bbox 2145 682 3728 763">
     <span class='ocr_line' id='line_1_66' title="bbox 2145 682 3728 763; baseline 0.007 -29"><span class='ocrx_word' id='word_1_450' title='bbox 2145 682 2398 752; x_wconf 79' lang='lat' dir='ltr'><strong>Cognitor</strong></span> <span class='ocrx_word' id='word_1_451' title='bbox 2450 685 2899 752; x_wconf 87' lang='lat' dir='ltr'><strong>pronuntiaverat.</strong></span> <span class='ocrx_word' id='word_1_452' title='bbox 2958 686 3426 757; x_wconf 77' lang='lat' dir='ltr'><strong>Intermgavcrunt</strong></span> <span class='ocrx_word' id='word_1_453' title='bbox 3470 707 3600 763; x_wconf 76' lang='lat' dir='ltr'><strong>ergo</strong></span> <span class='ocrx_word' id='word_1_454' title='bbox 3628 693 3728 747; x_wconf 80' lang='lat' dir='ltr'><strong>Ca-</strong></span> 
     </span>
    </p>
   </div>
   <div class='ocr_carea' id='block_1_67' title="bbox 2148 766 3734 847">
    <p class='ocr_par' dir='ltr' id='par_1_67' title="bbox 2148 766 3734 847">
     <span class='ocr_line' id='line_1_67' title="bbox 2148 766 3734 847; baseline 0.008 -21"><span class='ocrx_word' id='word_1_455' title='bbox 2148 773 2347 838; x_wconf 87' lang='lat' dir='ltr'><strong>tholici,</strong></span> <span class='ocrx_word' id='word_1_456' title='bbox 2379 775 2570 844; x_wconf 86' lang='lat' dir='ltr'><strong>quibus</strong></span> <span class='ocrx_word' id='word_1_457' title='bbox 2605 775 2855 845; x_wconf 88' lang='lat' dir='ltr'><strong>judicatis</strong></span> <span class='ocrx_word' id='word_1_458' title='bbox 2887 792 2989 831; x_wconf 91' lang='lat' dir='ltr'><strong>non</strong></span> <span class='ocrx_word' id='word_1_459' title='bbox 3023 781 3316 847; x_wconf 87' lang='lat' dir='ltr'><strong>paruerint.</strong></span> <span class='ocrx_word' id='word_1_460' title='bbox 3355 782 3418 836; x_wconf 85' lang='lat' dir='ltr'><strong>Et</strong></span> <span class='ocrx_word' id='word_1_461' title='bbox 3448 766 3734 839; x_wconf 70' lang='lat' dir='ltr'><strong>Donatistis</strong></span> 
     </span>
    </p>
   </div>
   <div class='ocr_carea' id='block_1_68' title="bbox 2146 867 3732 948">
    <p class='ocr_par' dir='ltr' id='par_1_68' title="bbox 2146 867 3732 948">
     <span class='ocr_line' id='line_1_68' title="bbox 2146 867 3732 948; baseline 0.006 -28"><span class='ocrx_word' id='word_1_462' title='bbox 2146 867 2210 921; x_wconf 90' lang='lat' dir='ltr'><strong>ad</strong></span> <span class='ocrx_word' id='word_1_463' title='bbox 2241 869 2340 922; x_wconf 94' lang='lat' dir='ltr'><strong>hoc</strong></span> <span class='ocrx_word' id='word_1_464' title='bbox 2367 884 2470 922; x_wconf 89' lang='lat' dir='ltr'><strong>non</strong></span> <span class='ocrx_word' id='word_1_465' title='bbox 2516 869 2981 939; x_wconf 81' lang='lat' dir='ltr'><strong>respondentibus,</strong></span> <span class='ocrx_word' id='word_1_466' title='bbox 3034 872 3384 929; x_wconf 81' lang='lat' dir='ltr'><strong>interlocutus</strong></span> <span class='ocrx_word' id='word_1_467' title='bbox 3424 889 3503 930; x_wconf 86' lang='lat' dir='ltr'><strong>est</strong></span> <span class='ocrx_word' id='word_1_468' title='bbox 3534 876 3732 948; x_wconf 84' lang='lat' dir='ltr'><strong>Cogni-</strong></span> 
     </span>
    </p>
   </div>
   <div class='ocr_carea' id='block_1_69' title="bbox 2147 961 3737 1040">
    <p class='ocr_par' dir='ltr' id='par_1_69' title="bbox 2147 961 3737 1040">
     <span class='ocr_line' id='line_1_69' title="bbox 2147 961 3737 1040; baseline 0.006 -26"><span class='ocrx_word' id='word_1_469' title='bbox 2147 970 2247 1022; x_wconf 90' lang='lat' dir='ltr'><strong>tor,</strong></span> <span class='ocrx_word' id='word_1_470' title='bbox 2282 961 2346 1016; x_wconf 90' lang='lat' dir='ltr'><strong>ad</strong></span> <span class='ocrx_word' id='word_1_471' title='bbox 2396 963 2520 1016; x_wconf 87' lang='lat' dir='ltr'><strong>illud</strong></span> <span class='ocrx_word' id='word_1_472' title='bbox 2573 963 2712 1034; x_wconf 88' lang='lat' dir='ltr'><strong>quod</strong></span> <span class='ocrx_word' id='word_1_473' title='bbox 2745 964 2809 1019; x_wconf 88' lang='lat' dir='ltr'><strong>de</strong></span> <span class='ocrx_word' id='word_1_474' title='bbox 2837 965 2954 1019; x_wconf 90' lang='lat' dir='ltr'><strong>loco</strong></span> <span class='ocrx_word' id='word_1_475' title='bbox 2995 966 3239 1035; x_wconf 85' lang='lat' dir='ltr'><strong>petitoris</strong></span> <span class='ocrx_word' id='word_1_476' title='bbox 3271 970 3557 1023; x_wconf 71' lang='lat' dir='ltr'><strong>Donatista:</strong></span> <span class='ocrx_word' id='word_1_477' title='bbox 3587 986 3737 1040; x_wconf 87' lang='lat' dir='ltr'><strong>qu:c-</strong></span> 
     </span>
    </p>
   </div>
   <div class='ocr_carea' id='block_1_70' title="bbox 2145 1053 3736 1130">
    <p class='ocr_par' dir='ltr' id='par_1_70' title="bbox 2145 1053 3736 1130">
     <span class='ocr_line' id='line_1_70' title="bbox 2145 1053 3736 1130; baseline 0.007 -23"><span class='ocrx_word' id='word_1_478' title='bbox 2145 1056 2362 1118; x_wconf 83' lang='lat' dir='ltr'><strong>sierant,</strong></span> <span class='ocrx_word' id='word_1_479' title='bbox 2396 1053 2653 1110; x_wconf 79' lang='lat' dir='ltr'><strong>Catholici</strong></span> <span class='ocrx_word' id='word_1_480' title='bbox 2686 1058 3088 1127; x_wconf 86' lang='lat' dir='ltr'><strong>responderent.</strong></span> <span class='ocrx_word' id='word_1_481' title='bbox 3131 1060 3196 1114; x_wconf 83' lang='lat' dir='ltr'><strong>Et</strong></span> <span class='ocrx_word' id='word_1_482' title='bbox 3241 1061 3641 1130; x_wconf 83' lang='lat' dir='ltr'><strong>responderunt</strong></span> <span class='ocrx_word' id='word_1_483' title='bbox 3679 1080 3736 1117; x_wconf 84' lang='lat' dir='ltr'><strong>se</strong></span> 
     </span>
    </p>
   </div>
   <div class='ocr_carea' id='block_1_71' title="bbox 2147 1145 3734 1221">
    <p class='ocr_par' dir='ltr' id='par_1_71' title="bbox 2147 1145 3734 1221">
     <span class='ocr_line' id='line_1_71' title="bbox 2147 1145 3734 1221; baseline 0.006 -23"><span class='ocrx_word' id='word_1_484' title='bbox 2147 1145 2247 1200; x_wconf 93' lang='lat' dir='ltr'><strong>hoc</strong></span> <span class='ocrx_word' id='word_1_485' title='bbox 2290 1161 2610 1217; x_wconf 86' lang='lat' dir='ltr'><strong>proponere,</strong></span> <span class='ocrx_word' id='word_1_486' title='bbox 2665 1157 2721 1201; x_wconf 91' lang='lat' dir='ltr'><strong>ut</strong></span> <span class='ocrx_word' id='word_1_487' title='bbox 2767 1150 2988 1204; x_wconf 89' lang='lat' dir='ltr'><strong>crimina</strong></span> <span class='ocrx_word' id='word_1_488' title='bbox 3042 1167 3161 1221; x_wconf 70' lang='lat' dir='ltr'><strong>qua:</strong></span> <span class='ocrx_word' id='word_1_489' title='bbox 3211 1153 3384 1208; x_wconf 84' lang='lat' dir='ltr'><strong>solent</strong></span> <span class='ocrx_word' id='word_1_490' title='bbox 3441 1155 3734 1210; x_wconf 75' lang='lat' dir='ltr'><strong>Donztlislzn</strong></span> 
     </span>
    </p>
   </div>
   <div class='ocr_carea' id='block_1_72' title="bbox 2145 1239 3738 1313">
    <p class='ocr_par' dir='ltr' id='par_1_72' title="bbox 2145 1239 3738 1313">
     <span class='ocr_line' id='line_1_72' title="bbox 2145 1239 3738 1313; baseline 0.006 -24"><span class='ocrx_word' id='word_1_491' title='bbox 2145 1239 2508 1293; x_wconf 88' lang='lat' dir='ltr'><strong>communioni</strong></span> <span class='ocrx_word' id='word_1_492' title='bbox 2551 1254 2736 1294; x_wconf 92' lang='lat' dir='ltr'><strong>eorum</strong></span> <span class='ocrx_word' id='word_1_493' title='bbox 2781 1241 3015 1310; x_wconf 88' lang='lat' dir='ltr'><strong>objicere</strong></span> <span class='ocrx_word' id='word_1_494' title='bbox 3049 1243 3132 1297; x_wconf 86' lang='lat' dir='ltr'><strong>vel</strong></span> <span class='ocrx_word' id='word_1_495' title='bbox 3172 1245 3486 1313; x_wconf 88' lang='lat' dir='ltr'><strong>probentur,</strong></span> <span class='ocrx_word' id='word_1_496' title='bbox 3529 1247 3612 1302; x_wconf 88' lang='lat' dir='ltr'><strong>vel</strong></span> <span class='ocrx_word' id='word_1_497' title='bbox 3649 1247 3738 1300; x_wconf 84' lang='lat' dir='ltr'><strong>di-</strong></span> 
     </span>
    </p>
   </div>
   <div class='ocr_carea' id='block_1_73' title="bbox 2147 1327 3732 1407">
    <p class='ocr_par' dir='ltr' id='par_1_73' title="bbox 2147 1327 3732 1407">
     <span class='ocr_line' id='line_1_73' title="bbox 2147 1327 3732 1407; baseline 0.01 -27"><span class='ocrx_word' id='word_1_498' title='bbox 2147 1327 2391 1393; x_wconf 83' lang='lat' dir='ltr'><strong>luanlttr;</strong></span> <span class='ocrx_word' id='word_1_499' title='bbox 2434 1339 2491 1384; x_wconf 91' lang='lat' dir='ltr'><strong>ut</strong></span> <span class='ocrx_word' id='word_1_500' title='bbox 2538 1332 2704 1400; x_wconf 89' lang='lat' dir='ltr'><strong>possit</strong></span> <span class='ocrx_word' id='word_1_501' title='bbox 2747 1333 3142 1390; x_wconf 87' lang='lat' dir='ltr'><strong>Donatistarum</strong></span> <span class='ocrx_word' id='word_1_502' title='bbox 3189 1340 3462 1407; x_wconf 86' lang='lat' dir='ltr'><strong>separatio</strong></span> <span class='ocrx_word' id='word_1_503' title='bbox 3506 1341 3587 1395; x_wconf 91' lang='lat' dir='ltr'><strong>vel</strong></span> <span class='ocrx_word' id='word_1_504' title='bbox 3637 1341 3732 1395; x_wconf 90' lang='lat' dir='ltr'><strong>de-</strong></span> 
     </span>
    </p>
   </div>
   <div class='ocr_carea' id='block_1_74' title="bbox 2147 1419 3735 1498">
    <p class='ocr_par' dir='ltr' id='par_1_74' title="bbox 2147 1419 3735 1498">
     <span class='ocr_line' id='line_1_74' title="bbox 2147 1419 3735 1498; baseline 0.009 -27"><span class='ocrx_word' id='word_1_505' title='bbox 2147 1419 2286 1474; x_wconf 87' lang='lat' dir='ltr'><strong>fendi</strong></span> <span class='ocrx_word' id='word_1_506' title='bbox 2319 1420 2401 1474; x_wconf 85' lang='lat' dir='ltr'><strong>vel</strong></span> <span class='ocrx_word' id='word_1_507' title='bbox 2429 1423 2642 1492; x_wconf 77' lang='lat' dir='ltr'><strong>corrigi.</strong></span> <span class='ocrx_word' id='word_1_508' title='bbox 2668 1423 2813 1478; x_wconf 85' lang='lat' dir='ltr'><strong>Tunc</strong></span> <span class='ocrx_word' id='word_1_509' title='bbox 2841 1423 3094 1494; x_wconf 61' lang='grc'><strong>(308111101-</strong></span> <span class='ocrx_word' id='word_1_510' title='bbox 3120 1442 3240 1482; x_wconf 85' lang='grc'><strong>011111</strong></span> <span class='ocrx_word' id='word_1_511' title='bbox 3273 1431 3677 1498; x_wconf 86' lang='lat' dir='ltr'><strong>responsionem</strong></span> <span class='ocrx_word' id='word_1_512' title='bbox 3706 1449 3735 1486; x_wconf 88' lang='lat' dir='ltr'><strong>a</strong></span> 
     </span>
    </p>
   </div>
   <div class='ocr_carea' id='block_1_75' title="bbox 2149 1511 3738 1592">
    <p class='ocr_par' dir='ltr' id='par_1_75' title="bbox 2149 1511 3738 1592">
     <span class='ocr_line' id='line_1_75' title="bbox 2149 1511 3738 1592; baseline 0.008 -28"><span class='ocrx_word' id='word_1_513' title='bbox 2149 1511 2434 1566; x_wconf 85' lang='lat' dir='ltr'><strong>Donatistis</strong></span> <span class='ocrx_word' id='word_1_514' title='bbox 2479 1514 2732 1584; x_wconf 78' lang='lat' dir='ltr'><strong>exigeret,</strong></span> <span class='ocrx_word' id='word_1_515' title='bbox 2777 1516 3189 1586; x_wconf 89' lang='lat' dir='ltr'><strong>responderunt,</strong></span> <span class='ocrx_word' id='word_1_516' title='bbox 3224 1520 3384 1574; x_wconf 87' lang='lat' dir='ltr'><strong>Afros</strong></span> <span class='ocrx_word' id='word_1_517' title='bbox 3410 1523 3498 1592; x_wconf 92' lang='lat' dir='ltr'><strong>qui</strong></span> <span class='ocrx_word' id='word_1_518' title='bbox 3542 1537 3602 1577; x_wconf 90' lang='lat' dir='ltr'><strong>se</strong></span> <span class='ocrx_word' id='word_1_519' title='bbox 3645 1540 3738 1577; x_wconf 87' lang='lat' dir='ltr'><strong>ea-</strong></span> 
     </span>
    </p>
   </div>
   <div class='ocr_carea' id='block_1_76' title="bbox 2149 1602 3731 1679">
    <p class='ocr_par' dir='ltr' id='par_1_76' title="bbox 2149 1602 3731 1679">
     <span class='ocr_line' id='line_1_76' title="bbox 2149 1602 3731 1679; baseline 0.009 -23"><span class='ocrx_word' id='word_1_520' title='bbox 2149 1602 2373 1658; x_wconf 90' lang='lat' dir='ltr'><strong>tholicos</strong></span> <span class='ocrx_word' id='word_1_521' title='bbox 2415 1605 2674 1670; x_wconf 90' lang='lat' dir='ltr'><strong>dicerent,</strong></span> <span class='ocrx_word' id='word_1_522' title='bbox 2721 1609 2949 1663; x_wconf 85' lang='lat' dir='ltr'><strong>alienam</strong></span> <span class='ocrx_word' id='word_1_523' title='bbox 2996 1625 3211 1666; x_wconf 88' lang='lat' dir='ltr'><strong>causam</strong></span> <span class='ocrx_word' id='word_1_524' title='bbox 3239 1614 3373 1669; x_wconf 85' lang='lat' dir='ltr'><strong>velle</strong></span> <span class='ocrx_word' id='word_1_525' title='bbox 3417 1613 3731 1679; x_wconf 82' lang='lat' dir='ltr'><strong>defendere,</strong></span> 
     </span>
    </p>
   </div>
   <div class='ocr_carea' id='block_1_77' title="bbox 2149 1695 3737 1775">
    <p class='ocr_par' dir='ltr' id='par_1_77' title="bbox 2149 1695 3737 1775">
     <span class='ocr_line' id='line_1_77' title="bbox 2149 1695 3737 1775; baseline 0.008 -26"><span class='ocrx_word' id='word_1_526' title='bbox 2149 1695 2251 1751; x_wconf 89' lang='lat' dir='ltr'><strong>hoc</strong></span> <span class='ocrx_word' id='word_1_527' title='bbox 2297 1707 2398 1763; x_wconf 87' lang='lat' dir='ltr'><strong>est,</strong></span> <span class='ocrx_word' id='word_1_528' title='bbox 2443 1698 2602 1752; x_wconf 92' lang='lat' dir='ltr'><strong>totius</strong></span> <span class='ocrx_word' id='word_1_529' title='bbox 2646 1699 2790 1754; x_wconf 89' lang='lat' dir='ltr'><strong>orbis</strong></span> <span class='ocrx_word' id='word_1_530' title='bbox 2837 1698 3174 1767; x_wconf 87' lang='lat' dir='ltr'><strong>Ecclesiam;</strong></span> <span class='ocrx_word' id='word_1_531' title='bbox 3221 1703 3293 1758; x_wconf 92' lang='lat' dir='ltr'><strong>de</strong></span> <span class='ocrx_word' id='word_1_532' title='bbox 3323 1720 3425 1775; x_wconf 86' lang='lat' dir='ltr'><strong>qua</strong></span> <span class='ocrx_word' id='word_1_533' title='bbox 3459 1707 3559 1760; x_wconf 87' lang='lat' dir='ltr'><strong>sibi</strong></span> <span class='ocrx_word' id='word_1_534' title='bbox 3605 1708 3737 1762; x_wconf 87' lang='lat' dir='ltr'><strong>nihil</strong></span> 
     </span>
    </p>
   </div>
   <div class='ocr_carea' id='block_1_78' title="bbox 2148 1786 3738 1867">
    <p class='ocr_par' dir='ltr' id='par_1_78' title="bbox 2148 1786 3738 1867">
     <span class='ocr_line' id='line_1_78' title="bbox 2148 1786 3738 1867; baseline 0.008 -27"><span class='ocrx_word' id='word_1_535' title='bbox 2148 1786 2344 1843; x_wconf 88' lang='lat' dir='ltr'><strong>debere</strong></span> <span class='ocrx_word' id='word_1_536' title='bbox 2385 1789 2739 1859; x_wconf 71' lang='lat' dir='ltr'><strong>prtejudicari,</strong></span> <span class='ocrx_word' id='word_1_537' title='bbox 2793 1807 2912 1858; x_wconf 89' lang='lat' dir='ltr'><strong>eum</strong></span> <span class='ocrx_word' id='word_1_538' title='bbox 2962 1793 3100 1848; x_wconf 88' lang='lat' dir='ltr'><strong>inter</strong></span> <span class='ocrx_word' id='word_1_539' title='bbox 3141 1793 3298 1848; x_wconf 78' lang='lat' dir='ltr'><strong>Afros</strong></span> <span class='ocrx_word' id='word_1_540' title='bbox 3337 1795 3437 1851; x_wconf 93' lang='lat' dir='ltr'><strong>hoc</strong></span> <span class='ocrx_word' id='word_1_541' title='bbox 3461 1801 3738 1867; x_wconf 79' lang='lat' dir='ltr'><strong>negotium</strong></span> 
     </span>
    </p>
   </div>
   <div class='ocr_carea' id='block_1_79' title="bbox 2149 1881 3740 1954">
    <p class='ocr_par' dir='ltr' id='par_1_79' title="bbox 2149 1881 3740 1954">
     <span class='ocr_line' id='line_1_79' title="bbox 2149 1881 3740 1954; baseline 0.008 -22"><span class='ocrx_word' id='word_1_542' title='bbox 2149 1881 2470 1947; x_wconf 82' lang='lat' dir='ltr'><strong>vcntiletur;</strong></span> <span class='ocrx_word' id='word_1_543' title='bbox 2515 1891 2570 1936; x_wconf 89' lang='lat' dir='ltr'><strong>et</strong></span> <span class='ocrx_word' id='word_1_544' title='bbox 2597 1884 2894 1952; x_wconf 85' lang='lat' dir='ltr'><strong>exspectari</strong></span> <span class='ocrx_word' id='word_1_545' title='bbox 2941 1887 3116 1954; x_wconf 87' lang='lat' dir='ltr'><strong>potius</strong></span> <span class='ocrx_word' id='word_1_546' title='bbox 3147 1887 3438 1942; x_wconf 76' lang='lat' dir='ltr'><strong>Ecclesium</strong></span> <span class='ocrx_word' id='word_1_547' title='bbox 3471 1897 3740 1944; x_wconf 86' lang='lat' dir='ltr'><strong>transma-</strong></span> 
     </span>
    </p>
   </div>
   <div class='ocr_carea' id='block_1_80' title="bbox 2149 1975 3741 2050">
    <p class='ocr_par' dir='ltr' id='par_1_80' title="bbox 2149 1975 3741 2050">
     <span class='ocr_line' id='line_1_80' title="bbox 2149 1975 3741 2050; baseline 0.008 -24"><span class='ocrx_word' id='word_1_548' title='bbox 2149 1975 2340 2039; x_wconf 89' lang='lat' dir='ltr'><strong>rinam,</strong></span> <span class='ocrx_word' id='word_1_549' title='bbox 2371 1975 2536 2044; x_wconf 88' lang='lat' dir='ltr'><strong>utqui</strong></span> <span class='ocrx_word' id='word_1_550' title='bbox 2564 1976 2809 2044; x_wconf 89' lang='lat' dir='ltr'><strong>vicerint,</strong></span> <span class='ocrx_word' id='word_1_551' title='bbox 2843 1978 2942 2047; x_wconf 88' lang='lat' dir='ltr'><strong>ipsi</strong></span> <span class='ocrx_word' id='word_1_552' title='bbox 2970 1978 3036 2033; x_wconf 90' lang='lat' dir='ltr'><strong>ad</strong></span> <span class='ocrx_word' id='word_1_553' title='bbox 3067 1994 3185 2035; x_wconf 89' lang='lat' dir='ltr'><strong>eam</strong></span> <span class='ocrx_word' id='word_1_554' title='bbox 3215 1982 3481 2050; x_wconf 90' lang='lat' dir='ltr'><strong>pertinere</strong></span> <span class='ocrx_word' id='word_1_555' title='bbox 3520 1985 3741 2039; x_wconf 85' lang='lat' dir='ltr'><strong>videan-</strong></span> 
     </span>
    </p>
   </div>
   <div class='ocr_carea' id='block_1_81' title="bbox 2151 2067 3740 2137">
    <p class='ocr_par' dir='ltr' id='par_1_81' title="bbox 2151 2067 3740 2137">
     <span class='ocr_line' id='line_1_81' title="bbox 2151 2067 3740 2137; baseline 0.008 -19"><span class='ocrx_word' id='word_1_556' title='bbox 2151 2073 2254 2130; x_wconf 92' lang='lat' dir='ltr'><strong>tur,</strong></span> <span class='ocrx_word' id='word_1_557' title='bbox 2287 2074 2340 2119; x_wconf 91' lang='lat' dir='ltr'><strong>ct</strong></span> <span class='ocrx_word' id='word_1_558' title='bbox 2382 2067 2481 2137; x_wconf 91' lang='lat' dir='ltr'><strong>ipsi</strong></span> <span class='ocrx_word' id='word_1_559' title='bbox 2524 2067 2756 2124; x_wconf 87' lang='lat' dir='ltr'><strong>habeant</strong></span> <span class='ocrx_word' id='word_1_560' title='bbox 2781 2069 3102 2125; x_wconf 88' lang='lat' dir='ltr'><strong>catholicum</strong></span> <span class='ocrx_word' id='word_1_561' title='bbox 3139 2089 3332 2128; x_wconf 88' lang='lat' dir='ltr'><strong>nomen</strong></span> <span class='ocrx_word' id='word_1_562' title='bbox 3359 2093 3372 2128; x_wconf 89' lang='lat'>:</span> <span class='ocrx_word' id='word_1_563' title='bbox 3397 2076 3493 2130; x_wconf 89' lang='lat' dir='ltr'><strong>sed</strong></span> <span class='ocrx_word' id='word_1_564' title='bbox 3535 2077 3587 2130; x_wconf 92' lang='lat' dir='ltr'><strong>in</strong></span> <span class='ocrx_word' id='word_1_565' title='bbox 3633 2077 3740 2132; x_wconf 88' lang='lat' dir='ltr'><strong>fine</strong></span> 
     </span>
    </p>
   </div>
   <div class='ocr_carea' id='block_1_82' title="bbox 2153 2159 3739 2235">
    <p class='ocr_par' dir='ltr' id='par_1_82' title="bbox 2153 2159 3739 2235">
     <span class='ocr_line' id='line_1_82' title="bbox 2153 2159 3739 2235; baseline 0.008 -26"><span class='ocrx_word' id='word_1_566' title='bbox 2153 2159 2540 2227; x_wconf 88' lang='lat' dir='ltr'><strong>prosecutionis</strong></span> <span class='ocrx_word' id='word_1_567' title='bbox 2588 2174 2699 2214; x_wconf 72' lang='lat' dir='ltr'><strong>sua:</strong></span> <span class='ocrx_word' id='word_1_568' title='bbox 2751 2177 2936 2216; x_wconf 86' lang='lat' dir='ltr'><strong>rursus</strong></span> <span class='ocrx_word' id='word_1_569' title='bbox 2985 2162 3052 2217; x_wconf 93' lang='lat' dir='ltr'><strong>de</strong></span> <span class='ocrx_word' id='word_1_570' title='bbox 3103 2179 3332 2233; x_wconf 87' lang='lat' dir='ltr'><strong>persona</strong></span> <span class='ocrx_word' id='word_1_571' title='bbox 3383 2167 3624 2235; x_wconf 88' lang='lat' dir='ltr'><strong>petitoris</strong></span> <span class='ocrx_word' id='word_1_572' title='bbox 3680 2181 3739 2222; x_wconf 89' lang='lat' dir='ltr'><strong>ut</strong></span> 
     </span>
    </p>
   </div>
   <div class='ocr_carea' id='block_1_83' title="bbox 2151 2250 3739 2322">
    <p class='ocr_par' dir='ltr' id='par_1_83' title="bbox 2151 2250 3739 2322">
     <span class='ocr_line' id='line_1_83' title="bbox 2151 2250 3739 2322; baseline 0.006 -19"><span class='ocrx_word' id='word_1_573' title='bbox 2151 2250 2249 2304; x_wconf 90' lang='lat' dir='ltr'><strong>sibi</strong></span> <span class='ocrx_word' id='word_1_574' title='bbox 2297 2251 2734 2320; x_wconf 88' lang='lat' dir='ltr'><strong>responderetur,</strong></span> <span class='ocrx_word' id='word_1_575' title='bbox 2775 2254 3194 2322; x_wconf 85' lang='lat' dir='ltr'><strong>postulaverunt.</strong></span> <span class='ocrx_word' id='word_1_576' title='bbox 3240 2257 3338 2312; x_wconf 89' lang='lat' dir='ltr'><strong>llic</strong></span> <span class='ocrx_word' id='word_1_577' title='bbox 3365 2257 3626 2313; x_wconf 90' lang='lat' dir='ltr'><strong>Catholici</strong></span> <span class='ocrx_word' id='word_1_578' title='bbox 3671 2261 3739 2313; x_wconf 87' lang='lat' dir='ltr'><strong>ad</strong></span> 
     </span>
    </p>
   </div>
   <div class='ocr_carea' id='block_1_84' title="bbox 2153 2345 3740 2422">
    <p class='ocr_par' dir='ltr' id='par_1_84' title="bbox 2153 2345 3740 2422">
     <span class='ocr_line' id='line_1_84' title="bbox 2153 2345 3740 2422; baseline 0.006 -24"><span class='ocrx_word' id='word_1_579' title='bbox 2153 2351 2436 2414; x_wconf 89' lang='lat' dir='ltr'><strong>utrumque</strong></span> <span class='ocrx_word' id='word_1_580' title='bbox 2479 2345 2714 2402; x_wconf 88' lang='lat' dir='ltr'><strong>breviter</strong></span> <span class='ocrx_word' id='word_1_581' title='bbox 2758 2348 3185 2418; x_wconf 87' lang='lat' dir='ltr'><strong>responderunt;</strong></span> <span class='ocrx_word' id='word_1_582' title='bbox 3219 2358 3273 2406; x_wconf 91' lang='lat' dir='ltr'><strong>et</strong></span> <span class='ocrx_word' id='word_1_583' title='bbox 3301 2351 3423 2421; x_wconf 89' lang='lat' dir='ltr'><strong>quia</strong></span> <span class='ocrx_word' id='word_1_584' title='bbox 3455 2351 3522 2406; x_wconf 91' lang='lat' dir='ltr'><strong>de</strong></span> <span class='ocrx_word' id='word_1_585' title='bbox 3548 2368 3740 2422; x_wconf 84' lang='lat' dir='ltr'><strong>perso-</strong></span> 
     </span>
    </p>
   </div>
   <div class='ocr_carea' id='block_1_85' title="bbox 2151 2438 3740 2513">
    <p class='ocr_par' dir='ltr' id='par_1_85' title="bbox 2151 2438 3740 2513">
     <span class='ocr_line' id='line_1_85' title="bbox 2151 2438 3740 2513; baseline 0.005 -20"><span class='ocrx_word' id='word_1_586' title='bbox 2151 2439 2236 2494; x_wconf 91' lang='lat' dir='ltr'><strong>nis</strong></span> <span class='ocrx_word' id='word_1_587' title='bbox 2256 2438 2364 2510; x_wconf 88' lang='lat' dir='ltr'><strong>jam</strong></span> <span class='ocrx_word' id='word_1_588' title='bbox 2393 2440 2566 2510; x_wconf 90' lang='lat' dir='ltr'><strong>primo</strong></span> <span class='ocrx_word' id='word_1_589' title='bbox 2604 2449 2658 2496; x_wconf 91' lang='lat' dir='ltr'><strong>et</strong></span> <span class='ocrx_word' id='word_1_590' title='bbox 2700 2440 2937 2496; x_wconf 91' lang='lat' dir='ltr'><strong>secundo</strong></span> <span class='ocrx_word' id='word_1_591' title='bbox 2958 2442 3160 2512; x_wconf 82' lang='lat' dir='ltr'><strong>judicio</strong></span> <span class='ocrx_word' id='word_1_592' title='bbox 3189 2445 3413 2513; x_wconf 73' lang='lat' dir='ltr'><strong>quu‘slio</strong></span> <span class='ocrx_word' id='word_1_593' title='bbox 3442 2444 3602 2501; x_wconf 88' lang='lat' dir='ltr'><strong>fuerit</strong></span> <span class='ocrx_word' id='word_1_594' title='bbox 3631 2457 3740 2501; x_wconf 90' lang='lat' dir='ltr'><strong>ter-</strong></span> 
     </span>
    </p>
   </div>
   <div class='ocr_carea' id='block_1_86' title="bbox 2153 2539 3744 2611">
    <p class='ocr_par' dir='ltr' id='par_1_86' title="bbox 2153 2539 3744 2611">
     <span class='ocr_line' id='line_1_86' title="bbox 2153 2539 3744 2611; baseline 0.004 -19"><span class='ocrx_word' id='word_1_595' title='bbox 2153 2539 2386 2603; x_wconf 89' lang='lat' dir='ltr'><strong>minata;</strong></span> <span class='ocrx_word' id='word_1_596' title='bbox 2416 2548 2470 2594; x_wconf 91' lang='lat' dir='ltr'><strong>et</strong></span> <span class='ocrx_word' id='word_1_597' title='bbox 2493 2540 2616 2611; x_wconf 85' lang='lat' dir='ltr'><strong>quia</strong></span> <span class='ocrx_word' id='word_1_598' title='bbox 2650 2540 2906 2595; x_wconf 73' lang='lat' dir='ltr'><strong>Ecclesire</strong></span> <span class='ocrx_word' id='word_1_599' title='bbox 2939 2549 3050 2596; x_wconf 90' lang='lat' dir='ltr'><strong>toto</strong></span> <span class='ocrx_word' id='word_1_600' title='bbox 3080 2541 3211 2596; x_wconf 89' lang='lat' dir='ltr'><strong>orbe</strong></span> <span class='ocrx_word' id='word_1_601' title='bbox 3238 2541 3443 2596; x_wconf 85' lang='lat' dir='ltr'><strong>dill‘usae</strong></span> <span class='ocrx_word' id='word_1_602' title='bbox 3468 2544 3551 2597; x_wconf 91' lang='lat' dir='ltr'><strong>cui</strong></span> <span class='ocrx_word' id='word_1_603' title='bbox 3585 2545 3744 2598; x_wconf 86' lang='lat' dir='ltr'><strong>testi-</strong></span> 
     </span>
    </p>
   </div>
   <div class='ocr_carea' id='block_1_87' title="bbox 2152 2632 3745 2704">
    <p class='ocr_par' dir='ltr' id='par_1_87' title="bbox 2152 2632 3745 2704">
     <span class='ocr_line' id='line_1_87' title="bbox 2152 2632 3745 2704; baseline 0.003 -18"><span class='ocrx_word' id='word_1_604' title='bbox 2152 2633 2390 2687; x_wconf 91' lang='lat' dir='ltr'><strong>monium</strong></span> <span class='ocrx_word' id='word_1_605' title='bbox 2433 2632 2678 2703; x_wconf 90' lang='lat' dir='ltr'><strong>perhibet</strong></span> <span class='ocrx_word' id='word_1_606' title='bbox 2719 2634 2994 2704; x_wconf 85' lang='lat' dir='ltr'><strong>Scriptura</strong></span> <span class='ocrx_word' id='word_1_607' title='bbox 3031 2634 3231 2699; x_wconf 89' lang='lat' dir='ltr'><strong>divina,</strong></span> <span class='ocrx_word' id='word_1_608' title='bbox 3275 2635 3396 2704; x_wconf 88' lang='lat' dir='ltr'><strong>ipsi,</strong></span> <span class='ocrx_word' id='word_1_609' title='bbox 3431 2652 3535 2689; x_wconf 92' lang='lat' dir='ltr'><strong>non</strong></span> <span class='ocrx_word' id='word_1_610' title='bbox 3570 2636 3745 2690; x_wconf 86' lang='lat' dir='ltr'><strong>Dona-</strong></span> 
     </span>
    </p>
   </div>
   <div class='ocr_carea' id='block_1_88' title="bbox 2155 2723 3744 2789">
    <p class='ocr_par' dir='ltr' id='par_1_88' title="bbox 2155 2723 3744 2789">
     <span class='ocr_line' id='line_1_88' title="bbox 2155 2723 3744 2789; baseline 0.003 -13"><span class='ocrx_word' id='word_1_611' title='bbox 2155 2723 2310 2789; x_wconf 67' lang='lat' dir='ltr'><strong>tistat,</strong></span> <span class='ocrx_word' id='word_1_612' title='bbox 2338 2724 2753 2789; x_wconf 81' lang='lat' dir='ltr'><strong>communicant,</strong></span> <span class='ocrx_word' id='word_1_613' title='bbox 2789 2723 2929 2779; x_wconf 91' lang='lat' dir='ltr'><strong>unde</strong></span> <span class='ocrx_word' id='word_1_614' title='bbox 2959 2724 3206 2779; x_wconf 89' lang='lat' dir='ltr'><strong>catholici</strong></span> <span class='ocrx_word' id='word_1_615' title='bbox 3235 2726 3428 2781; x_wconf 88' lang='lat' dir='ltr'><strong>merito</strong></span> <span class='ocrx_word' id='word_1_616' title='bbox 3457 2737 3512 2782; x_wconf 88' lang='lat' dir='ltr'><strong>et</strong></span> <span class='ocrx_word' id='word_1_617' title='bbox 3541 2734 3744 2780; x_wconf 84' lang='lat' dir='ltr'><strong>suntet</strong></span> 
     </span>
    </p>
   </div>
   <div class='ocr_carea' id='block_1_89' title="bbox 2155 2814 3745 2886">
    <p class='ocr_par' dir='ltr' id='par_1_89' title="bbox 2155 2814 3745 2886">
     <span class='ocr_line' id='line_1_89' title="bbox 2155 2814 3745 2886; baseline 0.002 -18"><span class='ocrx_word' id='word_1_618' title='bbox 2155 2822 2436 2870; x_wconf 82' lang='lat' dir='ltr'><strong>vocantur.</strong></span> <span class='ocrx_word' id='word_1_619' title='bbox 2471 2814 2760 2871; x_wconf 74' lang='lat' dir='ltr'><strong>Donatista:</strong></span> <span class='ocrx_word' id='word_1_620' title='bbox 2775 2825 2961 2870; x_wconf 83' lang='lat' dir='ltr'><strong>autem</strong></span> <span class='ocrx_word' id='word_1_621' title='bbox 2988 2816 3397 2886; x_wconf 86' lang='lat' dir='ltr'><strong>responderunt,</strong></span> <span class='ocrx_word' id='word_1_622' title='bbox 3427 2833 3530 2871; x_wconf 90' lang='lat' dir='ltr'><strong>non</strong></span> <span class='ocrx_word' id='word_1_623' title='bbox 3554 2818 3745 2872; x_wconf 84' lang='lat' dir='ltr'><strong>catho-</strong></span> 
     </span>
    </p>
   </div>
   <div class='ocr_carea' id='block_1_90' title="bbox 2155 2905 3742 2980">
    <p class='ocr_par' dir='ltr' id='par_1_90' title="bbox 2155 2905 3742 2980">
     <span class='ocr_line' id='line_1_90' title="bbox 2155 2905 3742 2980; baseline 0.004 -22"><span class='ocrx_word' id='word_1_624' title='bbox 2155 2905 2317 2960; x_wconf 78' lang='lat' dir='ltr'><strong>licunt</strong></span> <span class='ocrx_word' id='word_1_625' title='bbox 2359 2923 2555 2963; x_wconf 89' lang='lat' dir='ltr'><strong>nomen</strong></span> <span class='ocrx_word' id='word_1_626' title='bbox 2595 2923 2662 2964; x_wconf 78' lang='lat' dir='ltr'><strong>ex</strong></span> <span class='ocrx_word' id='word_1_627' title='bbox 2703 2908 3050 2965; x_wconf 87' lang='lat' dir='ltr'><strong>universitate</strong></span> <span class='ocrx_word' id='word_1_628' title='bbox 3086 2911 3346 2979; x_wconf 81' lang='lat' dir='ltr'><strong>gentium,</strong></span> <span class='ocrx_word' id='word_1_629' title='bbox 3391 2911 3483 2965; x_wconf 90' lang='lat' dir='ltr'><strong>sed</strong></span> <span class='ocrx_word' id='word_1_630' title='bbox 3522 2927 3586 2966; x_wconf 75' lang='lat' dir='ltr'><strong>ex</strong></span> <span class='ocrx_word' id='word_1_631' title='bbox 3621 2912 3742 2980; x_wconf 89' lang='lat' dir='ltr'><strong>ple-</strong></span> 
     </span>
    </p>
   </div>
   <div class='ocr_carea' id='block_1_91' title="bbox 2156 2997 3745 3072">
    <p class='ocr_par' dir='ltr' id='par_1_91' title="bbox 2156 2997 3745 3072">
     <span class='ocr_line' id='line_1_91' title="bbox 2156 2997 3745 3072; baseline 0.004 -21"><span class='ocrx_word' id='word_1_632' title='bbox 2156 2997 2397 3052; x_wconf 90' lang='lat' dir='ltr'><strong>nitudine</strong></span> <span class='ocrx_word' id='word_1_633' title='bbox 2442 2999 2910 3056; x_wconf 86' lang='lat' dir='ltr'><strong>Sacramentorum</strong></span> <span class='ocrx_word' id='word_1_634' title='bbox 2955 3001 3252 3056; x_wconf 89' lang='lat' dir='ltr'><strong>institutum</strong></span> <span class='ocrx_word' id='word_1_635' title='bbox 3285 3020 3298 3054; x_wconf 90' lang='lat'><strong>:</strong></span> <span class='ocrx_word' id='word_1_636' title='bbox 3326 3011 3379 3055; x_wconf 92' lang='lat' dir='ltr'><strong>et</strong></span> <span class='ocrx_word' id='word_1_637' title='bbox 3432 3003 3745 3072; x_wconf 84' lang='lat' dir='ltr'><strong>petiverunt</strong></span> 
     </span>
    </p>
   </div>
   <div class='ocr_carea' id='block_1_92' title="bbox 2155 3091 3744 3164">
    <p class='ocr_par' dir='ltr' id='par_1_92' title="bbox 2155 3091 3744 3164">
     <span class='ocr_line' id='line_1_92' title="bbox 2155 3091 3744 3164; baseline 0.003 -19"><span class='ocrx_word' id='word_1_638' title='bbox 2155 3101 2213 3146; x_wconf 91' lang='lat' dir='ltr'><strong>ut</strong></span> <span class='ocrx_word' id='word_1_639' title='bbox 2247 3091 2532 3160; x_wconf 88' lang='lat' dir='ltr'><strong>probarent</strong></span> <span class='ocrx_word' id='word_1_640' title='bbox 2556 3092 2816 3148; x_wconf 87' lang='lat' dir='ltr'><strong>Catholici</strong></span> <span class='ocrx_word' id='word_1_641' title='bbox 2843 3092 2944 3148; x_wconf 87' lang='lat' dir='ltr'><strong>sibi</strong></span> <span class='ocrx_word' id='word_1_642' title='bbox 2975 3094 3370 3149; x_wconf 88' lang='lat' dir='ltr'><strong>communicare</strong></span> <span class='ocrx_word' id='word_1_643' title='bbox 3391 3109 3580 3150; x_wconf 91' lang='lat' dir='ltr'><strong>omnes</strong></span> <span class='ocrx_word' id='word_1_644' title='bbox 3608 3111 3744 3164; x_wconf 85' lang='lat' dir='ltr'><strong>gen-</strong></span> 
     </span>
    </p>
   </div>
   <div class='ocr_carea' id='block_1_93' title="bbox 2157 3185 3742 3259">
    <p class='ocr_par' dir='ltr' id='par_1_93' title="bbox 2157 3185 3742 3259">
     <span class='ocr_line' id='line_1_93' title="bbox 2157 3185 3742 3259; baseline 0.001 -19"><span class='ocrx_word' id='word_1_645' title='bbox 2157 3195 2236 3240; x_wconf 90' lang='lat' dir='ltr'><strong>tes</strong></span> <span class='ocrx_word' id='word_1_646' title='bbox 2264 3186 2359 3258; x_wconf 85' lang='lat' dir='ltr'><strong>(a).</strong></span> <span class='ocrx_word' id='word_1_647' title='bbox 2381 3185 2532 3253; x_wconf 82' lang='lat' dir='ltr'><strong>Quod</strong></span> <span class='ocrx_word' id='word_1_648' title='bbox 2558 3186 2819 3243; x_wconf 90' lang='lat' dir='ltr'><strong>Catholici</strong></span> <span class='ocrx_word' id='word_1_649' title='bbox 2857 3203 2979 3243; x_wconf 91' lang='lat' dir='ltr'><strong>cum</strong></span> <span class='ocrx_word' id='word_1_650' title='bbox 3007 3189 3308 3257; x_wconf 81' lang='lat' dir='ltr'><strong>gratissime</strong></span> <span class='ocrx_word' id='word_1_651' title='bbox 3327 3190 3650 3259; x_wconf 89' lang='lat' dir='ltr'><strong>acciperent,</strong></span> <span class='ocrx_word' id='word_1_652' title='bbox 3684 3200 3742 3243; x_wconf 89' lang='lat' dir='ltr'><strong>et</strong></span> 
     </span>
    </p>
   </div>
   <div class='ocr_carea' id='block_1_94' title="bbox 2156 3277 3747 3348">
    <p class='ocr_par' dir='ltr' id='par_1_94' title="bbox 2156 3277 3747 3348">
     <span class='ocr_line' id='line_1_94' title="bbox 2156 3277 3747 3348; baseline 0.001 -16"><span class='ocrx_word' id='word_1_653' title='bbox 2156 3285 2399 3347; x_wconf 87' lang='lat' dir='ltr'><strong>peterent</strong></span> <span class='ocrx_word' id='word_1_654' title='bbox 2423 3287 2480 3332; x_wconf 90' lang='lat' dir='ltr'><strong>ut</strong></span> <span class='ocrx_word' id='word_1_655' title='bbox 2518 3277 2619 3333; x_wconf 92' lang='grc'><strong>1100</strong></span> <span class='ocrx_word' id='word_1_656' title='bbox 2659 3278 2890 3348; x_wconf 88' lang='lat' dir='ltr'><strong>probare</strong></span> <span class='ocrx_word' id='word_1_657' title='bbox 2920 3279 3386 3348; x_wconf 87' lang='lat' dir='ltr'><strong>permitterentur;</strong></span> <span class='ocrx_word' id='word_1_658' title='bbox 3433 3293 3618 3333; x_wconf 89' lang='lat' dir='ltr'><strong>rursus</strong></span> <span class='ocrx_word' id='word_1_659' title='bbox 3665 3280 3747 3334; x_wconf 85' lang='lat' dir='ltr'><strong>illi</strong></span> 
     </span>
    </p>
   </div>
   <div class='ocr_carea' id='block_1_95' title="bbox 2153 3368 3747 3440">
    <p class='ocr_par' dir='ltr' id='par_1_95' title="bbox 2153 3368 3747 3440">
     <span class='ocr_line' id='line_1_95' title="bbox 2153 3368 3747 3440; baseline 0 -17"><span class='ocrx_word' id='word_1_660' title='bbox 2153 3368 2223 3423; x_wconf 88' lang='lat' dir='ltr'><strong>de</strong></span> <span class='ocrx_word' id='word_1_661' title='bbox 2276 3368 2526 3424; x_wconf 84' lang='lat' dir='ltr'><strong>mandato</strong></span> <span class='ocrx_word' id='word_1_662' title='bbox 2575 3369 2687 3436; x_wconf 90' lang='lat' dir='ltr'><strong>illo,</strong></span> <span class='ocrx_word' id='word_1_663' title='bbox 2725 3368 2880 3440; x_wconf 79' lang='lat' dir='ltr'><strong>&quot;quod</strong></span> <span class='ocrx_word' id='word_1_664' title='bbox 2926 3370 3112 3440; x_wconf 83' lang='lat' dir='ltr'><strong>legatis</strong></span> <span class='ocrx_word' id='word_1_665' title='bbox 3161 3369 3474 3440; x_wconf 90' lang='lat' dir='ltr'><strong>injunctum,</strong></span> <span class='ocrx_word' id='word_1_666' title='bbox 3503 3368 3587 3423; x_wconf 91' lang='lat' dir='ltr'><strong>edi</strong></span> <span class='ocrx_word' id='word_1_667' title='bbox 3638 3370 3747 3424; x_wconf 87' lang='lat' dir='ltr'><strong>sibi</strong></span> 
     </span>
    </p>
   </div>
   <div class='ocr_carea' id='block_1_96' title="bbox 2153 3460 3747 3532">
    <p class='ocr_par' dir='ltr' id='par_1_96' title="bbox 2153 3460 3747 3532">
     <span class='ocr_line' id='line_1_96' title="bbox 2153 3460 3747 3532; baseline 0.001 -18"><span class='ocrx_word' id='word_1_668' title='bbox 2153 3460 2473 3530; x_wconf 86' lang='lat' dir='ltr'><strong>petiverant.</strong></span> <span class='ocrx_word' id='word_1_669' title='bbox 2534 3461 2880 3532; x_wconf 85' lang='lat' dir='ltr'><strong>quaestionem</strong></span> <span class='ocrx_word' id='word_1_670' title='bbox 2939 3461 3189 3516; x_wconf 87' lang='lat' dir='ltr'><strong>refricare</strong></span> <span class='ocrx_word' id='word_1_671' title='bbox 3240 3469 3555 3532; x_wconf 67' lang='lat' dir='ltr'><strong>coeperunt,</strong></span> <span class='ocrx_word' id='word_1_672' title='bbox 3603 3473 3655 3517; x_wconf 93' lang='lat' dir='ltr'><strong>et</strong></span> <span class='ocrx_word' id='word_1_673' title='bbox 3716 3478 3747 3516; x_wconf 82' lang='lat' dir='ltr'><strong>a</strong></span> 
     </span>
    </p>
   </div>
   <div class='ocr_carea' id='block_1_97' title="bbox 2155 3551 3749 3624">
    <p class='ocr_par' dir='ltr' id='par_1_97' title="bbox 2155 3551 3749 3624">
     <span class='ocr_line' id='line_1_97' title="bbox 2155 3551 3749 3624; baseline 0.003 -20"><span class='ocrx_word' id='word_1_674' title='bbox 2155 3565 2314 3605; x_wconf 87' lang='lat' dir='ltr'><strong>causa</strong></span> <span class='ocrx_word' id='word_1_675' title='bbox 2344 3552 2622 3618; x_wconf 65' lang='lat' dir='ltr'><strong>Ecclesiae,</strong></span> <span class='ocrx_word' id='word_1_676' title='bbox 2647 3568 2766 3624; x_wconf 72' lang='lat' dir='ltr'><strong>qua:</strong></span> <span class='ocrx_word' id='word_1_677' title='bbox 2781 3551 2891 3622; x_wconf 87' lang='lat' dir='ltr'><strong>jam</strong></span> <span class='ocrx_word' id='word_1_678' title='bbox 2914 3552 2965 3607; x_wconf 91' lang='lat' dir='ltr'><strong>in</strong></span> <span class='ocrx_word' id='word_1_679' title='bbox 2998 3553 3229 3608; x_wconf 88' lang='lat' dir='ltr'><strong>medium</strong></span> <span class='ocrx_word' id='word_1_680' title='bbox 3261 3553 3590 3607; x_wconf 80' lang='lat' dir='ltr'><strong>discutienda</strong></span> <span class='ocrx_word' id='word_1_681' title='bbox 3619 3569 3749 3624; x_wconf 83' lang='lat' dir='ltr'><strong>per-</strong></span> 
     </span>
    </p>
   </div>
   <div class='ocr_carea' id='block_1_98' title="bbox 2155 3642 3739 3714">
    <p class='ocr_par' dir='ltr' id='par_1_98' title="bbox 2155 3642 3739 3714">
     <span class='ocr_line' id='line_1_98' title="bbox 2155 3642 3739 3714; baseline 0.003 -20"><span class='ocrx_word' id='word_1_682' title='bbox 2155 3650 2406 3707; x_wconf 88' lang='lat' dir='ltr'><strong>venerat,</strong></span> <span class='ocrx_word' id='word_1_683' title='bbox 2453 3642 2640 3697; x_wconf 89' lang='lat' dir='ltr'><strong>iterum</strong></span> <span class='ocrx_word' id='word_1_684' title='bbox 2687 3643 2936 3710; x_wconf 89' lang='lat' dir='ltr'><strong>resilire,</strong></span> <span class='ocrx_word' id='word_1_685' title='bbox 2986 3643 3146 3698; x_wconf 88' lang='lat' dir='ltr'><strong>modo</strong></span> <span class='ocrx_word' id='word_1_686' title='bbox 3215 3644 3518 3698; x_wconf 89' lang='lat' dir='ltr'><strong>mandatum</strong></span> <span class='ocrx_word' id='word_1_687' title='bbox 3570 3660 3739 3714; x_wconf 86' lang='lat' dir='ltr'><strong>supra</strong></span> 
     </span>
    </p>
   </div>
   <div class='ocr_carea' id='block_1_99' title="bbox 2153 3731 3750 3806">
    <p class='ocr_par' dir='ltr' id='par_1_99' title="bbox 2153 3731 3750 3806">
     <span class='ocr_line' id='line_1_99' title="bbox 2153 3731 3750 3806; baseline 0.001 -18"><span class='ocrx_word' id='word_1_688' title='bbox 2153 3731 2353 3788; x_wconf 89' lang='lat' dir='ltr'><strong>dictum</strong></span> <span class='ocrx_word' id='word_1_689' title='bbox 2394 3732 2643 3803; x_wconf 89' lang='lat' dir='ltr'><strong>petendo,</strong></span> <span class='ocrx_word' id='word_1_690' title='bbox 2690 3733 2851 3790; x_wconf 91' lang='lat' dir='ltr'><strong>modo</strong></span> <span class='ocrx_word' id='word_1_691' title='bbox 2879 3735 2948 3791; x_wconf 90' lang='lat' dir='ltr'><strong>de</strong></span> <span class='ocrx_word' id='word_1_692' title='bbox 2991 3736 3227 3806; x_wconf 88' lang='lat' dir='ltr'><strong>petitoris</strong></span> <span class='ocrx_word' id='word_1_693' title='bbox 3256 3749 3483 3806; x_wconf 85' lang='lat' dir='ltr'><strong>persona</strong></span> <span class='ocrx_word' id='word_1_694' title='bbox 3525 3745 3586 3790; x_wconf 90' lang='lat' dir='ltr'><strong>ut</strong></span> <span class='ocrx_word' id='word_1_695' title='bbox 3616 3753 3750 3792; x_wconf 86' lang='lat' dir='ltr'><strong>con-</strong></span> 
     </span>
    </p>
   </div>
   <div class='ocr_carea' id='block_1_100' title="bbox 2155 3825 3743 3897">
    <p class='ocr_par' dir='ltr' id='par_1_100' title="bbox 2155 3825 3743 3897">
     <span class='ocr_line' id='line_1_100' title="bbox 2155 3825 3743 3897; baseline 0.001 -18"><span class='ocrx_word' id='word_1_696' title='bbox 2155 3835 2321 3881; x_wconf 88' lang='lat' dir='ltr'><strong>staret</strong></span> <span class='ocrx_word' id='word_1_697' title='bbox 2349 3825 2791 3893; x_wconf 90' lang='lat' dir='ltr'><strong>instando,modo</strong></span> <span class='ocrx_word' id='word_1_698' title='bbox 2815 3827 2949 3883; x_wconf 89' lang='lat' dir='ltr'><strong>ntde</strong></span> <span class='ocrx_word' id='word_1_699' title='bbox 2991 3827 3072 3882; x_wconf 90' lang='lat' dir='ltr'><strong>his</strong></span> <span class='ocrx_word' id='word_1_700' title='bbox 3103 3828 3229 3897; x_wconf 87' lang='lat' dir='ltr'><strong>ipsis</strong></span> <span class='ocrx_word' id='word_1_701' title='bbox 3254 3843 3368 3896; x_wconf 81' lang='lat' dir='ltr'><strong>qua:</strong></span> <span class='ocrx_word' id='word_1_702' title='bbox 3384 3828 3652 3896; x_wconf 86' lang='lat' dir='ltr'><strong>petierant</strong></span> <span class='ocrx_word' id='word_1_703' title='bbox 3665 3834 3743 3896; x_wconf 89' lang='lat' dir='ltr'><strong>jn-</strong></span> 
     </span>
    </p>
   </div>
   <div class='ocr_carea' id='block_1_101' title="bbox 2155 3918 3747 3990">
    <p class='ocr_par' dir='ltr' id='par_1_101' title="bbox 2155 3918 3747 3990">
     <span class='ocr_line' id='line_1_101' title="bbox 2155 3918 3747 3990; baseline 0.001 -17"><span class='ocrx_word' id='word_1_704' title='bbox 2155 3918 2357 3974; x_wconf 88' lang='lat' dir='ltr'><strong>dicaret</strong></span> <span class='ocrx_word' id='word_1_705' title='bbox 2373 3918 2641 3989; x_wconf 81' lang='lat' dir='ltr'><strong>Cognitor,</strong></span> <span class='ocrx_word' id='word_1_706' title='bbox 2661 3919 2924 3990; x_wconf 78' lang='lat' dir='ltr'><strong>exigendo</strong></span> <span class='ocrx_word' id='word_1_707' title='bbox 2945 3936 2959 3986; x_wconf 91' lang='lat'><strong>;</strong></span> <span class='ocrx_word' id='word_1_708' title='bbox 2979 3919 3045 3975; x_wconf 89' lang='lat' dir='ltr'><strong>de</strong></span> <span class='ocrx_word' id='word_1_709' title='bbox 3063 3919 3371 3990; x_wconf 88' lang='lat' dir='ltr'><strong>quibusjam</strong></span> <span class='ocrx_word' id='word_1_710' title='bbox 3393 3920 3552 3974; x_wconf 86' lang='lat' dir='ltr'><strong>toties</strong></span> <span class='ocrx_word' id='word_1_711' title='bbox 3573 3919 3747 3975; x_wconf 78' lang='lat' dir='ltr'><strong>fuerat</strong></span> 
     </span>
    </p>
   </div>
   <div class='ocr_carea' id='block_1_102' title="bbox 2156 4013 3740 4084">
    <p class='ocr_par' dir='ltr' id='par_1_102' title="bbox 2156 4013 3740 4084">
     <span class='ocr_line' id='line_1_102' title="bbox 2156 4013 3740 4084; baseline 0.001 -19"><span class='ocrx_word' id='word_1_712' title='bbox 2156 4013 2518 4078; x_wconf 76' lang='lat' dir='ltr'><strong>interlocutus,</strong></span> <span class='ocrx_word' id='word_1_713' title='bbox 2538 4023 2589 4068; x_wconf 92' lang='lat' dir='ltr'><strong>et</strong></span> <span class='ocrx_word' id='word_1_714' title='bbox 2612 4028 2704 4069; x_wconf 92' lang='lat' dir='ltr'><strong>eos</strong></span> <span class='ocrx_word' id='word_1_715' title='bbox 2731 4014 2817 4068; x_wconf 91' lang='lat' dir='ltr'><strong>illa</strong></span> <span class='ocrx_word' id='word_1_716' title='bbox 2843 4015 3034 4068; x_wconf 81' lang='lat' dir='ltr'><strong>frustra</strong></span> <span class='ocrx_word' id='word_1_717' title='bbox 3066 4023 3246 4083; x_wconf 89' lang='lat' dir='ltr'><strong>petere</strong></span> <span class='ocrx_word' id='word_1_718' title='bbox 3273 4013 3740 4084; x_wconf 75' lang='lat' dir='ltr'><strong>pronuntiaverat.</strong></span> 
     </span>
    </p>
   </div>
   <div class='ocr_carea' id='block_1_103' title="bbox 2226 4093 3746 4177">
    <p class='ocr_par' dir='ltr' id='par_1_103' title="bbox 2226 4093 3746 4177">
     <span class='ocr_line' id='line_1_103' title="bbox 2226 4093 3746 4177; baseline -0.001 -16"><span class='ocrx_word' id='word_1_719' title='bbox 2226 4093 2462 4162; x_wconf 14' lang='lat' dir='ltr'><strong>CAPUT.</strong></span> <span class='ocrx_word' id='word_1_720' title='bbox 2491 4106 2578 4162; x_wconf 86' lang='lat' dir='ltr'><strong>IV.</strong></span> <span class='ocrx_word' id='word_1_721' title='bbox 2603 4138 2670 4147; x_wconf 94' lang='lat'><strong>—</strong></span> <span class='ocrx_word' id='word_1_722' title='bbox 2697 4107 2750 4162; x_wconf 74' lang='grc'><strong>4.</strong></span> <span class='ocrx_word' id='word_1_723' title='bbox 2791 4107 2894 4163; x_wconf 91' lang='lat' dir='ltr'><strong>Sed</strong></span> <span class='ocrx_word' id='word_1_724' title='bbox 2937 4104 3212 4177; x_wconf 81' lang='lat' dir='ltr'><strong>Cognitor,</strong></span> <span class='ocrx_word' id='word_1_725' title='bbox 3260 4121 3562 4176; x_wconf 87' lang='lat' dir='ltr'><strong>quanquam</strong></span> <span class='ocrx_word' id='word_1_726' title='bbox 3592 4106 3746 4160; x_wconf 83' lang='lat' dir='ltr'><strong>vide-</strong></span> 
     </span>
    </p>
   </div>
   <div class='ocr_carea' id='block_1_104' title="bbox 2155 4197 3748 4268">
    <p class='ocr_par' dir='ltr' id='par_1_104' title="bbox 2155 4197 3748 4268">
     <span class='ocr_line' id='line_1_104' title="bbox 2155 4197 3748 4268; baseline -0.001 -15"><span class='ocrx_word' id='word_1_727' title='bbox 2155 4209 2340 4253; x_wconf 87' lang='lat' dir='ltr'><strong>rentur</strong></span> <span class='ocrx_word' id='word_1_728' title='bbox 2368 4216 2473 4253; x_wconf 80' lang='grc'><strong>11011</strong></span> <span class='ocrx_word' id='word_1_729' title='bbox 2507 4209 2652 4253; x_wconf 87' lang='grc'><strong>10010</strong></span> <span class='ocrx_word' id='word_1_730' title='bbox 2685 4206 2864 4268; x_wconf 89' lang='lat' dir='ltr'><strong>petere</strong></span> <span class='ocrx_word' id='word_1_731' title='bbox 2891 4199 2976 4253; x_wconf 92' lang='lat' dir='ltr'><strong>cdi</strong></span> <span class='ocrx_word' id='word_1_732' title='bbox 3007 4199 3105 4253; x_wconf 85' lang='lat' dir='ltr'><strong>sibi</strong></span> <span class='ocrx_word' id='word_1_733' title='bbox 3152 4197 3457 4251; x_wconf 87' lang='lat' dir='ltr'><strong>mandatum</strong></span> <span class='ocrx_word' id='word_1_734' title='bbox 3485 4197 3625 4266; x_wconf 90' lang='lat' dir='ltr'><strong>quod</strong></span> <span class='ocrx_word' id='word_1_735' title='bbox 3668 4198 3748 4251; x_wconf 87' lang='lat' dir='ltr'><strong>le-</strong></span> 
     </span>
    </p>
   </div>
   <div class='ocr_carea' id='block_1_105' title="bbox 2153 4289 3747 4362">
    <p class='ocr_par' dir='ltr' id='par_1_105' title="bbox 2153 4289 3747 4362">
     <span class='ocr_line' id='line_1_105' title="bbox 2153 4289 3747 4362; baseline -0.002 -17"><span class='ocrx_word' id='word_1_736' title='bbox 2153 4294 2290 4362; x_wconf 82' lang='lat' dir='ltr'><strong>gatis</strong></span> <span class='ocrx_word' id='word_1_737' title='bbox 2312 4293 2604 4362; x_wconf 87' lang='lat' dir='ltr'><strong>injunctum</strong></span> <span class='ocrx_word' id='word_1_738' title='bbox 2626 4302 2742 4357; x_wconf 85' lang='lat' dir='ltr'><strong>est;</strong></span> <span class='ocrx_word' id='word_1_739' title='bbox 2771 4291 2915 4360; x_wconf 84' lang='lat' dir='ltr'><strong>quia,</strong></span> <span class='ocrx_word' id='word_1_740' title='bbox 2949 4290 2999 4344; x_wconf 88' lang='lat' dir='ltr'><strong>id</strong></span> <span class='ocrx_word' id='word_1_741' title='bbox 3029 4290 3166 4360; x_wconf 88' lang='lat' dir='ltr'><strong>quod</strong></span> <span class='ocrx_word' id='word_1_742' title='bbox 3195 4289 3493 4343; x_wconf 80' lang='lat' dir='ltr'><strong>sufficiebat</strong></span> <span class='ocrx_word' id='word_1_743' title='bbox 3518 4289 3586 4344; x_wconf 90' lang='lat' dir='ltr'><strong>ad</strong></span> <span class='ocrx_word' id='word_1_744' title='bbox 3613 4305 3747 4343; x_wconf 83' lang='lat' dir='ltr'><strong>cau-</strong></span> 
     </span>
    </p>
   </div>
   <div class='ocr_carea' id='block_1_106' title="bbox 2155 4379 3746 4452">
    <p class='ocr_par' dir='ltr' id='par_1_106' title="bbox 2155 4379 3746 4452">
     <span class='ocr_line' id='line_1_106' title="bbox 2155 4379 3746 4452; baseline -0.001 -17"><span class='ocrx_word' id='word_1_745' title='bbox 2155 4397 2289 4448; x_wconf 89' lang='lat' dir='ltr'><strong>sam,</strong></span> <span class='ocrx_word' id='word_1_746' title='bbox 2338 4383 2683 4437; x_wconf 77' lang='lat' dir='ltr'><strong>(lollationem</strong></span> <span class='ocrx_word' id='word_1_747' title='bbox 2727 4384 2942 4452; x_wconf 87' lang='lat' dir='ltr'><strong>petitam</strong></span> <span class='ocrx_word' id='word_1_748' title='bbox 2973 4395 3408 4450; x_wconf 74' lang='lat' dir='ltr'><strong>concessumque,</strong></span> <span class='ocrx_word' id='word_1_749' title='bbox 3427 4379 3746 4444; x_wconf 87' lang='lat' dir='ltr'><strong>constabat;</strong></span> 
     </span>
    </p>
   </div>
   <div class='ocr_carea' id='block_1_107' title="bbox 2155 4473 3747 4543">
    <p class='ocr_par' dir='ltr' id='par_1_107' title="bbox 2155 4473 3747 4543">
     <span class='ocr_line' id='line_1_107' title="bbox 2155 4473 3747 4543; baseline 0 -16"><span class='ocrx_word' id='word_1_750' title='bbox 2155 4491 2259 4529; x_wconf 80' lang='grc'><strong>11011</strong></span> <span class='ocrx_word' id='word_1_751' title='bbox 2304 4475 2348 4528; x_wconf 88' lang='grc'><strong>01</strong></span> <span class='ocrx_word' id='word_1_752' title='bbox 2383 4483 2556 4528; x_wconf 85' lang='grc' dir='ltr'><strong>111111οι1</strong></span> <span class='ocrx_word' id='word_1_753' title='bbox 2584 4473 2880 4538; x_wconf 86' lang='lat' dir='ltr'><strong>videbatur,</strong></span> <span class='ocrx_word' id='word_1_754' title='bbox 2911 4474 3107 4541; x_wconf 87' lang='lat' dir='ltr'><strong>injuste</strong></span> <span class='ocrx_word' id='word_1_755' title='bbox 3143 4473 3260 4527; x_wconf 90' lang='lat' dir='ltr'><strong>illos</strong></span> <span class='ocrx_word' id='word_1_756' title='bbox 3293 4482 3474 4543; x_wconf 87' lang='lat' dir='ltr'><strong>petere</strong></span> <span class='ocrx_word' id='word_1_757' title='bbox 3516 4482 3574 4526; x_wconf 92' lang='lat' dir='ltr'><strong>ut</strong></span> <span class='ocrx_word' id='word_1_758' title='bbox 3603 4473 3747 4542; x_wconf 87' lang='lat' dir='ltr'><strong>peti-</strong></span> 
     </span>
    </p>
   </div>
   <div class='ocr_carea' id='block_1_108' title="bbox 2156 4564 3745 4636">
    <p class='ocr_par' dir='ltr' id='par_1_108' title="bbox 2156 4564 3745 4636">
     <span class='ocr_line' id='line_1_108' title="bbox 2156 4564 3745 4636; baseline -0.001 -16"><span class='ocrx_word' id='word_1_759' title='bbox 2156 4568 2285 4621; x_wconf 87' lang='lat' dir='ltr'><strong>toris</strong></span> <span class='ocrx_word' id='word_1_760' title='bbox 2331 4581 2556 4636; x_wconf 82' lang='lat' dir='ltr'><strong>persona</strong></span> <span class='ocrx_word' id='word_1_761' title='bbox 2601 4577 2888 4620; x_wconf 87' lang='lat' dir='ltr'><strong>constaret.</strong></span> <span class='ocrx_word' id='word_1_762' title='bbox 2932 4565 3190 4620; x_wconf 89' lang='lat' dir='ltr'><strong>Catholici</strong></span> <span class='ocrx_word' id='word_1_763' title='bbox 3241 4573 3419 4619; x_wconf 89' lang='lat' dir='ltr'><strong>autem</strong></span> <span class='ocrx_word' id='word_1_764' title='bbox 3467 4564 3745 4628; x_wconf 86' lang='lat' dir='ltr'><strong>videntes,</strong></span> 
     </span>
    </p>
   </div>
   <div class='ocr_carea' id='block_1_109' title="bbox 2154 4656 3746 4727">
    <p class='ocr_par' dir='ltr' id='par_1_109' title="bbox 2154 4656 3746 4727">
     <span class='ocr_line' id='line_1_109' title="bbox 2154 4656 3746 4727; baseline 0.001 -20"><span class='ocrx_word' id='word_1_765' title='bbox 2154 4659 2292 4727; x_wconf 91' lang='lat' dir='ltr'><strong>quod</strong></span> <span class='ocrx_word' id='word_1_766' title='bbox 2317 4658 2425 4727; x_wconf 89' lang='lat' dir='ltr'><strong>jam</strong></span> <span class='ocrx_word' id='word_1_767' title='bbox 2457 4658 2557 4711; x_wconf 89' lang='lat' dir='ltr'><strong>sibi</strong></span> <span class='ocrx_word' id='word_1_768' title='bbox 2590 4657 2761 4712; x_wconf 88' lang='lat' dir='ltr'><strong>fuerat</strong></span> <span class='ocrx_word' id='word_1_769' title='bbox 2789 4668 2941 4711; x_wconf 91' lang='lat' dir='ltr'><strong>antea</strong></span> <span class='ocrx_word' id='word_1_770' title='bbox 2985 4658 3280 4712; x_wconf 88' lang='lat' dir='ltr'><strong>nuntiatum</strong></span> <span class='ocrx_word' id='word_1_771' title='bbox 3310 4656 3513 4726; x_wconf 91' lang='lat' dir='ltr'><strong>(ethoc</strong></span> <span class='ocrx_word' id='word_1_772' title='bbox 3550 4673 3746 4711; x_wconf 87' lang='lat' dir='ltr'><strong>eorum</strong></span> 
     </span>
    </p>
   </div>
   <div class='ocr_carea' id='block_1_110' title="bbox 2155 4747 3736 4821">
    <p class='ocr_par' dir='ltr' id='par_1_110' title="bbox 2155 4747 3736 4821">
     <span class='ocr_line' id='line_1_110' title="bbox 2155 4747 3736 4821; baseline -0.001 -17"><span class='ocrx_word' id='word_1_773' title='bbox 2155 4750 2446 4804; x_wconf 89' lang='lat' dir='ltr'><strong>intentione</strong></span> <span class='ocrx_word' id='word_1_774' title='bbox 2476 4750 2605 4803; x_wconf 86' lang='lat' dir='ltr'><strong>satis</strong></span> <span class='ocrx_word' id='word_1_775' title='bbox 2635 4747 3036 4821; x_wconf 81' lang='lat' dir='ltr'><strong>intelligebant),</strong></span> <span class='ocrx_word' id='word_1_776' title='bbox 3088 4765 3192 4810; x_wconf 88' lang='lat' dir='ltr'><strong>non</strong></span> <span class='ocrx_word' id='word_1_777' title='bbox 3237 4748 3306 4801; x_wconf 87' lang='lat' dir='ltr'><strong>ob</strong></span> <span class='ocrx_word' id='word_1_778' title='bbox 3334 4747 3477 4802; x_wconf 87' lang='lat' dir='ltr'><strong>aliud</strong></span> <span class='ocrx_word' id='word_1_779' title='bbox 3518 4748 3736 4804; x_wconf 81' lang='lat' dir='ltr'><strong>Donati-</strong></span> 
     </span>
    </p>
   </div>
   <div class='ocr_carea' id='block_1_111' title="bbox 2154 4840 3751 4911">
    <p class='ocr_par' dir='ltr' id='par_1_111' title="bbox 2154 4840 3751 4911">
     <span class='ocr_line' id='line_1_111' title="bbox 2154 4840 3751 4911; baseline 0 -16"><span class='ocrx_word' id='word_1_780' title='bbox 2154 4850 2264 4896; x_wconf 90' lang='lat' dir='ltr'><strong>stas</strong></span> <span class='ocrx_word' id='word_1_781' title='bbox 2309 4856 2561 4911; x_wconf 88' lang='lat' dir='ltr'><strong>personas</strong></span> <span class='ocrx_word' id='word_1_782' title='bbox 2590 4857 2830 4911; x_wconf 70' lang='lat' dir='ltr'><strong>quzercre</strong></span> <span class='ocrx_word' id='word_1_783' title='bbox 2873 4842 3177 4911; x_wconf 88' lang='lat' dir='ltr'><strong>petitorum,</strong></span> <span class='ocrx_word' id='word_1_784' title='bbox 3221 4840 3322 4894; x_wconf 65' lang='lat' dir='ltr'><strong>nisi</strong></span> <span class='ocrx_word' id='word_1_785' title='bbox 3365 4850 3422 4894; x_wconf 93' lang='lat' dir='ltr'><strong>ut</strong></span> <span class='ocrx_word' id='word_1_786' title='bbox 3450 4841 3638 4895; x_wconf 90' lang='lat' dir='ltr'><strong>liceret</strong></span> <span class='ocrx_word' id='word_1_787' title='bbox 3665 4844 3751 4896; x_wconf 90' lang='lat' dir='ltr'><strong>eis</strong></span> 
     </span>
    </p>
   </div>
   <div class='ocr_carea' id='block_1_112' title="bbox 2154 4931 3752 5003">
    <p class='ocr_par' dir='ltr' id='par_1_112' title="bbox 2154 4931 3752 5003">
     <span class='ocr_line' id='line_1_112' title="bbox 2154 4931 3752 5003; baseline 0 -16"><span class='ocrx_word' id='word_1_788' title='bbox 2154 4948 2502 5002; x_wconf 78' lang='lat' dir='ltr'><strong>persmiarum</strong></span> <span class='ocrx_word' id='word_1_789' title='bbox 2530 4932 2860 4987; x_wconf 88' lang='lat' dir='ltr'><strong>discussione</strong></span> <span class='ocrx_word' id='word_1_790' title='bbox 2887 4931 3222 5003; x_wconf 80' lang='lat' dir='ltr'><strong>longiSsintas</strong></span> <span class='ocrx_word' id='word_1_791' title='bbox 3250 4941 3549 5001; x_wconf 87' lang='lat' dir='ltr'><strong>temporum</strong></span> <span class='ocrx_word' id='word_1_792' title='bbox 3581 4944 3636 4987; x_wconf 89' lang='lat' dir='ltr'><strong>et</strong></span> <span class='ocrx_word' id='word_1_793' title='bbox 3661 4934 3752 4987; x_wconf 61' lang='lat' dir='ltr'><strong>di-</strong></span> 
     </span>
    </p>
   </div>
   <div class='ocr_carea' id='block_1_113' title="bbox 2156 5023 3754 5091">
    <p class='ocr_par' dir='ltr' id='par_1_113' title="bbox 2156 5023 3754 5091">
     <span class='ocr_line' id='line_1_113' title="bbox 2156 5023 3754 5091; baseline 0.002 -15"><span class='ocrx_word' id='word_1_794' title='bbox 2156 5023 2412 5077; x_wconf 90' lang='lat' dir='ltr'><strong>lationum</strong></span> <span class='ocrx_word' id='word_1_795' title='bbox 2441 5039 2616 5078; x_wconf 90' lang='lat' dir='ltr'><strong>moras</strong></span> <span class='ocrx_word' id='word_1_796' title='bbox 2643 5023 2908 5088; x_wconf 90' lang='lat' dir='ltr'><strong>inserere;</strong></span> <span class='ocrx_word' id='word_1_797' title='bbox 2939 5023 3187 5091; x_wconf 88' lang='lat' dir='ltr'><strong>quoniam</strong></span> <span class='ocrx_word' id='word_1_798' title='bbox 3215 5023 3565 5078; x_wconf 85' lang='lat' dir='ltr'><strong>vehementer</strong></span> <span class='ocrx_word' id='word_1_799' title='bbox 3595 5025 3754 5079; x_wconf 87' lang='lat' dir='ltr'><strong>nole-</strong></span> 
     </span>
    </p>
   </div>
   <div class='ocr_carea' id='block_1_114' title="bbox 2154 5115 3754 5186">
    <p class='ocr_par' dir='ltr' id='par_1_114' title="bbox 2154 5115 3754 5186">
     <span class='ocr_line' id='line_1_114' title="bbox 2154 5115 3754 5186; baseline -0.001 -16"><span class='ocrx_word' id='word_1_800' title='bbox 2154 5116 2279 5170; x_wconf 90' lang='lat' dir='ltr'><strong>hant</strong></span> <span class='ocrx_word' id='word_1_801' title='bbox 2308 5127 2360 5170; x_wconf 90' lang='lat' dir='ltr'><strong>ut</strong></span> <span class='ocrx_word' id='word_1_802' title='bbox 2394 5115 2760 5186; x_wconf 87' lang='lat' dir='ltr'><strong>perveniretur</strong></span> <span class='ocrx_word' id='word_1_803' title='bbox 2785 5115 2850 5170; x_wconf 91' lang='lat' dir='ltr'><strong>ad</strong></span> <span class='ocrx_word' id='word_1_804' title='bbox 2874 5129 3110 5180; x_wconf 80' lang='lat' dir='ltr'><strong>causam,</strong></span> <span class='ocrx_word' id='word_1_805' title='bbox 3159 5116 3210 5168; x_wconf 92' lang='lat' dir='ltr'><strong>in</strong></span> <span class='ocrx_word' id='word_1_806' title='bbox 3238 5131 3339 5184; x_wconf 86' lang='lat' dir='ltr'><strong>qua</strong></span> <span class='ocrx_word' id='word_1_807' title='bbox 3379 5131 3439 5170; x_wconf 83' lang='lat' dir='ltr'><strong>se</strong></span> <span class='ocrx_word' id='word_1_808' title='bbox 3480 5116 3611 5170; x_wconf 90' lang='lat' dir='ltr'><strong>nihil</strong></span> <span class='ocrx_word' id='word_1_809' title='bbox 3645 5117 3754 5168; x_wconf 87' lang='grc'><strong>1111-</strong></span> 
     </span>
    </p>
   </div>
   <div class='ocr_carea' id='block_1_115' title="bbox 2155 5206 3752 5278">
    <p class='ocr_par' dir='ltr' id='par_1_115' title="bbox 2155 5206 3752 5278">
     <span class='ocr_line' id='line_1_115' title="bbox 2155 5206 3752 5278; baseline -0.001 -15"><span class='ocrx_word' id='word_1_810' title='bbox 2155 5207 2283 5263; x_wconf 91' lang='lat' dir='ltr'><strong>bere</strong></span> <span class='ocrx_word' id='word_1_811' title='bbox 2328 5207 2468 5277; x_wconf 92' lang='lat' dir='ltr'><strong>quod</strong></span> <span class='ocrx_word' id='word_1_812' title='bbox 2499 5207 2758 5272; x_wconf 82' lang='lat' dir='ltr'><strong>dicerent,</strong></span> <span class='ocrx_word' id='word_1_813' title='bbox 2808 5206 2946 5261; x_wconf 89' lang='lat' dir='ltr'><strong>sicut</strong></span> <span class='ocrx_word' id='word_1_814' title='bbox 2989 5222 3075 5261; x_wconf 88' lang='lat' dir='ltr'><strong>res</strong></span> <span class='ocrx_word' id='word_1_815' title='bbox 3117 5207 3229 5276; x_wconf 86' lang='lat' dir='ltr'><strong>ipsa</strong></span> <span class='ocrx_word' id='word_1_816' title='bbox 3271 5207 3349 5260; x_wconf 90' lang='lat' dir='ltr'><strong>vel</strong></span> <span class='ocrx_word' id='word_1_817' title='bbox 3394 5221 3519 5261; x_wconf 77' lang='lat' dir='ltr'><strong>sero</strong></span> <span class='ocrx_word' id='word_1_818' title='bbox 3557 5221 3752 5278; x_wconf 88' lang='lat' dir='ltr'><strong>postea</strong></span> 
     </span>
    </p>
   </div>
   <div class='ocr_carea' id='block_1_116' title="bbox 2156 5298 3752 5370">
    <p class='ocr_par' dir='ltr' id='par_1_116' title="bbox 2156 5298 3752 5370">
     <span class='ocr_line' id='line_1_116' title="bbox 2156 5298 3752 5370; baseline 0.001 -18"><span class='ocrx_word' id='word_1_819' title='bbox 2156 5299 2422 5370; x_wconf 84' lang='lat' dir='ltr'><strong>patefecit,</strong></span> <span class='ocrx_word' id='word_1_820' title='bbox 2475 5298 2782 5368; x_wconf 87' lang='lat' dir='ltr'><strong>plenissime</strong></span> <span class='ocrx_word' id='word_1_821' title='bbox 2826 5299 3066 5354; x_wconf 88' lang='lat' dir='ltr'><strong>sciebant</strong></span> <span class='ocrx_word' id='word_1_822' title='bbox 3109 5318 3122 5353; x_wconf 91' lang='lat'>:</span> <span class='ocrx_word' id='word_1_823' title='bbox 3167 5299 3267 5354; x_wconf 90' lang='lat' dir='ltr'><strong>hoc</strong></span> <span class='ocrx_word' id='word_1_824' title='bbox 3317 5315 3444 5369; x_wconf 73' lang='lat' dir='ltr'><strong>ergo</strong></span> <span class='ocrx_word' id='word_1_825' title='bbox 3499 5299 3752 5356; x_wconf 86' lang='lat' dir='ltr'><strong>videntes</strong></span> 
     </span>
    </p>
   </div>
   <div class='ocr_carea' id='block_1_117' title="bbox 2153 5391 3750 5470">
    <p class='ocr_par' dir='ltr' id='par_1_117' title="bbox 2153 5391 3750 5470">
     <span class='ocr_line' id='line_1_117' title="bbox 2153 5391 3750 5470; baseline -0.001 -24"><span class='ocrx_word' id='word_1_826' title='bbox 2153 5392 2433 5453; x_wconf 82' lang='lat' dir='ltr'><strong>Catholici,</strong></span> <span class='ocrx_word' id='word_1_827' title='bbox 2477 5391 2761 5446; x_wconf 88' lang='lat' dir='ltr'><strong>noluerunt</strong></span> <span class='ocrx_word' id='word_1_828' title='bbox 2789 5407 3078 5470; x_wconf 82' lang='lat' dir='ltr'><strong>personam</strong></span> <span class='ocrx_word' id='word_1_829' title='bbox 3116 5392 3390 5461; x_wconf 83' lang='lat' dir='ltr'><strong>suscipere</strong></span> <span class='ocrx_word' id='word_1_830' title='bbox 3429 5393 3750 5460; x_wconf 86' lang='lat' dir='ltr'><strong>petitorum,</strong></span> 
     </span>
    </p>
   </div>
   <div class='ocr_carea' id='block_1_118' title="bbox 2155 5481 3753 5551">
    <p class='ocr_par' dir='ltr' id='par_1_118' title="bbox 2155 5481 3753 5551">
     <span class='ocr_line' id='line_1_118' title="bbox 2155 5481 3753 5551; baseline -0.001 -13"><span class='ocrx_word' id='word_1_831' title='bbox 2155 5493 2456 5538; x_wconf 71' lang='lat' dir='ltr'><strong>asserentes</strong></span> <span class='ocrx_word' id='word_1_832' title='bbox 2495 5497 2602 5536; x_wconf 90' lang='lat' dir='ltr'><strong>non</strong></span> <span class='ocrx_word' id='word_1_833' title='bbox 2646 5499 2703 5536; x_wconf 90' lang='lat' dir='ltr'><strong>se</strong></span> <span class='ocrx_word' id='word_1_834' title='bbox 2731 5483 2964 5551; x_wconf 84' lang='lat' dir='ltr'><strong>objicere</strong></span> <span class='ocrx_word' id='word_1_835' title='bbox 2993 5483 3234 5547; x_wconf 80' lang='lat' dir='ltr'><strong>erimina,</strong></span> <span class='ocrx_word' id='word_1_836' title='bbox 3265 5481 3356 5536; x_wconf 62' lang='lat' dir='ltr'><strong>Sed</strong></span> <span class='ocrx_word' id='word_1_837' title='bbox 3403 5482 3612 5551; x_wconf 83' lang='lat' dir='ltr'><strong>objecta</strong></span> <span class='ocrx_word' id='word_1_838' title='bbox 3647 5483 3753 5537; x_wconf 83' lang='lat' dir='ltr'><strong>de-</strong></span> 
     </span>
    </p>
   </div>
   <div class='ocr_carea' id='block_1_119' title="bbox 2155 5575 3755 5644">
    <p class='ocr_par' dir='ltr' id='par_1_119' title="bbox 2155 5575 3755 5644">
     <span class='ocr_line' id='line_1_119' title="bbox 2155 5575 3755 5644; baseline -0.003 -12"><span class='ocrx_word' id='word_1_839' title='bbox 2155 5577 2399 5641; x_wconf 84' lang='lat' dir='ltr'><strong>fendere;</strong></span> <span class='ocrx_word' id='word_1_840' title='bbox 2426 5593 2541 5644; x_wconf 72' lang='lat' dir='ltr'><strong>qua:</strong></span> <span class='ocrx_word' id='word_1_841' title='bbox 2567 5593 2684 5631; x_wconf 90' lang='lat' dir='ltr'><strong>cmn</strong></span> <span class='ocrx_word' id='word_1_842' title='bbox 2715 5575 3097 5639; x_wconf 69' lang='lat' dir='ltr'><strong>defendissent,</strong></span> <span class='ocrx_word' id='word_1_843' title='bbox 3130 5587 3178 5629; x_wconf 87' lang='lat' dir='ltr'><strong>et</strong></span> <span class='ocrx_word' id='word_1_844' title='bbox 3212 5575 3337 5629; x_wconf 87' lang='lat' dir='ltr'><strong>falsa</strong></span> <span class='ocrx_word' id='word_1_845' title='bbox 3366 5590 3487 5630; x_wconf 87' lang='lat' dir='ltr'><strong>esse</strong></span> <span class='ocrx_word' id='word_1_846' title='bbox 3518 5575 3755 5630; x_wconf 78' lang='lat' dir='ltr'><strong>demou-</strong></span> 
     </span>
    </p>
   </div>
   <div class='ocr_carea' id='block_1_120' title="bbox 2219 5726 3198 5794">
    <p class='ocr_par' dir='ltr' id='par_1_120' title="bbox 2219 5726 3198 5794">
     <span class='ocr_line' id='line_1_120' title="bbox 2219 5726 3198 5794; baseline -0.005 -14"><span class='ocrx_word' id='word_1_847' title='bbox 2219 5730 2290 5794; x_wconf 84' lang='lat' dir='ltr'><strong>(a)</strong></span> <span class='ocrx_word' id='word_1_848' title='bbox 2324 5727 2491 5778; x_wconf 74' lang='lat' dir='ltr'><strong>Confer</strong></span> <span class='ocrx_word' id='word_1_849' title='bbox 2519 5730 2761 5793; x_wconf 72' lang='lat' dir='ltr'><strong>Augustini</strong></span> <span class='ocrx_word' id='word_1_850' title='bbox 2791 5731 2929 5791; x_wconf 69' lang='lat' dir='ltr'><strong>epist.</strong></span> <span class='ocrx_word' id='word_1_851' title='bbox 2949 5728 3026 5787; x_wconf 80' lang='lat'><strong>95,</strong></span> <span class='ocrx_word' id='word_1_852' title='bbox 3049 5741 3095 5775; x_wconf 89' lang='grc'><strong>11.</strong></span> <span class='ocrx_word' id='word_1_853' title='bbox 3123 5726 3198 5776; x_wconf 75' lang='lat'><strong>&#39;23.</strong></span> 
     </span>
    </p>
   </div>
  </div>
