4024 6194
429 372 527 425 δ’ἳἹ

428 488 479 539 in
505 497 741 544 causam,
773 492 825 538 et
849 480 912 535 ad
944 495 1116 535 causa:
1146 478 1352 535 interna
1393 478 1787 534 deducerentur
1813 492 1824 526 :
1856 466 1995 539 quod

428 577 606 642 utique
649 584 834 641 optare
865 571 1144 639 deberent,
1176 572 1219 626 si
1251 588 1353 625 non
1398 572 1465 625 de
1508 570 1753 624 inanibus
1795 578 1850 623 et
1890 585 2007 621 mo-

428 666 636 720 ratoriis
667 664 1170 734 prtescriptimtibas,
1221 665 1313 719 sed
1359 664 1425 720 de
1457 664 1622 735 ipsius
1665 679 1840 718 causa:
1873 663 2007 716 reri-

426 767 531 810 tale
555 754 903 811 conﬁderent.

493 845 720 903 CAPUT
747 844 828 900 Vl.
854 877 922 886 ——-
947 848 1002 901 7.
1030 847 1222 901 Contra
1250 863 1378 916 ergo
1405 846 1664 900 Catholici
1693 862 1813 898 eum
1843 845 2004 900 vehe-

425 948 976 995 menter'cmtareotur
998 983 1012 1007 ,
1042 951 1094 994 ut
1118 942 1185 995 ad
1216 957 1431 996 causam
1456 942 1847 1010 perveniretur,
1903 957 2009 1009 quo

428 1047 519 1085 eos
542 1046 757 1101 prorsus
788 1032 930 1087 nolle
960 1034 1235 1101 pervenire
1264 1033 1570 1095 cernebant,
1612 1031 2006 1101 respotnlebant

431 1132 601 1176 tamen
649 1124 838 1177 iterum
865 1135 1023 1195 atque
1055 1126 1242 1178 iretum
1280 1124 1480 1176 eisdem
1513 1123 1641 1191 ipsis
1673 1139 1788 1192 qtuu
1820 1124 1890 1176 illi
1922 1132 2003 1176 to-

431 1214 526 1265 ties
550 1213 657 1281 jam
692 1223 951 1268 transacta
984 1216 1312 1283 repetebant.
1345 1215 1409 1267 Et
1437 1214 1687 1283 quoniam
1719 1214 1822 1266 duo
1857 1225 2010 1268 erant

426 1321 543 1373 qua:
570 1306 620 1357 in
652 1307 883 1359 medium
916 1317 1168 1360 venerant
1189 1350 1201 1365 .
1236 1325 1395 1359 unum
1424 1308 1489 1359 de
1516 1308 1748 1361 editione
1776 1307 2007 1361 mandati

427 1399 565 1467 quod
610 1401 793 1470 legatis
825 1401 1115 1470 injunctum
1155 1413 1269 1465 cst,
1316 1402 1540 1455 alterum
1589 1413 1762 1455 utrum
1817 1400 2012 1454 divinis

427 1491 763 1555 tcSIimoniis,
786 1495 1030 1562 angustis
1055 1494 1276 1561 publicis
1298 1493 1555 1547 Catholici
1573 1510 1729 1562 agere
1752 1495 2011 1557 mallent;

428 1582 492 1634 de
523 1583 753 1635 mandati
783 1584 925 1636 iilius
951 1584 1183 1638 editione
1212 1596 1263 1638 et
1285 1587 1541 1640 Catholici
1578 1587 2007 1655 responderant,

429 1688 533 1725 non
564 1672 628 1725 ad
662 1688 782 1737 eos,
841 1691 1011 1743 neque
1057 1676 1121 1729 ad
1172 1688 1488 1745 praesentem
1534 1693 1750 1731 causam
1794 1680 2015 1732 omnino

429 1763 730 1831 pertinere;
759 1776 811 1818 et
840 1766 950 1833 ipse
979 1765 1232 1835 Cognitor
1254 1808 1267 1831 ,
1298 1767 1437 1835 quod
1467 1768 1662 1836 smpius
1703 1770 2012 1837 pronuntia-

430 1866 613 1917 verat,
655 1857 842 1911 iterum
876 1859 1271 1926 pronuntiavit,
1305 1861 1595 1927 legatorum
1649 1876 1926 1928 personam
1957 1869 2015 1913 et

430 1946 733 1999 nntndatum
775 1950 912 2016 quod
958 1960 1309 2017 susceperunt
1352 1952 1569 2003 omnino
1599 1968 1656 2005 se
1701 1968 1803 2004 non
1854 1966 2012 2020 posse

428 2036 726 2100 discutere,
757 2047 808 2091 ct
839 2040 904 2092 ab
933 2054 996 2091 eo
1022 2040 1161 2108 quod
1206 2042 1305 2093 sibi
1338 2041 1625 2108 injunctnm
1674 2052 1753 2095 est
1786 2058 1891 2095 non
1919 2042 2014 2095 de-

432 2127 555 2180 bere
584 2127 898 2183 discedere:
945 2131 1369 2199 quandoquidem
1403 2133 1532 2185 satis
1573 2131 1864 2201 apparebat
1908 2133 2009 2185 im-

433 2216 717 2283 perialibus
766 2219 956 2272 litteris
1007 2221 1197 2289 quibus
1241 2222 1403 2289 judt-x
1436 2222 1557 2277 huic
1613 2238 1787 2278 causa:
1842 2223 2013 2278 fuerat

428 2308 780 2376 constitutus,
815 2308 1161 2365 Collationem
1200 2312 1267 2365 ab
1308 2312 1632 2380 ltttpemtore
1677 2330 2007 2369 concessam.

430 2400 504 2453 De
544 2401 634 2455 illo
669 2410 841 2456 autem
874 2404 1078 2469 altero,
1112 2405 1197 2457 ubi
1229 2407 1537 2475 quanehaut
1581 2408 1705 2476 quid
1747 2409 2004 2477 eligerent

427 2490 721 2556 Catholici,
754 2503 927 2546 ntrtun
973 2495 1147 2548 dixina
1181 2496 1530 2564 documenta,
1589 2514 1653 2551 an
1706 2508 1854 2568 gesta
1905 2516 2001 2569 pu-

432 2582 563 2634 blica
591 2598 604 2645 ;
636 2584 827 2652 stipitis
855 2582 1114 2638 Catholici
1162 2587 1580 2654 responderunt,
1632 2590 1674 2643 si
1723 2590 2011 2645 Donatista:

434 2669 703 2722 hominum
736 2672 955 2726 crimina
992 2690 1093 2725 non
1119 2675 1445 2742 objicercut,
1474 2695 1591 2746 qua:
1614 2681 1755 2733 velut
1789 2681 2010 2735 tradito-

429 2759 572 2811 ribus
594 2762 1250 2831 obiicereetnisueverunt,
1278 2768 1369 2821 sed
1396 2772 1758 2825 tantummodo
1790 2773 1840 2826 id
1868 2790 2014 2843 quie-

429 2859 635 2902 rerctur
656 2894 668 2912 ,
694 2868 810 2922 qua)
832 2895 845 2917 ,
878 2856 957 2908 vel
989 2857 1073 2909 uii
1099 2869 1238 2912 esset
1270 2858 1528 2925 Ecclesia,
1558 2861 1685 2915 nihil
1716 2879 1773 2917 se
1801 2876 2012 2918 acturos

433 2942 656 3007 publicis
683 2945 877 3013 gestis,
909 2946 1409 3017 SCtlScriptttt'at'ttzu
1443 2951 1739 3006 divinarum
1775 2965 2010 3009 tantum-

430 3032 587 3087 modo
622 3036 938 3089 testimoniis
969 3056 981 3090 :
1012 3038 1054 3091 si
1077 3049 1251 3093 autem
1292 3042 1343 3094 in
1375 3043 1458 3095 illa
1493 3043 1763 3099 hominum
1794 3061 2012 3101 accusa-

433 3121 577 3176 tione
605 3132 655 3175 et
687 3125 1058 3182 criminatione
1106 3130 1451 3197 persisterent
1476 3172 1490 3196 ,
1533 3136 1651 3202 quia
1679 3146 1730 3188 et
1782 3137 1879 3204 ipsi
1911 3139 2009 3192 ista

431 3211 530 3264 nisi
583 3213 772 3267 talibus
817 3218 980 3287 gestis
1010 3218 1377 3274 demonstrare
1433 3238 1536 3277 u0n
1593 3238 1842 3293 ιιοεςριιι,
1896 3234 2011 3285 s'ne

429 3304 588 3358 dubio
620 3316 673 3360 et
698 3307 1002 3363 Cathelieos
1031 3310 1328 3381 lnijusntzidi
1358 3316 1576 3369 erimina
1600 3320 1761 3385 gestis
1790 3338 1800 3387 ί
1826 3320 2012 3373 ublicis

430 3394 777 3465 defensuros;
815 3400 971 3455 aliter
1002 3403 1142 3456 enim
1175 3405 1270 3457 ista
1308 3421 1405 3458 nec
1440 3407 1675 3460 accusari
1716 3420 1956 3477 poterant
1993 3453 2007 3475 ,

430 3501 527 3538 nec
558 3487 604 3537 th
628 3486 786 3541 fendi.
821 3490 944 3544 lltcc
969 3492 1047 3546 eis
1067 3494 1261 3561 smpius
1278 3504 1327 3547 ct
1357 3510 1383 3546 a
1404 3494 1691 3551 Catholicis
1719 3508 1772 3551 et
1799 3498 1867 3551 ab
1894 3500 2011 3566 ipso

430 3574 717 3643 Cognitore
760 3579 981 3645 repetita
1013 3590 1063 3633 ct
1096 3582 1352 3636 inculcata
1380 3595 1503 3637 sunt
1524 3627 1537 3651 ,
1570 3587 1746 3639 multis
1774 3598 1827 3642 et
1853 3590 2011 3644 variis

431 3665 600 3718 modis
622 3667 900 3722 multarum
922 3674 1350 3739 prosecutionum
1372 3675 1474 3729 illis
1489 3675 1553 3729 ad
1576 3677 1760 3733 eadem
1785 3680 2012 3735 redeun-

433 3756 569 3809 tibus
589 3796 602 3821 ,
631 3765 683 3808 et
712 3759 894 3812 eadem
937 3764 1297 3833 repetentibus
1319 3808 1332 3829 ,
1366 3784 1431 3821 ne
1457 3779 1706 3837 ageretur
1732 3787 1888 3826 caiisa
1910 3816 1924 3841 ,
1958 3784 2009 3829 et

432 3861 496 3899 ne
516 3856 661 3916 gesta
695 3849 995 3917 legerentur
1025 3869 1143 3923 qua:
1164 3854 1273 3923 jam
1304 3857 1353 3909 in
1395 3859 1639 3914 manibus
1662 3878 1783 3917 esse
1828 3879 2012 3918 cerne-

432 3939 575 3990 hant.
604 3937 706 3993 Sed
732 3941 1013 4011 aliquando
1044 3944 1163 3998 vicit
1197 3946 1451 4017 Cognitor
1498 3960 1601 4003 tam
1640 3952 1819 4020 longas
1850 3954 2015 4009 obsti-

433 4029 693 4097 uationes,
712 4041 765 4085 et
787 4032 948 4101 jussit
971 4037 1178 4090 recitari
1199 4053 1317 4106 qua:
1339 4055 1369 4092 a
1393 4039 1683 4096 Catholieis
1707 4045 1826 4098 data
1853 4058 2010 4113 sunt;

430 4130 485 4174 et
508 4124 665 4191 tmpit
691 4125 897 4178 tandem
927 4128 1007 4197 agi
1032 4144 1208 4195 causa,
1244 4140 1462 4202 propter
1491 4149 1646 4202 quam
1674 4146 1747 4190 tot
1775 4139 2012 4210 episc0pi

433 4214 598 4281 partis
628 4215 903 4285 utriusque
935 4233 1312 4275 convenerant.
1357 4224 1507 4289 Quod
1551 4228 1861 4286 mirabiliter
1903 4231 2016 4288 fac-

435 4318 542 4357 tnm
572 4317 649 4359 est
670 4347 683 4369 ,
714 4318 769 4360 ut
797 4324 913 4363 cum
966 4313 1248 4369 Donatistae
1281 4324 1556 4384 propterea
1589 4334 1891 4389 quairerent
1922 4342 2015 4394 pe-

435 4399 604 4451 titoris
648 4415 928 4467 personam
973 4420 1038 4459 ne
1091 4409 1455 4475 perveniretur
1496 4413 1560 4467 ad
1600 4430 1844 4480 causam,
1902 4420 2015 4488 ipsa

434 4490 703 4559 inquisitio
755 4497 997 4562 petitoris
1040 4500 1216 4554 Subito
1247 4503 1296 4555 in
1351 4506 1583 4561 medium
1628 4509 1865 4565 mitteret
1894 4528 2016 4567 cau-

432 4596 567 4636 82ῐῖ1.

504 4673 728 4731 CAPUT
764 4676 867 4733 \‘ll.
896 4712 966 4720 -—
993 4682 1044 4737 8.
1075 4684 1257 4740 Tertio
1282 4702 1411 4758 ergo
1438 4690 1556 4746 loco
1577 4693 1691 4749 lucc
1714 4707 1830 4751 aeta
1866 4708 2013 4753 sunt.

435 4763 592 4819 Lecta
624 4778 705 4821 est
735 4770 920 4834 relatio
943 4775 1153 4829 Auulini
1186 4781 1515 4845 proconsulis
1540 4783 1605 4836 ad
1637 4784 2014 4853 imperatorem

391 4860 393 4863 ’
435 4856 883 4916 Constantinum:
933 4881 1090 4934 quam
1141 4871 1502 4937 qumrcntibus
1550 4874 1838 4934 Donatistis
1877 4880 2018 4936 unde

437 4951 635 5017 prolata
654 4951 754 5012 sit;
783 4954 1039 5010 Catholici
1068 4960 1457 5027 responderunt
1487 4965 1535 5017 in
1554 4966 1769 5021 arebivo
1790 4986 2017 5038 procon-

435 5040 585 5101 solis,
610 5042 651 5094 si
681 5040 1003 5104 dubitarent.
1022 5063 1141 5102 esse
1161 5053 1524 5119 qumrcndum.
1558 5055 1611 5108 In
1635 5074 1733 5127 qua
1760 5062 2017 5118 relatione

437 5133 835 5190 evidentissime
860 5139 1193 5205 eontiuetur,
1244 5143 1387 5212 ipsus
1417 5147 1660 5213 primitus
1690 5149 1754 5203 ad
1786 5152 2012 5220 impera-

434 5237 604 5283 torem
630 5228 1029 5285 Constantinum
1062 5249 1156 5303 per
1182 5248 1531 5292 memoratum
1562 5245 1930 5307 proconsulem
1954 5262 2013 5300 ea

433 5336 549 5383 qua:
565 5319 850 5376 Caeciliano
876 5324 1096 5378 crimina
1116 5325 1438 5396 objiciebant
1467 5334 1767 5389 accusando
1786 5337 2012 5392 misisse.

433 5410 546 5474 Qua
572 5412 802 5481 perlecta
834 5414 1117 5470 Donatista:
1143 5434 1385 5487 quierch
1411 5435 1707 5492 cmperuut,
1733 5444 1888 5496 quem
1913 5432 2014 5486 sibi

433 5498 686 5556 Catholici
718 5503 954 5560 dicerent
996 5519 1218 5575 patrem.
1261 5510 1463 5577 Quibus
1499 5530 1620 5567 emn
1662 5517 1728 5569 ab
1757 5519 1834 5574 eis
1873 5532 2016 5576 esset

435 5605 747 5659 responsum
770 5598 1060 5652 secundum
1093 5600 1432 5671 Evangelium
1457 5646 1470 5666 ,
1505 5606 1589 5659 ubi
1622 5608 1878 5676 scriptum
1907 5624 2008 5678 est,

438 5678 517 5733 Ne
543 5685 674 5735 vobis
701 5687 876 5741 diuitis
906 5703 1097 5757 patrem
1127 5693 1179 5745 in
1211 5703 1378 5759 terra;
1407 5714 1535 5749 unus
1584 5710 1655 5751 est
1701 5704 1831 5755 enim
1873 5718 2012 5772 pater

435 5777 586 5826 ri“:th
621 5771 752 5825 Deus
775 5778 977 5847 (Matth.
1012 5798 1137 5837 mn
1162 5826 1176 5850 ,
1201 5782 1256 5855 9)
1293 5804 1303 5836 :
1337 5790 1495 5842 etiam
1533 5788 1631 5843 hoc
1660 5792 1839 5851 auditu
1871 5771 2008 5853 nihi-

1647 359 1703 415 S.
1747 350 2113 412 .Alitii‘STiXi
2160 351 2458 408 lil‘lSiIOl‘l

3608 357 3713 415 613

2126 466 2353 522 ltnniuus
2406 484 2645 537 qua‘rere
2691 478 2999 539 cmperunt,
3034 479 3208 523 utrum
3257 470 3335 523 eis
3390 470 3712 530 Cmciiizititts

2122 570 2266 627 pater
2297 569 2468 625 esset,
2501 575 2566 613 an
2600 569 2791 614 mater.
2819 560 3077 631 Cumjam
3108 561 3307 616 dictum
3335 560 3529 619 fuisset
3554 582 3581 617 a
3603 566 3695 619 Ca-

2120 650 2361 717 tholieis,
2398 666 2495 705 nec
2526 661 2728 719 patrem
2757 652 2856 706 sibi
2886 668 3005 706 eum
3036 668 3154 707 esse
3187 668 3285 708 nec
3316 665 3576 715 matrem;
3610 656 3709 712 sed.

2119 743 2369 807 fratrem,
2401 745 2444 799 si
2458 760 2517 798 ve
2546 745 2740 797 bonum
2763 785 2777 807 ,
2809 744 2852 798 si
2886 744 3058 799 bonus
3082 756 3250 809 esset,
3272 748 3388 824 ’sive
3411 748 3632 810 malum,
3668 752 3711 804 si

2119 835 2286 889 malos
2313 845 2488 900 esset,
2520 837 2640 904 quia
2666 844 2717 889 et
2746 835 2917 889 malus
2947 848 3163 905 prapter
3188 836 3529 894 Sacramenta
3561 856 3713 893 eom-

2120 927 2296 979 munia
2340 926 2508 982 frater
2535 940 2676 982 esset
2710 946 2722 982 :
2770 929 2892 983 hinc
2918 929 3193 999 aliquanto
3221 930 3418 986 diutius
3446 933 3717 988 conflixe-

2118 1030 2268 1085 runt,
2303 1019 2594 1073 Donatistis
2644 1021 2829 1074 eadem
2874 1024 3273 1089 repetentibus,
3315 1036 3368 1079 et
3415 1025 3714 1083 Catholicis

2116 1109 2301 1163 eadem
2332 1110 2794 1177 respondentibus.
2825 1112 2957 1166 Nam
2984 1125 3037 1167 ct
3064 1114 3161 1169 hoc
3192 1116 3502 1184 obiecerunt.
3531 1120 3707 1172 Dona-

2118 1201 2253 1254 tista!
2276 1243 2291 1265 ,
2319 1200 2585 1269 quomodo
2611 1201 2816 1257 diceret
2847 1205 3160 1272 Apostolus,
3201 1205 3265 1258 Et
3302 1208 3345 1258 si
3375 1209 3558 1263 ιιιιιιιίιι
3601 1226 3703 1279 ρων

2117 1290 2338 1360 dagogas
2360 1292 2550 1346 habetis
2575 1294 2625 1347 in
2646 1293 2845 1347 Christo
2864 1335 2878 1359 ,
2906 1294 2996 1347 sed
3042 1313 3143 1348 non
3178 1298 3362 1351 utullus
3401 1308 3568 1367 patres
3591 1317 3610 1352 :
3657 1302 3711 1355 in

2119 1368 2316 1435 Christo
2343 1384 2473 1435 enim
2492 1384 2616 1435 ,Ιρειι
2639 1402 2726 1451 per
2749 1383 3084 1456 Evangelia»:
3106 1404 3194 1455 ego
3225 1405 3309 1443 ros
3339 1390 3491 1459 genui
3515 1390 3557 1461 (1
3585 1392 3709 1447 Cor.

2120 1488 2169 1524 tv
2190 1513 2202 1536 ,
2233 1473 2337 1541 ιδ).
2364 1475 2427 1527 Et
2456 1490 2648 1543 respzzn
2684 1491 2770 1529 um
2800 1488 2879 1530 est
2902 1494 2931 1531 a
2962 1476 3285 1545 Catholicis,
3316 1479 3415 1535 hoc
3443 1481 3712 1536 llOttOt'iﬁ-

2116 1565 2304 1619 cernite
2334 1580 2493 1619 causa
2519 1567 2716 1620 dictum
2738 1575 2953 1635 pro-pter
2970 1570 3334 1636 evangelicum
3352 1571 3711 1628 ministerium

2116 1655 2255 1724 quod
2294 1655 2635 1725 dispt-nSubat
2675 1659 2983 1727 Apostolus.
3018 1659 3148 1713 Nam
3190 1670 3395 1729 patrem
3436 1662 3504 1717 ad
3547 1664 3713 1720 ﬁdem

2116 1749 2448 1818 Salutemque
2469 1760 2727 1803 aeternam
2751 1766 2855 1804 non
2876 1767 2995 1805 esse
3023 1753 3121 1804 nisi
3144 1754 3327 1806 Deum.
3355 1754 3538 1824 Neque
3563 1757 3712 1811 enim

2119 1850 2298 1908 possm
2324 1840 2646 1895 Contrarium
2696 1840 2910 1895 Christo
2940 1842 3228 1910 Apostolus
3272 1844 3452 1914 loqui,
3501 1856 3559 1899 ut
3586 1862 3712 1901 cuzn

2118 1931 2204 1985 ille
2219 1930 2439 1993 diceret,
2468 1930 2547 1983 Ne
2572 1930 2702 1986 vobis
2729 1930 2911 1984 dicatis
2933 1943 3127 2000 patrem
3153 1934 3201 1986 in
3226 1944 3392 1999 terra;
3420 1953 3551 1991 unus
3576 1938 3714 1991 enim

2119 2032 2259 2089 pater
2288 2033 2444 2074 vester
2475 2021 2610 2075 Dens
2636 2040 2653 2086 ;
2676 2032 2862 2076 contra
2891 2023 3173 2091 Apostolus
3196 2064 3210 2087 ,
3248 2035 3497 2094 tanquam
3540 2028 3710 2081 resis-

2119 2121 2234 2165 tens
2265 2112 2438 2164 verbis
2464 2112 2693 2177 Christi,
2718 2122 2924 2182 patrem
2952 2128 3009 2166 se
3026 2113 3231 2167 diceret
3261 2131 3445 2169 eorum
3471 2159 3488 2181 ,
3517 2118 3712 2185 quibus

2117 2203 2522 2256 ammntiavcrat
2550 2204 2892 2272 Evangelium
2921 2222 2932 2258 :
2968 2203 3067 2257 nisi
3100 2212 3245 2258 esset
3288 2205 3470 2275 utique
3514 2207 3711 2261 distin-

2116 2294 2382 2363 guendum
2405 2335 2418 2359 ,
2451 2294 2574 2363 quid
2603 2295 2796 2349 divina:
2836 2295 3021 2366 gratia:
3042 2337 3055 2360 ,
3089 2295 3212 2365 quid
3249 2298 3492 2353 humana:
3534 2298 3711 2355 bono-

2120 2386 2392 2441 ritieontize
2422 2402 2578 2441 causa
2607 2387 2899 2443 diceretur.
3318 2392 3321 2393 ⁷

2189 2482 2243 2535 9.
2272 2481 2604 2546 Quaesierunt
2635 2482 2953 2552 etiani,quis
2970 2484 3295 2539 ordinaverit
3324 2487 3705 2556 Augustinum,
3739 2530 3758 2551 .

2121 2574 2300 2627 nescio
2330 2590 2495 2643 quas,
2526 2576 2661 2629 sicut
2684 2576 3018 2645 jactabatur,
3052 2580 3347 2633 calumnias
3393 2597 3709 2651 pra-paran-

2122 2676 2216 2719 tes.
2245 2666 2342 2722 Ubi
2368 2684 2487 2721 eum
2519 2670 2597 2721 eis
2625 2670 2887 2738 intrepido
2928 2672 3307 2738 responderet,
3338 2690 3364 2724 ιι
3397 2674 3620 2743 Megalia
3645 2691 3711 2730 sc

2123 2760 2445 2825 mdiuatum,
2467 2760 2555 2828 qui
2582 2772 2701 2813 tunc
2728 2760 2885 2814 fuerit
2905 2779 3098 2829 punias
3127 2764 3496 2834 Elii$('();‘tttl‘tltll
3529 2767 3580 2821 in
3605 2767 3709 2821 Nu-

2118 2850 2274 2902 midia
2307 2850 2558 2904 Ecclesia:
2596 2850 2900 2917 catholLee;
2946 2863 2997 2905 et
3042 2864 3253 2922 urgeret
3302 2857 3598 2925 instanter,
3646 2868 3711 2914 ut

2112 2942 2221 3009 jam
2256 2942 2553 3010 proferrent
2583 2960 2700 3013 qua:
2738 2956 3201 3013 prteparaverout,
3232 2958 3287 2999 ut
3315 2948 3385 3002 ibi
3418 2950 3575 3003 etiam
3608 2967 3706 3004 ea-

2118 3033 2364 3087 lumniosi
2395 3033 2884 3089 demonstrat-eatur
2919 3054 2931 3090 :
2966 3037 3037 3089 illi
3069 3037 3420 3093 intentionem
3465 3041 3515 3094 in
3558 3042 3707 3097 aliud

2116 3122 2451 3177 detur-serunt
2475 3166 2488 3188 ,
2521 3124 2805 3180 redeuntes
2823 3126 2888 3179 ad
2914 3127 3175 3182 Caeciliani
3207 3146 3512 3198 personam,
3544 3148 3709 3200 quam

2117 3214 2361 3267 dicebant
2389 3215 2661 3275 catholicae
2690 3216 2763 3286 (α)
2811 3218 3059 3273 Ecclesia:
3100 3237 3203 3274 non
3231 3222 3455 3285 obesse,
3491 3224 3706 3278 etiamsi

2119 3320 2238 3357 vera
2264 3306 2619 3373 ejuserimina
2641 3319 3093 3375 monstrarentur;
3128 3322 3180 3364 et
3212 3323 3385 3367 tamen
3411 3315 3571 3367 etiam
3594 3318 3709 3384 ipsa

2121 3412 2223 3447 non
2258 3411 2411 3464 posse
2440 3414 2562 3450 vera
2594 3401 2903 3454 monstrari.

2186 3484 2412 3541 CAPUT
2448 3487 2577 3541 Vlll.
2605 3519 2674 3527 —
2706 3490 2792 3544 10.
2822 3490 2971 3545 Tunc
2996 3492 3173 3559 itaque
3202 3494 3492 3550 Donatista:
3520 3506 3707 3565 protu-

2118 3576 2294 3629 lerunt
2322 3578 2549 3643 litteras,
2581 3594 2711 3648 quas
2732 3582 2798 3636 ab
2821 3584 3068 3638 universo
3097 3586 3322 3639 concilio
3349 3603 3446 3640 suo
3472 3603 3531 3643 se
3551 3604 3707 3642 acce-

2119 3671 2258 3738 pisse
2306 3670 2554 3726 dicebant
2601 3672 2706 3747 (ὁ),
2739 3675 2931 3745 quibus
2984 3679 3400 3746 responderetur
3453 3682 3707 3735 mandato

2116 3760 2535 3829 Catholieorum,
2563 3764 2707 3833 quod
2740 3766 2911 3835 primo
2937 3766 3026 3822 die
3054 3768 3278 3823 actionis
3306 3770 3477 3824 fuerat
3503 3774 3706 3841 allega-

2122 3862 2228 3904 tum
2254 3870 2268 3916 ;
2297 3862 2353 3907 et
2378 3854 2465 3908 die
2496 3857 2738 3924 sequenti
2783 3866 3069 3929 antequam
3105 3859 3170 3914 ad
3211 3861 3499 3916 secundum
3540 3864 3707 3916 actio-

2120 3959 2241 3998 nem
2258 3944 2343 3998 die
2371 3946 2528 4000 tertio
2566 3946 2836 4001 veniretur
2856 3990 2870 4013 ,
2897 3950 3022 4004 data
3054 3952 3258 4005 notoria
3292 3952 3582 4007 Donatista:
3619 3954 3706 4008 edi

2120 4036 2217 4087 sibi
2250 4048 2603 4105 peposcerant
2623 4080 2637 4103 ,
2663 4049 2719 4093 ut
2746 4040 2987 4095 instructi
3015 4054 3231 4111 possent
3259 4044 3324 4097 ad
3347 4045 3707 4111 coguitiooem

2119 4129 2319 4182 venire.
2358 4129 2417 4182 Et
2449 4129 2671 4185 fortasse
2692 4143 2909 4201 propter
2932 4135 3028 4188 has
3058 4136 3262 4190 litteras
3277 4136 3561 4207 diligenter
3574 4140 3711 4193 seri-

2121 4219 2321 4273 ln-ndas
2351 4221 2507 4275 etiam
2539 4222 2650 4291 ipsa
2704 4226 2935 4279 seeumia
2985 4229 3193 4281 actione
3221 4228 3536 4284 dilationem
3569 4234 3711 4298 reti-

2120 4320 2337 4376 verunt,
2368 4329 2485 4382 qua:
2529 4314 2632 4368 illis
2663 4330 2755 4369 sex
2808 4316 3012 4371 dierum
3068 4334 3319 4374 conoessa
3369 4331 3474 4374 est.
3503 4322 3711 4389 Quarto

2122 4403 2425 4473 itaqueloco
2455 4405 2568 4460 lucc
2589 4415 2701 4460 acta
2732 4417 2853 4462 sunt
2888 4428 2898 4461 :
2935 4410 3081 4464 lcet-.1:
3110 4421 3231 4464 sunt
3258 4428 3415 4479 supra
3438 4413 3594 4469 dicta:
3625 4416 3713 4468 lit-

2125 4504 2251 4549 tera:
2303 4496 2725 4559 Donatistarum,
2768 4500 2958 4567 quibus
3007 4502 3185 4554 conati
3230 4512 3352 4556 sunt
3383 4506 3713 4573 respondete

2123 4586 2373 4640 mandato
2415 4588 2837 4652 Catholiconnn,
2867 4590 3006 4660 quod
3047 4593 3207 4661 gestis
3251 4594 3439 4662 prima:
3480 4596 3713 4650 actionis

2125 4679 2374 4733 insertum
2400 4690 2499 4735 est.
2533 4682 2627 4734 Cui
2650 4682 2898 4737 mandato
2924 4700 3029 4737 non
3060 4699 3155 4738 eos
3192 4686 3428 4753 potuisse
3477 4702 3706 4757 respou-

2123 4771 2249 4825 dere
2283 4772 2513 4826 inveniet
2547 4774 2634 4842 qui
2675 4783 2897 4843 utraque
2941 4774 3119 4844 legere
3150 4784 3204 4829 et.
3249 4776 3592 4831 considerare
3622 4795 3702 4829 vo.

2123 4862 2280 4915 luerit
2309 4880 2321 4914 :
2364 4863 2591 4932 primum
2623 4864 2641 4893 ¹
2666 4906 2680 4926 ,
2727 4864 2848 4930 quia
2883 4866 3185 4918 testimonia
3213 4880 3276 4919 ex
3326 4865 3465 4935 Lege
3494 4878 3548 4921 et
3577 4868 3633 4921 [’2
3649 4884 3701 4919 0-
3742 4923 3755 4934 ,

2125 4953 2293 5021 phetis
2315 4964 2365 5007 et
2389 4954 2612 5007 Psalmis
2651 4962 2703 5008 et
2732 4956 3032 5024 apostolicis
3062 4967 3220 5026 atque
3249 4960 3569 5026 evangciieis
3598 4961 3704 5013 Lit.

2125 5045 2249 5097 teris
2277 5045 2610 5115 deprompta.
2641 5047 2831 5115 quibus
2860 5048 3158 5101 ostenditur
3185 5049 3418 5104 Ecclesia
3447 5051 3646 5125 calin-Ii
3672 5072 3709 5104 ιε

2124 5151 2216 5202 per
2244 5145 2407 5187 totum
2447 5137 2698 5190 tumulum
2729 5137 2946 5192 diffundi
2966 5181 2980 5197 .
3015 5139 3270 5208 incipiens
3290 5142 3357 5194 ab
3385 5140 3708 5202 Jerusalem,

2122 5227 2259 5278 unde
2287 5228 2337 5279 in
2382 5229 2673 5296 propinqua
2705 5239 2755 5282 et
2798 5230 3079 5300 hmginqua
3126 5232 3420 5287 crescendo
3444 5233 3607 5287 etiam
3660 5235 3711 5287 in

2120 5317 2353 5372 Africam
2381 5321 2556 5384 venit,
2590 5329 2645 5376 et
2680 5322 2732 5374 iu
2778 5322 2879 5375 alia
2920 5322 3035 5377 lora
3078 5333 3131 5377 et
3165 5325 3406 5379 civitates
3450 5341 3549 5396 per
3576 5342 3715 5396 quas

2122 5408 2364 5477 primitus
2390 5410 2602 5464 dilatata
2633 5421 2713 5465 est
2735 5453 2749 5477 ,
2784 5413 2833 5466 iu
2890 5414 3080 5483 quibus
3134 5416 3314 5470 multa:
3358 5416 3613 5473 Ecelesim
3646 5421 3711 5472 ad

2182 5561 2197 5591 ¹
2228 5562 2316 5632 _ttie
2352 5562 2668 5623 restitutmus,
2714 5565 2942 5632 primum,
2985 5580 3046 5617 ex
3078 5569 3292 5618 editione
3333 5579 3430 5618 Am.
3477 5584 3565 5632 pro
3612 5583 3700 5632 qut

2117 5623 2240 5693 apud
2270 5631 2378 5671 Lov.
2405 5637 2661 5693 perperam
2684 5623 2999 5693 substituutm
3024 5641 3145 5689 erat,
3168 5634 3444 5693 (temperies.

2200 5683 2581 5755 (optumatium!
2608 5683 3147 5755 legentlumest,quani
3192 5683 3412 5745 ttit‘i'btmt
3456 5695 3688 5748 (γένωμαι

2118 5748 2683 5813 VideI7lemcnt._t:ritie.,
2712 5766 2819 5813 pag.
2846 5748 2979 5800 23L
3015 5748 3076 5803 λι.

2179 5808 2249 5871 (lt)
2276 5816 2463 5859 tixstant
2482 5811 2599 5859 infra
2620 5813 2666 5861 in
2698 5808 2975 5876 (mendice.
