4024 6196
313 515 471 584 ipSam
498 509 706 566 unicam
736 515 1065 580 pertinentes
1084 548 1099 574 ,
1131 503 1424 576 apostolico
1440 501 1624 557 labore
1650 494 1885 554 fundatae.

313 614 459 671 sunt,
494 601 686 674 quibus
714 601 1015 656 Donatistas
1061 613 1167 654 non
1198 594 1595 652 communicare
1626 587 1879 645 manifes-

313 707 416 752 tum
432 704 544 759 est;
578 706 681 749 non
710 693 883 748 solum
916 706 1021 746 non
1047 698 1394 761 pertractare,
1424 685 1518 742 sed
1546 683 1765 739 omnino
1786 694 1885 736 nec

310 788 560 857 attingere
586 784 901 850 voluerunt;
934 797 1033 837 nec
1060 779 1272 852 aliquod
1302 777 1663 835 testimonium
1692 774 1744 829 in
1775 782 1880 829 tam

315 877 506 951 prolixa
531 875 755 946 epistola
781 888 876 930 sua
920 872 1159 944 proferre
1195 872 1310 927 ausi
1336 857 1470 926 sunt
1496 869 1564 925 de
1593 866 1885 953 Scripturis‘

310 969 500 1026 sanctis
518 1010 533 1033 ,
563 983 670 1038 quo
701 977 1004 1023 assererem
1028 964 1323 1021 Ecclesiam
1354 963 1517 1033 partis
1544 959 1733 1015 Donati
1758 972 1879 1014 esse

312 1052 606 1131 prtcdictam
635 1067 689 1114 et
710 1057 1116 1128 pratttuntiatam
1145 1074 1161 1109 :
1199 1055 1337 1111 sicut
1358 1064 1462 1108 tam
1490 1051 1654 1106 multa
1681 1049 1884 1107 Catho-

310 1152 388 1207 lici
417 1151 746 1221 protulerunt
781 1163 878 1219 pro
907 1148 1141 1204 Ecclesia
1181 1147 1266 1202 cui
1293 1144 1724 1209 communicant,
1754 1156 1878 1213 qua:

309 1244 556 1314 incipiens
580 1242 647 1297 ab
668 1241 959 1298 Jerusalem
987 1248 1100 1296 toto
1119 1237 1250 1294 orbe
1273 1236 1600 1293 dill‘unditur.
1632 1234 1739 1290 llas
1753 1249 1882 1305 ergo

308 1343 475 1404 partes
491 1332 916 1389 testimoniorum
940 1339 1203 1386 tantorum
1230 1343 1352 1384 cum
1377 1328 1597 1383 omnino
1623 1342 1729 1382 non
1759 1326 1887 1381 atti-

306 1430 529 1499 gisseut,
560 1425 655 1482 sed
686 1437 933 1497 tanquam
964 1425 1019 1480 in
1046 1425 1137 1480 illo
1166 1423 1415 1480 mandato
1446 1421 1841 1477 Catholicorum
1861 1460 1879 1486 ,

306 1520 382 1575 cui
410 1517 734 1589 respondere
761 1516 1110 1582 videbantur,
1141 1517 1282 1572 dicta
1333 1530 1437 1570 non
1469 1515 1700 1578 fuerint,
1743 1528 1881 1585 prie.

305 1613 582 1677 terissent;
615 1609 745 1665 illud
765 1609 1049 1665 ostendere
1080 1616 1424 1663 tentaverunt
1453 1607 1671 1687 prolatis
1699 1604 1879 1659 multis

306 1701 616 1758 testimoniis
640 1700 942 1756 divinarum
986 1700 1411 1770 Scripturarum,
1458 1696 1598 1767 quod
1647 1695 1881 1750 Ecclesia

304 1794 390 1850 Dei
423 1808 530 1848 non
555 1808 675 1849 cum
697 1791 957 1847 malorum
986 1788 1261 1847 hominum
1291 1788 1669 1847 commixtione
1707 1786 1885 1844 futura

303 1886 547 1955 prmdicta
569 1886 658 1940 sit.
690 1886 758 1940 Et
783 1892 957 1939 tamen
989 1891 1170 1955 postea
1188 1896 1306 1936 cum
1325 1881 1392 1935 ad
1421 1879 1777 1950 evangelicum
1810 1877 1883 1933 si-

300 1977 644 2033 militudinem
693 1975 1003 2041 venissent,
1047 1988 1206 2046 quam
1248 1971 1505 2028 Catholici
1542 1972 1593 2025 iu
1630 1969 1881 2025 mandato

300 2086 394 2127 suo
439 2079 727 2145 posuerant
753 2070 821 2126 de
868 2069 1079 2124 retibus.
1115 2071 1167 2122 in
1215 2082 1361 2121 mare
1412 2065 1632 2132 missis,
1689 2063 1881 2135 quibus

299 2162 605 2234 congregari
643 2162 775 2217 dixit
808 2161 1064 2235 Dominus
1092 2159 1269 2229 omnia
1307 2172 1501 2237 genera
1540 2156 1761 2227 piscium
1783 2200 1799 2224 ,
1828 2165 1884 2211 et

299 2256 461 2310 bonos
486 2270 517 2309 a
547 2255 700 2310 malis
730 2254 782 2308 in
812 2254 991 2308 littore
1010 2295 1026 2320 ,
1056 2252 1161 2307 hoc
1188 2259 1270 2307 est
1295 2251 1347 2304 in
1377 2249 1482 2304 fine
1507 2247 1689 2303 saeculi
1723 2263 1881 2318 sepa-

300 2347 434 2400 rari:
463 2345 627 2419 etiam
657 2345 754 2415 ipsi
784 2344 908 2398 fassi
938 2353 1080 2407 sunt,
1106 2343 1157 2396 in
1181 2341 1416 2407 Ecclesia
1447 2355 1566 2395 esse
1589 2338 1883 2413 permixtos

297 2436 485 2509 saltem»
508 2435 745 2509 occultos
773 2435 960 2489 malos.
979 2433 1190 2499 Zizauia
1208 2446 1339 2486 vero
1364 2432 1504 2486 inter
1525 2431 1757 2486 triticum
1777 2446 1881 2501 non

298 2528 344 2581 in
378 2506 622 2582 Ecclesia
645 2566 659 2591 ,
704 2506 796 2580 sed
822 2510 888 2579 in
931 2526 1047 2594 ipso
1078 2522 1276 2578 mundo
1307 2522 1568 2591 permixta
1595 2521 1880 2587 dixerunt;

296 2620 543 2688 quoniam
588 2616 842 2671 Dominus
877 2617 987 2681 ait,
1032 2616 1162 2686 Ager
1191 2625 1263 2694 est
1294 2601 1376 2668 Iiic
1411 2616 1627 2667 mundus
1659 2612 1877 2687 (.llattlt.

298 2726 389 2765 xm
410 2753 423 2776 ,
455 2707 614 2764 47—50
639 2750 654 2773 ,
685 2707 796 2776 38).
823 2709 895 2762 De
916 2722 1039 2762 area
1068 2722 1197 2763 sane
1221 2749 1236 2774 ,
1269 2706 1352 2761 cui
1387 2708 1591 2777 paleam
1622 2705 1884 2761 Catholici

298 2805 540 2859 dixerant
578 2817 748 2873 usque
777 2801 842 2857 ad
886 2811 1096 2871 tempus
1140 2799 1498 2856 ventilationis
1543 2799 1831 2873 admixtam
1864 2842 1879 2866 ,

299 2904 545 2965 tanquam
568 2892 785 2948 omnino
813 2894 864 2948 in
897 2892 1185 2963 Evangelia
1215 2891 1344 2946 nihil
1374 2892 1477 2965 tale
1501 2892 1754 2962 scriptum
1774 2890 1843 2969 sit
1867 2932 1881 2956 ,

296 3001 353 3039 ex
366 3001 561 3053 ponere
590 2983 992 3039 similitudinem
1015 2984 1166 3037 istam
1188 2997 1287 3038 nec
1304 2982 1480 3037 conati
1502 2982 1713 3054 quidem
1728 2990 1879 3053 sunt;

296 3075 385 3128 sed
414 3075 563 3145 quasi
594 3074 694 3129 hoc
732 3090 761 3128 a
787 3089 845 3129 se
873 3074 1001 3144 ipsis
1029 3073 1291 3130 Catholici
1320 3074 1584 3141 dixerint,
1618 3088 1736 3135 eam
1766 3082 1882 3128 tau-

298 3164 1087 3233 tummodoreprehenderunt,
1127 3164 1275 3219 velut
1307 3180 1373 3221 ex
1403 3165 1704 3220 testimonio
1731 3164 1880 3220 Jcrc-

300 3259 420 3311 mia
488 3256 795 3331 prophetat,
841 3258 930 3328 qui
995 3256 1105 3324 ait,
1162 3256 1300 3324 Quid
1346 3258 1504 3328 paleis
1558 3258 1626 3310 ad
1665 3257 1884 3319 triticum

296 3349 506 3421 (.lercm.
532 3365 693 3416 χχιιι,
717 3348 851 3421 28)?
880 3365 985 3405 non
1015 3349 1356 3406 attendentes
1384 3350 1524 3405 unde
1564 3350 1665 3405 hoc
1696 3349 1784 3404 ille
1805 3348 1886 3405 di—

294 3443 481 3496 xissct.
512 3440 624 3495 Non
647 3442 789 3496 enim
833 3441 1008 3498 alebat
1054 3440 1120 3496 de
1148 3441 1391 3497 Ecclesia
1413 3484 1427 3509 ,
1459 3440 1552 3497 sed
1582 3440 1650 3496 de
1690 3439 1885 3495 divinis

295 3533 686 3604 Prophetarum
716 3534 1007 3590 visionibus
1033 3543 1089 3590 et
1116 3534 1370 3589 humanis
1397 3534 1619 3589 somniis
1639 3575 1652 3596 ,
1678 3551 1747 3590 ne
1778 3534 1885 3589 ullo

296 3626 457 3682 modo
484 3634 939 3696 compararentur.
971 3626 1119 3682 Illam
1147 3642 1361 3698 quoque
1387 3628 1786 3699 similitudinem
1817 3626 1885 3695 de

297 3721 483 3775 ovibus
509 3729 563 3774 ct
610 3720 779 3787 haedis
805 3721 895 3791 qui
934 3721 1090 3776 simul
1141 3731 1460 3793 pascuntur,
1500 3731 1554 3776 et
1602 3721 1653 3775 iu
1704 3723 1882 3791 διηριΛῇ

299 3812 402 3866 line
452 3810 914 3883 scgregabuntur,
968 3827 1128 3882 quant
1178 3812 1319 3866 inter
1355 3812 1487 3865 alias
1529 3811 1788 3865 Catholici
1817 3827 1883 3868 ex

299 3901 584 3970 Evangelio
607 3910 893 3975 posuerant
918 3901 1132 3976 (Matth.
1167 3919 1277 3957 xxv
1298 3944 1313 3968 ,
1343 3900 1441 3965 32,
1477 3900 1567 3973 33)
1592 3942 1608 3968 ,
1663 3903 1884 3957 omnino

297 3994 555 4065 attingere
583 3994 886 4053 noluerunt.
914 3994 1097 4067 Neque
1118 3995 1259 4051 enim
1280 4003 1527 4065 poterant
1552 3994 1657 4050 illic
1681 3994 1880 4061 dicere,

298 4085 455 4139 etiam
509 4083 690 4140 bardos
742 4100 771 4141 a
818 4085 1125 4155 pastoribus
1170 4086 1222 4140 in
1271 4086 1644 4140 communibus
1673 4086 1884 4157 pascuis

300 4176 559 4246 ignorari,
591 4178 729 4234 sicut
773 4179 1022 4234 dixerant
1061 4180 1201 4234 inter
1231 4179 1364 4235 retia
1402 4179 1579 4250 pisces
1614 4179 1785 4235 malos
1829 4180 1879 4235 in

299 4270 426 4322 mari
448 4284 477 4321 a
509 4268 862 4338 piscatoribus
879 4285 985 4325 non
1012 4268 1201 4325 videri.

368 4362 453 4417 ll.
497 4362 628 4418 item
667 4379 789 4431 cum
819 4361 1074 4419 Catholici
1121 4363 1175 4417 in
1218 4362 1467 4418 mandato
1507 4377 1605 4418 suo
1632 4362 1876 4434 volentes

299 4452 579 4507 ostendere
624 4453 879 4510 toleratos
916 4469 947 4507 a
984 4453 1141 4508 bonis
1178 4452 1231 4508 in
1263 4452 1502 4509 Ecclesia
1545 4454 1751 4519 malos,
1784 4468 1884 4509 nec

300 4543 466 4600 honos
507 4546 767 4601 malorum
813 4546 1129 4618 contagione
1174 4546 1432 4617 pollutos,
1460 4561 1882 4602 commemoras-

299 4647 412 4691 sent
450 4638 695 4708 exempla
726 4636 1112 4706 Prophetarum
1144 4644 1197 4691 et.
1239 4637 1406 4707 ipsius
1448 4637 1657 4692 Domini
1686 4630 1880 4693 Christi

301 4732 349 4778 et
378 4727 754 4797 Apostolorum
775 4768 790 4792 ,
821 4736 873 4783 et
901 4736 1023 4799 post
1049 4727 1164 4782 hare
1192 4728 1352 4783 etiam
1383 4726 1645 4783 bonorum
1670 4729 1880 4799 episeo-

302 4830 484 4883 pornm
506 4859 521 4882 ,
551 4826 605 4871 ct
644 4817 846 4887 judicio
874 4818 1105 4888 ipsorum
1134 4833 1345 4889 quoque
1372 4819 1765 4873 Donatistarum
1791 4820 1882 4890 qui

301 4908 556 4976 quosdam
585 4925 805 4964 suorum
839 4911 891 4963 in
919 4908 1217 4964 Maximiani
1247 4909 1536 4965 schismate
1562 4909 1764 4980 positos
1791 4925 1886 4964 nc-

299 5011 556 5069 gaverunt
585 5002 887 5065 Maximiani
915 5004 1232 5074 contagione
1268 5001 1498 5080 pollutos
1527 5020 1540 5056 :
1575 5003 1649 5058 illi
1680 5003 1731 5057 in
1772 5002 1886 5058 suis

303 5091 492 5147 litteris
528 5093 595 5148 ad
626 5093 741 5149 haec
783 5093 1110 5165 respondere
1152 5094 1351 5162 conati,
1391 5094 1457 5148 de
1485 5094 1798 5164 Prophetis,
1830 5103 1885 5150 et

301 5182 365 5238 de
406 5186 635 5241 Domino
664 5187 876 5242 Christo
918 5196 965 5242 et
1011 5187 1279 5257 Apostolis
1326 5186 1696 5258 quodcumque
1735 5188 1884 5243 dixe-

303 5288 455 5346 runt;
484 5278 553 5335 de
581 5279 848 5351 episcopis
873 5287 1052 5335 autem
1082 5290 1139 5334 et
1165 5279 1565 5334 Maximianistis
1602 5278 1880 5335 siluerunt.

302 5368 356 5425 ln
388 5371 652 5442 episcopis
681 5373 821 5427 enim
857 5371 1234 5442 premebantur
1261 5371 1576 5430 auctoritate
1606 5371 1879 5443 Cypriani,

302 5464 447 5532 cujus
477 5463 636 5519 vetba
668 5478 732 5518 ex
761 5463 983 5534 epistola
1020 5464 1139 5531 ejus
1180 5461 1382 5532 prolata
1410 5460 1671 5518 Catholici
1705 5462 1756 5516 in
1787 5477 1885 5517 suo

304 5555 551 5609 mandato
581 5564 907 5625 posuerunt;
948 5554 1139 5626 quibus
1167 5551 1598 5607 manifestissime
1626 5553 1880 5608 ostende-

307 5648 455 5703 batur
475 5692 489 5716 ,
516 5658 569 5707 ct
597 5648 914 5719 pr.rcepisse
944 5657 1002 5703 ut
1041 5663 1135 5717 pro
1165 5646 1367 5700 unitate
1408 5646 1459 5701 iu
1493 5646 1726 5713 Ecclesia
1759 5647 1881 5700 mali

330 5742 693 5804 olcrarcutur,
727 5756 824 5795 nec
855 5748 1070 5810 propter
1107 5739 1250 5809 ipsos
1281 5737 1520 5792 Ecclesia
1554 5738 1882 5808 relinquerc~

314 5847 388 5888 ἰιι-
413 5833 613 5907 (Epist.
651 5833 719 5886 ad
742 5831 1089 5903 .llaa‘imttm);
1128 5840 1176 5883 et
1208 5833 1460 5905 quosdam
1496 5832 1727 5904 collegas
1753 5848 1878 5888 suos

1152 379 1583 443 BREVICULUS
1617 372 2068 437 COLLATIONIS
2103 375 2247 435 CUI!
2282 380 2701 442 DONATISTIS.

3476 383 3582 448 630

1996 493 2155 549 etiam
2185 502 2357 566 ipsum
2376 541 2393 566 ,
2422 516 2454 556 ιι
2479 515 2704 571 quorum
2741 500 2895 558 litatis
2920 502 3162 559 moribus
3185 500 3355 576 longe
3366 505 3577 563 abhor-

1996 585 2164 652 rebat,
2193 586 2247 643 et
2282 588 2353 645 de
2388 590 2796 662 quorum—lactis
2839 593 3084 664 pessimis
3111 610 3221 656 non
3246 596 3484 662 tacebat,
3517 597 3571 654 iu

1995 679 2231 739 Ecclesia
2262 682 2515 740 tolerasse
2540 686 2747 755 (Serm.
2771 686 2835 741 de
2856 686 3097 761 Lapsis).
3130 688 3296 759 llujus
3322 704 3447 760 ergo
3472 704 3576 745 au-

1993 773 2239 830 ctoritate
2283 778 2523 845 oppressi
2569 779 2879 845 Donatista,
2928 796 3048 836 cum
3093 781 3162 837 de
3200 780 3483 850 Propltetis
3519 790 3574 839 et

1995 866 2225 922 Domino
2262 868 2474 925 Christo
2519 881 2572 926 et
2614 873 2881 942 Apostolis
2925 874 3124 945 aliquid
3167 874 3459 940 dixissent,
3506 876 3573 930 ad

1992 953 2094 1013 hoc
2124 967 2300 1014 tamen
2316 991 2341 1027 ,-
2378 975 2483 1016 non
2528 962 2834 1020 tolerandos
2864 966 2878 995 ¹
2903 965 2955 1019 in
3001 965 3237 1021 Ecclesia
3279 956 3574 1038 permixtos

1992 1049 2196 1118 malos,
2228 1050 2295 1107 de
2336 1052 2601 1125 episcopis
2640 1057 2858 1112 omnino
2887 1057 3019 1113 nihil
3059 1058 3238 1115 dicere
3267 1059 3568 1115 voluerunt.

1992 1141 2061 1198 Et
2103 1152 2280 1200 tamen
2325 1147 2483 1203 etiam
2526 1146 2593 1203 de
2634 1148 2768 1205 Juda
2813 1150 3088 1218 traditore,
3134 1142 3190 1208 et
3229 1153 3409 1210 dehis
3438 1168 3574 1225 quos

1990 1234 2187 1291 Paulus
2216 1237 2461 1294 toleravit
2487 1255 2580 1307 per
2605 1238 2853 1295 invidiam
2876 1240 3143 1297 Christum
3170 1231 3571 1313 annuntiautes,

1991 1325 2104 1398 ipse
2132 1326 2429 1399 Cyprianus
2472 1331 2549 1386 sic
2579 1324 2858 1401 intellexit,
2907 1334 2985 1389 sic
3029 1336 3261 1405 scripsit,
3310 1322 3575 1407 quemadi

1991 1419 2207 1474 modum
2233 1436 2294 1476 ea
2315 1421 2572 1478 Catholici
2601 1424 2651 1478 in
2673 1438 2771 1480 suo
2799 1427 3047 1482 mandato
3077 1410 3368 1503 posuerunt
3394 1447 3406 1481 :
3431 1409 3571 1500 quod

1990 1519 2044 1567 et
2071 1512 2326 1569 Dominus
2353 1514 2541 1570 Judam
2572 1516 2640 1571 ad
2681 1521 2982 1588 exemplum
3010 1510 3272 1595 mulorum
3302 1520 3352 1575 in
3383 1519 3570 1575 Eccle-

1990 1604 2065 1659 sia
2100 1604 2491 1661 tolerandorum
2540 1609 2813 1678 pertulerit
2863 1610 3048 1682 (Jomt.
3080 1629 3130 1666 vt
3151 1654 3167 1680 ,
3197 1614 3255 1667 7|
3285 1654 3298 1677 ,
3330 1612 3435 1683 7‘2)
3462 1629 3476 1677 ;
3522 1625 3574 1667 et

1990 1693 2187 1750 Paulus
2212 1711 2306 1752 eos
2330 1697 2397 1777 de
2425 1698 2616 1768 quibus
2648 1699 2770 1755 talia
2802 1700 2951 1766 dixit,
2983 1719 3087 1756 non
3115 1698 3408 1769 extra,'scd
3438 1705 3571 1757 intra

1989 1787 2281 1844 Ecclesium
2311 1790 2620 1847 sustinuerit
2648 1794 2664 1865 (
2690 1792 2922 1868 Philipp.
2946 1788 2967 1850 ἰ
2992 1838 3005 1860 ,
3035 1794 3263 1869 lii-18).
3297 1797 3369 1851 De
3400 1796 3568 1852 Maxi-

1989 1882 2251 1937 mianistis
2275 1892 2453 1939 autem
2480 1887 2605 1960 quid
2647 1876 3032 1961 responderent
3053 1931 3066 1952 ,
3101 1905 3221 1965 cum
3253 1886 3427 1967 adhuc
3472 1878 3570 1942 bo-

1989 1973 2160 2030 mines
2185 1975 2460 2042 viverent,
2488 1970 2555 2053 de
2584 1979 2776 2049 quibus
2817 1991 3027 2053 possent
3057 1980 3394 2057 apertissime
3421 1981 3570 2057 facil-

1988 2063 2222 2136 limequc
2244 2066 2530 2149 convinci?
2566 2058 2797 2125 Proinde
2822 2070 2887 2151 ad
2916 2070 3043 2147 illud
3068 2068 3210 2143 quod
3242 2056 3294 2127 in
3318 2056 3573 2151 mandato

1988 2170 2087 2211 suo
2113 2156 2371 2216 Catholici
2398 2147 2640 2217 dixerant
2663 2204 2678 2225 .
2721 2147 2935 2219 eosdem
2962 2147 3379 2220 Maximia'nista‘s
3408 2179 3437 2219 a
3466 2163 3573 2219 Do-

1990 2250 2198 2306 natistis
2224 2268 2319 2323 per
2338 2253 2533 2321 judicia
2564 2255 2771 2324 publica
2801 2257 3031 2320 basilicis
3055 2242 3255 2331 pulses,
3282 2265 3570 2333 utcumque

1989 2344 2312 2413 respondere
2333 2345 2509 2400 conati
2531 2340 2675 2411 sunt,
2701 2363 2802 2400 non
2826 2362 2882 2402 se
2903 2340 3248 2423 criminaliter
3267 2348 3570 2423 accusasse,

1989 2442 2079 2487 aut
2098 2434 2163 2488 ad
2185 2436 2613 2490 communionem
2639 2451 2786 2513 suam
2812 2438 3031 2493 invitum
3055 2416 3575 2512 aliquenrcoegisse.

1988 2527 2077 2579 sed
2106 2543 2182 2601 res
2208 2543 2326 2580 suas
2355 2528 2430 2581 vel
2469 2545 2674 2582 suorum
2707 2529 2915 2583 civiliter
2943 2516 3178 2599 repetisse
3202 2546 3221 2584 :
3251 2529 3399 2584 obfiti
3418 2518 3573 2607 'quod

1992 2617 2287 2672 Primlanus
2336 2619 2619 2689 aliquando
2662 2620 2945 2699 dicendum
2991 2610 3131 2691 apud
3171 2623 3301 2676 Acta
3346 2620 3571 2676 manda-

1988 2710 2063 2776 vit
2090 2707 2164 2781 (τι)
2188 2753 2201 2775 ,
2233 2710 2322 2764 Illi
2351 2717 2586 2783 auferunt
2615 2712 2781 2766 aliena
2803 2754 2816 2776 ,
2847 2730 2938 2766 nos
2976 2698 3348 2789 intermittimus
3375 2713 3567 2768 ablato.

1988 2800 2070 2855 Ad
2099 2801 2185 2873 illa
2219 2818 2344 2856 vero
2384 2820 2502 2874 quae
2542 2803 2611 2858 de
2649 2803 3051 2869 Maxintiauistis
3091 2803 3143 2858 in
3174 2803 3567 2873 Catholieorum

1990 2893 2238 2949 mandato
2267 2893 2406 2948 dicta
2434 2903 2586 2962 sunt,
2614 2893 2754 2969 quod
2785 2910 2813 2949 a
2857 2909 2915 2947 se.
2954 2894 3233 2969 damnatos
3272 2893 3323 2948 in
3366 2894 3573 2965 integro

1990 2987 2194 3045 honore
2232 2986 2603 3057 susceperint,
2644 2986 2785 3061 quod
2825 2985 3126 3041 Maximiani
3174 2985 3349 3055 socios
3383 2987 3451 3063 ab
3482 2984 3572 3041 illo

1988 3077 2219 3148 pollutos
2258 3092 2376 3133 csse
2415 3078 2759 3149 negaverint,
2793 3077 2933 3155 quod
2961 3077 3287 3148 Baptismum
3314 3076 3382 3131 ab
3412 3076 3487 3151 eis
3518 3077 3570 3151 in

1989 3170 2274 3225 schismate
2302 3168 2484 3234 datum
2515 3168 2811 3243 approbare
2855 3170 3029 3240 petius
3064 3184 3222 3245 quam
3269 3168 3573 3245 rescindere

1988 3268 2150 3332 atque
2176 3260 2369 3314 iterare
2394 3246 2841 3327 maluerint-{nec
2879 3261 3066 3338 leviter
3097 3259 3421 3333 respondere
3454 3267 3571 3333 ten-

1990 3358 2234 3423 taverunt
2265 3368 2278 3404 :
2308 3349 2404 3407 sed
2431 3351 2516 3406 illa
2546 3352 2723 3409 omnia
2756 3338 2892 3407 miro
2922 3350 3149 3427 quodam
3177 3350 3425 3421 silentio,
3458 3360 3574 3405 tan-

1985 3459 2145 3514 quam
2172 3442 2312 3497 dicta
2341 3459 2443 3497 non
2478 3442 2701 3508 fuerint,
2730 3445 3071 3519 transierunt.

2014 3524 2018 3528 ’
2065 3533 2150 3589 12.
2196 3534 2266 3590 De
2299 3535 2414 3604 ipso
2442 3534 2601 3590 etiam
2636 3534 2906 3606 Baptismo
2935 3534 3074 3606 quod
3107 3535 3157 3589 in
3200 3535 3290 3589 illo
3325 3533 3575 3609 mandato

1988 3644 2018 3681 a
2067 3625 2351 3699 Catholicis
2403 3627 2601 3691 dictum
2649 3634 2731 3684 est
2775 3628 3085 3698 Apostolutn
3132 3626 3198 3681 dc
3254 3625 3572 3701 quibusdam

1990 3698 2206 3781 dixisse,
2240 3716 2509 3791 Veritatem
2547 3719 2599 3772 in
2639 3719 2899 3788 iniquitate
2939 3700 3157 3791 detinent
3185 3716 3360 3788 (Rom.
3390 3698 3570 3791 δίε),

1991 3794 2443 3881 ιιιοειθιιιιοιηυιιιι·
2471 3808 2583 3860 fieri
2618 3823 2795 3876 posse,
2822 3816 2877 3860 ut
2903 3822 3011 3877 non
3033 3805 3353 3861 destruenda
3377 3798 3574 3875 veritas

1991 3900 2041 3952 iu
2072 3896 2394 3953 destruenda
2429 3897 2702 3971 iniquitate
2733 3905 3007 3962 teneatur;
3037 3908 3126 3951 aut
3155 3912 3259 3951 non
3290 3892 3570 3951 intellexe-

1988 3998 2133 4054 runt,
2158 3995 2251 4043 aut
2279 3988 2329 4043 id
2355 3972 2494 4065 quod
2528 3984 2625 4061 ipsi
2658 3988 3051 4053 intelleserant,
3081 4002 3147 4042 ne
3169 3986 3236 4042 ab
3261 3985 3381 4041 aliis
3411 3985 3569 4051 intel-

1990 4080 2273 4153 ligcretur,
2305 4064 2480 4143 verbis
2509 4080 2620 4135 suis
2646 4079 2931 4151 obscurare
2959 4077 3271 4151 voluerunt,
3302 4075 3565 4155 dicentes,

1988 4173 2090 4226 hoc
2123 4171 2434 4243 Apostolum
2481 4171 2545 4226 de
2586 4169 2871 4228 Gentilium
2916 4186 3099 4226 errore
3129 4168 3330 4237 dixisse
3370 4186 3383 4222 :
3418 4158 3568 4241 quasi

1986 4264 2052 4318 ad
2084 4278 2194 4318 rem
2227 4264 2483 4333 pertineat
2522 4262 2589 4318 de
2613 4277 2838 4336 quorum
2865 4276 3048 4328 errore
3076 4260 3303 4325 dixerit,
3336 4275 3457 4325 cum
3486 4268 3569 4313 ta-

1986 4372 2106 4413 men
2131 4355 2424 4429 ostenderit
2446 4370 2601 4426 posse
2621 4356 2895 4411 veritatem
2924 4355 2974 4429 in
3005 4354 3279 4425 iniquitate
3302 4351 3528 4423 detineri
3553 4367 3569 4417 ;

1986 4457 2045 4503 ut
2071 4447 2188 4503 hmo
2216 4446 2324 4501 duo
2361 4463 2480 4502 cum
2522 4446 2573 4501 in
2606 4461 2713 4501 uno
2756 4447 2973 4501 homine
3001 4446 3216 4500 inventa
3257 4443 3473 4511 fuerint,
3517 4454 3572 4497 et

1985 4540 2308 4612 approbctur
2337 4540 2531 4595 veritas
2568 4547 2621 4594 et
2664 4538 2910 4609 iniquitas
2938 4536 3235 4607 corrigatur
3260 4554 3273 4591 :
3304 4537 3443 4593 sicut
3467 4534 3573 4591 Cav

1988 4633 2181 4688 tholica
2211 4632 2356 4698 facit,
2385 4647 2505 4687 cum
2534 4630 2770 4702 agnoscit
2798 4630 2849 4684 in
2881 4629 3191 4701 Donatistis,
3215 4639 3265 4684 et
3294 4628 3568 4698 amplecti-

1988 4737 2072 4780 tur
2113 4716 2443 4787 Sacr-amenti
2473 4724 2781 4788 veritatem,
2829 4722 3124 4778 detestatur
3171 4731 3347 4776 autent
3395 4721 3445 4775 in
3492 4719 3571 4774 eis

1987 4828 2041 4873 et
2080 4818 2299 4889 corrigit
2344 4816 2647 4871 ltznreticatn
2696 4815 3042 4885 iniquitatem.
3095 4812 3177 4868 Ει-
3204 4812 3326 4887 illud
3373 4810 3513 4882 quod
3541 4830 3569 4863 ιι

1986 4908 2276 4965 Catholicis
2304 4911 2356 4964 in
2385 4909 2633 4963 mandato
2660 4908 2855 4962 dictutn
2883 4915 2984 4973 est,
3014 4922 3119 4960 non
3145 4904 3264 4958 ideo
3291 4903 3570 4957 destruen-

1986 5002 2113 5057 dum
2145 5001 2470 5072 Baptismum
2514 4999 2735 5064 Christi,
2783 4998 2903 5069 quia
2952 5012 3073 5052 eum
3122 4997 3282 5067 etiam
3334 4984 3605 5066 lucretici‘

1990 5095 2243 5159 tradunt;
2285 5094 2422 5149 sicut
2451 5109 2555 5147 non
2583 5091 2701 5146 ideo
2732 5089 3003 5161 negandus
3032 5098 3116 5146 cst
3141 5087 3406 5153 Cbri~tus,
3445 5086 3567 5163 quia
3597 5107 3606 5147 ι

1989 5204 2111 5244 eum
2150 5187 2310 5242 etiam
2340 5186 2610 5240 daemones
2645 5182 3004 5249 confitentur;
3047 5181 3295 5257 similiter
3334 5187 3426 5251 aut
3466 5194 3569 5232 non

1990 5279 2396 5344 intellexerunt,
2424 5285 2514 5330 aut
2542 5274 2829 5341 obscurare
2854 5273 3163 5338 voluerunt,
3205 5269 3443 5329 dicentes
3464 5266 3569 5322 Ca-

1992 5372 2216 5427 tholicos
2253 5378 2436 5425 contra
2481 5376 2746 5439 martyres
2785 5366 3009 5433 locutos,
3050 5381 3153 5419 non
3185 5372 3359 5417 tamen
3388 5359 3572 5431 expri-

1992 5478 2197 5522 mentes
2237 5480 2371 5535 quos
2415 5475 2692 5533 martyres
2719 5460 2977 5516 dicerent.
3013 5459 3256 5515 Dicentes
3286 5453 3448 5509 etiam
3480 5470 3575 5529 eos

2057 5576 2073 5606 ι
2109 5579 2264 5631 Forte,
2291 5571 2357 5622 ad
2377 5569 2720 5621 ostendendum
2737 5579 2829 5618 non
2851 5563 3141 5625 tolerandos,
3168 5572 3263 5614 ctc.

2056 5657 2127 5719 (τι)
2162 5663 2270 5719 Acta
2295 5654 2372 5704 illa
2396 5667 2530 5714 szcre
2562 5654 2676 5719 citat
2700 5651 3004 5719 Augustinus,
3034 5654 3172 5719 ett‘ex
3209 5647 3579 5719 iisuvcrbaht'rt:

1992 5707 2134 5771 niani
2170 5717 2351 5775 refert,
2378 5707 2536 5764 ttuai'r.
2561 5718 2608 5765 in
2645 5707 2895 5763 t‘sal.‘58.
2920 5723 3069 5775 scrin.
3093 5708 3160 5775 ξε
3178 5723 3229 5758 ιι.
3258 5708 3343 5767 18;
3370 5707 3526 5775 iuiih.
3555 5708 3580 5758 4

1993 5766 2629 5845 ὦιῖῐῆθήσιιέδεᾴξιίιιιηΔ-σξιιι.
2657 5775 2733 5845 1.7,
2743 5788 2801 5845 ιζ
2952 5779 2998 5821 et
3036 5773 3082 5821 in
3116 5766 3197 5821 ιῑι).
3226 5766 3337 5836 [ost
3363 5766 3577 5845 collatio-

1995 5856 2128 5905 nem,
2152 5854 2287 5908 t‘f’t‘".
2314 5840 2373 5890 16
2396 5846 2447 5891 et
2467 5839 2546 5903 3t,
2569 5851 2648 5890 nn.
2676 5838 2716 5902 ι,
2743 5836 2821 5901 Ἄ),
2842 5834 2921 5887 55.
