4024 6196
441 336 539 392 GM

445 449 714 504 dmnioniis
743 447 874 502 velle
914 442 1306 500 communicare
1337 459 1348 494 :
1378 439 1528 508 quasi
1565 435 1834 494 haereticis
1862 448 2010 487 coiri-

444 541 755 604 nninicetur,
785 536 994 607 quando
1025 550 1207 589 eorum
1236 531 1712 586 anathematizatur
1741 526 2014 596 iniquitas,

442 631 683 699 quamvis
713 629 763 682 in
791 643 976 683 eorum
1006 626 1404 681 consecratione
1442 625 1689 677 inventus
1719 620 2018 688 Baptismus

443 737 546 776 non
575 719 912 781 destruatur;
944 718 1081 772 sicut
1122 715 1595 769 anathematizatur
1631 711 1879 780 iniquitas
1905 710 2017 762 da:-

443 827 655 868 nimium
682 855 694 876 ,
723 811 964 880 quamvis
991 810 1042 864 in
1069 825 1254 863 eorum
1280 807 1614 862 cenfessione
1659 803 1894 858 auditmu
1925 817 2022 855 no-

442 919 564 962 men
596 903 801 958 Domini
843 917 948 954 non
978 909 1218 970 urgetur.

516 997 600 1050 15.
645 996 718 1050 De
747 994 1200 1065 persecutiouibus
1224 990 1383 1045 etiam
1415 1004 1547 1060 quas
1574 988 1775 1060 perpeti
1804 1003 1861 1040 sc
1891 1001 2020 1057 que-

443 1094 651 1150 runtur,
684 1085 847 1138 multa
887 1085 938 1138 iu
971 1085 1082 1138 suis
1110 1082 1296 1136 litteris
1345 1088 1636 1150 posuerunt
1665 1098 1677 1132 :
1707 1094 1806 1132 nec
1847 1087 2022 1131 tamen

443 1176 770 1246 respondere
809 1176 922 1229 ausi
952 1185 1073 1228 sunt
1110 1175 1173 1228 ad
1207 1172 1331 1226 illud
1373 1170 1511 1240 quod
1544 1171 1593 1224 in
1639 1167 1889 1222 mandato
1918 1167 2021 1222 Ca-

450 1266 764 1335 tholicorum
793 1265 988 1318 dictum
1020 1273 1121 1330 est,
1153 1261 1293 1333 quod
1322 1262 1417 1330 ipsi
1447 1261 1690 1330 primitus
1715 1258 1854 1327 apud
1879 1257 2022 1309 Cun-

444 1355 734 1424 stautinum
785 1355 1156 1424 imperatorem
1206 1359 1591 1406 accusaverunt
1638 1349 2022 1412 Cascilianum;

444 1422 532 1513 qui
589 1442 656 1498 de
716 1445 1096 1510 imperatorum
1147 1443 1351 1512 legibus
1399 1450 1832 1511 conquerantur,
1887 1439 2022 1493 iuvi-

446 1536 585 1596 diam
632 1532 709 1606 (α)
753 1532 1142 1590 Catholicorum
1195 1541 1596 1601 exaggerantes,
1645 1531 1757 1583 sive
1804 1539 2022 1593 tnot‘lcs,

443 1639 577 1692 quas
627 1639 811 1678 eorum
861 1623 1325 1678 Circumcelliones
1376 1621 1720 1690 sibimetipsis
1771 1622 2021 1684 inferunt,

446 1716 558 1778 sive
601 1714 775 1768 omnia
821 1730 939 1784 qme
987 1729 1090 1768 non
1137 1729 1232 1783 pro
1263 1714 1641 1769 communione
1674 1714 1882 1776 Donati,
1930 1714 2023 1768 sed

452 1821 546 1871 pro
585 1804 873 1858 sceleribus
917 1805 1108 1874 quibus
1135 1805 1393 1880 violenter
1432 1806 1690 1871 sarriunt,
1721 1806 2027 1875 nefarieque

449 1894 664 1956 vivunt,
698 1909 789 1961 per
815 1894 958 1962 leges
992 1894 1226 1963 publicas
1265 1895 1676 1965 diseiplinasquc
1719 1897 2025 1966 patiuntur:

449 1985 585 2043 sicut
628 1984 784 2038 etiam
827 1985 894 2038 de
937 1986 1130 2054 oppido
1157 1985 1444 2055 Vagaitano
1477 1985 1552 2057 (ὑ)
1581 2002 2028 2042 commemorasse

451 2077 565 2141 ausi
603 2085 765 2141 sunt;
815 2077 899 2131 ubi
931 2077 1320 2131 manifestatum
1349 2086 1431 2132 est
1468 2087 1662 2148 quanta
1701 2079 1836 2134 mala
1879 2095 2026 2134 eom—

452 2167 709 2233 miserint,
743 2177 794 2220 et
823 2183 977 2236 quam
1008 2170 1209 2221 minora
1242 2170 1477 2237 perpessi
1509 2177 1648 2222 sunt.

523 2259 606 2311 ll.
649 2257 728 2311 Ad
780 2258 907 2312 illud
952 2275 1163 2328 quoque
1213 2260 1263 2312 in
1313 2258 1705 2314 Catbolicorum
1757 2261 2026 2326 mandato,

447 2348 586 2415 qued
617 2349 814 2402 dictum
843 2358 926 2404 est
967 2349 1031 2404 de
1068 2351 1375 2419 purgatione
1417 2361 1471 2404 et
1496 2351 1830 2406 absolutione
1856 2353 2026 2406 Caeci-

451 2440 573 2506 liatii
605 2451 657 2494 et
694 2442 883 2496 Felicis
914 2443 1307 2512 Aptuginensis,
1346 2444 1412 2498 de
1452 2461 1676 2514 quorum
1719 2446 2030 2500 criminibus

449 2531 586 2601 apud
617 2533 886 2600 imperitos
914 2534 1154 2587 solebant
1181 2534 1466 2590 Catholicis
1504 2552 1744 2605 magnam
1778 2537 2027 2592 invidiam

449 2623 754 2687 concitare;
796 2639 914 2678 cum
957 2625 1062 2678 illic
1104 2635 1207 2678 tota
1248 2641 1404 2679 causa
1434 2637 1649 2696 propter
1675 2643 1833 2697 quam
1869 2644 2028 2683 vene-

453 2727 589 2778 rant,
640 2724 972 2779 versaretur,
1020 2716 1148 2769 nihil
1194 2718 1412 2770 omnino
1455 2719 1780 2786 respondere
1825 2719 1874 2772 in
1924 2708 2028 2776 tam

399 2864 402 2868 ,
452 2806 668 2880 prolixis
709 2808 898 2861 litteris
934 2809 1212 2862 voluerunt
1241 2827 1252 2860 :
1285 2808 1403 2878 quia
1437 2816 1490 2863 cl
1530 2809 1581 2862 in
1624 2825 1688 2863 eo
1717 2810 1856 2879 quod
1885 2811 2028 2865 dice-

453 2902 596 2960 pant,
623 2909 669 2951 et
695 2899 887 2952 divinis
916 2900 1233 2956 testimoniis
1259 2902 1398 2954 velut
1428 2903 1754 2968 astrmbant,
1781 2919 1883 2957 non
1911 2902 2050 2958 csse'

454 2986 623 3040 malos
655 2988 704 3040 in
734 2989 966 3043 Ecclesia
1000 2990 1322 3054 tolerandos,
1352 2990 1444 3045 sed
1476 2992 1544 3045 ab
1571 2992 2027 3048 eisrecedeudum

453 3088 667 3144 propter
693 3079 990 3148 eontagium
1023 3089 1394 3148 peccatorum;
1427 3083 1494 3135 ita
1524 3098 1580 3136 se
1605 3083 1783 3138 dicere
1811 3084 2033 3139 deumn-

451 3166 708 3228 strabant,
737 3179 790 3221 ut
819 3177 991 3222 tamen
1025 3170 1277 3240 ignoratis
1300 3175 1527 3240 peccatis
1550 3172 1737 3226 alienis
1761 3176 2026 3230 neminem

453 3259 702 3313 maculari
751 3275 906 3328 posse
952 3260 1265 3323 faterentur.
1325 3262 1433 3318 lloc
1481 3264 1619 3317 enim
1665 3274 1718 3318 et
1763 3267 1829 3320 de
1877 3269 2028 3322 malis

453 3347 682 3413 piscibus
721 3348 986 3414 dixerant,
1019 3351 1158 3421 quod
1186 3353 1320 3406 sicut
1359 3354 1479 3418 illos
1525 3355 1747 3412 latentes
1783 3357 1832 3410 iu
1861 3355 2029 3412 ﬂucti-

395 3460 409 3470 -
453 3441 568 3507 bus,
597 3443 837 3509 quamvis
871 3443 978 3511 jam
1010 3445 1142 3498 intra
1174 3447 1328 3510 retia,
1360 3463 1462 3502 non
1492 3447 1666 3507 vident
1698 3449 1985 3517 piscatores
2012 3469 2024 3515 ;

451 3533 527 3584 sic
571 3531 793 3585 latentes
834 3537 998 3588 malos
1041 3536 1090 3589 in
1141 3537 1373 3592 Ecclesia
1420 3539 1662 3592 nesciunt
1700 3541 2024 3610 sacerdotes,

451 3630 502 3674 rt
527 3621 593 3675 ab
621 3624 697 3675 eis
728 3624 845 3678 ideo
871 3626 1086 3680 minimc
1111 3627 1436 3695 polluuntur.
1460 3629 1566 3683 Nec
1592 3639 1766 3684 tamen
1791 3631 1872 3686 vel
1900 3633 2030 3687 levi-

451 3722 530 3775 ter
569 3711 648 3765 vel
696 3715 926 3766 tenuiter
971 3715 1019 3767 in
1068 3723 1173 3768 tam
1225 3718 1442 3785 prolixis
1491 3729 1543 3773 et
1588 3729 1732 3772 tanta
1775 3719 2028 3777 dilatione

450 3813 664 3870 accepta
689 3805 1001 3874 conscriptis
1028 3805 1216 3859 litteris
1249 3809 1479 3876 probare
1511 3809 1683 3862 conati
1719 3820 1862 3878 sunt,
1885 3815 2026 3881 quod

450 3894 678 3960 maxime
724 3894 773 3947 in
818 3895 1065 3948 mandato
1108 3895 1504 3951 Catholieorum
1555 3912 2024 3956 commemoratum

450 3992 548 4046 est,
583 3994 635 4036 ut
662 3985 945 4053 probarent
974 4003 1074 4041 nou
1108 3989 1278 4042 solum
1305 4005 1425 4043 vera
1454 4006 1572 4045 esse
1611 3993 1832 4046 crimina
1855 3993 2024 4049 Caici-

443 4073 491 4136 li;
514 4076 568 4139 ni
602 4075 746 4148 (nam
776 4078 877 4132 hoc
900 4096 1080 4148 parum
1118 4080 1219 4151 est)
1245 4098 1257 4144 ;
1291 4082 1380 4134 sed
1413 4082 1572 4136 etiam
1600 4083 1874 4151 Ecclesiae,
1905 4103 2022 4156 qua:

452 4182 544 4236 per
571 4184 754 4222 omnes
779 4178 966 4237 gentes
995 4185 1158 4239 uSque
1187 4171 1250 4224 ad
1278 4181 1432 4226 terra:
1469 4173 1721 4227 terminos
1752 4175 2024 4242 dilatatur,

449 4245 509 4309 ea
555 4260 762 4326 probari
795 4272 843 4313 et
875 4262 1205 4316 innotescere
1249 4264 1500 4332 potuisse,
1544 4274 1601 4318 ut
1639 4275 2027 4336 consequenter

449 4348 635 4412 saltem
679 4351 967 4404 seeundum
1003 4352 1144 4422 ipsos
1185 4363 1363 4420 posset
1403 4355 1734 4424 cognitorum
1779 4368 2023 4426 peccato-

452 4456 565 4490 rum
591 4441 907 4507 entitagiouc
944 4443 1216 4497 maculati.

521 4529 746 4586 (ΖΜἘὙ
789 4531 959 4585 ΙΧ.-
1000 4535 1240 4596 133.com
1283 4538 1453 4604 itaque
1499 4539 1687 4592 littera:
1726 4539 2026 4594 Donatista-

412 4669 416 4673 ,
453 4639 568 4684 rum
610 4624 841 4678 recitatae.
872 4625 1112 4691 fuissent,
1144 4629 1305 4681 voluit
1328 4629 1602 4699 Cognitor,
1631 4639 1684 4683 ut
1713 4632 1868 4684 etiam
1907 4649 2024 4701 qua:

447 4711 701 4768 Catholici
741 4717 1005 4770 recitantla
1045 4719 1301 4774 dederant
1343 4720 1662 4788 legerentur.
1707 4723 1808 4776 Sed
1845 4723 2020 4776 Dena-

451 4802 589 4862 lislae
618 4803 682 4859 ad
711 4821 772 4861 ea
801 4823 918 4878 qua:
949 4809 1270 4878 scripserant
1315 4819 1370 4862 ut
1414 4811 1838 4876 t'espontlet‘etut‘,
1873 4815 2017 4882 fl:th-

446 4913 555 4953 lare
587 4913 881 4970 t'tx‘perunt.
916 4903 1065 4967 Quod
1120 4911 1168 4952 et
1222 4901 1479 4962 Catholici
1535 4908 1700 4973 magis
1752 4905 2020 4978 volebant,

445 5010 510 5045 ne
539 4993 638 5045 ιιιιυ
671 4994 860 5046 littera:
900 4995 974 5044 sic
1019 5004 1312 5056 manerent,
1344 4997 1490 5063 quasi
1533 4996 1611 5048 eis
1658 5013 1760 5051 non
1792 4998 2023 5072 potuerit

445 5084 774 5151 responderi.
806 5081 1182 5151 lueipientibus
1211 5100 1335 5153 ergo
1364 5085 1650 5139 Calholieis
1676 5090 2019 5160 respondere,

449 5177 737 5230 llonatistm
783 5174 1174 5244 interrumpere
1201 5187 1254 5231 et
1280 5179 1590 5248 obstrepere
1620 5192 1916 5250 cmperuut,
1951 5201 2016 5238 ne

445 5277 726 5337 perpetuus
756 5267 1126 5336 respondentis
1167 5284 1343 5326 sermo
1385 5270 1709 5336 decurreret,
1753 5274 1887 5328 sicut
1927 5291 2021 5330 co-

445 5378 558 5418 tum
617 5361 806 5416 littera:
865 5359 1012 5413 nullo
1070 5361 1436 5434 interpellante
1504 5364 1709 5420 fuerant
1767 5369 2016 5423 recitatze.

447 5453 755 5517 \‘olentibus
776 5469 903 5520 ergo
928 5453 1219 5510 Catlzolieis
1243 5455 1419 5510 divina
1454 5458 1751 5514 testimonia
1783 5477 1900 5530 qua:
1924 5462 2018 5531 ipsi

500 5691 570 5751 tu)
581 5697 717 5748 Juxta
731 5689 894 5746 Morel,
912 5689 1058 5737 Elem.
1077 5688 1250 5746 Critia,
1265 5702 1341 5748 pp.
1364 5687 1469 5744 279,
1495 5687 1595 5746 2‘80,
1609 5687 1655 5737 i-t
1669 5687 1913 5740 uiridium.
1955 5699 2008 5740 ιι.

501 5755 573 5812 αι)
604 5757 707 5804 l‘ro,
738 5753 1002 5809 I'agnitmro.

1656 323 1716 379 S.
1760 314 1983 374 AUGIIS
2001 310 2115 365 fl.\"l
2160 311 2458 369 Ef‘lSlZOPl

3607 319 3712 373 ϐὖί

2135 440 2437 496 pesuerant,
2467 441 2516 482 et
2544 446 2604 483 ea
2636 447 2751 499 qua:
2784 431 2853 483 illi
2890 431 2903 461 ί
2933 443 3504 499 eoinmemoraverant,
3531 447 3707 490 osten-

2130 519 2256 574 dere
2291 521 2735 590 quemadmodum
2775 533 2954 576 essent
2991 523 3301 592 accipienda
3329 568 3341 588 ,
3386 541 3452 579 ne
3491 527 3628 582 inter
3655 547 3715 585 se

2130 612 2653 682 deprehenderentur
2679 630 2794 670 esse
2820 619 3106 680 contraria,
3131 632 3252 672 cum
3279 630 3460 675 essent
3486 632 3712 693 utraque

2130 703 2327 764 divina,
2356 715 2407 758 et
2434 706 2612 776 utique
2635 722 2888 767 consona,
2915 724 3018 762 non
3038 709 3274 776 dissona,
3290 727 3409 768 csse
3433 714 3715 783 deberent,

2133 795 2372 862 primitus
2397 795 2462 849 de
2485 811 2627 850 areae
2653 796 3003 852 similitudine
3027 812 3306 868 cmperuut
3331 803 3531 860 dicere.
3567 808 3715 862 'l‘uuc

2135 885 2422 939 Donatiste
2474 888 2955 956 iuterrumpentes,
2997 890 3253 946 dixerunt
3293 895 3432 962 quod
3478 895 3546 952 de
3589 913 3717 953 arca

2132 991 2237 1029 non
2281 976 2542 1046 legeretur
2589 978 2641 1032 in
2684 979 2968 1049 Evangelio
3025 983 3279 1051 scriptum
3335 986 3429 1055 (ιι).
3477 986 3717 1059 Curaque

2132 1069 2434 1136 expressius
2476 1085 2505 1120 a
2546 1069 2828 1125 Catholieis
2878 1071 3026 1126 locus
3071 1072 3340 1145 Evangelii
3382 1093 3710 1134 continemu-

2133 1170 2379 1220 raretnr;
2427 1177 2610 1216 rursus
2666 1163 3100 1232 interrumpenth
3151 1166 3438 1230 dixerunt,
3479 1173 3718 1226 occultos

2133 1253 2300 1303 malos
2331 1251 2498 1306 dictos
2541 1269 2661 1309 esse
2703 1256 2906 1323 paleam
2951 1267 3129 1325 postea
3171 1260 3549 1315 ventilandam.
3592 1264 3720 1320 lude

2135 1341 2273 1396 inter
2312 1345 2563 1412 strepitus
2604 1355 2656 1399 et
2698 1346 3112 1415 interruptiones
3152 1366 3360 1416 eorum,
3392 1354 3459 1406 de
3499 1355 3718 1411 zizamiis

2134 1442 2188 1485 et
2217 1433 2389 1487 tritico
2429 1434 2691 1490 dissensio
2734 1445 2854 1490 nata
2885 1447 2984 1503 est,
3029 1450 3247 1508 propter
3289 1444 3467 1498 mundi
3497 1461 3717 1513 nomen,

2133 1539 2239 1592 quo
2267 1525 2550 1579 Donatista:
2573 1529 2820 1584 uolebant
2848 1530 3066 1601 intelligi
3097 1533 3412 1600 Ecclesiam,
3439 1538 3562 1606 quia
3588 1541 3722 1592 seri-

2135 1625 2279 1682 ptum
2313 1626 2422 1680 est,
2456 1617 2586 1688 Ager
2621 1629 2692 1672 cst
2721 1620 2802 1672 hic
2829 1622 3062 1674 nutna'us.
3116 1625 3180 1677 Et.
3220 1626 3380 1679 multa
3415 1629 3718 1684 testimonia

2137 1706 2490 1772 protulerunt,
2538 1709 2730 1776 quibus
2773 1720 2954 1765 sancta
2996 1712 3265 1783 Scriptura
3316 1717 3570 1771 mundum
3615 1737 3722 1773 non

2135 1795 2235 1856 nisi
2267 1798 2432 1850 malos
2457 1812 2967 1867 eouunemorassct;
3011 1803 3164 1858 sicuti
3207 1816 3324 1866 est,
3356 1807 3455 1870 Qui
3490 1809 3724 1862 ditt-xerit

2137 1887 2399 1950 lltlttttfttlll,
2425 1905 2524 1940 non
2551 1899 2620 1942 est
2646 1890 2866 1946 charims
2885 1891 3052 1945 Patris
3081 1895 3130 1946 in
3156 1895 3243 1946 illo
3267 1898 3280 1963 (
3301 1895 3313 1947 Ι
3338 1895 3496 1950 Ιοίιη.
3519 1915 3574 1964 ιι,
3603 1900 3719 1968 l5);

2135 1986 2188 2029 et
2218 1987 2408 2056 cartcra
2454 1979 2572 2032 talia
2608 1999 2618 2033 :
2653 1991 2705 2033 ut
2734 1983 2879 2050 quasi
2913 2000 2976 2038 ex
3010 1985 3107 2037 hoc
3133 1986 3498 2050 ostenderent,
3540 1993 3722 2044 mundi

2137 2068 2350 2120 nomine
2376 2069 2668 2124 Ecclesium
2693 2073 2976 2141 significari
3002 2076 3219 2131 minime
3245 2079 3479 2147 potuisse
3524 2081 3720 2135 Contra

2137 2158 2389 2212 Catholici
2423 2160 2521 2213 alia
2552 2163 2853 2217 testimonia
2884 2165 3245 2235 proferebant,
3276 2170 3470 2238 quibus
3501 2172 3552 2224 iu
3583 2173 3724 2228 bono

2137 2249 2318 2302 mundi
2346 2265 2539 2306 nomen
2571 2268 2691 2306 esse
2720 2255 2949 2322 positum
2977 2258 3351 2312 ostenderetur
3377 2277 3389 2324 ;
3433 2263 3588 2315 sicuti
3620 2277 3723 2328 ρει,

2137 2337 2273 2391 Deus
2295 2350 2400 2392 erat
2427 2342 2477 2394 in
2510 2342 2705 2396 Clu-isto
2737 2344 2980 2398 mundum
3009 2349 3338 2403 reconcilians
3367 2352 3461 2404 sibi
3493 2351 3511 2421 (
3528 2352 3569 2406 ll
3594 2353 3715 2406 Cor.

2137 2445 2189 2492 v,
2215 2430 2305 2499 19)
2334 2449 2345 2483 :
2376 2440 2428 2484 et
2454 2441 2644 2486 cmtera
2671 2433 2996 2503 bujusmodi,
3025 2438 3109 2490 ubi
3137 2440 3513 2494 ostenderetur
3538 2443 3724 2498 Eccle-

2137 2524 2212 2576 sia
2238 2566 2251 2589 ,
2283 2525 2530 2593 quoniam
2562 2526 2671 2594 ipsa
2704 2531 2886 2596 utique
2919 2545 3011 2598 per
3050 2529 3318 2586 Christum
3351 2535 3726 2589 reconciliatur

2141 2616 2266 2668 Deo.
2313 2617 2377 2670 Et
2419 2621 2531 2672 bare
2563 2620 2873 2688 agebantur,
2904 2623 3189 2677 Catholicis
3230 2641 3533 2679 sermonem
3570 2643 3724 2682 suum

2140 2709 2508 2777 prosequendo
2557 2720 2871 2780 perpetuare
2914 2715 3248 2780 conantibus,
3299 2716 3401 2769 illis
3440 2726 3613 2770 autent
3658 2735 3738 2780 ne

2140 2799 2189 2851 id
2231 2797 2382 2853 fieret
2422 2803 2914 2871 perstrepentibus;
2963 2820 3082 2858 cum
3125 2820 3273 2858 suam
3319 2810 3723 2875 responsionem

2138 2904 2242 2942 non
2274 2899 2625 2956 reservarem,
2649 2893 2787 2946 sicut
2812 2893 3067 2948 Catholici
3097 2895 3350 2956 fecerant.
3383 2911 3503 2950 cum
3530 2913 3723 2952 eorum

2139 2982 2360 3050 cpistola
2391 2983 2654 3052 legeretur
2677 3001 2690 3048 ;
2725 2984 2815 3038 sed
2841 2985 3057 3041 crebras
3082 2987 3532 3043 contradictiones
3560 2989 3727 3044 inter-

2139 3073 2412 3142 ponendo,
2448 3090 2512 3128 ne
2554 3074 2948 3130 Catholicorum
2999 3081 3298 3146 prosecutio
3341 3081 3728 3149 imperturbata

2139 3175 2506 3233 procurreret,
2537 3166 2872 3235 impedirent.

2211 3255 2297 3308 16.
2341 3255 2727 3324 Flagitantibus
2771 3257 2945 3326 itaque
2977 3274 3009 3328 p
3031 3259 3282 3318 uientiam
3313 3275 3498 3314 eorum
3526 3261 3728 3315 Catho-

2139 3347 2274 3411 licis,
2324 3359 2378 3402 ct
2433 3365 2525 3416 per
2566 3350 2758 3403 multas
2804 3351 3102 3419 (lognitozis
3153 3352 3590 3407 interlocutiones
3639 3356 3723 3408 vix

2140 3437 2575 3506 impetrantibus;
2627 3441 3020 3509 responderunt
3065 3442 3252 3495 ltteris
3298 3458 3505 3507 eorum,
3536 3454 3724 3496 osten-

2139 3528 2326 3582 dentes
2363 3532 2540 3584 muitis
2569 3541 2870 3585 sanctarum
2900 3532 3291 3602 Scripturarum
3325 3535 3642 3588 testimoniis
3670 3547 3726 3590 et

2138 3620 2418 3689 exemplis,
2446 3621 2614 3675 malos
2641 3623 2690 3674 in
2723 3623 2959 3676 Ecclesia
2993 3640 3132 3680 nunc
3155 3626 3230 3679 sic
3261 3641 3376 3678 esse
3403 3628 3720 3694 permixtos,

2094 3769 2098 3773 _
2141 3719 2195 3763 ut
2234 3711 2477 3780 quamvis
2504 3711 2693 3766 debeat
2743 3714 2956 3782 vigilare
3001 3716 3356 3770 ecclesiastica
3410 3717 3718 3786 disciplina,

2138 3802 2202 3854 ad
2234 3818 2326 3856 eos
2377 3819 2478 3856 non
2528 3805 2698 3858 solum
2733 3805 2929 3870 verbis,
2962 3807 3053 3858 sed
3098 3808 3254 3861 etiam
3285 3811 3720 3864 excommunica-

2140 3895 2368 3948 tiouibus
2398 3905 2450 3950 et
2481 3895 2943 3966 degradationibus
2976 3901 3362 3968 corripiendos,
3399 3912 3572 3957 tamen
3616 3920 3719 3957 non

2138 3991 2309 4042 solum
2342 3990 2392 4042 in
2416 4004 2474 4041 ea
2507 3989 2732 4044 latentes
2772 3991 3098 4058 nesciautur,
3125 3993 3217 4047 sed
3261 3994 3570 4064 plerumque
3600 4012 3722 4065 pro-

2140 4091 2253 4149 pter
2299 4095 2479 4148 paccm
2525 4082 2742 4136 unitatis
2788 4085 2966 4137 etiam.
2996 4085 3194 4153 cogniti
3246 4085 3540 4139 tolerentur
3584 4105 3596 4138 :
3641 4089 3720 4140 sic

2137 4171 2476 4226 ostendentes
2519 4173 2694 4226 divina
2742 4175 3045 4228 testimonia
3084 4191 3399 4241 Consonare,
3431 4187 3487 4230 ut
3532 4189 3584 4250 et
3633 4179 3717 4231 illa

2136 4263 2328 4331 quibus
2353 4263 2816 4318 conm'ieudaretur
2849 4265 3082 4319 Ecclesia
3123 4283 3241 4320 eum
3284 4269 3544 4322 malorum
3572 4284 3720 4323 com-

2139 4353 2412 4416 mix’tione,
2445 4353 2542 4406 hoc
2568 4363 2775 4423 tempus
2805 4356 2920 4424 ejus
2949 4357 3328 4425 signiﬁcarent,
3358 4359 3531 4428 qualis
3557 4369 3637 4413 est
3666 4361 3717 4413 in

2138 4446 2381 4510 prmscnti
2411 4443 2636 4508 smeulo;
2670 4453 2720 4497 et
2759 4445 2843 4498 illa
2879 4447 3178 4500 testimonia
3211 4449 3401 4516 quibus
3443 4465 3717 4504 commcn-

2136 4533 2288 4586 datur
2320 4551 2423 4586 non
2471 4534 2664 4591 habere
2693 4538 3007 4590 commixtos
3042 4540 3231 4605 malos,
3282 4539 3406 4593 illud
3441 4543 3557 4608 ejus
3589 4551 3721 4594 tem-

2137 4643 2233 4696 pus
2259 4627 2637 4695 significarent,
2670 4628 2838 4697 qualis
2885 4638 3108 4682 venturo
3135 4630 3332 4684 sateulo
3373 4630 3422 4683 in
3460 4642 3717 4685 a-teruum

2137 4719 2306 4770 Ιίιιιιι·;ι
2340 4729 2438 4771 est.
2475 4718 2621 4770 Sicut
2657 4734 2794 4771 nunc
2837 4721 3072 4772 utor-talis
3110 4729 3210 4784 est,
3248 4721 3298 4774 id
3334 4731 3434 4783 οτι,
3467 4739 3534 4775 t'x
3580 4739 3720 4776 utor-

2138 4810 2327 4860 talibus
2370 4810 2670 4863 hominibus
2710 4823 2950 4874 constat;
3003 4823 3125 4866 lllllC
3179 4824 3355 4867 autem
3402 4814 3720 4869 iuunortalis

2137 4901 2254 4966 t-rit,
2294 4901 2500 4968 quando
2545 4901 2593 4952 in
2634 4917 2693 4954 ea
2737 4919 2890 4954 nemo
2921 4903 3210 4956 morietur:
3245 4905 3377 4956 sicut
3413 4906 3526 4973 ipse
3560 4905 3714 4958 Cbri»

2136 5000 2246 5041 stus
2273 4991 2374 5042 isto
2405 4998 2643 5058 tempore
2675 4989 2769 5042 fuit
2802 5007 2893 5059 pro
2925 4992 3006 5043 illa
3038 4994 3294 5059 mortalis,
3330 5003 3449 5061 post
3481 5011 3717 5049 resurre—

2135 5083 2363 5133 ctionem
2384 5090 2559 5134 autent
2582 5081 2686 5149 jam
2707 5097 2810 5133 non
2845 5083 3090 5149 moritur,
3110 5085 3160 5135 e't
3185 5099 3325 5136 mors
3354 5084 3425 5136 illi
3452 5085 3588 5138 ultra
3615 5102 3714 5140 non

2133 5171 2492 5226 dominabitur
2531 5173 2708 5242 (Rom.
2740 5190 2808 5236 \‘l,
2840 5175 2928 5242 Si);
2965 5175 3102 5243 quod
3131 5176 3287 5229 etiam
3321 5177 3582 5231 Ecclesige
3609 5195 3715 5232 sua:

2136 5264 2184 5316 iu
2219 5265 2320 5317 line
2351 5265 2527 5318 smculi
2554 5266 2886 5332 praestiturus
2907 5277 3005 5320 est.
3038 5268 3159 5321 llzcc
3196 5270 3300 5322 duo
3331 5278 3570 5340 tempora
3613 5272 3714 5326 Ec-

2133 5355 2327 5418 clesiaz,
2365 5371 2481 5423 qua:
2529 5371 2668 5410 nunc
2705 5366 2803 5418 est,
2839 5367 2888 5410 et
2921 5360 3089 5426 qualis
3118 5369 3239 5413 tunc
3270 5361 3389 5422 erit,
3421 5363 3711 5428 significata

2132 5458 2211 5501 est
2248 5449 2405 5501 etiam
2450 5449 2655 5502 duabus
2711 5452 3089 5519 piscatiouibus
3131 5470 3142 5506 :
3189 5471 3289 5507 una

3364 5466 3488 5511 ante
3539 5473 3713 5511 resur-

2191 5628 2206 5698 ς
2244 5635 2342 5674 Am.
2371 5632 2441 5673 Er.
2473 5635 2522 5676 et
2545 5635 2673 5687 t.ov.,
2700 5627 3136 5692 itlir.-l.egendum,
3160 5628 3268 5690 illi;
3293 5639 3342 5679 ut
3363 5631 3420 5680 ad
3447 5636 3708 5683 neuatistas

2139 5700 2384 5735 't-lui'ltltl‘.
3241 5717 3245 5720 -

2139 5692 2384 5735 σιιῐέιτειλιιιθ.
3241 5717 3245 5720 -

2127 5707 2136 5739 Ι
2298 5751 2468 5798 confer
2493 5748 2573 5797 lib.
2602 5751 2646 5811 ‘2,
2667 5758 2826 5800 contra
2854 5754 3299 5816 ι;;ιυι1ι,ξιιιξυιιι,ς;ιι›.
3321 5752 3366 5814 -l,
3394 5769 3442 5803 ιι.
3470 5755 3516 5803 4.
