  <div class='ocr_page' id='page_1' title='image "/cluster/home/n/w/nwhite01/storage/ocr_20150623/43/hvd.32044096580659/322.png"; bbox 0 0 4024 6196; ppageno 0'>
   <div class='ocr_carea' id='block_1_1' title="bbox 266 437 360 495">
    <p class='ocr_par' dir='ltr' id='par_1_1' title="bbox 266 437 360 495">
     <span class='ocr_line' id='line_1_1' title="bbox 266 437 360 495; baseline -0.032 0"><span class='ocrx_word' id='word_1_1' title='bbox 266 437 360 495; x_wconf 77' lang='grc'><strong>653</strong></span> 
     </span>
    </p>
   </div>
   <div class='ocr_carea' id='block_1_2' title="bbox 267 534 1834 620">
    <p class='ocr_par' dir='ltr' id='par_1_2' title="bbox 267 534 1834 620">
     <span class='ocr_line' id='line_1_2' title="bbox 267 534 1834 620; baseline -0.013 -11"><span class='ocrx_word' id='word_1_2' title='bbox 267 555 546 610; x_wconf 71' lang='lat' dir='ltr'><strong>rectionem</strong></span> <span class='ocrx_word' id='word_1_3' title='bbox 571 546 1026 620; x_wconf 76' lang='lat' dir='ltr'><strong>Cltristi,-qnando</strong></span> <span class='ocrx_word' id='word_1_4' title='bbox 1057 545 1192 598; x_wconf 89' lang='lat' dir='ltr'><strong>unitti</strong></span> <span class='ocrx_word' id='word_1_5' title='bbox 1227 544 1386 614; x_wconf 97' lang='lat' dir='ltr'><strong>jussit</strong></span> <span class='ocrx_word' id='word_1_6' title='bbox 1430 541 1582 606; x_wconf 90' lang='lat' dir='ltr'><strong>retia,</strong></span> <span class='ocrx_word' id='word_1_7' title='bbox 1625 552 1724 592; x_wconf 89' lang='lat' dir='ltr'><strong>nec</strong></span> <span class='ocrx_word' id='word_1_8' title='bbox 1767 534 1834 589; x_wconf 55' lang='lat' dir='ltr'><strong>sic</strong></span> 
     </span>
    </p>
   </div>
   <div class='ocr_carea' id='block_1_3' title="bbox 265 627 1838 706">
    <p class='ocr_par' dir='ltr' id='par_1_3' title="bbox 265 627 1838 706">
     <span class='ocr_line' id='line_1_3' title="bbox 265 627 1838 706; baseline -0.014 -4"><span class='ocrx_word' id='word_1_9' title='bbox 265 648 474 702; x_wconf 89' lang='lat' dir='ltr'><strong>nistrauu</strong></span> <span class='ocrx_word' id='word_1_10' title='bbox 516 658 617 699; x_wconf 87' lang='lat' dir='ltr'><strong>nec</strong></span> <span class='ocrx_word' id='word_1_11' title='bbox 665 639 940 697; x_wconf 67' lang='lat' dir='ltr'><strong>dexteram</strong></span> <span class='ocrx_word' id='word_1_12' title='bbox 999 637 1278 693; x_wconf 84' lang='lat' dir='ltr'><strong>nominans</strong></span> <span class='ocrx_word' id='word_1_13' title='bbox 1329 643 1534 706; x_wconf 91' lang='lat' dir='ltr'><strong>parteun</strong></span> <span class='ocrx_word' id='word_1_14' title='bbox 1591 627 1740 702; x_wconf 84' lang='lat' dir='ltr'><strong>(Luc.</strong></span> <span class='ocrx_word' id='word_1_15' title='bbox 1785 643 1838 687; x_wconf 74' lang='grc' dir='ltr'><strong>ν,</strong></span> 
     </span>
    </p>
   </div>
   <div class='ocr_carea' id='block_1_4' title="bbox 194 718 1842 804">
    <p class='ocr_par' dir='ltr' id='par_1_4' title="bbox 194 718 1842 804">
     <span class='ocr_line' id='line_1_4' title="bbox 194 718 1842 804; baseline -0.012 -11"><span class='ocrx_word' id='word_1_16' title='bbox 194 760 201 770; x_wconf 83' lang='lat'><strong>-</strong></span> <span class='ocrx_word' id='word_1_17' title='bbox 265 735 446 804; x_wconf 65' lang='lat' dir='ltr'><strong>l-lO);</strong></span> <span class='ocrx_word' id='word_1_18' title='bbox 495 743 552 788; x_wconf 90' lang='lat' dir='ltr'><strong>ut</strong></span> <span class='ocrx_word' id='word_1_19' title='bbox 596 748 693 788; x_wconf 90' lang='lat' dir='ltr'><strong>nec</strong></span> <span class='ocrx_word' id='word_1_20' title='bbox 743 731 888 786; x_wconf 88' lang='lat' dir='ltr'><strong>solos</strong></span> <span class='ocrx_word' id='word_1_21' title='bbox 935 728 1124 790; x_wconf 84' lang='lat' dir='ltr'><strong>malos.</strong></span> <span class='ocrx_word' id='word_1_22' title='bbox 1174 740 1273 781; x_wconf 86' lang='lat' dir='ltr'><strong>nec</strong></span> <span class='ocrx_word' id='word_1_23' title='bbox 1321 724 1465 779; x_wconf 82' lang='lat' dir='ltr'><strong>solus</strong></span> <span class='ocrx_word' id='word_1_24' title='bbox 1509 723 1698 786; x_wconf 87' lang='lat' dir='ltr'><strong>bouuos,</strong></span> <span class='ocrx_word' id='word_1_25' title='bbox 1745 718 1842 774; x_wconf 86' lang='lat' dir='ltr'><strong>sed</strong></span> 
     </span>
    </p>
   </div>
   <div class='ocr_carea' id='block_1_5' title="bbox 265 810 1842 897">
    <p class='ocr_par' dir='ltr' id='par_1_5' title="bbox 265 810 1842 897">
     <span class='ocr_line' id='line_1_5' title="bbox 265 810 1842 897; baseline -0.012 -15"><span class='ocrx_word' id='word_1_26' title='bbox 265 828 576 884; x_wconf 78' lang='lat' dir='ltr'><strong>commixtos</strong></span> <span class='ocrx_word' id='word_1_27' title='bbox 615 822 768 879; x_wconf 87' lang='lat' dir='ltr'><strong>bouuis</strong></span> <span class='ocrx_word' id='word_1_28' title='bbox 807 821 976 876; x_wconf 85' lang='lat' dir='ltr'><strong>malos</strong></span> <span class='ocrx_word' id='word_1_29' title='bbox 1023 821 1158 897; x_wconf 82' lang='lat' dir='ltr'><strong>intra</strong></span> <span class='ocrx_word' id='word_1_30' title='bbox 1206 817 1337 872; x_wconf 88' lang='lat' dir='ltr'><strong>retia</strong></span> <span class='ocrx_word' id='word_1_31' title='bbox 1385 828 1602 870; x_wconf 91' lang='lat' dir='ltr'><strong>suorum</strong></span> <span class='ocrx_word' id='word_1_32' title='bbox 1649 810 1842 866; x_wconf 89' lang='lat' dir='ltr'><strong>Sacra-</strong></span> 
     </span>
    </p>
   </div>
   <div class='ocr_carea' id='block_1_6' title="bbox 267 903 1839 976">
    <p class='ocr_par' dir='ltr' id='par_1_6' title="bbox 267 903 1839 976">
     <span class='ocr_line' id='line_1_6' title="bbox 267 903 1839 976; baseline -0.013 -3"><span class='ocrx_word' id='word_1_33' title='bbox 267 925 556 973; x_wconf 89' lang='lat' dir='ltr'><strong>unentorum</strong></span> <span class='ocrx_word' id='word_1_34' title='bbox 590 914 795 968; x_wconf 75' lang='lat' dir='ltr'><strong>futuros</strong></span> <span class='ocrx_word' id='word_1_35' title='bbox 819 911 1072 967; x_wconf 75' lang='lat' dir='ltr'><strong>duceret:</strong></span> <span class='ocrx_word' id='word_1_36' title='bbox 1117 903 1711 976; x_wconf 71' lang='lat' dir='ltr'><strong>postrcsurrectionenu</strong></span> <span class='ocrx_word' id='word_1_37' title='bbox 1741 915 1839 954; x_wconf 88' lang='lat' dir='ltr'><strong>au-</strong></span> 
     </span>
    </p>
   </div>
   <div class='ocr_carea' id='block_1_7' title="bbox 265 995 1838 1078">
    <p class='ocr_par' dir='ltr' id='par_1_7' title="bbox 265 995 1838 1078">
     <span class='ocr_line' id='line_1_7' title="bbox 265 995 1838 1078; baseline -0.015 -12"><span class='ocrx_word' id='word_1_38' title='bbox 265 1019 398 1074; x_wconf 86' lang='lat' dir='ltr'><strong>tem,</strong></span> <span class='ocrx_word' id='word_1_39' title='bbox 439 1003 832 1078; x_wconf 86' lang='lat' dir='ltr'><strong>quandojnssit</strong></span> <span class='ocrx_word' id='word_1_40' title='bbox 868 1002 1000 1056; x_wconf 82' lang='lat' dir='ltr'><strong>retia</strong></span> <span class='ocrx_word' id='word_1_41' title='bbox 1039 999 1172 1054; x_wconf 85' lang='lat' dir='ltr'><strong>milli</strong></span> <span class='ocrx_word' id='word_1_42' title='bbox 1215 997 1270 1052; x_wconf 89' lang='lat' dir='ltr'><strong>in</strong></span> <span class='ocrx_word' id='word_1_43' title='bbox 1310 995 1584 1050; x_wconf 70' lang='lat' dir='ltr'><strong>dexteram</strong></span> <span class='ocrx_word' id='word_1_44' title='bbox 1630 999 1838 1061; x_wconf 88' lang='lat' dir='ltr'><strong>partem</strong></span> 
     </span>
    </p>
   </div>
   <div class='ocr_carea' id='block_1_8' title="bbox 263 1091 1839 1173">
    <p class='ocr_par' dir='ltr' id='par_1_8' title="bbox 263 1091 1839 1173">
     <span class='ocr_line' id='line_1_8' title="bbox 263 1091 1839 1173; baseline -0.012 -15"><span class='ocrx_word' id='word_1_45' title='bbox 263 1102 438 1173; x_wconf 84' lang='lat' dir='ltr'><strong>(Joau.</strong></span> <span class='ocrx_word' id='word_1_46' title='bbox 467 1115 583 1164; x_wconf 68' lang='grc' dir='ltr'><strong>χιιι,</strong></span> <span class='ocrx_word' id='word_1_47' title='bbox 609 1097 762 1168; x_wconf 69' lang='grc' dir='ltr'><strong>ιῑοιι)</strong></span> <span class='ocrx_word' id='word_1_48' title='bbox 791 1114 806 1160; x_wconf 86' lang='grc'>;</span> <span class='ocrx_word' id='word_1_49' title='bbox 860 1103 916 1150; x_wconf 91' lang='lat' dir='ltr'><strong>tut</strong></span> <span class='ocrx_word' id='word_1_50' title='bbox 948 1103 1066 1164; x_wconf 62' lang='lat' dir='ltr'><strong>post</strong></span> <span class='ocrx_word' id='word_1_51' title='bbox 1105 1091 1551 1148; x_wconf 85' lang='lat' dir='ltr'><strong>resurrectionem</strong></span> <span class='ocrx_word' id='word_1_52' title='bbox 1603 1097 1839 1142; x_wconf 85' lang='lat' dir='ltr'><strong>nostram</strong></span> 
     </span>
    </p>
   </div>
   <div class='ocr_carea' id='block_1_9' title="bbox 266 1175 1841 1252">
    <p class='ocr_par' dir='ltr' id='par_1_9' title="bbox 266 1175 1841 1252">
     <span class='ocr_line' id='line_1_9' title="bbox 266 1175 1841 1252; baseline -0.011 -4"><span class='ocrx_word' id='word_1_53' title='bbox 266 1196 427 1249; x_wconf 86' lang='lat' dir='ltr'><strong>bonos</strong></span> <span class='ocrx_word' id='word_1_54' title='bbox 463 1190 606 1248; x_wconf 84' lang='lat' dir='ltr'><strong>soles</strong></span> <span class='ocrx_word' id='word_1_55' title='bbox 644 1185 695 1243; x_wconf 80' lang='lat' dir='ltr'><strong>hu</strong></span> <span class='ocrx_word' id='word_1_56' title='bbox 736 1187 974 1244; x_wconf 82' lang='lat' dir='ltr'><strong>Ecclesia</strong></span> <span class='ocrx_word' id='word_1_57' title='bbox 1007 1186 1212 1240; x_wconf 75' lang='lat' dir='ltr'><strong>futuros</strong></span> <span class='ocrx_word' id='word_1_58' title='bbox 1255 1182 1702 1252; x_wconf 80' lang='lat' dir='ltr'><strong>intelligeremns,</strong></span> <span class='ocrx_word' id='word_1_59' title='bbox 1753 1175 1841 1231; x_wconf 90' lang='lat' dir='ltr'><strong>ubi</strong></span> 
     </span>
    </p>
   </div>
   <div class='ocr_carea' id='block_1_10' title="bbox 266 1266 1842 1341">
    <p class='ocr_par' dir='ltr' id='par_1_10' title="bbox 266 1266 1842 1341">
     <span class='ocr_line' id='line_1_10' title="bbox 266 1266 1842 1341; baseline -0.013 -1"><span class='ocrx_word' id='word_1_60' title='bbox 266 1283 481 1340; x_wconf 70' lang='lat' dir='ltr'><strong>ulterius</strong></span> <span class='ocrx_word' id='word_1_61' title='bbox 503 1281 736 1336; x_wconf 69' lang='lat' dir='ltr'><strong>bilfl‘t‘SCS</strong></span> <span class='ocrx_word' id='word_1_62' title='bbox 757 1287 813 1334; x_wconf 89' lang='lat' dir='ltr'><strong>et.</strong></span> <span class='ocrx_word' id='word_1_63' title='bbox 834 1277 1117 1332; x_wconf 78' lang='lat' dir='ltr'><strong>schismata</strong></span> <span class='ocrx_word' id='word_1_64' title='bbox 1143 1289 1248 1328; x_wconf 91' lang='lat' dir='ltr'><strong>non</strong></span> <span class='ocrx_word' id='word_1_65' title='bbox 1267 1282 1445 1336; x_wconf 87' lang='lat' dir='ltr'><strong>eruunt,</strong></span> <span class='ocrx_word' id='word_1_66' title='bbox 1465 1270 1657 1341; x_wconf 85' lang='lat' dir='ltr'><strong>quibus</strong></span> <span class='ocrx_word' id='word_1_67' title='bbox 1680 1266 1842 1322; x_wconf 90' lang='lat' dir='ltr'><strong>modo</strong></span> 
     </span>
    </p>
   </div>
   <div class='ocr_carea' id='block_1_11' title="bbox 263 1359 1840 1442">
    <p class='ocr_par' dir='ltr' id='par_1_11' title="bbox 263 1359 1840 1442">
     <span class='ocr_line' id='line_1_11' title="bbox 263 1359 1840 1442; baseline -0.013 -10"><span class='ocrx_word' id='word_1_68' title='bbox 263 1377 390 1432; x_wconf 87' lang='lat' dir='ltr'><strong>retia</strong></span> <span class='ocrx_word' id='word_1_69' title='bbox 411 1375 836 1442; x_wconf 90' lang='lat' dir='ltr'><strong>disruumpnuutuur.</strong></span> <span class='ocrx_word' id='word_1_70' title='bbox 861 1369 990 1424; x_wconf 84' lang='lat' dir='ltr'><strong>Nam</strong></span> <span class='ocrx_word' id='word_1_71' title='bbox 1022 1377 1076 1423; x_wconf 91' lang='lat' dir='ltr'><strong>ct</strong></span> <span class='ocrx_word' id='word_1_72' title='bbox 1097 1364 1444 1436; x_wconf 80' lang='lat' dir='ltr'><strong>Evangelium</strong></span> <span class='ocrx_word' id='word_1_73' title='bbox 1476 1377 1580 1416; x_wconf 88' lang='lat' dir='ltr'><strong>non</strong></span> <span class='ocrx_word' id='word_1_74' title='bbox 1605 1359 1768 1414; x_wconf 91' lang='lat' dir='ltr'><strong>tacuit</strong></span> <span class='ocrx_word' id='word_1_75' title='bbox 1789 1359 1840 1412; x_wconf 90' lang='lat' dir='ltr'><strong>in</strong></span> 
     </span>
    </p>
   </div>
   <div class='ocr_carea' id='block_1_12' title="bbox 267 1454 1838 1539">
    <p class='ocr_par' dir='ltr' id='par_1_12' title="bbox 267 1454 1838 1539">
     <span class='ocr_line' id='line_1_12' title="bbox 267 1454 1838 1539; baseline -0.009 -20"><span class='ocrx_word' id='word_1_76' title='bbox 267 1469 429 1539; x_wconf 76' lang='lat' dir='ltr'><strong>prima</strong></span> <span class='ocrx_word' id='word_1_77' title='bbox 477 1465 770 1537; x_wconf 89' lang='lat' dir='ltr'><strong>piscatiouue</strong></span> <span class='ocrx_word' id='word_1_78' title='bbox 797 1475 1222 1518; x_wconf 89' lang='lat' dir='ltr'><strong>couuunucmorare</strong></span> <span class='ocrx_word' id='word_1_79' title='bbox 1261 1458 1390 1512; x_wconf 85' lang='lat' dir='ltr'><strong>retia</strong></span> <span class='ocrx_word' id='word_1_80' title='bbox 1415 1471 1535 1512; x_wconf 84' lang='lat' dir='ltr'><strong>esse</strong></span> <span class='ocrx_word' id='word_1_81' title='bbox 1563 1454 1802 1522; x_wconf 74' lang='lat' dir='ltr'><strong>disrupta</strong></span> <span class='ocrx_word' id='word_1_82' title='bbox 1825 1470 1838 1506; x_wconf 94' lang='lat'><strong>:</strong></span> 
     </span>
    </p>
   </div>
   <div class='ocr_carea' id='block_1_13' title="bbox 261 1545 1842 1622">
    <p class='ocr_par' dir='ltr' id='par_1_13' title="bbox 261 1545 1842 1622">
     <span class='ocr_line' id='line_1_13' title="bbox 261 1545 1842 1622; baseline -0.013 -7"><span class='ocrx_word' id='word_1_83' title='bbox 261 1569 314 1615; x_wconf 86' lang='lat' dir='ltr'><strong>et</strong></span> <span class='ocrx_word' id='word_1_84' title='bbox 339 1559 390 1612; x_wconf 90' lang='lat' dir='ltr'><strong>in</strong></span> <span class='ocrx_word' id='word_1_85' title='bbox 435 1555 722 1610; x_wconf 73' lang='lat' dir='ltr'><strong>nouissima</strong></span> <span class='ocrx_word' id='word_1_86' title='bbox 747 1553 948 1608; x_wconf 89' lang='lat' dir='ltr'><strong>dictum</strong></span> <span class='ocrx_word' id='word_1_87' title='bbox 972 1560 1074 1617; x_wconf 88' lang='lat' dir='ltr'><strong>est,</strong></span> <span class='ocrx_word' id='word_1_88' title='bbox 1103 1547 1170 1603; x_wconf 82' lang='lat' dir='ltr'><strong>Et</strong></span> <span class='ocrx_word' id='word_1_89' title='bbox 1199 1564 1312 1602; x_wconf 86' lang='lat' dir='ltr'><strong>cum</strong></span> <span class='ocrx_word' id='word_1_90' title='bbox 1354 1556 1456 1622; x_wconf 75' lang='lat' dir='ltr'><strong>tant</strong></span> <span class='ocrx_word' id='word_1_91' title='bbox 1487 1545 1658 1616; x_wconf 82' lang='lat' dir='ltr'><strong>magni</strong></span> <span class='ocrx_word' id='word_1_92' title='bbox 1683 1551 1842 1598; x_wconf 76' lang='lat' dir='ltr'><strong>essent</strong></span> 
     </span>
    </p>
   </div>
   <div class='ocr_carea' id='block_1_14' title="bbox 261 1637 1839 1720">
    <p class='ocr_par' dir='ltr' id='par_1_14' title="bbox 261 1637 1839 1720">
     <span class='ocr_line' id='line_1_14' title="bbox 261 1637 1839 1720; baseline -0.008 -18"><span class='ocrx_word' id='word_1_93' title='bbox 261 1650 442 1720; x_wconf 74' lang='lat' dir='ltr'><strong>pisces,</strong></span> <span class='ocrx_word' id='word_1_94' title='bbox 461 1647 586 1702; x_wconf 83' lang='lat' dir='ltr'><strong>retia</strong></span> <span class='ocrx_word' id='word_1_95' title='bbox 607 1663 708 1700; x_wconf 84' lang='lat' dir='ltr'><strong>non</strong></span> <span class='ocrx_word' id='word_1_96' title='bbox 735 1654 850 1700; x_wconf 77' lang='lat' dir='ltr'><strong>sunt</strong></span> <span class='ocrx_word' id='word_1_97' title='bbox 870 1644 1120 1714; x_wconf 74' lang='lat' dir='ltr'><strong>disrupta.</strong></span> <span class='ocrx_word' id='word_1_98' title='bbox 1153 1642 1226 1696; x_wconf 90' lang='lat' dir='ltr'><strong>De</strong></span> <span class='ocrx_word' id='word_1_99' title='bbox 1251 1639 1342 1694; x_wconf 87' lang='lat' dir='ltr'><strong>tali</strong></span> <span class='ocrx_word' id='word_1_100' title='bbox 1373 1638 1610 1694; x_wconf 69' lang='lat' dir='ltr'><strong>Ecclesia</strong></span> <span class='ocrx_word' id='word_1_101' title='bbox 1637 1637 1839 1692; x_wconf 88' lang='lat' dir='ltr'><strong>dictum</strong></span> 
     </span>
    </p>
   </div>
   <div class='ocr_carea' id='block_1_15' title="bbox 260 1727 1842 1808">
    <p class='ocr_par' dir='ltr' id='par_1_15' title="bbox 260 1727 1842 1808">
     <span class='ocr_line' id='line_1_15' title="bbox 260 1727 1842 1808; baseline -0.01 -12"><span class='ocrx_word' id='word_1_102' title='bbox 260 1755 402 1807; x_wconf 74' lang='lat' dir='ltr'><strong>esse,</strong></span> <span class='ocrx_word' id='word_1_103' title='bbox 429 1737 568 1808; x_wconf 88' lang='lat' dir='ltr'><strong>quod</strong></span> <span class='ocrx_word' id='word_1_104' title='bbox 618 1751 708 1807; x_wconf 86' lang='lat' dir='ltr'><strong>per</strong></span> <span class='ocrx_word' id='word_1_105' title='bbox 739 1735 881 1790; x_wconf 90' lang='lat' dir='ltr'><strong>illam</strong></span> <span class='ocrx_word' id='word_1_106' title='bbox 929 1748 1034 1789; x_wconf 89' lang='lat' dir='ltr'><strong>non</strong></span> <span class='ocrx_word' id='word_1_107' title='bbox 1063 1741 1178 1788; x_wconf 89' lang='lat' dir='ltr'><strong>erat</strong></span> <span class='ocrx_word' id='word_1_108' title='bbox 1205 1731 1522 1784; x_wconf 89' lang='lat' dir='ltr'><strong>transiturus</strong></span> <span class='ocrx_word' id='word_1_109' title='bbox 1561 1727 1842 1782; x_wconf 84' lang='lat' dir='ltr'><strong>incircum-</strong></span> 
     </span>
    </p>
   </div>
   <div class='ocr_carea' id='block_1_16' title="bbox 258 1817 1841 1894">
    <p class='ocr_par' dir='ltr' id='par_1_16' title="bbox 258 1817 1841 1894">
     <span class='ocr_line' id='line_1_16' title="bbox 258 1817 1841 1894; baseline -0.011 -10"><span class='ocrx_word' id='word_1_110' title='bbox 258 1832 402 1884; x_wconf 89' lang='lat' dir='ltr'><strong>cisus</strong></span> <span class='ocrx_word' id='word_1_111' title='bbox 427 1838 479 1882; x_wconf 91' lang='lat' dir='ltr'><strong>et</strong></span> <span class='ocrx_word' id='word_1_112' title='bbox 509 1825 814 1882; x_wconf 87' lang='lat' dir='ltr'><strong>iununuundus</strong></span> <span class='ocrx_word' id='word_1_113' title='bbox 843 1822 994 1894; x_wconf 68' lang='lat' dir='ltr'><strong>(Issi.</strong></span> <span class='ocrx_word' id='word_1_114' title='bbox 1027 1838 1118 1883; x_wconf 76' lang='grc' dir='ltr'><strong>ιιι,</strong></span> <span class='ocrx_word' id='word_1_115' title='bbox 1145 1821 1222 1890; x_wconf 82' lang='lat' dir='ltr'><strong>l).</strong></span> <span class='ocrx_word' id='word_1_116' title='bbox 1260 1819 1338 1874; x_wconf 82' lang='lat' dir='ltr'><strong>Ad</strong></span> <span class='ocrx_word' id='word_1_117' title='bbox 1371 1817 1672 1872; x_wconf 83' lang='lat' dir='ltr'><strong>immundos</strong></span> <span class='ocrx_word' id='word_1_118' title='bbox 1701 1817 1841 1870; x_wconf 79' lang='lat' dir='ltr'><strong>enim</strong></span> 
     </span>
    </p>
   </div>
   <div class='ocr_carea' id='block_1_17' title="bbox 261 1903 1842 1988">
    <p class='ocr_par' dir='ltr' id='par_1_17' title="bbox 261 1903 1842 1988">
     <span class='ocr_line' id='line_1_17' title="bbox 261 1903 1842 1988; baseline -0.006 -19"><span class='ocrx_word' id='word_1_119' title='bbox 261 1919 529 1988; x_wconf 85' lang='lat' dir='ltr'><strong>pertinere</strong></span> <span class='ocrx_word' id='word_1_120' title='bbox 575 1914 942 1971; x_wconf 88' lang='lat' dir='ltr'><strong>schisuuuaticas</strong></span> <span class='ocrx_word' id='word_1_121' title='bbox 997 1909 1382 1980; x_wconf 87' lang='lat' dir='ltr'><strong>separationes,</strong></span> <span class='ocrx_word' id='word_1_122' title='bbox 1413 1924 1530 1978; x_wconf 74' lang='lat' dir='ltr'><strong>qua:</strong></span> <span class='ocrx_word' id='word_1_123' title='bbox 1557 1903 1698 1962; x_wconf 64' lang='lat' dir='ltr'><strong>&#39;tunc</strong></span> <span class='ocrx_word' id='word_1_124' title='bbox 1737 1923 1842 1960; x_wconf 88' lang='lat' dir='ltr'><strong>nott</strong></span> 
     </span>
    </p>
   </div>
   <div class='ocr_carea' id='block_1_18' title="bbox 259 1999 1843 2078">
    <p class='ocr_par' dir='ltr' id='par_1_18' title="bbox 259 1999 1843 2078">
     <span class='ocr_line' id='line_1_18' title="bbox 259 1999 1843 2078; baseline -0.009 -12"><span class='ocrx_word' id='word_1_125' title='bbox 259 2019 437 2076; x_wconf 89' lang='lat' dir='ltr'><strong>eruuuut,</strong></span> <span class='ocrx_word' id='word_1_126' title='bbox 467 2009 590 2078; x_wconf 91' lang='lat' dir='ltr'><strong>quuia</strong></span> <span class='ocrx_word' id='word_1_127' title='bbox 619 2007 750 2062; x_wconf 91' lang='lat' dir='ltr'><strong>retia</strong></span> <span class='ocrx_word' id='word_1_128' title='bbox 781 2022 886 2060; x_wconf 83' lang='lat' dir='ltr'><strong>non</strong></span> <span class='ocrx_word' id='word_1_129' title='bbox 916 2013 1040 2058; x_wconf 90' lang='lat' dir='ltr'><strong>suuuut</strong></span> <span class='ocrx_word' id='word_1_130' title='bbox 1069 2003 1330 2070; x_wconf 68' lang='lat' dir='ltr'><strong>disrupta.</strong></span> <span class='ocrx_word' id='word_1_131' title='bbox 1356 2001 1466 2056; x_wconf 90' lang='lat' dir='ltr'><strong>lloc</strong></span> <span class='ocrx_word' id='word_1_132' title='bbox 1496 2001 1667 2055; x_wconf 90' lang='lat' dir='ltr'><strong>etiam-</strong></span> <span class='ocrx_word' id='word_1_133' title='bbox 1681 1999 1843 2066; x_wconf 57' lang='lat' dir='ltr'><strong>signi-</strong></span> 
     </span>
    </p>
   </div>
   <div class='ocr_carea' id='block_1_19' title="bbox 260 2089 1840 2169">
    <p class='ocr_par' dir='ltr' id='par_1_19' title="bbox 260 2089 1840 2169">
     <span class='ocr_line' id='line_1_19' title="bbox 260 2089 1840 2169; baseline -0.009 -15"><span class='ocrx_word' id='word_1_134' title='bbox 260 2105 466 2164; x_wconf 89' lang='lat' dir='ltr'><strong>tieasse,</strong></span> <span class='ocrx_word' id='word_1_135' title='bbox 499 2098 639 2169; x_wconf 84' lang='lat' dir='ltr'><strong>quod</strong></span> <span class='ocrx_word' id='word_1_136' title='bbox 679 2111 871 2152; x_wconf 85' lang='lat' dir='ltr'><strong>corvus</strong></span> <span class='ocrx_word' id='word_1_137' title='bbox 915 2097 1028 2149; x_wconf 86' lang='lat' dir='ltr'><strong>avis</strong></span> <span class='ocrx_word' id='word_1_138' title='bbox 1060 2092 1328 2148; x_wconf 88' lang='lat' dir='ltr'><strong>iununuuuuula</strong></span> <span class='ocrx_word' id='word_1_139' title='bbox 1371 2093 1559 2146; x_wconf 72' lang='lat' dir='ltr'><strong>exierit</strong></span> <span class='ocrx_word' id='word_1_140' title='bbox 1601 2089 1668 2144; x_wconf 89' lang='lat' dir='ltr'><strong>de</strong></span> <span class='ocrx_word' id='word_1_141' title='bbox 1695 2105 1724 2144; x_wconf 87' lang='lat' dir='ltr'><strong>a</strong></span> <span class='ocrx_word' id='word_1_142' title='bbox 1757 2105 1840 2154; x_wconf 81' lang='lat' dir='ltr'><strong>ea,</strong></span> 
     </span>
    </p>
   </div>
   <div class='ocr_carea' id='block_1_20' title="bbox 257 2182 1844 2256">
    <p class='ocr_par' dir='ltr' id='par_1_20' title="bbox 257 2182 1844 2256">
     <span class='ocr_line' id='line_1_20' title="bbox 257 2182 1844 2256; baseline -0.008 -9"><span class='ocrx_word' id='word_1_143' title='bbox 257 2203 308 2247; x_wconf 91' lang='lat' dir='ltr'><strong>et</strong></span> <span class='ocrx_word' id='word_1_144' title='bbox 342 2208 450 2246; x_wconf 89' lang='lat' dir='ltr'><strong>non</strong></span> <span class='ocrx_word' id='word_1_145' title='bbox 487 2190 720 2246; x_wconf 82' lang='lat' dir='ltr'><strong>redierit.</strong></span> <span class='ocrx_word' id='word_1_146' title='bbox 746 2182 1077 2256; x_wconf 65' lang='lat' dir='ltr'><strong>Quuue&#39;tamen</strong></span> <span class='ocrx_word' id='word_1_147' title='bbox 1117 2201 1237 2241; x_wconf 87' lang='lat' dir='ltr'><strong>arca</strong></span> <span class='ocrx_word' id='word_1_148' title='bbox 1269 2191 1496 2238; x_wconf 68' lang='lat' dir='ltr'><strong>exeunte</strong></span> <span class='ocrx_word' id='word_1_149' title='bbox 1535 2197 1698 2236; x_wconf 87' lang='lat' dir='ltr'><strong>curvo</strong></span> <span class='ocrx_word' id='word_1_150' title='bbox 1737 2195 1844 2237; x_wconf 84' lang='lat' dir='ltr'><strong>non</strong></span> 
     </span>
    </p>
   </div>
   <div class='ocr_carea' id='block_1_21' title="bbox 259 2271 1842 2354">
    <p class='ocr_par' dir='ltr' id='par_1_21' title="bbox 259 2271 1842 2354">
     <span class='ocr_line' id='line_1_21' title="bbox 259 2271 1842 2354; baseline -0.009 -16"><span class='ocrx_word' id='word_1_151' title='bbox 259 2286 444 2354; x_wconf 73' lang='lat' dir='ltr'><strong>tutique</strong></span> <span class='ocrx_word' id='word_1_152' title='bbox 472 2283 724 2338; x_wconf 90' lang='lat' dir='ltr'><strong>omnibus</strong></span> <span class='ocrx_word' id='word_1_153' title='bbox 763 2278 1052 2334; x_wconf 85' lang='lat' dir='ltr'><strong>immundis</strong></span> <span class='ocrx_word' id='word_1_154' title='bbox 1080 2277 1400 2330; x_wconf 70' lang='lat' dir='ltr'><strong>animalibus</strong></span> <span class='ocrx_word' id='word_1_155' title='bbox 1426 2274 1616 2338; x_wconf 88' lang='lat' dir='ltr'><strong>caruuit,</strong></span> <span class='ocrx_word' id='word_1_156' title='bbox 1657 2271 1750 2325; x_wconf 91' lang='lat' dir='ltr'><strong>scul</strong></span> <span class='ocrx_word' id='word_1_157' title='bbox 1792 2273 1842 2325; x_wconf 90' lang='lat' dir='ltr'><strong>iuu</strong></span> 
     </span>
    </p>
   </div>
   <div class='ocr_carea' id='block_1_22' title="bbox 255 2363 1844 2434">
    <p class='ocr_par' dir='ltr' id='par_1_22' title="bbox 255 2363 1844 2434">
     <span class='ocr_line' id='line_1_22' title="bbox 255 2363 1844 2434; baseline -0.009 -5"><span class='ocrx_word' id='word_1_158' title='bbox 255 2392 316 2429; x_wconf 79' lang='lat' dir='ltr'><strong>ea</strong></span> <span class='ocrx_word' id='word_1_159' title='bbox 349 2377 564 2430; x_wconf 80' lang='lat' dir='ltr'><strong>fuerunt</strong></span> <span class='ocrx_word' id='word_1_160' title='bbox 590 2381 642 2427; x_wconf 86' lang='lat' dir='ltr'><strong>et</strong></span> <span class='ocrx_word' id='word_1_161' title='bbox 675 2370 870 2426; x_wconf 88' lang='lat' dir='ltr'><strong>nuuuuda</strong></span> <span class='ocrx_word' id='word_1_162' title='bbox 899 2378 954 2424; x_wconf 91' lang='lat' dir='ltr'><strong>et</strong></span> <span class='ocrx_word' id='word_1_163' title='bbox 991 2367 1262 2422; x_wconf 87' lang='lat' dir='ltr'><strong>iunmutuuda</strong></span> <span class='ocrx_word' id='word_1_164' title='bbox 1295 2381 1459 2434; x_wconf 67' lang='lat' dir='ltr'><strong>usque</strong></span> <span class='ocrx_word' id='word_1_165' title='bbox 1489 2364 1554 2417; x_wconf 90' lang='lat' dir='ltr'><strong>ad</strong></span> <span class='ocrx_word' id='word_1_166' title='bbox 1585 2363 1844 2417; x_wconf 73' lang='lat' dir='ltr'><strong>diluvium</strong></span> 
     </span>
    </p>
   </div>
   <div class='ocr_carea' id='block_1_23' title="bbox 257 2454 1847 2538">
    <p class='ocr_par' dir='ltr' id='par_1_23' title="bbox 257 2454 1847 2538">
     <span class='ocr_line' id='line_1_23' title="bbox 257 2454 1847 2538; baseline -0.01 -15"><span class='ocrx_word' id='word_1_167' title='bbox 257 2465 418 2538; x_wconf 72' lang='lat' dir='ltr'><strong>(Ceu.</strong></span> <span class='ocrx_word' id='word_1_168' title='bbox 439 2483 512 2521; x_wconf 85' lang='lat' dir='ltr'><strong>vuu</strong></span> <span class='ocrx_word' id='word_1_169' title='bbox 540 2475 586 2519; x_wconf 85' lang='lat' dir='ltr'><strong>et</strong></span> <span class='ocrx_word' id='word_1_170' title='bbox 615 2461 749 2536; x_wconf 84' lang='lat' dir='ltr'><strong>vutt),</strong></span> <span class='ocrx_word' id='word_1_171' title='bbox 779 2463 915 2516; x_wconf 84' lang='lat' dir='ltr'><strong>sicut</strong></span> <span class='ocrx_word' id='word_1_172' title='bbox 944 2461 995 2514; x_wconf 87' lang='lat' dir='ltr'><strong>itu</strong></span> <span class='ocrx_word' id='word_1_173' title='bbox 1027 2458 1262 2514; x_wconf 90' lang='lat' dir='ltr'><strong>Ecclesia</strong></span> <span class='ocrx_word' id='word_1_174' title='bbox 1294 2455 1418 2510; x_wconf 88' lang='lat' dir='ltr'><strong>houui</strong></span> <span class='ocrx_word' id='word_1_175' title='bbox 1444 2465 1498 2510; x_wconf 92' lang='lat' dir='ltr'><strong>et</strong></span> <span class='ocrx_word' id='word_1_176' title='bbox 1525 2454 1648 2508; x_wconf 89' lang='lat' dir='ltr'><strong>mali</strong></span> <span class='ocrx_word' id='word_1_177' title='bbox 1681 2467 1847 2523; x_wconf 87' lang='lat' dir='ltr'><strong>usque</strong></span> 
     </span>
    </p>
   </div>
   <div class='ocr_carea' id='block_1_24' title="bbox 254 2545 1847 2613">
    <p class='ocr_par' dir='ltr' id='par_1_24' title="bbox 254 2545 1847 2613">
     <span class='ocr_line' id='line_1_24' title="bbox 254 2545 1847 2613; baseline -0.01 0"><span class='ocrx_word' id='word_1_178' title='bbox 254 2559 320 2613; x_wconf 88' lang='lat' dir='ltr'><strong>ad</strong></span> <span class='ocrx_word' id='word_1_179' title='bbox 353 2557 542 2612; x_wconf 70' lang='lat' dir='ltr'><strong>suecnli</strong></span> <span class='ocrx_word' id='word_1_180' title='bbox 571 2555 750 2609; x_wconf 87' lang='lat' dir='ltr'><strong>tinem.</strong></span> <span class='ocrx_word' id='word_1_181' title='bbox 789 2552 895 2607; x_wconf 87' lang='lat' dir='ltr'><strong>Sed</strong></span> <span class='ocrx_word' id='word_1_182' title='bbox 925 2553 1062 2606; x_wconf 91' lang='lat' dir='ltr'><strong>sicut</strong></span> <span class='ocrx_word' id='word_1_183' title='bbox 1095 2565 1201 2604; x_wconf 87' lang='lat' dir='ltr'><strong>non</strong></span> <span class='ocrx_word' id='word_1_184' title='bbox 1231 2548 1298 2602; x_wconf 92' lang='lat' dir='ltr'><strong>de</strong></span> <span class='ocrx_word' id='word_1_185' title='bbox 1329 2545 1634 2610; x_wconf 84' lang='lat' dir='ltr'><strong>immundis,</strong></span> <span class='ocrx_word' id='word_1_186' title='bbox 1663 2545 1754 2598; x_wconf 90' lang='lat' dir='ltr'><strong>sed</strong></span> <span class='ocrx_word' id='word_1_187' title='bbox 1783 2545 1847 2598; x_wconf 88' lang='lat' dir='ltr'><strong>de</strong></span> 
     </span>
    </p>
   </div>
   <div class='ocr_carea' id='block_1_25' title="bbox 257 2637 1847 2707">
    <p class='ocr_par' dir='ltr' id='par_1_25' title="bbox 257 2637 1847 2707">
     <span class='ocr_line' id='line_1_25' title="bbox 257 2637 1847 2707; baseline -0.011 -1"><span class='ocrx_word' id='word_1_188' title='bbox 257 2651 481 2707; x_wconf 88' lang='lat' dir='ltr'><strong>mundis</strong></span> <span class='ocrx_word' id='word_1_189' title='bbox 507 2647 824 2703; x_wconf 85' lang='lat' dir='ltr'><strong>animalibus</strong></span> <span class='ocrx_word' id='word_1_190' title='bbox 864 2645 976 2699; x_wconf 83' lang='lat' dir='ltr'><strong>Noe</strong></span> <span class='ocrx_word' id='word_1_191' title='bbox 1006 2642 1191 2698; x_wconf 84' lang='lat' dir='ltr'><strong>obtulit</strong></span> <span class='ocrx_word' id='word_1_192' title='bbox 1221 2639 1538 2696; x_wconf 82' lang='lat' dir='ltr'><strong>sacriﬁcium</strong></span> <span class='ocrx_word' id='word_1_193' title='bbox 1567 2654 1580 2701; x_wconf 90' lang='lat'><strong>;</strong></span> <span class='ocrx_word' id='word_1_194' title='bbox 1631 2637 1699 2690; x_wconf 90' lang='lat' dir='ltr'><strong>ita</strong></span> <span class='ocrx_word' id='word_1_195' title='bbox 1744 2651 1847 2689; x_wconf 88' lang='lat' dir='ltr'><strong>non</strong></span> 
     </span>
    </p>
   </div>
   <div class='ocr_carea' id='block_1_26' title="bbox 258 2729 1848 2814">
    <p class='ocr_par' dir='ltr' id='par_1_26' title="bbox 258 2729 1848 2814">
     <span class='ocr_line' id='line_1_26' title="bbox 258 2729 1848 2814; baseline -0.011 -18"><span class='ocrx_word' id='word_1_196' title='bbox 258 2744 292 2798; x_wconf 92' lang='lat' dir='ltr'><strong>ii</strong></span> <span class='ocrx_word' id='word_1_197' title='bbox 315 2743 410 2814; x_wconf 89' lang='lat' dir='ltr'><strong>quui</strong></span> <span class='ocrx_word' id='word_1_198' title='bbox 443 2739 567 2795; x_wconf 90' lang='lat' dir='ltr'><strong>mali</strong></span> <span class='ocrx_word' id='word_1_199' title='bbox 597 2748 718 2792; x_wconf 82' lang='lat' dir='ltr'><strong>sunt</strong></span> <span class='ocrx_word' id='word_1_200' title='bbox 749 2739 800 2792; x_wconf 88' lang='lat' dir='ltr'><strong>iuu</strong></span> <span class='ocrx_word' id='word_1_201' title='bbox 833 2735 1090 2800; x_wconf 79' lang='lat' dir='ltr'><strong>Ecclesia,</strong></span> <span class='ocrx_word' id='word_1_202' title='bbox 1118 2732 1212 2788; x_wconf 91' lang='lat' dir='ltr'><strong>sed</strong></span> <span class='ocrx_word' id='word_1_203' title='bbox 1243 2732 1275 2785; x_wconf 91' lang='lat' dir='ltr'><strong>ii</strong></span> <span class='ocrx_word' id='word_1_204' title='bbox 1303 2731 1391 2801; x_wconf 86' lang='lat' dir='ltr'><strong>qui</strong></span> <span class='ocrx_word' id='word_1_205' title='bbox 1422 2729 1545 2784; x_wconf 88' lang='lat' dir='ltr'><strong>boni</strong></span> <span class='ocrx_word' id='word_1_206' title='bbox 1575 2735 1696 2781; x_wconf 90' lang='lat' dir='ltr'><strong>sunt</strong></span> <span class='ocrx_word' id='word_1_207' title='bbox 1725 2741 1848 2796; x_wconf 79' lang='lat' dir='ltr'><strong>per-</strong></span> 
     </span>
    </p>
   </div>
   <div class='ocr_carea' id='block_1_27' title="bbox 260 2831 791 2888">
    <p class='ocr_par' dir='ltr' id='par_1_27' title="bbox 260 2831 791 2888">
     <span class='ocr_line' id='line_1_27' title="bbox 260 2831 791 2888; baseline -0.009 0"><span class='ocrx_word' id='word_1_208' title='bbox 260 2837 492 2888; x_wconf 85' lang='lat' dir='ltr'><strong>veniunt</strong></span> <span class='ocrx_word' id='word_1_209' title='bbox 512 2831 576 2887; x_wconf 87' lang='lat' dir='ltr'><strong>ad</strong></span> <span class='ocrx_word' id='word_1_210' title='bbox 605 2832 791 2885; x_wconf 90' lang='lat' dir='ltr'><strong>Deum.</strong></span> 
     </span>
    </p>
   </div>
   <div class='ocr_carea' id='block_1_28' title="bbox 335 2911 1852 2990">
    <p class='ocr_par' dir='ltr' id='par_1_28' title="bbox 335 2911 1852 2990">
     <span class='ocr_line' id='line_1_28' title="bbox 335 2911 1852 2990; baseline -0.009 -11"><span class='ocrx_word' id='word_1_211' title='bbox 335 2927 430 2980; x_wconf 73' lang='grc'><strong>17.</strong></span> <span class='ocrx_word' id='word_1_212' title='bbox 477 2924 551 2978; x_wconf 90' lang='lat' dir='ltr'><strong>De</strong></span> <span class='ocrx_word' id='word_1_213' title='bbox 578 2921 860 2990; x_wconf 79' lang='lat' dir='ltr'><strong>PrOphctis</strong></span> <span class='ocrx_word' id='word_1_214' title='bbox 903 2920 1080 2981; x_wconf 87' lang='lat' dir='ltr'><strong>etiam,</strong></span> <span class='ocrx_word' id='word_1_215' title='bbox 1115 2917 1236 2988; x_wconf 87' lang='lat' dir='ltr'><strong>quia</strong></span> <span class='ocrx_word' id='word_1_216' title='bbox 1277 2915 1520 2969; x_wconf 77' lang='lat' dir='ltr'><strong>dixerant</strong></span> <span class='ocrx_word' id='word_1_217' title='bbox 1563 2911 1852 2966; x_wconf 74' lang='lat' dir='ltr'><strong>Denatista:</strong></span> 
     </span>
    </p>
   </div>
   <div class='ocr_carea' id='block_1_29' title="bbox 261 3005 1852 3080">
    <p class='ocr_par' dir='ltr' id='par_1_29' title="bbox 261 3005 1852 3080">
     <span class='ocr_line' id='line_1_29' title="bbox 261 3005 1852 3080; baseline -0.009 -8"><span class='ocrx_word' id='word_1_218' title='bbox 261 3019 318 3072; x_wconf 87' lang='lat' dir='ltr'><strong>iuu</strong></span> <span class='ocrx_word' id='word_1_219' title='bbox 352 3015 552 3071; x_wconf 89' lang='lat' dir='ltr'><strong>litteris</strong></span> <span class='ocrx_word' id='word_1_220' title='bbox 581 3015 711 3080; x_wconf 88' lang='lat' dir='ltr'><strong>suis,</strong></span> <span class='ocrx_word' id='word_1_221' title='bbox 737 3028 840 3067; x_wconf 88' lang='lat' dir='ltr'><strong>uuon</strong></span> <span class='ocrx_word' id='word_1_222' title='bbox 883 3027 975 3067; x_wconf 92' lang='lat' dir='ltr'><strong>eos</strong></span> <span class='ocrx_word' id='word_1_223' title='bbox 1013 3008 1408 3064; x_wconf 87' lang='lat' dir='ltr'><strong>communicare</strong></span> <span class='ocrx_word' id='word_1_224' title='bbox 1469 3006 1572 3060; x_wconf 91' lang='lat' dir='ltr'><strong>illis</strong></span> <span class='ocrx_word' id='word_1_225' title='bbox 1621 3005 1672 3058; x_wconf 87' lang='lat' dir='ltr'><strong>iuu</strong></span> <span class='ocrx_word' id='word_1_226' title='bbox 1717 3018 1852 3074; x_wconf 91' lang='lat' dir='ltr'><strong>quos</strong></span> 
     </span>
    </p>
   </div>
   <div class='ocr_carea' id='block_1_30' title="bbox 256 3095 1852 3172">
    <p class='ocr_par' dir='ltr' id='par_1_30' title="bbox 256 3095 1852 3172">
     <span class='ocr_line' id='line_1_30' title="bbox 256 3095 1852 3172; baseline -0.008 -10"><span class='ocrx_word' id='word_1_227' title='bbox 256 3110 408 3163; x_wconf 88' lang='lat' dir='ltr'><strong>mala</strong></span> <span class='ocrx_word' id='word_1_228' title='bbox 451 3117 592 3162; x_wconf 85' lang='lat' dir='ltr'><strong>tanta</strong></span> <span class='ocrx_word' id='word_1_229' title='bbox 633 3105 911 3169; x_wconf 74' lang='lat' dir='ltr'><strong>dixerunt;</strong></span> <span class='ocrx_word' id='word_1_230' title='bbox 958 3099 1347 3172; x_wconf 89' lang='lat' dir='ltr'><strong>respouuderunt</strong></span> <span class='ocrx_word' id='word_1_231' title='bbox 1385 3095 1664 3162; x_wconf 84' lang='lat' dir='ltr'><strong>Catholici,</strong></span> <span class='ocrx_word' id='word_1_232' title='bbox 1711 3095 1852 3166; x_wconf 80' lang='grc' dir='ltr'><strong>(ιιιυά</strong></span> 
     </span>
    </p>
   </div>
   <div class='ocr_carea' id='block_1_31' title="bbox 257 3189 1854 3267">
    <p class='ocr_par' dir='ltr' id='par_1_31' title="bbox 257 3189 1854 3267">
     <span class='ocr_line' id='line_1_31' title="bbox 257 3189 1854 3267; baseline -0.009 -11"><span class='ocrx_word' id='word_1_233' title='bbox 257 3215 437 3256; x_wconf 85' lang='grc' dir='ltr'><strong>ιιιιιιιιι</strong></span> <span class='ocrx_word' id='word_1_234' title='bbox 484 3198 736 3267; x_wconf 78' lang='lat' dir='ltr'><strong>templum</strong></span> <span class='ocrx_word' id='word_1_235' title='bbox 781 3193 937 3250; x_wconf 83' lang='lat' dir='ltr'><strong>fuerit</strong></span> <span class='ocrx_word' id='word_1_236' title='bbox 979 3207 1085 3262; x_wconf 91' lang='lat' dir='ltr'><strong>quuo</strong></span> <span class='ocrx_word' id='word_1_237' title='bbox 1129 3189 1360 3246; x_wconf 85' lang='lat' dir='ltr'><strong>universi</strong></span> <span class='ocrx_word' id='word_1_238' title='bbox 1406 3189 1710 3252; x_wconf 88' lang='lat' dir='ltr'><strong>utebantur,</strong></span> <span class='ocrx_word' id='word_1_239' title='bbox 1756 3201 1854 3241; x_wconf 91' lang='lat' dir='ltr'><strong>uuec</strong></span> 
     </span>
    </p>
   </div>
   <div class='ocr_carea' id='block_1_32' title="bbox 256 3278 1855 3362">
    <p class='ocr_par' dir='ltr' id='par_1_32' title="bbox 256 3278 1855 3362">
     <span class='ocr_line' id='line_1_32' title="bbox 256 3278 1855 3362; baseline -0.011 -15"><span class='ocrx_word' id='word_1_240' title='bbox 256 3306 592 3362; x_wconf 85' lang='lat' dir='ltr'><strong>quemquam</strong></span> <span class='ocrx_word' id='word_1_241' title='bbox 623 3287 1032 3356; x_wconf 82' lang='lat' dir='ltr'><strong>Prophetarum,</strong></span> <span class='ocrx_word' id='word_1_242' title='bbox 1062 3283 1148 3352; x_wconf 90' lang='lat' dir='ltr'><strong>quti</strong></span> <span class='ocrx_word' id='word_1_243' title='bbox 1196 3290 1338 3335; x_wconf 86' lang='lat' dir='ltr'><strong>tanta</strong></span> <span class='ocrx_word' id='word_1_244' title='bbox 1385 3279 1634 3334; x_wconf 78' lang='lat' dir='ltr'><strong>dixerunt</strong></span> <span class='ocrx_word' id='word_1_245' title='bbox 1662 3278 1715 3332; x_wconf 91' lang='lat' dir='ltr'><strong>in</strong></span> <span class='ocrx_word' id='word_1_246' title='bbox 1744 3293 1855 3331; x_wconf 53' lang='lat' dir='ltr'><strong>nua.</strong></span> 
     </span>
    </p>
   </div>
   <div class='ocr_carea' id='block_1_33' title="bbox 255 3369 1854 3446">
    <p class='ocr_par' dir='ltr' id='par_1_33' title="bbox 255 3369 1854 3446">
     <span class='ocr_line' id='line_1_33' title="bbox 255 3369 1854 3446; baseline -0.012 -8"><span class='ocrx_word' id='word_1_247' title='bbox 255 3385 366 3446; x_wconf 79' lang='lat' dir='ltr'><strong>lus,</strong></span> <span class='ocrx_word' id='word_1_248' title='bbox 403 3378 748 3436; x_wconf 82' lang='lat' dir='ltr'><strong>constituisse</strong></span> <span class='ocrx_word' id='word_1_249' title='bbox 771 3375 872 3430; x_wconf 88' lang='lat' dir='ltr'><strong>sibi</strong></span> <span class='ocrx_word' id='word_1_250' title='bbox 897 3373 1036 3426; x_wconf 84' lang='lat' dir='ltr'><strong>aliud</strong></span> <span class='ocrx_word' id='word_1_251' title='bbox 1065 3371 1340 3441; x_wconf 88' lang='lat' dir='ltr'><strong>templum,</strong></span> <span class='ocrx_word' id='word_1_252' title='bbox 1373 3369 1650 3435; x_wconf 87' lang='lat' dir='ltr'><strong>sacritieia,</strong></span> <span class='ocrx_word' id='word_1_253' title='bbox 1674 3382 1854 3422; x_wconf 85' lang='lat' dir='ltr'><strong>sacer-</strong></span> 
     </span>
    </p>
   </div>
   <div class='ocr_carea' id='block_1_34' title="bbox 253 3459 1858 3539">
    <p class='ocr_par' dir='ltr' id='par_1_34' title="bbox 253 3459 1858 3539">
     <span class='ocr_line' id='line_1_34' title="bbox 253 3459 1858 3539; baseline -0.011 -12"><span class='ocrx_word' id='word_1_254' title='bbox 253 3473 454 3527; x_wconf 81' lang='lat' dir='ltr'><strong>dotes.</strong></span> <span class='ocrx_word' id='word_1_255' title='bbox 501 3469 569 3522; x_wconf 84' lang='lat' dir='ltr'><strong>Et</strong></span> <span class='ocrx_word' id='word_1_256' title='bbox 604 3465 744 3536; x_wconf 89' lang='lat' dir='ltr'><strong>quod</strong></span> <span class='ocrx_word' id='word_1_257' title='bbox 793 3463 1078 3518; x_wconf 72' lang='lat' dir='ltr'><strong>Donatista:</strong></span> <span class='ocrx_word' id='word_1_258' title='bbox 1111 3462 1160 3515; x_wconf 91' lang='lat' dir='ltr'><strong>iuu</strong></span> <span class='ocrx_word' id='word_1_259' title='bbox 1194 3460 1384 3516; x_wconf 89' lang='lat' dir='ltr'><strong>litteris</strong></span> <span class='ocrx_word' id='word_1_260' title='bbox 1413 3459 1532 3539; x_wconf 78' lang='lat' dir='ltr'><strong>suis</strong></span> <span class='ocrx_word' id='word_1_261' title='bbox 1568 3465 1858 3528; x_wconf 88' lang='lat' dir='ltr'><strong>posuerunt</strong></span> 
     </span>
    </p>
   </div>
   <div class='ocr_carea' id='block_1_35' title="bbox 255 3551 1853 3627">
    <p class='ocr_par' dir='ltr' id='par_1_35' title="bbox 255 3551 1853 3627">
     <span class='ocr_line' id='line_1_35' title="bbox 255 3551 1853 3627; baseline -0.009 -7"><span class='ocrx_word' id='word_1_262' title='bbox 255 3560 588 3622; x_wconf 87' lang='lat' dir='ltr'><strong>testiunouuia</strong></span> <span class='ocrx_word' id='word_1_263' title='bbox 611 3559 1024 3627; x_wconf 83' lang='lat' dir='ltr'><strong>Scriptuurarum,</strong></span> <span class='ocrx_word' id='word_1_264' title='bbox 1045 3555 1235 3626; x_wconf 88' lang='lat' dir='ltr'><strong>quibus</strong></span> <span class='ocrx_word' id='word_1_265' title='bbox 1261 3553 1605 3608; x_wconf 88' lang='lat' dir='ltr'><strong>ostenderent</strong></span> <span class='ocrx_word' id='word_1_266' title='bbox 1633 3551 1697 3604; x_wconf 89' lang='lat' dir='ltr'><strong>aul</strong></span> <span class='ocrx_word' id='word_1_267' title='bbox 1726 3567 1853 3622; x_wconf 81' lang='lat' dir='ltr'><strong>pec-</strong></span> 
     </span>
    </p>
   </div>
   <div class='ocr_carea' id='block_1_36' title="bbox 256 3646 1855 3724">
    <p class='ocr_par' dir='ltr' id='par_1_36' title="bbox 256 3646 1855 3724">
     <span class='ocr_line' id='line_1_36' title="bbox 256 3646 1855 3724; baseline -0.008 -13"><span class='ocrx_word' id='word_1_268' title='bbox 256 3668 385 3711; x_wconf 87' lang='lat' dir='ltr'><strong>cata</strong></span> <span class='ocrx_word' id='word_1_269' title='bbox 413 3662 696 3724; x_wconf 88' lang='lat' dir='ltr'><strong>pareuutum</strong></span> <span class='ocrx_word' id='word_1_270' title='bbox 724 3649 882 3703; x_wconf 90' lang='lat' dir='ltr'><strong>etiam</strong></span> <span class='ocrx_word' id='word_1_271' title='bbox 913 3649 1049 3702; x_wconf 88' lang='lat' dir='ltr'><strong>tilius</strong></span> <span class='ocrx_word' id='word_1_272' title='bbox 1077 3647 1374 3718; x_wconf 85' lang='lat' dir='ltr'><strong>pertinere;</strong></span> <span class='ocrx_word' id='word_1_273' title='bbox 1407 3662 1525 3700; x_wconf 85' lang='lat' dir='ltr'><strong>cuum</strong></span> <span class='ocrx_word' id='word_1_274' title='bbox 1551 3646 1651 3700; x_wconf 88' lang='lat' dir='ltr'><strong>luoc</strong></span> <span class='ocrx_word' id='word_1_275' title='bbox 1669 3647 1855 3716; x_wconf 85' lang='lat' dir='ltr'><strong>utique</strong></span> 
     </span>
    </p>
   </div>
   <div class='ocr_carea' id='block_1_37' title="bbox 257 3735 1858 3815">
    <p class='ocr_par' dir='ltr' id='par_1_37' title="bbox 257 3735 1858 3815">
     <span class='ocr_line' id='line_1_37' title="bbox 257 3735 1858 3815; baseline -0.006 -16"><span class='ocrx_word' id='word_1_276' title='bbox 257 3758 550 3815; x_wconf 68' lang='lat' dir='ltr'><strong>numquam</strong></span> <span class='ocrx_word' id='word_1_277' title='bbox 594 3749 735 3796; x_wconf 88' lang='lat' dir='ltr'><strong>recte</strong></span> <span class='ocrx_word' id='word_1_278' title='bbox 766 3740 1092 3793; x_wconf 89' lang='lat' dir='ltr'><strong>intellectuum</strong></span> <span class='ocrx_word' id='word_1_279' title='bbox 1135 3739 1222 3800; x_wconf 80' lang='lat' dir='ltr'><strong>sit,</strong></span> <span class='ocrx_word' id='word_1_280' title='bbox 1257 3738 1354 3790; x_wconf 89' lang='lat' dir='ltr'><strong>nisi</strong></span> <span class='ocrx_word' id='word_1_281' title='bbox 1399 3737 1464 3790; x_wconf 85' lang='lat' dir='ltr'><strong>de</strong></span> <span class='ocrx_word' id='word_1_282' title='bbox 1510 3736 1576 3790; x_wconf 90' lang='lat' dir='ltr'><strong>iis</strong></span> <span class='ocrx_word' id='word_1_283' title='bbox 1603 3735 1726 3790; x_wconf 72' lang='lat' dir='ltr'><strong>(iliis</strong></span> <span class='ocrx_word' id='word_1_284' title='bbox 1767 3737 1858 3804; x_wconf 88' lang='lat' dir='ltr'><strong>qui</strong></span> 
     </span>
    </p>
   </div>
   <div class='ocr_carea' id='block_1_38' title="bbox 261 3825 1859 3908">
    <p class='ocr_par' dir='ltr' id='par_1_38' title="bbox 261 3825 1859 3908">
     <span class='ocr_line' id='line_1_38' title="bbox 261 3825 1859 3908; baseline -0.008 -20"><span class='ocrx_word' id='word_1_285' title='bbox 261 3842 560 3908; x_wconf 81' lang='lat' dir='ltr'><strong>parentum</strong></span> <span class='ocrx_word' id='word_1_286' title='bbox 597 3831 902 3902; x_wconf 86' lang='lat' dir='ltr'><strong>iniquitates</strong></span> <span class='ocrx_word' id='word_1_287' title='bbox 935 3829 1306 3884; x_wconf 84' lang='lat' dir='ltr'><strong>imitarentur:</strong></span> <span class='ocrx_word' id='word_1_288' title='bbox 1343 3825 1732 3895; x_wconf 78' lang='lat' dir='ltr'><strong>reSpondet‘unt</strong></span> <span class='ocrx_word' id='word_1_289' title='bbox 1760 3826 1859 3879; x_wconf 82' lang='lat' dir='ltr'><strong>Ca—</strong></span> 
     </span>
    </p>
   </div>
   <div class='ocr_carea' id='block_1_39' title="bbox 262 3915 1858 3988">
    <p class='ocr_par' dir='ltr' id='par_1_39' title="bbox 262 3915 1858 3988">
     <span class='ocr_line' id='line_1_39' title="bbox 262 3915 1858 3988; baseline -0.008 -6"><span class='ocrx_word' id='word_1_290' title='bbox 262 3924 488 3988; x_wconf 89' lang='lat' dir='ltr'><strong>tholici,</strong></span> <span class='ocrx_word' id='word_1_291' title='bbox 516 3938 634 3978; x_wconf 91' lang='lat' dir='ltr'><strong>cum</strong></span> <span class='ocrx_word' id='word_1_292' title='bbox 679 3931 820 3975; x_wconf 89' lang='lat' dir='ltr'><strong>tauuta</strong></span> <span class='ocrx_word' id='word_1_293' title='bbox 861 3920 914 3974; x_wconf 91' lang='lat' dir='ltr'><strong>in</strong></span> <span class='ocrx_word' id='word_1_294' title='bbox 947 3920 1092 3973; x_wconf 89' lang='lat' dir='ltr'><strong>illum</strong></span> <span class='ocrx_word' id='word_1_295' title='bbox 1134 3917 1383 3988; x_wconf 79' lang='lat' dir='ltr'><strong>populant</strong></span> <span class='ocrx_word' id='word_1_296' title='bbox 1413 3925 1466 3972; x_wconf 90' lang='lat' dir='ltr'><strong>et</strong></span> <span class='ocrx_word' id='word_1_297' title='bbox 1492 3916 1680 3972; x_wconf 86' lang='lat' dir='ltr'><strong>acerba</strong></span> <span class='ocrx_word' id='word_1_298' title='bbox 1719 3915 1858 3970; x_wconf 75' lang='lat' dir='ltr'><strong>diu-ta</strong></span> 
     </span>
    </p>
   </div>
   <div class='ocr_carea' id='block_1_40' title="bbox 260 4005 1860 4082">
    <p class='ocr_par' dir='ltr' id='par_1_40' title="bbox 260 4005 1860 4082">
     <span class='ocr_line' id='line_1_40' title="bbox 260 4005 1860 4082; baseline -0.008 -10"><span class='ocrx_word' id='word_1_299' title='bbox 260 4018 374 4072; x_wconf 87' lang='lat' dir='ltr'><strong>sint</strong></span> <span class='ocrx_word' id='word_1_300' title='bbox 407 4015 608 4070; x_wconf 88' lang='lat' dir='ltr'><strong>divinis</strong></span> <span class='ocrx_word' id='word_1_301' title='bbox 638 4013 884 4082; x_wconf 88' lang='lat' dir='ltr'><strong>eloquiis,</strong></span> <span class='ocrx_word' id='word_1_302' title='bbox 915 4025 1032 4081; x_wconf 75' lang='lat' dir='ltr'><strong>qua:</strong></span> <span class='ocrx_word' id='word_1_303' title='bbox 1069 4009 1230 4064; x_wconf 78' lang='lat' dir='ltr'><strong>etiarn</strong></span> <span class='ocrx_word' id='word_1_304' title='bbox 1272 4008 1370 4077; x_wconf 87' lang='lat' dir='ltr'><strong>ipsi</strong></span> <span class='ocrx_word' id='word_1_305' title='bbox 1411 4009 1464 4062; x_wconf 90' lang='lat' dir='ltr'><strong>in</strong></span> <span class='ocrx_word' id='word_1_306' title='bbox 1511 4007 1622 4062; x_wconf 90' lang='lat' dir='ltr'><strong>suis</strong></span> <span class='ocrx_word' id='word_1_307' title='bbox 1669 4005 1860 4060; x_wconf 90' lang='lat' dir='ltr'><strong>litteris</strong></span> 
     </span>
    </p>
   </div>
   <div class='ocr_carea' id='block_1_41' title="bbox 261 4097 1858 4170">
    <p class='ocr_par' dir='ltr' id='par_1_41' title="bbox 261 4097 1858 4170">
     <span class='ocr_line' id='line_1_41' title="bbox 261 4097 1858 4170; baseline -0.006 -8"><span class='ocrx_word' id='word_1_308' title='bbox 261 4112 860 4168; x_wconf 76' lang='lat' dir='ltr'><strong>commemoraverunt,</strong></span> <span class='ocrx_word' id='word_1_309' title='bbox 891 4109 948 4154; x_wconf 90' lang='lat' dir='ltr'><strong>ut</strong></span> <span class='ocrx_word' id='word_1_310' title='bbox 983 4100 1132 4170; x_wconf 88' lang='lat' dir='ltr'><strong>quuasi</strong></span> <span class='ocrx_word' id='word_1_311' title='bbox 1183 4099 1359 4152; x_wconf 87' lang='lat' dir='ltr'><strong>nnlluus</strong></span> <span class='ocrx_word' id='word_1_312' title='bbox 1391 4098 1497 4152; x_wconf 93' lang='lat' dir='ltr'><strong>illic</strong></span> <span class='ocrx_word' id='word_1_313' title='bbox 1537 4097 1858 4152; x_wconf 77' lang='lat' dir='ltr'><strong>remansisse</strong></span> 
     </span>
    </p>
   </div>
   <div class='ocr_carea' id='block_1_42' title="bbox 262 4187 1860 4259">
    <p class='ocr_par' dir='ltr' id='par_1_42' title="bbox 262 4187 1860 4259">
     <span class='ocr_line' id='line_1_42' title="bbox 262 4187 1860 4259; baseline -0.005 -8"><span class='ocrx_word' id='word_1_314' title='bbox 262 4196 556 4251; x_wconf 78' lang='lat' dir='ltr'><strong>videretur</strong></span> <span class='ocrx_word' id='word_1_315' title='bbox 602 4191 805 4255; x_wconf 86' lang='lat' dir='ltr'><strong>bonus;</strong></span> <span class='ocrx_word' id='word_1_316' title='bbox 841 4206 945 4244; x_wconf 88' lang='lat' dir='ltr'><strong>non</strong></span> <span class='ocrx_word' id='word_1_317' title='bbox 975 4189 1146 4243; x_wconf 88' lang='lat' dir='ltr'><strong>solum</strong></span> <span class='ocrx_word' id='word_1_318' title='bbox 1179 4189 1246 4243; x_wconf 91' lang='lat' dir='ltr'><strong>ibi</strong></span> <span class='ocrx_word' id='word_1_319' title='bbox 1298 4187 1511 4242; x_wconf 84' lang='lat' dir='ltr'><strong>l&#39;ncrunt</strong></span> <span class='ocrx_word' id='word_1_320' title='bbox 1555 4189 1713 4243; x_wconf 88' lang='lat' dir='ltr'><strong>iidem</strong></span> <span class='ocrx_word' id='word_1_321' title='bbox 1759 4189 1860 4259; x_wconf 92' lang='lat' dir='ltr'><strong>ipsi</strong></span> 
     </span>
    </p>
   </div>
   <div class='ocr_carea' id='block_1_43' title="bbox 264 4279 1860 4356">
    <p class='ocr_par' dir='ltr' id='par_1_43' title="bbox 264 4279 1860 4356">
     <span class='ocr_line' id='line_1_43' title="bbox 264 4279 1860 4356; baseline -0.005 -14"><span class='ocrx_word' id='word_1_322' title='bbox 264 4285 565 4356; x_wconf 69' lang='lat' dir='ltr'><strong>Propheta:</strong></span> <span class='ocrx_word' id='word_1_323' title='bbox 595 4283 785 4347; x_wconf 90' lang='lat' dir='ltr'><strong>sancti,</strong></span> <span class='ocrx_word' id='word_1_324' title='bbox 821 4296 1001 4334; x_wconf 88' lang='lat' dir='ltr'><strong>veruuuu</strong></span> <span class='ocrx_word' id='word_1_325' title='bbox 1031 4280 1191 4335; x_wconf 88' lang='lat' dir='ltr'><strong>etiam</strong></span> <span class='ocrx_word' id='word_1_326' title='bbox 1217 4296 1280 4334; x_wconf 77' lang='lat' dir='ltr'><strong>ex</strong></span> <span class='ocrx_word' id='word_1_327' title='bbox 1313 4279 1428 4348; x_wconf 87' lang='lat' dir='ltr'><strong>ipso</strong></span> <span class='ocrx_word' id='word_1_328' title='bbox 1459 4279 1654 4350; x_wconf 88' lang='lat' dir='ltr'><strong>populo</strong></span> <span class='ocrx_word' id='word_1_329' title='bbox 1689 4281 1860 4334; x_wconf 83' lang='lat' dir='ltr'><strong>exorti</strong></span> 
     </span>
    </p>
   </div>
   <div class='ocr_carea' id='block_1_44' title="bbox 263 4371 1861 4446">
    <p class='ocr_par' dir='ltr' id='par_1_44' title="bbox 263 4371 1861 4446">
     <span class='ocr_line' id='line_1_44' title="bbox 263 4371 1861 4446; baseline -0.003 -16"><span class='ocrx_word' id='word_1_330' title='bbox 263 4387 467 4442; x_wconf 80' lang='lat' dir='ltr'><strong>erant,</strong></span> <span class='ocrx_word' id='word_1_331' title='bbox 511 4389 646 4446; x_wconf 86' lang='lat' dir='ltr'><strong>quos</strong></span> <span class='ocrx_word' id='word_1_332' title='bbox 695 4375 808 4444; x_wconf 88' lang='lat' dir='ltr'><strong>ipse</strong></span> <span class='ocrx_word' id='word_1_333' title='bbox 852 4373 1106 4426; x_wconf 90' lang='lat' dir='ltr'><strong>Dominus</strong></span> <span class='ocrx_word' id='word_1_334' title='bbox 1154 4371 1205 4425; x_wconf 87' lang='lat' dir='ltr'><strong>iuu</strong></span> <span class='ocrx_word' id='word_1_335' title='bbox 1251 4387 1362 4426; x_wconf 70' lang='lat' dir='ltr'><strong>suae</strong></span> <span class='ocrx_word' id='word_1_336' title='bbox 1405 4371 1582 4433; x_wconf 79' lang='lat' dir='ltr'><strong>carnis</strong></span> <span class='ocrx_word' id='word_1_337' title='bbox 1633 4372 1861 4426; x_wconf 88' lang='lat' dir='ltr'><strong>adventu</strong></span> 
     </span>
    </p>
   </div>
   <div class='ocr_carea' id='block_1_45' title="bbox 263 4462 1866 4536">
    <p class='ocr_par' dir='ltr' id='par_1_45' title="bbox 263 4462 1866 4536">
     <span class='ocr_line' id='line_1_45' title="bbox 263 4462 1866 4536; baseline -0.004 -12"><span class='ocrx_word' id='word_1_338' title='bbox 263 4468 580 4524; x_wconf 83' lang='lat' dir='ltr'><strong>laudabiles</strong></span> <span class='ocrx_word' id='word_1_339' title='bbox 609 4465 825 4536; x_wconf 85' lang='lat' dir='ltr'><strong>reperit,</strong></span> <span class='ocrx_word' id='word_1_340' title='bbox 855 4465 992 4534; x_wconf 85' lang='lat' dir='ltr'><strong>sicut</strong></span> <span class='ocrx_word' id='word_1_341' title='bbox 1036 4462 1248 4518; x_wconf 86' lang='lat' dir='ltr'><strong>fuerunt</strong></span> <span class='ocrx_word' id='word_1_342' title='bbox 1285 4462 1572 4518; x_wconf 79' lang='lat' dir='ltr'><strong>Zacharias</strong></span> <span class='ocrx_word' id='word_1_343' title='bbox 1597 4473 1652 4519; x_wconf 92' lang='lat' dir='ltr'><strong>et</strong></span> <span class='ocrx_word' id='word_1_344' title='bbox 1693 4464 1866 4519; x_wconf 82' lang='lat' dir='ltr'><strong>Elisa-</strong></span> 
     </span>
    </p>
   </div>
   <div class='ocr_carea' id='block_1_46' title="bbox 209 4545 1861 4628">
    <p class='ocr_par' dir='ltr' id='par_1_46' title="bbox 209 4545 1861 4628">
     <span class='ocr_line' id='line_1_46' title="bbox 209 4545 1861 4628; baseline -0.004 -12"><span class='ocrx_word' id='word_1_345' title='bbox 209 4545 224 4556; x_wconf 71' lang='grc'><em>’</em></span> <span class='ocrx_word' id='word_1_346' title='bbox 265 4563 430 4628; x_wconf 83' lang='lat' dir='ltr'><strong>bellu,</strong></span> <span class='ocrx_word' id='word_1_347' title='bbox 479 4566 536 4612; x_wconf 86' lang='lat' dir='ltr'><strong>et</strong></span> <span class='ocrx_word' id='word_1_348' title='bbox 579 4558 715 4611; x_wconf 89' lang='lat' dir='ltr'><strong>sicut</strong></span> <span class='ocrx_word' id='word_1_349' title='bbox 755 4555 986 4610; x_wconf 84' lang='lat' dir='ltr'><strong>Joannes</strong></span> <span class='ocrx_word' id='word_1_350' title='bbox 1032 4554 1170 4608; x_wconf 76' lang='lat' dir='ltr'><strong>[ilius</strong></span> <span class='ocrx_word' id='word_1_351' title='bbox 1207 4569 1414 4620; x_wconf 87' lang='lat' dir='ltr'><strong>eorum,</strong></span> <span class='ocrx_word' id='word_1_352' title='bbox 1459 4555 1599 4609; x_wconf 88' lang='lat' dir='ltr'><strong>sicuut</strong></span> <span class='ocrx_word' id='word_1_353' title='bbox 1645 4554 1861 4610; x_wconf 87' lang='lat' dir='ltr'><strong>Siuneon</strong></span> 
     </span>
    </p>
   </div>
   <div class='ocr_carea' id='block_1_47' title="bbox 265 4643 1865 4718">
    <p class='ocr_par' dir='ltr' id='par_1_47' title="bbox 265 4643 1865 4718">
     <span class='ocr_line' id='line_1_47' title="bbox 265 4643 1865 4718; baseline -0.006 -10"><span class='ocrx_word' id='word_1_354' title='bbox 265 4669 446 4708; x_wconf 78' lang='lat' dir='ltr'><strong>senex</strong></span> <span class='ocrx_word' id='word_1_355' title='bbox 495 4658 549 4705; x_wconf 88' lang='lat' dir='ltr'><strong>ct</strong></span> <span class='ocrx_word' id='word_1_356' title='bbox 591 4650 742 4704; x_wconf 85' lang='lat' dir='ltr'><strong>Anna</strong></span> <span class='ocrx_word' id='word_1_357' title='bbox 791 4645 943 4700; x_wconf 86' lang='lat' dir='ltr'><strong>vidua</strong></span> <span class='ocrx_word' id='word_1_358' title='bbox 992 4644 1142 4718; x_wconf 82' lang='lat' dir='ltr'><strong>(Luc.</strong></span> <span class='ocrx_word' id='word_1_359' title='bbox 1180 4654 1278 4700; x_wconf 86' lang='lat' dir='ltr'><strong>tet</strong></span> <span class='ocrx_word' id='word_1_360' title='bbox 1321 4643 1400 4715; x_wconf 86' lang='lat' dir='ltr'><strong>ut).</strong></span> <span class='ocrx_word' id='word_1_361' title='bbox 1452 4645 1600 4700; x_wconf 68' lang='lat' dir='ltr'><strong>[nde</strong></span> <span class='ocrx_word' id='word_1_362' title='bbox 1647 4657 1865 4716; x_wconf 82' lang='lat' dir='ltr'><strong>apparet</strong></span> 
     </span>
    </p>
   </div>
   <div class='ocr_carea' id='block_1_48' title="bbox 265 4735 1866 4814">
    <p class='ocr_par' dir='ltr' id='par_1_48' title="bbox 265 4735 1866 4814">
     <span class='ocr_line' id='line_1_48' title="bbox 265 4735 1866 4814; baseline -0.003 -17"><span class='ocrx_word' id='word_1_363' title='bbox 265 4758 442 4814; x_wconf 87' lang='lat' dir='ltr'><strong>quam</strong></span> <span class='ocrx_word' id='word_1_364' title='bbox 497 4739 676 4809; x_wconf 87' lang='lat' dir='ltr'><strong>impie,</strong></span> <span class='ocrx_word' id='word_1_365' title='bbox 705 4753 862 4808; x_wconf 87' lang='lat' dir='ltr'><strong>qnam</strong></span> <span class='ocrx_word' id='word_1_366' title='bbox 905 4735 1236 4791; x_wconf 88' lang='lat' dir='ltr'><strong>caluumniose</strong></span> <span class='ocrx_word' id='word_1_367' title='bbox 1272 4735 1632 4804; x_wconf 88' lang='lat' dir='ltr'><strong>objicerentur</strong></span> <span class='ocrx_word' id='word_1_368' title='bbox 1669 4735 1866 4792; x_wconf 85' lang='lat' dir='ltr'><strong>Catho-</strong></span> 
     </span>
    </p>
   </div>
   <div class='ocr_carea' id='block_1_49' title="bbox 265 4825 1868 4892">
    <p class='ocr_par' dir='ltr' id='par_1_49' title="bbox 265 4825 1868 4892">
     <span class='ocr_line' id='line_1_49' title="bbox 265 4825 1868 4892; baseline -0.004 -4"><span class='ocrx_word' id='word_1_369' title='bbox 265 4835 397 4889; x_wconf 83' lang='lat' dir='ltr'><strong>licis</strong></span> <span class='ocrx_word' id='word_1_370' title='bbox 445 4840 561 4885; x_wconf 88' lang='lat' dir='ltr'><strong>toto</strong></span> <span class='ocrx_word' id='word_1_371' title='bbox 588 4829 717 4884; x_wconf 87' lang='lat' dir='ltr'><strong>orbe</strong></span> <span class='ocrx_word' id='word_1_372' title='bbox 741 4826 944 4881; x_wconf 89' lang='lat' dir='ltr'><strong>dilTusis</strong></span> <span class='ocrx_word' id='word_1_373' title='bbox 995 4825 1217 4880; x_wconf 88' lang='lat' dir='ltr'><strong>crimina</strong></span> <span class='ocrx_word' id='word_1_374' title='bbox 1269 4826 1569 4892; x_wconf 66' lang='lat' dir='ltr'><strong>Cueeiliani;</strong></span> <span class='ocrx_word' id='word_1_375' title='bbox 1619 4841 1738 4881; x_wconf 90' lang='lat' dir='ltr'><strong>cum</strong></span> <span class='ocrx_word' id='word_1_376' title='bbox 1783 4828 1868 4882; x_wconf 88' lang='lat' dir='ltr'><strong>Si-</strong></span> 
     </span>
    </p>
   </div>
   <div class='ocr_carea' id='block_1_50' title="bbox 263 4913 1866 4987">
    <p class='ocr_par' dir='ltr' id='par_1_50' title="bbox 263 4913 1866 4987">
     <span class='ocr_line' id='line_1_50' title="bbox 263 4913 1866 4987; baseline -0.007 -6"><span class='ocrx_word' id='word_1_377' title='bbox 263 4923 469 4981; x_wconf 81' lang='lat' dir='ltr'><strong>meoni</strong></span> <span class='ocrx_word' id='word_1_378' title='bbox 497 4931 550 4976; x_wconf 89' lang='lat' dir='ltr'><strong>ct</strong></span> <span class='ocrx_word' id='word_1_379' title='bbox 578 4913 744 4975; x_wconf 64' lang='lat' dir='ltr'><strong>Anime</strong></span> <span class='ocrx_word' id='word_1_380' title='bbox 789 4927 844 4972; x_wconf 89' lang='lat' dir='ltr'><strong>et</strong></span> <span class='ocrx_word' id='word_1_381' title='bbox 869 4916 1079 4972; x_wconf 74' lang='lat' dir='ltr'><strong>cmteris</strong></span> <span class='ocrx_word' id='word_1_382' title='bbox 1109 4917 1302 4971; x_wconf 87' lang='lat' dir='ltr'><strong>talilnus</strong></span> <span class='ocrx_word' id='word_1_383' title='bbox 1331 4917 1486 4986; x_wconf 89' lang='lat' dir='ltr'><strong>objici</strong></span> <span class='ocrx_word' id='word_1_384' title='bbox 1514 4933 1618 4970; x_wconf 90' lang='lat' dir='ltr'><strong>non</strong></span> <span class='ocrx_word' id='word_1_385' title='bbox 1649 4928 1866 4987; x_wconf 84' lang='lat' dir='ltr'><strong>possent</strong></span> 
     </span>
    </p>
   </div>
   <div class='ocr_carea' id='block_1_51' title="bbox 263 5002 1867 5088">
    <p class='ocr_par' dir='ltr' id='par_1_51' title="bbox 263 5002 1867 5088">
     <span class='ocr_line' id='line_1_51' title="bbox 263 5002 1867 5088; baseline -0.007 -14"><span class='ocrx_word' id='word_1_386' title='bbox 263 5002 512 5073; x_wconf 86' lang='lat' dir='ltr'><strong>crimina</strong></span> <span class='ocrx_word' id='word_1_387' title='bbox 539 5012 681 5066; x_wconf 89' lang='lat' dir='ltr'><strong>illius</strong></span> <span class='ocrx_word' id='word_1_388' title='bbox 709 5009 906 5080; x_wconf 85' lang='lat' dir='ltr'><strong>populi,</strong></span> <span class='ocrx_word' id='word_1_389' title='bbox 937 5009 991 5063; x_wconf 88' lang='lat' dir='ltr'><strong>in</strong></span> <span class='ocrx_word' id='word_1_390' title='bbox 1017 5024 1122 5079; x_wconf 90' lang='lat' dir='ltr'><strong>quo</strong></span> <span class='ocrx_word' id='word_1_391' title='bbox 1166 5009 1282 5062; x_wconf 83' lang='lat' dir='ltr'><strong>nati</strong></span> <span class='ocrx_word' id='word_1_392' title='bbox 1305 5009 1529 5088; x_wconf 75' lang='lat' dir='ltr'><strong>fuerant,</strong></span> <span class='ocrx_word' id='word_1_393' title='bbox 1563 5025 1867 5064; x_wconf 86' lang='lat' dir='ltr'><strong>sacramen-</strong></span> 
     </span>
    </p>
   </div>
   <div class='ocr_carea' id='block_1_52' title="bbox 265 5101 1862 5176">
    <p class='ocr_par' dir='ltr' id='par_1_52' title="bbox 265 5101 1862 5176">
     <span class='ocr_line' id='line_1_52' title="bbox 265 5101 1862 5176; baseline -0.005 -12"><span class='ocrx_word' id='word_1_394' title='bbox 265 5111 338 5164; x_wconf 93' lang='lat' dir='ltr'><strong>tis</strong></span> <span class='ocrx_word' id='word_1_395' title='bbox 383 5103 636 5176; x_wconf 88' lang='lat' dir='ltr'><strong>ejuusdem</strong></span> <span class='ocrx_word' id='word_1_396' title='bbox 689 5101 864 5172; x_wconf 81' lang='lat' dir='ltr'><strong>populi</strong></span> <span class='ocrx_word' id='word_1_397' title='bbox 912 5101 1230 5164; x_wconf 85' lang='lat' dir='ltr'><strong>consecrati,</strong></span> <span class='ocrx_word' id='word_1_398' title='bbox 1261 5116 1378 5170; x_wconf 77' lang='lat' dir='ltr'><strong>qua:</strong></span> <span class='ocrx_word' id='word_1_399' title='bbox 1423 5101 1646 5154; x_wconf 88' lang='lat' dir='ltr'><strong>criuuuina</strong></span> <span class='ocrx_word' id='word_1_400' title='bbox 1693 5103 1862 5156; x_wconf 85' lang='lat' dir='ltr'><strong>eidem</strong></span> 
     </span>
    </p>
   </div>
   <div class='ocr_carea' id='block_1_53' title="bbox 266 5191 1864 5270">
    <p class='ocr_par' dir='ltr' id='par_1_53' title="bbox 266 5191 1864 5270">
     <span class='ocr_line' id='line_1_53' title="bbox 266 5191 1864 5270; baseline -0.003 -20"><span class='ocrx_word' id='word_1_401' title='bbox 266 5199 490 5270; x_wconf 79' lang='lat' dir='ltr'><strong>populo</strong></span> <span class='ocrx_word' id='word_1_402' title='bbox 517 5209 624 5248; x_wconf 84' lang='lat' dir='ltr'><strong>non</strong></span> <span class='ocrx_word' id='word_1_403' title='bbox 652 5193 881 5248; x_wconf 88' lang='lat' dir='ltr'><strong>humana</strong></span> <span class='ocrx_word' id='word_1_404' title='bbox 925 5191 1122 5260; x_wconf 85' lang='lat' dir='ltr'><strong>opinio,</strong></span> <span class='ocrx_word' id='word_1_405' title='bbox 1151 5191 1242 5246; x_wconf 86' lang='lat' dir='ltr'><strong>sed</strong></span> <span class='ocrx_word' id='word_1_406' title='bbox 1275 5207 1447 5244; x_wconf 80' lang='lat' dir='ltr'><strong>sermo</strong></span> <span class='ocrx_word' id='word_1_407' title='bbox 1477 5191 1686 5246; x_wconf 89' lang='lat' dir='ltr'><strong>divinuus</strong></span> <span class='ocrx_word' id='word_1_408' title='bbox 1713 5194 1864 5260; x_wconf 82' lang='lat' dir='ltr'><strong>obje-</strong></span> 
     </span>
    </p>
   </div>
   <div class='ocr_carea' id='block_1_54' title="bbox 261 5283 1867 5355">
    <p class='ocr_par' dir='ltr' id='par_1_54' title="bbox 261 5283 1867 5355">
     <span class='ocr_line' id='line_1_54' title="bbox 261 5283 1867 5355; baseline -0.002 -12"><span class='ocrx_word' id='word_1_409' title='bbox 261 5297 452 5346; x_wconf 48' lang='lat' dir='ltr'><strong>u‘erat.</strong></span> <span class='ocrx_word' id='word_1_410' title='bbox 487 5287 974 5342; x_wconf 81' lang='lat' dir='ltr'><strong>Commemoratum</strong></span> <span class='ocrx_word' id='word_1_411' title='bbox 1021 5295 1102 5336; x_wconf 75' lang='grc' dir='ltr'><strong>εει</strong></span> <span class='ocrx_word' id='word_1_412' title='bbox 1145 5283 1301 5336; x_wconf 79' lang='lat' dir='ltr'><strong>etiam</strong></span> <span class='ocrx_word' id='word_1_413' title='bbox 1349 5285 1706 5338; x_wconf 79' lang='lat' dir='ltr'><strong>testimonium</strong></span> <span class='ocrx_word' id='word_1_414' title='bbox 1742 5304 1867 5355; x_wconf 86' lang='lat' dir='ltr'><strong>pro-</strong></span> 
     </span>
    </p>
   </div>
   <div class='ocr_carea' id='block_1_55' title="bbox 266 5375 1864 5453">
    <p class='ocr_par' dir='ltr' id='par_1_55' title="bbox 266 5375 1864 5453">
     <span class='ocr_line' id='line_1_55' title="bbox 266 5375 1864 5453; baseline -0.001 -20"><span class='ocrx_word' id='word_1_415' title='bbox 266 5381 586 5453; x_wconf 76' lang='lat' dir='ltr'><strong>plteticum,</strong></span> <span class='ocrx_word' id='word_1_416' title='bbox 613 5375 701 5430; x_wconf 85' lang='lat' dir='ltr'><strong>ubi</strong></span> <span class='ocrx_word' id='word_1_417' title='bbox 748 5375 937 5445; x_wconf 74' lang='lat' dir='ltr'><strong>signati</strong></span> <span class='ocrx_word' id='word_1_418' title='bbox 969 5383 1112 5437; x_wconf 85' lang='lat' dir='ltr'><strong>smul,</strong></span> <span class='ocrx_word' id='word_1_419' title='bbox 1145 5389 1210 5426; x_wconf 87' lang='lat' dir='ltr'><strong>nc</strong></span> <span class='ocrx_word' id='word_1_420' title='bbox 1249 5390 1366 5426; x_wconf 84' lang='lat' dir='ltr'><strong>cunt</strong></span> <span class='ocrx_word' id='word_1_421' title='bbox 1413 5375 1565 5429; x_wconf 84' lang='lat' dir='ltr'><strong>malis</strong></span> <span class='ocrx_word' id='word_1_422' title='bbox 1611 5377 1864 5444; x_wconf 83' lang='lat' dir='ltr'><strong>perirent,</strong></span> 
     </span>
    </p>
   </div>
   <div class='ocr_carea' id='block_1_56' title="bbox 262 5464 1866 5543">
    <p class='ocr_par' dir='ltr' id='par_1_56' title="bbox 262 5464 1866 5543">
     <span class='ocr_line' id='line_1_56' title="bbox 262 5464 1866 5543; baseline 0.001 -20"><span class='ocrx_word' id='word_1_423' title='bbox 262 5471 362 5543; x_wconf 70' lang='lat' dir='ltr'><strong>qui</strong></span> <span class='ocrx_word' id='word_1_424' title='bbox 421 5467 712 5540; x_wconf 77' lang='lat' dir='ltr'><strong>gemebant</strong></span> <span class='ocrx_word' id='word_1_425' title='bbox 754 5464 984 5518; x_wconf 75' lang='lat' dir='ltr'><strong>facinora</strong></span> <span class='ocrx_word' id='word_1_426' title='bbox 1031 5480 1152 5534; x_wconf 62' lang='lat' dir='ltr'><strong>quue</strong></span> <span class='ocrx_word' id='word_1_427' title='bbox 1213 5464 1406 5518; x_wconf 81' lang='lat' dir='ltr'><strong>ﬁebant</strong></span> <span class='ocrx_word' id='word_1_428' title='bbox 1451 5465 1502 5518; x_wconf 86' lang='lat' dir='ltr'><strong>in</strong></span> <span class='ocrx_word' id='word_1_429' title='bbox 1549 5468 1724 5522; x_wconf 87' lang='lat' dir='ltr'><strong>unedio</strong></span> <span class='ocrx_word' id='word_1_430' title='bbox 1773 5487 1866 5524; x_wconf 87' lang='lat' dir='ltr'><strong>eo-</strong></span> 
     </span>
    </p>
   </div>
   <div class='ocr_carea' id='block_1_57' title="bbox 262 5553 1869 5630">
    <p class='ocr_par' dir='ltr' id='par_1_57' title="bbox 262 5553 1869 5630">
     <span class='ocr_line' id='line_1_57' title="bbox 262 5553 1869 5630; baseline -0.002 -14"><span class='ocrx_word' id='word_1_431' title='bbox 262 5577 398 5616; x_wconf 87' lang='lat' dir='ltr'><strong>rum</strong></span> <span class='ocrx_word' id='word_1_432' title='bbox 452 5555 669 5625; x_wconf 77' lang='lat' dir='ltr'><strong>(Ezech.</strong></span> <span class='ocrx_word' id='word_1_433' title='bbox 704 5571 789 5620; x_wconf 74' lang='grc' dir='ltr'><strong>ιι,</strong></span> <span class='ocrx_word' id='word_1_434' title='bbox 819 5553 915 5626; x_wconf 66' lang='grc'><strong>4);</strong></span> <span class='ocrx_word' id='word_1_435' title='bbox 971 5570 1070 5610; x_wconf 89' lang='lat' dir='ltr'><strong>nec</strong></span> <span class='ocrx_word' id='word_1_436' title='bbox 1118 5564 1292 5610; x_wconf 83' lang='lat' dir='ltr'><strong>tamen</strong></span> <span class='ocrx_word' id='word_1_437' title='bbox 1323 5557 1671 5626; x_wconf 84' lang='lat' dir='ltr'><strong>enrporaliter</strong></span> <span class='ocrx_word' id='word_1_438' title='bbox 1717 5576 1869 5630; x_wconf 86' lang='lat' dir='ltr'><strong>sepa-</strong></span> 
     </span>
    </p>
   </div>
   <div class='ocr_carea' id='block_1_58' title="bbox 260 5656 563 5710">
    <p class='ocr_par' dir='ltr' id='par_1_58' title="bbox 260 5656 563 5710">
     <span class='ocr_line' id='line_1_58' title="bbox 260 5656 563 5710; baseline -0.026 -1"><span class='ocrx_word' id='word_1_439' title='bbox 260 5656 373 5710; x_wconf 74' lang='lat' dir='ltr'><strong>rati</strong></span> <span class='ocrx_word' id='word_1_440' title='bbox 412 5659 563 5703; x_wconf 88' lang='lat' dir='ltr'><strong>suutut.</strong></span> 
     </span>
    </p>
   </div>
   <div class='ocr_carea' id='block_1_59' title="bbox 345 5742 1866 5815">
    <p class='ocr_par' dir='ltr' id='par_1_59' title="bbox 345 5742 1866 5815">
     <span class='ocr_line' id='line_1_59' title="bbox 345 5742 1866 5815; baseline 0.001 -17"><span class='ocrx_word' id='word_1_441' title='bbox 345 5746 448 5800; x_wconf 78' lang='grc'><strong>18.</strong></span> <span class='ocrx_word' id='word_1_442' title='bbox 500 5743 694 5798; x_wconf 79' lang='lat' dir='ltr'><strong>Deinde</strong></span> <span class='ocrx_word' id='word_1_443' title='bbox 722 5742 795 5796; x_wconf 90' lang='lat' dir='ltr'><strong>ibi</strong></span> <span class='ocrx_word' id='word_1_444' title='bbox 821 5752 1292 5797; x_wconf 84' lang='lat' dir='ltr'><strong>commemoratum</strong></span> <span class='ocrx_word' id='word_1_445' title='bbox 1315 5753 1394 5797; x_wconf 87' lang='lat' dir='ltr'><strong>est</strong></span> <span class='ocrx_word' id='word_1_446' title='bbox 1416 5745 1584 5813; x_wconf 84' lang='lat' dir='ltr'><strong>qualis</strong></span> <span class='ocrx_word' id='word_1_447' title='bbox 1607 5749 1866 5815; x_wconf 72' lang='lat' dir='ltr'><strong>separatio</strong></span> 
     </span>
    </p>
   </div>
   <div class='ocr_carea' id='block_1_60' title="bbox 261 5831 1862 5905">
    <p class='ocr_par' dir='ltr' id='par_1_60' title="bbox 261 5831 1862 5905">
     <span class='ocr_line' id='line_1_60' title="bbox 261 5831 1862 5905; baseline -0.002 -14"><span class='ocrx_word' id='word_1_448' title='bbox 261 5836 441 5891; x_wconf 75' lang='lat' dir='ltr'><strong>bonis.</strong></span> <span class='ocrx_word' id='word_1_449' title='bbox 482 5831 578 5885; x_wconf 75' lang='lat' dir='ltr'><strong>hoc</strong></span> <span class='ocrx_word' id='word_1_450' title='bbox 611 5841 851 5902; x_wconf 84' lang='lat' dir='ltr'><strong>tetttporc</strong></span> <span class='ocrx_word' id='word_1_451' title='bbox 881 5831 946 5884; x_wconf 85' lang='lat' dir='ltr'><strong>ab</strong></span> <span class='ocrx_word' id='word_1_452' title='bbox 990 5831 1162 5902; x_wconf 82' lang='lat' dir='ltr'><strong>impiis</strong></span> <span class='ocrx_word' id='word_1_453' title='bbox 1205 5842 1254 5886; x_wconf 84' lang='lat' dir='ltr'><strong>et</strong></span> <span class='ocrx_word' id='word_1_454' title='bbox 1297 5831 1449 5886; x_wconf 84' lang='lat' dir='ltr'><strong>malis</strong></span> <span class='ocrx_word' id='word_1_455' title='bbox 1495 5832 1603 5887; x_wconf 82' lang='lat' dir='ltr'><strong>liet&#39;i</strong></span> <span class='ocrx_word' id='word_1_456' title='bbox 1652 5835 1862 5905; x_wconf 63' lang='lat' dir='ltr'><strong>debeat,</strong></span> 
     </span>
    </p>
   </div>
   <div class='ocr_carea' id='block_1_61' title="bbox 1106 412 2650 482">
    <p class='ocr_par' dir='ltr' id='par_1_61' title="bbox 1106 412 2650 482">
     <span class='ocr_line' id='line_1_61' title="bbox 1106 412 2650 482; baseline -0.003 -2"><span class='ocrx_word' id='word_1_457' title='bbox 1106 423 1535 482; x_wconf 65' lang='lat' dir='ltr'><strong>BREVIUULUS</strong></span> <span class='ocrx_word' id='word_1_458' title='bbox 1573 412 2017 474; x_wconf 60' lang='lat' dir='ltr'><strong>CULLATlONlS</strong></span> <span class='ocrx_word' id='word_1_459' title='bbox 2059 417 2191 474; x_wconf 67' lang='lat' dir='ltr'><strong>(LUM</strong></span> <span class='ocrx_word' id='word_1_460' title='bbox 2233 421 2650 479; x_wconf 72' lang='lat' dir='ltr'><strong>DON.‘.TlSTlS.</strong></span> 
     </span>
    </p>
   </div>
   <div class='ocr_carea' id='block_1_62' title="bbox 3419 431 3522 484">
    <p class='ocr_par' dir='ltr' id='par_1_62' title="bbox 3419 431 3522 484">
     <span class='ocr_line' id='line_1_62' title="bbox 3419 431 3522 484; baseline 0 -1"><span class='ocrx_word' id='word_1_461' title='bbox 3419 431 3522 484; x_wconf 60' lang='lat'><strong>63$</strong></span> 
     </span>
    </p>
   </div>
   <div class='ocr_carea' id='block_1_63' title="bbox 1949 537 3521 609">
    <p class='ocr_par' dir='ltr' id='par_1_63' title="bbox 1949 537 3521 609">
     <span class='ocr_line' id='line_1_63' title="bbox 1949 537 3521 609; baseline 0.013 -21"><span class='ocrx_word' id='word_1_462' title='bbox 1949 551 2014 588; x_wconf 80' lang='lat' dir='ltr'><strong>ne</strong></span> <span class='ocrx_word' id='word_1_463' title='bbox 2038 537 2458 593; x_wconf 76' lang='lat' dir='ltr'><strong>communicatur</strong></span> <span class='ocrx_word' id='word_1_464' title='bbox 2488 541 2716 609; x_wconf 83' lang='lat' dir='ltr'><strong>peccatis</strong></span> <span class='ocrx_word' id='word_1_465' title='bbox 2743 541 2964 604; x_wconf 85' lang='lat' dir='ltr'><strong>alienis;</strong></span> <span class='ocrx_word' id='word_1_466' title='bbox 2993 551 3157 602; x_wconf 86' lang='lat' dir='ltr'><strong>corde</strong></span> <span class='ocrx_word' id='word_1_467' title='bbox 3195 547 3437 606; x_wconf 85' lang='lat' dir='ltr'><strong>videlicet</strong></span> <span class='ocrx_word' id='word_1_468' title='bbox 3465 562 3521 608; x_wconf 87' lang='lat' dir='ltr'><strong>et</strong></span> 
     </span>
    </p>
   </div>
   <div class='ocr_carea' id='block_1_64' title="bbox 1946 625 3514 713">
    <p class='ocr_par' dir='ltr' id='par_1_64' title="bbox 1946 625 3514 713">
     <span class='ocr_line' id='line_1_64' title="bbox 1946 625 3514 713; baseline 0.011 -36"><span class='ocrx_word' id='word_1_469' title='bbox 1946 625 2064 680; x_wconf 72' lang='lat' dir='ltr'><strong>vita:</strong></span> <span class='ocrx_word' id='word_1_470' title='bbox 2107 642 2422 698; x_wconf 84' lang='lat' dir='ltr'><strong>tuorumque</strong></span> <span class='ocrx_word' id='word_1_471' title='bbox 2459 630 2886 688; x_wconf 85' lang='lat' dir='ltr'><strong>dissimilitudine</strong></span> <span class='ocrx_word' id='word_1_472' title='bbox 2917 653 2928 687; x_wconf 90' lang='lat'><strong>:</strong></span> <span class='ocrx_word' id='word_1_473' title='bbox 2964 651 3062 690; x_wconf 89' lang='lat' dir='ltr'><strong>nec</strong></span> <span class='ocrx_word' id='word_1_474' title='bbox 3091 637 3246 692; x_wconf 86' lang='lat' dir='ltr'><strong>aliter</strong></span> <span class='ocrx_word' id='word_1_475' title='bbox 3290 640 3514 713; x_wconf 78' lang='lat' dir='ltr'><strong>intelligi</strong></span> 
     </span>
    </p>
   </div>
   <div class='ocr_carea' id='block_1_65' title="bbox 1944 716 3518 797">
    <p class='ocr_par' dir='ltr' id='par_1_65' title="bbox 1944 716 3518 797">
     <span class='ocr_line' id='line_1_65' title="bbox 1944 716 3518 797; baseline 0.01 -26"><span class='ocrx_word' id='word_1_476' title='bbox 1944 716 2139 772; x_wconf 88' lang='lat' dir='ltr'><strong>debere</strong></span> <span class='ocrx_word' id='word_1_477' title='bbox 2185 719 2325 788; x_wconf 89' lang='lat' dir='ltr'><strong>quod</strong></span> <span class='ocrx_word' id='word_1_478' title='bbox 2368 720 2620 790; x_wconf 90' lang='lat' dir='ltr'><strong>scriptum</strong></span> <span class='ocrx_word' id='word_1_479' title='bbox 2661 732 2761 788; x_wconf 86' lang='lat' dir='ltr'><strong>est,</strong></span> <span class='ocrx_word' id='word_1_480' title='bbox 2805 723 2954 779; x_wconf 71' lang='lat' dir='ltr'><strong>Exite</strong></span> <span class='ocrx_word' id='word_1_481' title='bbox 2997 727 3060 779; x_wconf 76' lang='lat' dir='ltr'><strong>de</strong></span> <span class='ocrx_word' id='word_1_482' title='bbox 3114 731 3278 784; x_wconf 77' lang='lat' dir='ltr'><strong>medio</strong></span> <span class='ocrx_word' id='word_1_483' title='bbox 3326 722 3518 797; x_wconf 75' lang='lat' dir='ltr'><strong>eorum,</strong></span> 
     </span>
    </p>
   </div>
   <div class='ocr_carea' id='block_1_66' title="bbox 1945 811 3521 894">
    <p class='ocr_par' dir='ltr' id='par_1_66' title="bbox 1945 811 3521 894">
     <span class='ocr_line' id='line_1_66' title="bbox 1945 811 3521 894; baseline 0.01 -30"><span class='ocrx_word' id='word_1_484' title='bbox 1945 813 2157 866; x_wconf 84' lang='lat' dir='ltr'><strong>receditc</strong></span> <span class='ocrx_word' id='word_1_485' title='bbox 2175 811 2311 880; x_wconf 86' lang='lat' dir='ltr'><strong>inde,</strong></span> <span class='ocrx_word' id='word_1_486' title='bbox 2331 823 2376 866; x_wconf 86' lang='lat' dir='ltr'><strong>et</strong></span> <span class='ocrx_word' id='word_1_487' title='bbox 2395 815 2708 870; x_wconf 81' lang='lat' dir='ltr'><strong>immundum</strong></span> <span class='ocrx_word' id='word_1_488' title='bbox 2736 834 2798 872; x_wconf 83' lang='lat' dir='ltr'><strong>ne</strong></span> <span class='ocrx_word' id='word_1_489' title='bbox 2817 819 3078 889; x_wconf 74' lang='lat' dir='ltr'><strong>tetigeritis</strong></span> <span class='ocrx_word' id='word_1_490' title='bbox 3106 821 3258 893; x_wconf 77' lang='lat' dir='ltr'><strong>(Isai.</strong></span> <span class='ocrx_word' id='word_1_491' title='bbox 3285 840 3376 888; x_wconf 76' lang='grc' dir='ltr'><strong>ιιι,</strong></span> <span class='ocrx_word' id='word_1_492' title='bbox 3400 827 3421 879; x_wconf 84' lang='lat' dir='ltr'><strong>l</strong></span> <span class='ocrx_word' id='word_1_493' title='bbox 3442 827 3521 894; x_wconf 83' lang='lat' dir='ltr'><strong>l);</strong></span> 
     </span>
    </p>
   </div>
   <div class='ocr_carea' id='block_1_67' title="bbox 1948 903 3523 979">
    <p class='ocr_par' dir='ltr' id='par_1_67' title="bbox 1948 903 3523 979">
     <span class='ocr_line' id='line_1_67' title="bbox 1948 903 3523 979; baseline 0.009 -23"><span class='ocrx_word' id='word_1_494' title='bbox 1948 903 1998 957; x_wconf 88' lang='lat' dir='ltr'><strong>id</strong></span> <span class='ocrx_word' id='word_1_495' title='bbox 2037 912 2138 968; x_wconf 86' lang='lat' dir='ltr'><strong>est,</strong></span> <span class='ocrx_word' id='word_1_496' title='bbox 2183 904 2546 960; x_wconf 87' lang='lat' dir='ltr'><strong>disccruuinuiuui</strong></span> <span class='ocrx_word' id='word_1_497' title='bbox 2591 908 2746 964; x_wconf 89' lang='lat' dir='ltr'><strong>aliter</strong></span> <span class='ocrx_word' id='word_1_498' title='bbox 2791 911 3034 979; x_wconf 81' lang='lat' dir='ltr'><strong>vivendo,</strong></span> <span class='ocrx_word' id='word_1_499' title='bbox 3077 925 3130 967; x_wconf 88' lang='lat' dir='ltr'><strong>et</strong></span> <span class='ocrx_word' id='word_1_500' title='bbox 3174 915 3523 971; x_wconf 66' lang='lat' dir='ltr'><strong>immunditiue</strong></span> 
     </span>
    </p>
   </div>
   <div class='ocr_carea' id='block_1_68' title="bbox 1948 996 3527 1072">
    <p class='ocr_par' dir='ltr' id='par_1_68' title="bbox 1948 996 3527 1072">
     <span class='ocr_line' id='line_1_68' title="bbox 1948 996 3527 1072; baseline 0.01 -24"><span class='ocrx_word' id='word_1_501' title='bbox 1948 1009 2051 1048; x_wconf 87' lang='lat' dir='ltr'><strong>non</strong></span> <span class='ocrx_word' id='word_1_502' title='bbox 2079 996 2476 1051; x_wconf 87' lang='lat' dir='ltr'><strong>eonsenseritis.</strong></span> <span class='ocrx_word' id='word_1_503' title='bbox 2498 998 2570 1051; x_wconf 89' lang='lat' dir='ltr'><strong>lbi</strong></span> <span class='ocrx_word' id='word_1_504' title='bbox 2613 999 2771 1052; x_wconf 90' lang='lat' dir='ltr'><strong>etiaun</strong></span> <span class='ocrx_word' id='word_1_505' title='bbox 2801 1004 3252 1072; x_wconf 81' lang='lat' dir='ltr'><strong>Opportunissime</strong></span> <span class='ocrx_word' id='word_1_506' title='bbox 3295 1006 3412 1060; x_wconf 76' lang='lat' dir='ltr'><strong>loco</strong></span> <span class='ocrx_word' id='word_1_507' title='bbox 3445 1023 3527 1063; x_wconf 82' lang='lat' dir='ltr'><strong>re-</strong></span> 
     </span>
    </p>
   </div>
   <div class='ocr_carea' id='block_1_69' title="bbox 1949 1087 3516 1164">
    <p class='ocr_par' dir='ltr' id='par_1_69' title="bbox 1949 1087 3516 1164">
     <span class='ocr_line' id='line_1_69' title="bbox 1949 1087 3516 1164; baseline 0.011 -27"><span class='ocrx_word' id='word_1_508' title='bbox 1949 1099 2202 1155; x_wconf 89' lang='lat' dir='ltr'><strong>sponsum</strong></span> <span class='ocrx_word' id='word_1_509' title='bbox 2232 1096 2314 1142; x_wconf 86' lang='lat' dir='ltr'><strong>est</strong></span> <span class='ocrx_word' id='word_1_510' title='bbox 2353 1087 2642 1144; x_wconf 90' lang='lat' dir='ltr'><strong>Donatistis</strong></span> <span class='ocrx_word' id='word_1_511' title='bbox 2669 1090 2734 1145; x_wconf 91' lang='lat' dir='ltr'><strong>ad</strong></span> <span class='ocrx_word' id='word_1_512' title='bbox 2765 1091 2890 1146; x_wconf 90' lang='lat' dir='ltr'><strong>illuuul</strong></span> <span class='ocrx_word' id='word_1_513' title='bbox 2928 1095 3067 1163; x_wconf 88' lang='lat' dir='ltr'><strong>quod</strong></span> <span class='ocrx_word' id='word_1_514' title='bbox 3103 1097 3365 1164; x_wconf 79' lang='lat' dir='ltr'><strong>dixerant,</strong></span> <span class='ocrx_word' id='word_1_515' title='bbox 3396 1116 3516 1154; x_wconf 88' lang='lat' dir='ltr'><strong>cuuun</strong></span> 
     </span>
    </p>
   </div>
   <div class='ocr_carea' id='block_1_70' title="bbox 1949 1179 3520 1255">
    <p class='ocr_par' dir='ltr' id='par_1_70' title="bbox 1949 1179 3520 1255">
     <span class='ocr_line' id='line_1_70' title="bbox 1949 1179 3520 1255; baseline 0.009 -23"><span class='ocrx_word' id='word_1_516' title='bbox 1949 1192 2043 1232; x_wconf 87' lang='lat' dir='ltr'><strong>eos</strong></span> <span class='ocrx_word' id='word_1_517' title='bbox 2074 1187 2276 1248; x_wconf 87' lang='lat' dir='ltr'><strong>peteret</strong></span> <span class='ocrx_word' id='word_1_518' title='bbox 2301 1179 2549 1250; x_wconf 82' lang='lat' dir='ltr'><strong>Cognitor</strong></span> <span class='ocrx_word' id='word_1_519' title='bbox 2582 1191 2638 1236; x_wconf 93' lang='lat' dir='ltr'><strong>ut</strong></span> <span class='ocrx_word' id='word_1_520' title='bbox 2671 1181 2940 1251; x_wconf 88' lang='lat' dir='ltr'><strong>sederent,</strong></span> <span class='ocrx_word' id='word_1_521' title='bbox 2973 1187 3225 1252; x_wconf 86' lang='lat' dir='ltr'><strong>scriptum</strong></span> <span class='ocrx_word' id='word_1_522' title='bbox 3255 1189 3352 1244; x_wconf 80' lang='lat' dir='ltr'><strong>sibi</strong></span> <span class='ocrx_word' id='word_1_523' title='bbox 3380 1207 3520 1255; x_wconf 70' lang='lat' dir='ltr'><strong>esse.</strong></span> 
     </span>
    </p>
   </div>
   <div class='ocr_carea' id='block_1_71' title="bbox 1949 1272 3520 1347">
    <p class='ocr_par' dir='ltr' id='par_1_71' title="bbox 1949 1272 3520 1347">
     <span class='ocr_line' id='line_1_71' title="bbox 1949 1272 3520 1347; baseline 0.008 -24"><span class='ocrx_word' id='word_1_524' title='bbox 1949 1281 2005 1323; x_wconf 90' lang='lat' dir='ltr'><strong>ut</strong></span> <span class='ocrx_word' id='word_1_525' title='bbox 2034 1284 2154 1324; x_wconf 89' lang='lat' dir='ltr'><strong>cuuuu</strong></span> <span class='ocrx_word' id='word_1_526' title='bbox 2179 1272 2368 1326; x_wconf 90' lang='lat' dir='ltr'><strong>talibus</strong></span> <span class='ocrx_word' id='word_1_527' title='bbox 2395 1287 2497 1327; x_wconf 91' lang='lat' dir='ltr'><strong>non</strong></span> <span class='ocrx_word' id='word_1_528' title='bbox 2528 1272 2777 1328; x_wconf 85' lang='lat' dir='ltr'><strong>sederent</strong></span> <span class='ocrx_word' id='word_1_529' title='bbox 2801 1276 3018 1347; x_wconf 80' lang='lat' dir='ltr'><strong>(Supra,</strong></span> <span class='ocrx_word' id='word_1_530' title='bbox 3042 1275 3342 1334; x_wconf 73' lang='lat' dir='ltr'><strong>Cotlutionu‘s</strong></span> <span class='ocrx_word' id='word_1_531' title='bbox 3369 1283 3449 1335; x_wconf 81' lang='lat' dir='ltr'><strong>die</strong></span> <span class='ocrx_word' id='word_1_532' title='bbox 3463 1283 3520 1347; x_wconf 73' lang='lat'><strong>2,</strong></span> 
     </span>
    </p>
   </div>
   <div class='ocr_carea' id='block_1_72' title="bbox 1947 1361 3526 1436">
    <p class='ocr_par' dir='ltr' id='par_1_72' title="bbox 1947 1361 3526 1436">
     <span class='ocr_line' id='line_1_72' title="bbox 1947 1361 3526 1436; baseline 0.009 -22"><span class='ocrx_word' id='word_1_533' title='bbox 1947 1379 2061 1432; x_wconf 81' lang='lat' dir='ltr'><strong>cap.</strong></span> <span class='ocrx_word' id='word_1_534' title='bbox 2094 1361 2170 1434; x_wconf 72' lang='grc'><strong>1).</strong></span> <span class='ocrx_word' id='word_1_535' title='bbox 2219 1362 2424 1418; x_wconf 91' lang='lat' dir='ltr'><strong>Dictum</strong></span> <span class='ocrx_word' id='word_1_536' title='bbox 2471 1373 2553 1419; x_wconf 88' lang='lat' dir='ltr'><strong>est</strong></span> <span class='ocrx_word' id='word_1_537' title='bbox 2587 1366 2728 1419; x_wconf 86' lang='lat' dir='ltr'><strong>enim</strong></span> <span class='ocrx_word' id='word_1_538' title='bbox 2765 1381 2795 1419; x_wconf 89' lang='lat' dir='ltr'><strong>a</strong></span> <span class='ocrx_word' id='word_1_539' title='bbox 2837 1367 3145 1436; x_wconf 83' lang='lat' dir='ltr'><strong>Catholicis,</strong></span> <span class='ocrx_word' id='word_1_540' title='bbox 3175 1387 3295 1427; x_wconf 89' lang='lat' dir='ltr'><strong>cuunu</strong></span> <span class='ocrx_word' id='word_1_541' title='bbox 3339 1389 3526 1429; x_wconf 88' lang='lat' dir='ltr'><strong>eoruuuuu</strong></span> 
     </span>
    </p>
   </div>
   <div class='ocr_carea' id='block_1_73' title="bbox 1949 1451 3525 1530">
    <p class='ocr_par' dir='ltr' id='par_1_73' title="bbox 1949 1451 3525 1530">
     <span class='ocr_line' id='line_1_73' title="bbox 1949 1451 3525 1530; baseline 0.011 -26"><span class='ocrx_word' id='word_1_542' title='bbox 1949 1451 2136 1506; x_wconf 90' lang='lat' dir='ltr'><strong>litteris</strong></span> <span class='ocrx_word' id='word_1_543' title='bbox 2164 1453 2566 1522; x_wconf 78' lang='lat' dir='ltr'><strong>rcSpondereut,</strong></span> <span class='ocrx_word' id='word_1_544' title='bbox 2601 1472 2703 1510; x_wconf 83' lang='lat' dir='ltr'><strong>non</strong></span> <span class='ocrx_word' id='word_1_545' title='bbox 2735 1458 2813 1512; x_wconf 90' lang='lat' dir='ltr'><strong>sic</strong></span> <span class='ocrx_word' id='word_1_546' title='bbox 2855 1459 3254 1530; x_wconf 82' lang='lat' dir='ltr'><strong>intelligendam</strong></span> <span class='ocrx_word' id='word_1_547' title='bbox 3297 1479 3415 1520; x_wconf 78' lang='lat' dir='ltr'><strong>esse</strong></span> <span class='ocrx_word' id='word_1_548' title='bbox 3442 1483 3525 1522; x_wconf 87' lang='lat' dir='ltr'><strong>se-</strong></span> 
     </span>
    </p>
   </div>
   <div class='ocr_carea' id='block_1_74' title="bbox 1951 1546 3526 1621">
    <p class='ocr_par' dir='ltr' id='par_1_74' title="bbox 1951 1546 3526 1621">
     <span class='ocr_line' id='line_1_74' title="bbox 1951 1546 3526 1621; baseline 0.011 -27"><span class='ocrx_word' id='word_1_549' title='bbox 1951 1546 2276 1614; x_wconf 85' lang='lat' dir='ltr'><strong>parationcm</strong></span> <span class='ocrx_word' id='word_1_550' title='bbox 2304 1561 2335 1600; x_wconf 86' lang='lat' dir='ltr'><strong>a</strong></span> <span class='ocrx_word' id='word_1_551' title='bbox 2363 1548 2516 1602; x_wconf 88' lang='lat' dir='ltr'><strong>malis</strong></span> <span class='ocrx_word' id='word_1_552' title='bbox 2559 1548 2657 1602; x_wconf 88' lang='lat' dir='ltr'><strong>hoc</strong></span> <span class='ocrx_word' id='word_1_553' title='bbox 2685 1558 2945 1619; x_wconf 87' lang='lat' dir='ltr'><strong>tcuuupore,</strong></span> <span class='ocrx_word' id='word_1_554' title='bbox 2972 1554 3417 1621; x_wconf 87' lang='lat' dir='ltr'><strong>qnemudunodum</strong></span> <span class='ocrx_word' id='word_1_555' title='bbox 3453 1558 3526 1612; x_wconf 88' lang='lat' dir='ltr'><strong>illi</strong></span> 
     </span>
    </p>
   </div>
   <div class='ocr_carea' id='block_1_75' title="bbox 1949 1623 3522 1717">
    <p class='ocr_par' dir='ltr' id='par_1_75' title="bbox 1949 1623 3522 1717">
     <span class='ocr_line' id='line_1_75' title="bbox 1949 1623 3522 1717; baseline 0.01 -27"><span class='ocrx_word' id='word_1_556' title='bbox 1949 1623 2462 1708; x_wconf 44' lang='lat' dir='ltr'><strong>intellexeranh&#39;quti</strong></span> <span class='ocrx_word' id='word_1_557' title='bbox 2507 1655 2688 1694; x_wconf 90' lang='lat' dir='ltr'><strong>secum</strong></span> <span class='ocrx_word' id='word_1_558' title='bbox 2731 1651 2979 1711; x_wconf 88' lang='lat' dir='ltr'><strong>tanquam</strong></span> <span class='ocrx_word' id='word_1_559' title='bbox 3027 1661 3146 1698; x_wconf 88' lang='lat' dir='ltr'><strong>ettutt</strong></span> <span class='ocrx_word' id='word_1_560' title='bbox 3194 1646 3374 1717; x_wconf 88' lang='lat' dir='ltr'><strong>impiis</strong></span> <span class='ocrx_word' id='word_1_561' title='bbox 3419 1665 3522 1704; x_wconf 89' lang='lat' dir='ltr'><strong>non</strong></span> 
     </span>
    </p>
   </div>
   <div class='ocr_carea' id='block_1_76' title="bbox 1949 1727 3532 1800">
    <p class='ocr_par' dir='ltr' id='par_1_76' title="bbox 1949 1727 3532 1800">
     <span class='ocr_line' id='line_1_76' title="bbox 1949 1727 3532 1800; baseline 0.009 -19"><span class='ocrx_word' id='word_1_562' title='bbox 1949 1727 2224 1792; x_wconf 87' lang='lat' dir='ltr'><strong>sederunt,</strong></span> <span class='ocrx_word' id='word_1_563' title='bbox 2269 1729 2391 1798; x_wconf 89' lang='lat' dir='ltr'><strong>quia</strong></span> <span class='ocrx_word' id='word_1_564' title='bbox 2441 1731 2696 1800; x_wconf 87' lang='lat' dir='ltr'><strong>scriptum</strong></span> <span class='ocrx_word' id='word_1_565' title='bbox 2748 1741 2848 1796; x_wconf 89' lang='lat' dir='ltr'><strong>cst,</strong></span> <span class='ocrx_word' id='word_1_566' title='bbox 2905 1733 3026 1788; x_wconf 86' lang='lat' dir='ltr'><strong>Non</strong></span> <span class='ocrx_word' id='word_1_567' title='bbox 3070 1737 3178 1790; x_wconf 80' lang='lat' dir='ltr'><strong>sedi</strong></span> <span class='ocrx_word' id='word_1_568' title='bbox 3221 1738 3274 1792; x_wconf 88' lang='lat' dir='ltr'><strong>iu</strong></span> <span class='ocrx_word' id='word_1_569' title='bbox 3318 1741 3532 1795; x_wconf 83' lang='lat' dir='ltr'><strong>concilia</strong></span> 
     </span>
    </p>
   </div>
   <div class='ocr_carea' id='block_1_77' title="bbox 1949 1816 3532 1894">
    <p class='ocr_par' dir='ltr' id='par_1_77' title="bbox 1949 1816 3532 1894">
     <span class='ocr_line' id='line_1_77' title="bbox 1949 1816 3532 1894; baseline 0.01 -26"><span class='ocrx_word' id='word_1_570' title='bbox 1949 1816 2238 1888; x_wconf 79' lang='lat' dir='ltr'><strong>impiorum.</strong></span> <span class='ocrx_word' id='word_1_571' title='bbox 2261 1818 2394 1872; x_wconf 88' lang='lat' dir='ltr'><strong>Cum</strong></span> <span class='ocrx_word' id='word_1_572' title='bbox 2424 1821 2603 1889; x_wconf 89' lang='lat' dir='ltr'><strong>uttiquue</strong></span> <span class='ocrx_word' id='word_1_573' title='bbox 2633 1823 2677 1877; x_wconf 92' lang='lat' dir='ltr'><strong>si</strong></span> <span class='ocrx_word' id='word_1_574' title='bbox 2726 1823 2916 1892; x_wconf 87' lang='lat' dir='ltr'><strong>impius</strong></span> <span class='ocrx_word' id='word_1_575' title='bbox 2953 1835 3218 1894; x_wconf 87' lang='lat' dir='ltr'><strong>putarent,</strong></span> <span class='ocrx_word' id='word_1_576' title='bbox 3261 1844 3362 1884; x_wconf 90' lang='lat' dir='ltr'><strong>nec</strong></span> <span class='ocrx_word' id='word_1_577' title='bbox 3407 1831 3532 1884; x_wconf 87' lang='lat' dir='ltr'><strong>illud</strong></span> 
     </span>
    </p>
   </div>
   <div class='ocr_carea' id='block_1_78' title="bbox 1951 1910 3530 1988">
    <p class='ocr_par' dir='ltr' id='par_1_78' title="bbox 1951 1910 3530 1988">
     <span class='ocr_line' id='line_1_78' title="bbox 1951 1910 3530 1988; baseline 0.009 -29"><span class='ocrx_word' id='word_1_578' title='bbox 1951 1910 2090 1979; x_wconf 87' lang='lat' dir='ltr'><strong>quuod</strong></span> <span class='ocrx_word' id='word_1_579' title='bbox 2131 1911 2182 1982; x_wconf 90' lang='lat' dir='ltr'><strong>in</strong></span> <span class='ocrx_word' id='word_1_580' title='bbox 2213 1911 2402 1966; x_wconf 87' lang='lat' dir='ltr'><strong>eodem</strong></span> <span class='ocrx_word' id='word_1_581' title='bbox 2435 1913 2640 1978; x_wconf 87' lang='lat' dir='ltr'><strong>psalmo</strong></span> <span class='ocrx_word' id='word_1_582' title='bbox 2668 1926 3060 1987; x_wconf 89' lang='lat' dir='ltr'><strong>consequenter</strong></span> <span class='ocrx_word' id='word_1_583' title='bbox 3090 1920 3420 1988; x_wconf 87' lang='lat' dir='ltr'><strong>prohibetur,</strong></span> <span class='ocrx_word' id='word_1_584' title='bbox 3453 1923 3530 1974; x_wconf 88' lang='lat' dir='ltr'><strong>la-</strong></span> 
     </span>
    </p>
   </div>
   <div class='ocr_carea' id='block_1_79' title="bbox 1950 2002 3534 2084">
    <p class='ocr_par' dir='ltr' id='par_1_79' title="bbox 1950 2002 3534 2084">
     <span class='ocr_line' id='line_1_79' title="bbox 1950 2002 3534 2084; baseline 0.008 -29"><span class='ocrx_word' id='word_1_585' title='bbox 1950 2017 2073 2056; x_wconf 89' lang='lat' dir='ltr'><strong>ccre</strong></span> <span class='ocrx_word' id='word_1_586' title='bbox 2109 2002 2426 2056; x_wconf 88' lang='lat' dir='ltr'><strong>debuerunt.</strong></span> <span class='ocrx_word' id='word_1_587' title='bbox 2453 2003 2586 2058; x_wconf 81' lang='lat' dir='ltr'><strong>Nam</strong></span> <span class='ocrx_word' id='word_1_588' title='bbox 2631 2005 2699 2060; x_wconf 91' lang='lat' dir='ltr'><strong>ibi</strong></span> <span class='ocrx_word' id='word_1_589' title='bbox 2727 2009 2985 2078; x_wconf 89' lang='lat' dir='ltr'><strong>sequitur,</strong></span> <span class='ocrx_word' id='word_1_590' title='bbox 3015 2009 3079 2062; x_wconf 74' lang='lat' dir='ltr'><strong>Et</strong></span> <span class='ocrx_word' id='word_1_591' title='bbox 3104 2027 3218 2064; x_wconf 79' lang='lat' dir='ltr'><strong>cum</strong></span> <span class='ocrx_word' id='word_1_592' title='bbox 3245 2012 3419 2082; x_wconf 78' lang='lat' dir='ltr'><strong>iniqua</strong></span> <span class='ocrx_word' id='word_1_593' title='bbox 3448 2031 3534 2084; x_wconf 80' lang='lat' dir='ltr'><strong>ge-</strong></span> 
     </span>
    </p>
   </div>
   <div class='ocr_carea' id='block_1_80' title="bbox 1952 2093 3532 2174">
    <p class='ocr_par' dir='ltr' id='par_1_80' title="bbox 1952 2093 3532 2174">
     <span class='ocr_line' id='line_1_80' title="bbox 1952 2093 3532 2174; baseline 0.008 -28"><span class='ocrx_word' id='word_1_594' title='bbox 1952 2093 2172 2148; x_wconf 62' lang='lat' dir='ltr'><strong>rentibus</strong></span> <span class='ocrx_word' id='word_1_595' title='bbox 2219 2111 2318 2149; x_wconf 81' lang='lat' dir='ltr'><strong>non</strong></span> <span class='ocrx_word' id='word_1_596' title='bbox 2359 2093 2574 2151; x_wconf 72' lang='lat' dir='ltr'><strong>introibo</strong></span> <span class='ocrx_word' id='word_1_597' title='bbox 2619 2097 2792 2168; x_wconf 77' lang='lat' dir='ltr'><strong>(Psuul.</strong></span> <span class='ocrx_word' id='word_1_598' title='bbox 2831 2117 2965 2168; x_wconf 79' lang='lat' dir='ltr'><strong>xxv,</strong></span> <span class='ocrx_word' id='word_1_599' title='bbox 2995 2102 3072 2172; x_wconf 65' lang='grc'><strong>4).</strong></span> <span class='ocrx_word' id='word_1_600' title='bbox 3119 2103 3250 2156; x_wconf 84' lang='lat' dir='ltr'><strong>Cum</strong></span> <span class='ocrx_word' id='word_1_601' title='bbox 3283 2120 3410 2174; x_wconf 76' lang='lat' dir='ltr'><strong>ergo</strong></span> <span class='ocrx_word' id='word_1_602' title='bbox 3457 2105 3532 2159; x_wconf 90' lang='lat' dir='ltr'><strong>illi</strong></span> 
     </span>
    </p>
   </div>
   <div class='ocr_carea' id='block_1_81' title="bbox 1953 2177 3531 2262">
    <p class='ocr_par' dir='ltr' id='par_1_81' title="bbox 1953 2177 3531 2262">
     <span class='ocr_line' id='line_1_81' title="bbox 1953 2177 3531 2262; baseline 0.004 -24"><span class='ocrx_word' id='word_1_603' title='bbox 1953 2185 2244 2240; x_wconf 86' lang='lat' dir='ltr'><strong>intrassent</strong></span> <span class='ocrx_word' id='word_1_604' title='bbox 2273 2177 2393 2240; x_wconf 78' lang='lat' dir='ltr'><strong>cuin</strong></span> <span class='ocrx_word' id='word_1_605' title='bbox 2429 2189 2508 2241; x_wconf 91' lang='lat' dir='ltr'><strong>eis</strong></span> <span class='ocrx_word' id='word_1_606' title='bbox 2537 2204 2672 2256; x_wconf 88' lang='lat' dir='ltr'><strong>quos</strong></span> <span class='ocrx_word' id='word_1_607' title='bbox 2718 2190 2908 2259; x_wconf 88' lang='lat' dir='ltr'><strong>impios</strong></span> <span class='ocrx_word' id='word_1_608' title='bbox 2937 2201 3200 2259; x_wconf 84' lang='lat' dir='ltr'><strong>putarent,</strong></span> <span class='ocrx_word' id='word_1_609' title='bbox 3235 2209 3399 2262; x_wconf 84' lang='lat' dir='ltr'><strong>quare</strong></span> <span class='ocrx_word' id='word_1_610' title='bbox 3425 2211 3531 2247; x_wconf 87' lang='lat' dir='ltr'><strong>non</strong></span> 
     </span>
    </p>
   </div>
   <div class='ocr_carea' id='block_1_82' title="bbox 1953 2275 3530 2349">
    <p class='ocr_par' dir='ltr' id='par_1_82' title="bbox 1953 2275 3530 2349">
     <span class='ocr_line' id='line_1_82' title="bbox 1953 2275 3530 2349; baseline 0.003 -19"><span class='ocrx_word' id='word_1_611' title='bbox 1953 2276 2114 2330; x_wconf 86' lang='lat' dir='ltr'><strong>etiam</strong></span> <span class='ocrx_word' id='word_1_612' title='bbox 2143 2275 2396 2330; x_wconf 86' lang='lat' dir='ltr'><strong>Sedernnt</strong></span> <span class='ocrx_word' id='word_1_613' title='bbox 2423 2294 2436 2342; x_wconf 90' lang='lat'><strong>;</strong></span> <span class='ocrx_word' id='word_1_614' title='bbox 2470 2285 2527 2332; x_wconf 89' lang='lat' dir='ltr'><strong>ut</strong></span> <span class='ocrx_word' id='word_1_615' title='bbox 2556 2278 2607 2331; x_wconf 91' lang='lat' dir='ltr'><strong>in</strong></span> <span class='ocrx_word' id='word_1_616' title='bbox 2651 2291 2873 2348; x_wconf 90' lang='lat' dir='ltr'><strong>utroque</strong></span> <span class='ocrx_word' id='word_1_617' title='bbox 2917 2297 3022 2334; x_wconf 80' lang='lat' dir='ltr'><strong>utan</strong></span> <span class='ocrx_word' id='word_1_618' title='bbox 3055 2284 3410 2349; x_wconf 83' lang='lat' dir='ltr'><strong>corporalem,</strong></span> <span class='ocrx_word' id='word_1_619' title='bbox 3438 2284 3530 2336; x_wconf 85' lang='lat' dir='ltr'><strong>sed</strong></span> 
     </span>
    </p>
   </div>
   <div class='ocr_carea' id='block_1_83' title="bbox 1954 2365 3536 2440">
    <p class='ocr_par' dir='ltr' id='par_1_83' title="bbox 1954 2365 3536 2440">
     <span class='ocr_line' id='line_1_83' title="bbox 1954 2365 3536 2440; baseline 0.006 -22"><span class='ocrx_word' id='word_1_620' title='bbox 1954 2365 2280 2434; x_wconf 66' lang='lat' dir='ltr'><strong>Spiritualeun</strong></span> <span class='ocrx_word' id='word_1_621' title='bbox 2311 2381 2621 2421; x_wconf 85' lang='lat' dir='ltr'><strong>consessum</strong></span> <span class='ocrx_word' id='word_1_622' title='bbox 2654 2379 2710 2423; x_wconf 87' lang='lat' dir='ltr'><strong>et</strong></span> <span class='ocrx_word' id='word_1_623' title='bbox 2751 2369 3046 2440; x_wconf 75' lang='lat' dir='ltr'><strong>ingressum</strong></span> <span class='ocrx_word' id='word_1_624' title='bbox 3087 2370 3352 2426; x_wconf 85' lang='lat' dir='ltr'><strong>devitasse</strong></span> <span class='ocrx_word' id='word_1_625' title='bbox 3388 2373 3536 2428; x_wconf 79' lang='lat' dir='ltr'><strong>vide-</strong></span> 
     </span>
    </p>
   </div>
   <div class='ocr_carea' id='block_1_84' title="bbox 1957 2457 3535 2542">
    <p class='ocr_par' dir='ltr' id='par_1_84' title="bbox 1957 2457 3535 2542">
     <span class='ocr_line' id='line_1_84' title="bbox 1957 2457 3535 2542; baseline 0.006 -34"><span class='ocrx_word' id='word_1_626' title='bbox 1957 2457 2180 2510; x_wconf 85' lang='lat' dir='ltr'><strong>rentur?</strong></span> <span class='ocrx_word' id='word_1_627' title='bbox 2224 2457 2296 2510; x_wconf 92' lang='lat' dir='ltr'><strong>lbi</strong></span> <span class='ocrx_word' id='word_1_628' title='bbox 2321 2470 2736 2513; x_wconf 88' lang='lat' dir='ltr'><strong>counmemorata</strong></span> <span class='ocrx_word' id='word_1_629' title='bbox 2767 2471 2848 2514; x_wconf 83' lang='lat' dir='ltr'><strong>est</strong></span> <span class='ocrx_word' id='word_1_630' title='bbox 2873 2462 3031 2514; x_wconf 85' lang='lat' dir='ltr'><strong>etiam</strong></span> <span class='ocrx_word' id='word_1_631' title='bbox 3069 2477 3226 2542; x_wconf 73' lang='lat' dir='ltr'><strong>causa</strong></span> <span class='ocrx_word' id='word_1_632' title='bbox 3259 2463 3500 2517; x_wconf 75' lang='lat' dir='ltr'><strong>Maximia</strong></span> <span class='ocrx_word' id='word_1_633' title='bbox 3521 2495 3535 2505; x_wconf 84' lang='lat'><strong>-</strong></span> 
     </span>
    </p>
   </div>
   <div class='ocr_carea' id='block_1_85' title="bbox 1958 2547 3536 2622">
    <p class='ocr_par' dir='ltr' id='par_1_85' title="bbox 1958 2547 3536 2622">
     <span class='ocr_line' id='line_1_85' title="bbox 1958 2547 3536 2622; baseline 0.007 -22"><span class='ocrx_word' id='word_1_634' title='bbox 1958 2547 2216 2603; x_wconf 87' lang='lat' dir='ltr'><strong>nistaruuuu</strong></span> <span class='ocrx_word' id='word_1_635' title='bbox 2261 2551 2414 2605; x_wconf 88' lang='lat' dir='ltr'><strong>toties</strong></span> <span class='ocrx_word' id='word_1_636' title='bbox 2439 2551 2548 2622; x_wconf 89' lang='lat' dir='ltr'><strong>jam</strong></span> <span class='ocrx_word' id='word_1_637' title='bbox 2591 2552 2694 2607; x_wconf 89' lang='lat' dir='ltr'><strong>illis</strong></span> <span class='ocrx_word' id='word_1_638' title='bbox 2741 2553 2970 2620; x_wconf 86' lang='lat' dir='ltr'><strong>objecta,</strong></span> <span class='ocrx_word' id='word_1_639' title='bbox 3005 2555 3092 2608; x_wconf 90' lang='lat' dir='ltr'><strong>uubi</strong></span> <span class='ocrx_word' id='word_1_640' title='bbox 3137 2565 3193 2611; x_wconf 88' lang='lat' dir='ltr'><strong>et</strong></span> <span class='ocrx_word' id='word_1_641' title='bbox 3221 2572 3278 2611; x_wconf 82' lang='lat' dir='ltr'><strong>se</strong></span> <span class='ocrx_word' id='word_1_642' title='bbox 3321 2566 3374 2611; x_wconf 90' lang='lat' dir='ltr'><strong>ct</strong></span> <span class='ocrx_word' id='word_1_643' title='bbox 3420 2559 3536 2611; x_wconf 67' lang='lat' dir='ltr'><strong>illos</strong></span> 
     </span>
    </p>
   </div>
   <div class='ocr_carea' id='block_1_86' title="bbox 1957 2639 3540 2714">
    <p class='ocr_par' dir='ltr' id='par_1_86' title="bbox 1957 2639 3540 2714">
     <span class='ocr_line' id='line_1_86' title="bbox 1957 2639 3540 2714; baseline 0.007 -25"><span class='ocrx_word' id='word_1_644' title='bbox 1957 2639 2150 2708; x_wconf 86' lang='lat' dir='ltr'><strong>quibus</strong></span> <span class='ocrx_word' id='word_1_645' title='bbox 2173 2641 2480 2697; x_wconf 87' lang='lat' dir='ltr'><strong>dilationem</strong></span> <span class='ocrx_word' id='word_1_646' title='bbox 2511 2643 2772 2699; x_wconf 88' lang='lat' dir='ltr'><strong>dederunt</strong></span> <span class='ocrx_word' id='word_1_647' title='bbox 2809 2646 2858 2698; x_wconf 88' lang='lat' dir='ltr'><strong>iuu</strong></span> <span class='ocrx_word' id='word_1_648' title='bbox 2906 2647 3206 2702; x_wconf 77' lang='lat' dir='ltr'><strong>Maximiani</strong></span> <span class='ocrx_word' id='word_1_649' title='bbox 3255 2649 3540 2714; x_wconf 64' lang='lat' dir='ltr'><strong>schismate</strong></span> 
     </span>
    </p>
   </div>
   <div class='ocr_carea' id='block_1_87' title="bbox 1959 2728 3537 2810">
    <p class='ocr_par' dir='ltr' id='par_1_87' title="bbox 1959 2728 3537 2810">
     <span class='ocr_line' id='line_1_87' title="bbox 1959 2728 3537 2810; baseline 0.007 -28"><span class='ocrx_word' id='word_1_650' title='bbox 1959 2728 2178 2798; x_wconf 89' lang='lat' dir='ltr'><strong>positos,</strong></span> <span class='ocrx_word' id='word_1_651' title='bbox 2207 2730 2444 2802; x_wconf 86' lang='lat' dir='ltr'><strong>ejusdem</strong></span> <span class='ocrx_word' id='word_1_652' title='bbox 2477 2733 2526 2786; x_wconf 92' lang='lat' dir='ltr'><strong>in</strong></span> <span class='ocrx_word' id='word_1_653' title='bbox 2557 2733 2900 2790; x_wconf 82' lang='lat' dir='ltr'><strong>damnatione</strong></span> <span class='ocrx_word' id='word_1_654' title='bbox 2944 2736 3192 2791; x_wconf 67' lang='lat' dir='ltr'><strong>Primiani</strong></span> <span class='ocrx_word' id='word_1_655' title='bbox 3223 2739 3422 2810; x_wconf 84' lang='lat' dir='ltr'><strong>socios.</strong></span> <span class='ocrx_word' id='word_1_656' title='bbox 3457 2749 3537 2793; x_wconf 90' lang='lat' dir='ltr'><strong>ta-</strong></span> 
     </span>
    </p>
   </div>
   <div class='ocr_carea' id='block_1_88' title="bbox 1959 2823 3537 2904">
    <p class='ocr_par' dir='ltr' id='par_1_88' title="bbox 1959 2823 3537 2904">
     <span class='ocr_line' id='line_1_88' title="bbox 1959 2823 3537 2904; baseline 0.007 -29"><span class='ocrx_word' id='word_1_657' title='bbox 1959 2839 2082 2877; x_wconf 83' lang='lat' dir='ltr'><strong>men</strong></span> <span class='ocrx_word' id='word_1_658' title='bbox 2113 2823 2254 2877; x_wconf 90' lang='lat' dir='ltr'><strong>illiuus</strong></span> <span class='ocrx_word' id='word_1_659' title='bbox 2283 2826 2528 2894; x_wconf 81' lang='lat' dir='ltr'><strong>contagio</strong></span> <span class='ocrx_word' id='word_1_660' title='bbox 2571 2827 2820 2883; x_wconf 86' lang='lat' dir='ltr'><strong>dixerunt</strong></span> <span class='ocrx_word' id='word_1_661' title='bbox 2865 2845 2970 2884; x_wconf 87' lang='lat' dir='ltr'><strong>non</strong></span> <span class='ocrx_word' id='word_1_662' title='bbox 3005 2845 3122 2886; x_wconf 84' lang='lat' dir='ltr'><strong>esse</strong></span> <span class='ocrx_word' id='word_1_663' title='bbox 3153 2833 3417 2901; x_wconf 85' lang='lat' dir='ltr'><strong>pollutos:</strong></span> <span class='ocrx_word' id='word_1_664' title='bbox 3449 2836 3537 2904; x_wconf 92' lang='lat' dir='ltr'><strong>quui</strong></span> 
     </span>
    </p>
   </div>
   <div class='ocr_carea' id='block_1_89' title="bbox 1958 2911 3538 2995">
    <p class='ocr_par' dir='ltr' id='par_1_89' title="bbox 1958 2911 3538 2995">
     <span class='ocr_line' id='line_1_89' title="bbox 1958 2911 3538 2995; baseline 0.009 -29"><span class='ocrx_word' id='word_1_665' title='bbox 1958 2911 2228 2968; x_wconf 74' lang='lat' dir='ltr'><strong>(Ia-eiliani</strong></span> <span class='ocrx_word' id='word_1_666' title='bbox 2271 2915 2582 2971; x_wconf 90' lang='lat' dir='ltr'><strong>criuninihus</strong></span> <span class='ocrx_word' id='word_1_667' title='bbox 2625 2919 2808 2972; x_wconf 89' lang='lat' dir='ltr'><strong>orbeun</strong></span> <span class='ocrx_word' id='word_1_668' title='bbox 2867 2920 3213 2978; x_wconf 72' lang='lat' dir='ltr'><strong>christianum</strong></span> <span class='ocrx_word' id='word_1_669' title='bbox 3264 2938 3430 2995; x_wconf 90' lang='lat' dir='ltr'><strong>usque</strong></span> <span class='ocrx_word' id='word_1_670' title='bbox 3471 2925 3538 2980; x_wconf 91' lang='lat' dir='ltr'><strong>ad</strong></span> 
     </span>
    </p>
   </div>
   <div class='ocr_carea' id='block_1_90' title="bbox 1961 3007 3076 3078">
    <p class='ocr_par' dir='ltr' id='par_1_90' title="bbox 1961 3007 3076 3078">
     <span class='ocr_line' id='line_1_90' title="bbox 1961 3007 3076 3078; baseline 0.009 -20"><span class='ocrx_word' id='word_1_671' title='bbox 1961 3007 2217 3060; x_wconf 88' lang='lat' dir='ltr'><strong>terminos</strong></span> <span class='ocrx_word' id='word_1_672' title='bbox 2250 3016 2406 3062; x_wconf 87' lang='lat' dir='ltr'><strong>terr.e</strong></span> <span class='ocrx_word' id='word_1_673' title='bbox 2437 3010 2641 3078; x_wconf 83' lang='lat' dir='ltr'><strong>perisse</strong></span> <span class='ocrx_word' id='word_1_674' title='bbox 2669 3013 3076 3068; x_wconf 85' lang='lat' dir='ltr'><strong>contenderent.</strong></span> 
     </span>
    </p>
   </div>
   <div class='ocr_carea' id='block_1_91' title="bbox 2029 3096 3543 3169">
    <p class='ocr_par' dir='ltr' id='par_1_91' title="bbox 2029 3096 3543 3169">
     <span class='ocr_line' id='line_1_91' title="bbox 2029 3096 3543 3169; baseline 0.005 -15"><span class='ocrx_word' id='word_1_675' title='bbox 2029 3096 2257 3154; x_wconf 78' lang='lat' dir='ltr'><strong>CAPUT</strong></span> <span class='ocrx_word' id='word_1_676' title='bbox 2295 3099 2365 3154; x_wconf 82' lang='lat' dir='ltr'><strong>X.</strong></span> <span class='ocrx_word' id='word_1_677' title='bbox 2403 3130 2476 3140; x_wconf 91' lang='lat'><strong>—-</strong></span> <span class='ocrx_word' id='word_1_678' title='bbox 2517 3101 2606 3156; x_wconf 78' lang='lat' dir='ltr'><strong>l9.</strong></span> <span class='ocrx_word' id='word_1_679' title='bbox 2649 3103 2727 3156; x_wconf 82' lang='lat' dir='ltr'><strong>Aul</strong></span> <span class='ocrx_word' id='word_1_680' title='bbox 2771 3103 2884 3157; x_wconf 70' lang='lat' dir='ltr'><strong>hunc</strong></span> <span class='ocrx_word' id='word_1_681' title='bbox 2929 3106 3230 3169; x_wconf 70' lang='lat' dir='ltr'><strong>Dnnatistm,</strong></span> <span class='ocrx_word' id='word_1_682' title='bbox 3260 3123 3379 3162; x_wconf 78' lang='lat' dir='ltr'><strong>cum</strong></span> <span class='ocrx_word' id='word_1_683' title='bbox 3416 3109 3543 3162; x_wconf 79' lang='lat' dir='ltr'><strong>vali-</strong></span> 
     </span>
    </p>
   </div>
   <div class='ocr_carea' id='block_1_92' title="bbox 1959 3186 3544 3266">
    <p class='ocr_par' dir='ltr' id='par_1_92' title="bbox 1959 3186 3544 3266">
     <span class='ocr_line' id='line_1_92' title="bbox 1959 3186 3544 3266; baseline 0.006 -26"><span class='ocrx_word' id='word_1_684' title='bbox 1959 3186 2194 3243; x_wconf 84' lang='lat' dir='ltr'><strong>dissimis</strong></span> <span class='ocrx_word' id='word_1_685' title='bbox 2239 3188 2634 3259; x_wconf 88' lang='lat' dir='ltr'><strong>Scriptuurarunu</strong></span> <span class='ocrx_word' id='word_1_686' title='bbox 2682 3191 3014 3248; x_wconf 80' lang='lat' dir='ltr'><strong>documentis</strong></span> <span class='ocrx_word' id='word_1_687' title='bbox 3061 3205 3115 3250; x_wconf 88' lang='lat' dir='ltr'><strong>et</strong></span> <span class='ocrx_word' id='word_1_688' title='bbox 3159 3198 3403 3266; x_wconf 78' lang='lat' dir='ltr'><strong>exemplo</strong></span> <span class='ocrx_word' id='word_1_689' title='bbox 3447 3213 3544 3252; x_wconf 85' lang='lat' dir='ltr'><strong>suo</strong></span> 
     </span>
    </p>
   </div>
   <div class='ocr_carea' id='block_1_93' title="bbox 1963 3269 3538 3354">
    <p class='ocr_par' dir='ltr' id='par_1_93' title="bbox 1963 3269 3538 3354">
     <span class='ocr_line' id='line_1_93' title="bbox 1963 3269 3538 3354; baseline 0.006 -24"><span class='ocrx_word' id='word_1_690' title='bbox 1963 3269 2028 3332; x_wconf 85' lang='lat' dir='ltr'><strong>tle</strong></span> <span class='ocrx_word' id='word_1_691' title='bbox 2057 3277 2455 3334; x_wconf 78' lang='lat' dir='ltr'><strong>Maxiuniatuistis</strong></span> <span class='ocrx_word' id='word_1_692' title='bbox 2503 3281 2828 3348; x_wconf 85' lang='lat' dir='ltr'><strong>respondere</strong></span> <span class='ocrx_word' id='word_1_693' title='bbox 2859 3299 2962 3336; x_wconf 90' lang='lat' dir='ltr'><strong>non</strong></span> <span class='ocrx_word' id='word_1_694' title='bbox 3005 3295 3223 3354; x_wconf 68' lang='lat' dir='ltr'><strong>pos&lt;cnt</strong></span> <span class='ocrx_word' id='word_1_695' title='bbox 3250 3304 3263 3340; x_wconf 91' lang='lat'><strong>:</strong></span> <span class='ocrx_word' id='word_1_696' title='bbox 3293 3287 3359 3340; x_wconf 92' lang='lat' dir='ltr'><strong>ad</strong></span> <span class='ocrx_word' id='word_1_697' title='bbox 3411 3287 3538 3341; x_wconf 90' lang='lat' dir='ltr'><strong>illud</strong></span> 
     </span>
    </p>
   </div>
   <div class='ocr_carea' id='block_1_94' title="bbox 1961 3369 3542 3442">
    <p class='ocr_par' dir='ltr' id='par_1_94' title="bbox 1961 3369 3542 3442">
     <span class='ocr_line' id='line_1_94' title="bbox 1961 3369 3542 3442; baseline 0.009 -20"><span class='ocrx_word' id='word_1_698' title='bbox 1961 3369 2101 3438; x_wconf 86' lang='lat' dir='ltr'><strong>quod</strong></span> <span class='ocrx_word' id='word_1_699' title='bbox 2124 3369 2234 3441; x_wconf 88' lang='lat' dir='ltr'><strong>jaun</strong></span> <span class='ocrx_word' id='word_1_700' title='bbox 2278 3382 2548 3442; x_wconf 87' lang='lat' dir='ltr'><strong>peractum</strong></span> <span class='ocrx_word' id='word_1_701' title='bbox 2592 3373 2767 3429; x_wconf 79' lang='lat' dir='ltr'><strong>fuerat</strong></span> <span class='ocrx_word' id='word_1_702' title='bbox 2793 3375 3086 3442; x_wconf 87' lang='lat' dir='ltr'><strong>redierunt,</strong></span> <span class='ocrx_word' id='word_1_703' title='bbox 3117 3379 3356 3436; x_wconf 79' lang='lat' dir='ltr'><strong>dicentes</strong></span> <span class='ocrx_word' id='word_1_704' title='bbox 3385 3399 3542 3436; x_wconf 84' lang='lat' dir='ltr'><strong>tutum-</strong></span> 
     </span>
    </p>
   </div>
   <div class='ocr_carea' id='block_1_95' title="bbox 1962 3459 3546 3542">
    <p class='ocr_par' dir='ltr' id='par_1_95' title="bbox 1962 3459 3546 3542">
     <span class='ocr_line' id='line_1_95' title="bbox 1962 3459 3546 3542; baseline 0.012 -31"><span class='ocrx_word' id='word_1_705' title='bbox 1962 3459 2086 3514; x_wconf 91' lang='lat' dir='ltr'><strong>dum</strong></span> <span class='ocrx_word' id='word_1_706' title='bbox 2131 3477 2234 3516; x_wconf 91' lang='lat' dir='ltr'><strong>non</strong></span> <span class='ocrx_word' id='word_1_707' title='bbox 2281 3466 2416 3518; x_wconf 87' lang='lat' dir='ltr'><strong>bene</strong></span> <span class='ocrx_word' id='word_1_708' title='bbox 2456 3464 2673 3536; x_wconf 81' lang='lat' dir='ltr'><strong>intelligi</strong></span> <span class='ocrx_word' id='word_1_709' title='bbox 2710 3466 3021 3542; x_wconf 79' lang='lat' dir='ltr'><strong>Ecclesium,</strong></span> <span class='ocrx_word' id='word_1_710' title='bbox 3056 3470 3106 3524; x_wconf 90' lang='lat' dir='ltr'><strong>in</strong></span> <span class='ocrx_word' id='word_1_711' title='bbox 3151 3487 3252 3542; x_wconf 89' lang='lat' dir='ltr'><strong>qua</strong></span> <span class='ocrx_word' id='word_1_712' title='bbox 3304 3474 3459 3528; x_wconf 89' lang='lat' dir='ltr'><strong>sinunl</strong></span> <span class='ocrx_word' id='word_1_713' title='bbox 3491 3485 3546 3530; x_wconf 92' lang='lat' dir='ltr'><strong>et</strong></span> 
     </span>
    </p>
   </div>
   <div class='ocr_carea' id='block_1_96' title="bbox 1965 3549 3544 3623">
    <p class='ocr_par' dir='ltr' id='par_1_96' title="bbox 1965 3549 3544 3623">
     <span class='ocr_line' id='line_1_96' title="bbox 1965 3549 3544 3623; baseline 0.008 -21"><span class='ocrx_word' id='word_1_714' title='bbox 1965 3549 2194 3606; x_wconf 82' lang='lat' dir='ltr'><strong>triticum</strong></span> <span class='ocrx_word' id='word_1_715' title='bbox 2226 3561 2279 3606; x_wconf 87' lang='lat' dir='ltr'><strong>et</strong></span> <span class='ocrx_word' id='word_1_716' title='bbox 2307 3553 2506 3607; x_wconf 85' lang='lat' dir='ltr'><strong>zizauia</strong></span> <span class='ocrx_word' id='word_1_717' title='bbox 2546 3553 2694 3623; x_wconf 87' lang='lat' dir='ltr'><strong>jussa</strong></span> <span class='ocrx_word' id='word_1_718' title='bbox 2723 3565 2848 3610; x_wconf 84' lang='lat' dir='ltr'><strong>Sunt</strong></span> <span class='ocrx_word' id='word_1_719' title='bbox 2881 3573 3126 3614; x_wconf 86' lang='lat' dir='ltr'><strong>crescere</strong></span> <span class='ocrx_word' id='word_1_720' title='bbox 3157 3580 3169 3615; x_wconf 92' lang='lat'><strong>:</strong></span> <span class='ocrx_word' id='word_1_721' title='bbox 3201 3578 3319 3617; x_wconf 86' lang='lat' dir='ltr'><strong>cum</strong></span> <span class='ocrx_word' id='word_1_722' title='bbox 3346 3563 3544 3618; x_wconf 79' lang='lat' dir='ltr'><strong>Callio-</strong></span> 
     </span>
    </p>
   </div>
   <div class='ocr_carea' id='block_1_97' title="bbox 1964 3637 3544 3717">
    <p class='ocr_par' dir='ltr' id='par_1_97' title="bbox 1964 3637 3544 3717">
     <span class='ocr_line' id='line_1_97' title="bbox 1964 3637 3544 3717; baseline 0.009 -23"><span class='ocrx_word' id='word_1_723' title='bbox 1964 3642 2133 3696; x_wconf 86' lang='lat' dir='ltr'><strong>lici-et</strong></span> <span class='ocrx_word' id='word_1_724' title='bbox 2172 3651 2246 3697; x_wconf 88' lang='lat' dir='ltr'><strong>tot</strong></span> <span class='ocrx_word' id='word_1_725' title='bbox 2283 3646 2586 3700; x_wconf 88' lang='lat' dir='ltr'><strong>testiunonia</strong></span> <span class='ocrx_word' id='word_1_726' title='bbox 2631 3647 2809 3701; x_wconf 87' lang='lat' dir='ltr'><strong>divina</strong></span> <span class='ocrx_word' id='word_1_727' title='bbox 2857 3649 2965 3717; x_wconf 87' lang='lat' dir='ltr'><strong>jaun</strong></span> <span class='ocrx_word' id='word_1_728' title='bbox 3015 3637 3544 3717; x_wconf 70' lang='lat' dir='ltr'><strong>coununeunm&#39;assent,</strong></span> 
     </span>
    </p>
   </div>
   <div class='ocr_carea' id='block_1_98' title="bbox 1963 3733 3543 3810">
    <p class='ocr_par' dir='ltr' id='par_1_98' title="bbox 1963 3733 3543 3810">
     <span class='ocr_line' id='line_1_98' title="bbox 1963 3733 3543 3810; baseline 0.008 -28"><span class='ocrx_word' id='word_1_729' title='bbox 1963 3733 2156 3800; x_wconf 89' lang='lat' dir='ltr'><strong>quibus</strong></span> <span class='ocrx_word' id='word_1_730' title='bbox 2185 3736 2554 3789; x_wconf 83' lang='lat' dir='ltr'><strong>ostenderetur</strong></span> <span class='ocrx_word' id='word_1_731' title='bbox 2589 3737 2818 3790; x_wconf 83' lang='lat' dir='ltr'><strong>mundus</strong></span> <span class='ocrx_word' id='word_1_732' title='bbox 2839 3739 2998 3792; x_wconf 90' lang='lat' dir='ltr'><strong>etiam</strong></span> <span class='ocrx_word' id='word_1_733' title='bbox 3031 3739 3082 3792; x_wconf 91' lang='lat' dir='ltr'><strong>in</strong></span> <span class='ocrx_word' id='word_1_734' title='bbox 3114 3740 3250 3794; x_wconf 87' lang='lat' dir='ltr'><strong>buuua</strong></span> <span class='ocrx_word' id='word_1_735' title='bbox 3281 3743 3543 3810; x_wconf 81' lang='lat' dir='ltr'><strong>signitiea-</strong></span> 
     </span>
    </p>
   </div>
   <div class='ocr_carea' id='block_1_99' title="bbox 1967 3821 3532 3898">
    <p class='ocr_par' dir='ltr' id='par_1_99' title="bbox 1967 3821 3532 3898">
     <span class='ocr_line' id='line_1_99' title="bbox 1967 3821 3532 3898; baseline 0.008 -24"><span class='ocrx_word' id='word_1_736' title='bbox 1967 3821 2108 3874; x_wconf 89' lang='lat' dir='ltr'><strong>tione</strong></span> <span class='ocrx_word' id='word_1_737' title='bbox 2139 3821 2361 3890; x_wconf 86' lang='lat' dir='ltr'><strong>positus,</strong></span> <span class='ocrx_word' id='word_1_738' title='bbox 2389 3833 2441 3875; x_wconf 90' lang='lat' dir='ltr'><strong>ct</strong></span> <span class='ocrx_word' id='word_1_739' title='bbox 2469 3823 2519 3875; x_wconf 91' lang='lat' dir='ltr'><strong>iuu</strong></span> <span class='ocrx_word' id='word_1_740' title='bbox 2545 3839 2605 3876; x_wconf 88' lang='lat' dir='ltr'><strong>ea</strong></span> <span class='ocrx_word' id='word_1_741' title='bbox 2637 3841 2740 3878; x_wconf 85' lang='lat' dir='ltr'><strong>non</strong></span> <span class='ocrx_word' id='word_1_742' title='bbox 2779 3826 2878 3879; x_wconf 84' lang='lat' dir='ltr'><strong>nisi</strong></span> <span class='ocrx_word' id='word_1_743' title='bbox 2907 3827 3143 3881; x_wconf 84' lang='lat' dir='ltr'><strong>Ecclesia</strong></span> <span class='ocrx_word' id='word_1_744' title='bbox 3172 3839 3350 3898; x_wconf 89' lang='lat' dir='ltr'><strong>posset</strong></span> <span class='ocrx_word' id='word_1_745' title='bbox 3378 3833 3532 3886; x_wconf 79' lang='lat' dir='ltr'><strong>intel-</strong></span> 
     </span>
    </p>
   </div>
   <div class='ocr_carea' id='block_1_100' title="bbox 1965 3911 3546 3992">
    <p class='ocr_par' dir='ltr' id='par_1_100' title="bbox 1965 3911 3546 3992">
     <span class='ocr_line' id='line_1_100' title="bbox 1965 3911 3546 3992; baseline 0.008 -28"><span class='ocrx_word' id='word_1_746' title='bbox 1965 3911 2096 3980; x_wconf 73' lang='lat' dir='ltr'><strong>ligi;</strong></span> <span class='ocrx_word' id='word_1_747' title='bbox 2143 3921 2194 3966; x_wconf 90' lang='lat' dir='ltr'><strong>ct</strong></span> <span class='ocrx_word' id='word_1_748' title='bbox 2238 3913 2638 3982; x_wconf 79' lang='lat' dir='ltr'><strong>qununodolibet</strong></span> <span class='ocrx_word' id='word_1_749' title='bbox 2675 3916 3008 3984; x_wconf 86' lang='lat' dir='ltr'><strong>acciperetur</strong></span> <span class='ocrx_word' id='word_1_750' title='bbox 3050 3919 3298 3988; x_wconf 89' lang='lat' dir='ltr'><strong>unundus,</strong></span> <span class='ocrx_word' id='word_1_751' title='bbox 3335 3923 3546 3992; x_wconf 83' lang='lat' dir='ltr'><strong>quando</strong></span> 
     </span>
    </p>
   </div>
   <div class='ocr_carea' id='block_1_101' title="bbox 1967 4005 3548 4076">
    <p class='ocr_par' dir='ltr' id='par_1_101' title="bbox 1967 4005 3548 4076">
     <span class='ocr_line' id='line_1_101' title="bbox 1967 4005 3548 4076; baseline 0.01 -20"><span class='ocrx_word' id='word_1_752' title='bbox 1967 4011 2250 4072; x_wconf 87' lang='lat' dir='ltr'><strong>utrumque</strong></span> <span class='ocrx_word' id='word_1_753' title='bbox 2283 4017 2462 4058; x_wconf 89' lang='lat' dir='ltr'><strong>semen</strong></span> <span class='ocrx_word' id='word_1_754' title='bbox 2494 4019 2587 4073; x_wconf 89' lang='lat' dir='ltr'><strong>per</strong></span> <span class='ocrx_word' id='word_1_755' title='bbox 2614 4005 2869 4061; x_wconf 84' lang='lat' dir='ltr'><strong>mundum</strong></span> <span class='ocrx_word' id='word_1_756' title='bbox 2896 4018 3180 4076; x_wconf 90' lang='lat' dir='ltr'><strong>cresceret,</strong></span> <span class='ocrx_word' id='word_1_757' title='bbox 3219 4025 3321 4065; x_wconf 88' lang='lat' dir='ltr'><strong>uuouu</strong></span> <span class='ocrx_word' id='word_1_758' title='bbox 3352 4011 3548 4072; x_wconf 82' lang='lat' dir='ltr'><strong>debere</strong></span> 
     </span>
    </p>
   </div>
   <div class='ocr_carea' id='block_1_102' title="bbox 1967 4095 3544 4164">
    <p class='ocr_par' dir='ltr' id='par_1_102' title="bbox 1967 4095 3544 4164">
     <span class='ocr_line' id='line_1_102' title="bbox 1967 4095 3544 4164; baseline 0.008 -18"><span class='ocrx_word' id='word_1_759' title='bbox 1967 4103 2184 4164; x_wconf 82' lang='lat' dir='ltr'><strong>propter</strong></span> <span class='ocrx_word' id='word_1_760' title='bbox 2221 4095 2420 4148; x_wconf 84' lang='lat' dir='ltr'><strong>zizania</strong></span> <span class='ocrx_word' id='word_1_761' title='bbox 2451 4098 2609 4150; x_wconf 85' lang='lat' dir='ltr'><strong>tutius</strong></span> <span class='ocrx_word' id='word_1_762' title='bbox 2657 4097 2836 4152; x_wconf 88' lang='lat' dir='ltr'><strong>muuuudi</strong></span> <span class='ocrx_word' id='word_1_763' title='bbox 2891 4099 3121 4155; x_wconf 90' lang='lat' dir='ltr'><strong>triticum</strong></span> <span class='ocrx_word' id='word_1_764' title='bbox 3170 4101 3366 4157; x_wconf 87' lang='lat' dir='ltr'><strong>deseri.</strong></span> <span class='ocrx_word' id='word_1_765' title='bbox 3413 4103 3544 4159; x_wconf 89' lang='lat' dir='ltr'><strong>Cum</strong></span> 
     </span>
    </p>
   </div>
   <div class='ocr_carea' id='block_1_103' title="bbox 1967 4183 3544 4265">
    <p class='ocr_par' dir='ltr' id='par_1_103' title="bbox 1967 4183 3544 4265">
     <span class='ocr_line' id='line_1_103' title="bbox 1967 4183 3544 4265; baseline 0.009 -27"><span class='ocrx_word' id='word_1_766' title='bbox 1967 4199 2094 4256; x_wconf 65' lang='lat' dir='ltr'><strong>ergo</strong></span> <span class='ocrx_word' id='word_1_767' title='bbox 2123 4183 2238 4240; x_wconf 67' lang='lat' dir='ltr'><strong>haec</strong></span> <span class='ocrx_word' id='word_1_768' title='bbox 2257 4185 2366 4255; x_wconf 89' lang='lat' dir='ltr'><strong>jaun</strong></span> <span class='ocrx_word' id='word_1_769' title='bbox 2389 4187 2528 4242; x_wconf 89' lang='lat' dir='ltr'><strong>dicta</strong></span> <span class='ocrx_word' id='word_1_770' title='bbox 2559 4187 2802 4255; x_wconf 79' lang='lat' dir='ltr'><strong>fuissent,</strong></span> <span class='ocrx_word' id='word_1_771' title='bbox 2829 4199 2880 4244; x_wconf 94' lang='lat' dir='ltr'><strong>et</strong></span> <span class='ocrx_word' id='word_1_772' title='bbox 2900 4191 3126 4260; x_wconf 75' lang='lat' dir='ltr'><strong>quumslio</strong></span> <span class='ocrx_word' id='word_1_773' title='bbox 3161 4193 3271 4264; x_wconf 90' lang='lat' dir='ltr'><strong>ipsa</strong></span> <span class='ocrx_word' id='word_1_774' title='bbox 3293 4193 3402 4265; x_wconf 88' lang='lat' dir='ltr'><strong>jam</strong></span> <span class='ocrx_word' id='word_1_775' title='bbox 3435 4205 3544 4251; x_wconf 85' lang='lat' dir='ltr'><strong>ter-</strong></span> 
     </span>
    </p>
   </div>
   <div class='ocr_carea' id='block_1_104' title="bbox 1967 4276 3546 4356">
    <p class='ocr_par' dir='ltr' id='par_1_104' title="bbox 1967 4276 3546 4356">
     <span class='ocr_line' id='line_1_104' title="bbox 1967 4276 3546 4356; baseline 0.008 -26"><span class='ocrx_word' id='word_1_776' title='bbox 1967 4276 2164 4331; x_wconf 84' lang='lat' dir='ltr'><strong>minata</strong></span> <span class='ocrx_word' id='word_1_777' title='bbox 2194 4277 2502 4344; x_wconf 73' lang='lat' dir='ltr'><strong>videretur;</strong></span> <span class='ocrx_word' id='word_1_778' title='bbox 2545 4279 2609 4333; x_wconf 90' lang='lat' dir='ltr'><strong>ad</strong></span> <span class='ocrx_word' id='word_1_779' title='bbox 2636 4295 2754 4335; x_wconf 90' lang='lat' dir='ltr'><strong>eam</strong></span> <span class='ocrx_word' id='word_1_780' title='bbox 2782 4296 2964 4335; x_wconf 84' lang='lat' dir='ltr'><strong>rursus</strong></span> <span class='ocrx_word' id='word_1_781' title='bbox 2989 4296 3191 4338; x_wconf 87' lang='lat' dir='ltr'><strong>suunma</strong></span> <span class='ocrx_word' id='word_1_782' title='bbox 3220 4285 3394 4356; x_wconf 89' lang='lat' dir='ltr'><strong>inopia</strong></span> <span class='ocrx_word' id='word_1_783' title='bbox 3422 4287 3546 4342; x_wconf 84' lang='lat' dir='ltr'><strong>red—</strong></span> 
     </span>
    </p>
   </div>
   <div class='ocr_carea' id='block_1_105' title="bbox 1969 4369 3546 4450">
    <p class='ocr_par' dir='ltr' id='par_1_105' title="bbox 1969 4369 3546 4450">
     <span class='ocr_line' id='line_1_105' title="bbox 1969 4369 3546 4450; baseline 0.004 -26"><span class='ocrx_word' id='word_1_784' title='bbox 1969 4369 2161 4434; x_wconf 90' lang='lat' dir='ltr'><strong>ierunt,</strong></span> <span class='ocrx_word' id='word_1_785' title='bbox 2185 4370 2371 4425; x_wconf 90' lang='lat' dir='ltr'><strong>eadem</strong></span> <span class='ocrx_word' id='word_1_786' title='bbox 2399 4387 2491 4440; x_wconf 87' lang='lat' dir='ltr'><strong>per</strong></span> <span class='ocrx_word' id='word_1_787' title='bbox 2516 4371 2698 4426; x_wconf 88' lang='lat' dir='ltr'><strong>eadem</strong></span> <span class='ocrx_word' id='word_1_788' title='bbox 2727 4372 3065 4443; x_wconf 84' lang='lat' dir='ltr'><strong>replicantes,</strong></span> <span class='ocrx_word' id='word_1_789' title='bbox 3089 4388 3390 4444; x_wconf 72' lang='lat' dir='ltr'><strong>quazrentes</strong></span> <span class='ocrx_word' id='word_1_790' title='bbox 3409 4395 3546 4450; x_wconf 73' lang='lat' dir='ltr'><strong>quo-</strong></span> 
     </span>
    </p>
   </div>
   <div class='ocr_carea' id='block_1_106' title="bbox 1969 4461 3542 4532">
    <p class='ocr_par' dir='ltr' id='par_1_106' title="bbox 1969 4461 3542 4532">
     <span class='ocr_line' id='line_1_106' title="bbox 1969 4461 3542 4532; baseline 0.006 -17"><span class='ocrx_word' id='word_1_791' title='bbox 1969 4461 2128 4516; x_wconf 81' lang='lat' dir='ltr'><strong>modo</strong></span> <span class='ocrx_word' id='word_1_792' title='bbox 2165 4463 2395 4532; x_wconf 88' lang='lat' dir='ltr'><strong>potuuerit</strong></span> <span class='ocrx_word' id='word_1_793' title='bbox 2417 4461 2659 4516; x_wconf 87' lang='lat' dir='ltr'><strong>diaboluus</strong></span> <span class='ocrx_word' id='word_1_794' title='bbox 2687 4463 2736 4516; x_wconf 91' lang='lat' dir='ltr'><strong>in</strong></span> <span class='ocrx_word' id='word_1_795' title='bbox 2767 4463 3004 4520; x_wconf 85' lang='lat' dir='ltr'><strong>Ecclesia</strong></span> <span class='ocrx_word' id='word_1_796' title='bbox 3031 4467 3294 4523; x_wconf 87' lang='lat' dir='ltr'><strong>seminare</strong></span> <span class='ocrx_word' id='word_1_797' title='bbox 3321 4469 3542 4524; x_wconf 70' lang='lat' dir='ltr'><strong>zizania.</strong></span> 
     </span>
    </p>
   </div>
   <div class='ocr_carea' id='block_1_107' title="bbox 1971 4551 3547 4624">
    <p class='ocr_par' dir='ltr' id='par_1_107' title="bbox 1971 4551 3547 4624">
     <span class='ocr_line' id='line_1_107' title="bbox 1971 4551 3547 4624; baseline 0.006 -18"><span class='ocrx_word' id='word_1_798' title='bbox 1971 4551 2172 4607; x_wconf 87' lang='lat' dir='ltr'><strong>Deinde</strong></span> <span class='ocrx_word' id='word_1_799' title='bbox 2206 4552 2612 4620; x_wconf 69' lang='lat' dir='ltr'><strong>calumniantes,</strong></span> <span class='ocrx_word' id='word_1_800' title='bbox 2649 4553 2789 4624; x_wconf 91' lang='lat' dir='ltr'><strong>quod</strong></span> <span class='ocrx_word' id='word_1_801' title='bbox 2829 4555 2960 4610; x_wconf 87' lang='lat' dir='ltr'><strong>uluuas</strong></span> <span class='ocrx_word' id='word_1_802' title='bbox 3003 4557 3262 4612; x_wconf 85' lang='lat' dir='ltr'><strong>Ecclesias</strong></span> <span class='ocrx_word' id='word_1_803' title='bbox 3290 4557 3547 4616; x_wconf 85' lang='lat' dir='ltr'><strong>Catholici</strong></span> 
     </span>
    </p>
   </div>
   <div class='ocr_carea' id='block_1_108' title="bbox 1971 4644 3545 4718">
    <p class='ocr_par' dir='ltr' id='par_1_108' title="bbox 1971 4644 3545 4718">
     <span class='ocr_line' id='line_1_108' title="bbox 1971 4644 3545 4718; baseline 0.004 -21"><span class='ocrx_word' id='word_1_804' title='bbox 1971 4644 2231 4710; x_wconf 81' lang='lat' dir='ltr'><strong>dixerint;</strong></span> <span class='ocrx_word' id='word_1_805' title='bbox 2265 4661 2422 4699; x_wconf 90' lang='lat' dir='ltr'><strong>unam</strong></span> <span class='ocrx_word' id='word_1_806' title='bbox 2468 4661 2586 4716; x_wconf 74' lang='lat' dir='ltr'><strong>qua:</strong></span> <span class='ocrx_word' id='word_1_807' title='bbox 2640 4662 2779 4700; x_wconf 92' lang='lat' dir='ltr'><strong>nunc</strong></span> <span class='ocrx_word' id='word_1_808' title='bbox 2828 4645 2984 4702; x_wconf 86' lang='lat' dir='ltr'><strong>habet</strong></span> <span class='ocrx_word' id='word_1_809' title='bbox 3024 4649 3313 4718; x_wconf 82' lang='lat' dir='ltr'><strong>permixtos</strong></span> <span class='ocrx_word' id='word_1_810' title='bbox 3357 4651 3545 4716; x_wconf 77' lang='lat' dir='ltr'><strong>malos,</strong></span> 
     </span>
    </p>
   </div>
   <div class='ocr_carea' id='block_1_109' title="bbox 1969 4735 3549 4804">
    <p class='ocr_par' dir='ltr' id='par_1_109' title="bbox 1969 4735 3549 4804">
     <span class='ocr_line' id='line_1_109' title="bbox 1969 4735 3549 4804; baseline 0.004 -14"><span class='ocrx_word' id='word_1_811' title='bbox 1969 4735 2127 4790; x_wconf 87' lang='lat' dir='ltr'><strong>aliam</strong></span> <span class='ocrx_word' id='word_1_812' title='bbox 2173 4752 2290 4804; x_wconf 73' lang='lat' dir='ltr'><strong>quue</strong></span> <span class='ocrx_word' id='word_1_813' title='bbox 2335 4745 2453 4804; x_wconf 64' lang='lat' dir='ltr'><strong>pust</strong></span> <span class='ocrx_word' id='word_1_814' title='bbox 2497 4737 2941 4791; x_wconf 85' lang='lat' dir='ltr'><strong>resurrectionem</strong></span> <span class='ocrx_word' id='word_1_815' title='bbox 2972 4753 3064 4791; x_wconf 89' lang='lat' dir='ltr'><strong>eos</strong></span> <span class='ocrx_word' id='word_1_816' title='bbox 3095 4754 3198 4792; x_wconf 87' lang='lat' dir='ltr'><strong>non</strong></span> <span class='ocrx_word' id='word_1_817' title='bbox 3227 4751 3370 4795; x_wconf 87' lang='lat' dir='ltr'><strong>esset</strong></span> <span class='ocrx_word' id='word_1_818' title='bbox 3401 4741 3549 4796; x_wconf 86' lang='lat' dir='ltr'><strong>habi-</strong></span> 
     </span>
    </p>
   </div>
   <div class='ocr_carea' id='block_1_110' title="bbox 1971 4826 3548 4888">
    <p class='ocr_par' dir='ltr' id='par_1_110' title="bbox 1971 4826 3548 4888">
     <span class='ocr_line' id='line_1_110' title="bbox 1971 4826 3548 4888; baseline 0.005 -8"><span class='ocrx_word' id='word_1_819' title='bbox 1971 4836 2120 4881; x_wconf 87' lang='lat' dir='ltr'><strong>tura:</strong></span> <span class='ocrx_word' id='word_1_820' title='bbox 2143 4827 2300 4880; x_wconf 82' lang='lat' dir='ltr'><strong>veluti</strong></span> <span class='ocrx_word' id='word_1_821' title='bbox 2325 4842 2424 4880; x_wconf 93' lang='lat' dir='ltr'><strong>non</strong></span> <span class='ocrx_word' id='word_1_822' title='bbox 2449 4826 2608 4881; x_wconf 90' lang='lat' dir='ltr'><strong>iidem</strong></span> <span class='ocrx_word' id='word_1_823' title='bbox 2634 4827 2791 4881; x_wconf 72' lang='lat' dir='ltr'><strong>futuri</strong></span> <span class='ocrx_word' id='word_1_824' title='bbox 2809 4837 2987 4882; x_wconf 82' lang='lat' dir='ltr'><strong>essent</strong></span> <span class='ocrx_word' id='word_1_825' title='bbox 3009 4831 3174 4883; x_wconf 90' lang='lat' dir='ltr'><strong>sancti</strong></span> <span class='ocrx_word' id='word_1_826' title='bbox 3197 4845 3315 4884; x_wconf 90' lang='lat' dir='ltr'><strong>cum</strong></span> <span class='ocrx_word' id='word_1_827' title='bbox 3337 4832 3548 4888; x_wconf 81' lang='lat' dir='ltr'><strong>Christo</strong></span> 
     </span>
    </p>
   </div>
   <div class='ocr_carea' id='block_1_111' title="bbox 1972 4917 3548 4990">
    <p class='ocr_par' dir='ltr' id='par_1_111' title="bbox 1972 4917 3548 4990">
     <span class='ocr_line' id='line_1_111' title="bbox 1972 4917 3548 4990; baseline 0.004 -18"><span class='ocrx_word' id='word_1_828' title='bbox 1972 4917 2259 4986; x_wconf 83' lang='lat' dir='ltr'><strong>regnaturi,</strong></span> <span class='ocrx_word' id='word_1_829' title='bbox 2279 4919 2364 4986; x_wconf 86' lang='lat' dir='ltr'><strong>qui</strong></span> <span class='ocrx_word' id='word_1_830' title='bbox 2397 4932 2539 4972; x_wconf 88' lang='lat' dir='ltr'><strong>nunc</strong></span> <span class='ocrx_word' id='word_1_831' title='bbox 2566 4935 2659 4988; x_wconf 89' lang='lat' dir='ltr'><strong>pro</strong></span> <span class='ocrx_word' id='word_1_832' title='bbox 2680 4920 2795 4988; x_wconf 76' lang='lat' dir='ltr'><strong>ejus</strong></span> <span class='ocrx_word' id='word_1_833' title='bbox 2826 4919 3035 4974; x_wconf 87' lang='lat' dir='ltr'><strong>nomine</strong></span> <span class='ocrx_word' id='word_1_834' title='bbox 3056 4934 3172 4974; x_wconf 91' lang='lat' dir='ltr'><strong>cum</strong></span> <span class='ocrx_word' id='word_1_835' title='bbox 3197 4921 3340 4990; x_wconf 83' lang='lat' dir='ltr'><strong>jutste</strong></span> <span class='ocrx_word' id='word_1_836' title='bbox 3368 4925 3548 4978; x_wconf 88' lang='lat' dir='ltr'><strong>vivunt</strong></span> 
     </span>
    </p>
   </div>
   <div class='ocr_carea' id='block_1_112' title="bbox 1973 5008 2416 5063">
    <p class='ocr_par' dir='ltr' id='par_1_112' title="bbox 1973 5008 2416 5063">
     <span class='ocr_line' id='line_1_112' title="bbox 1973 5008 2416 5063; baseline 0.007 -3"><span class='ocrx_word' id='word_1_837' title='bbox 1973 5008 2202 5061; x_wconf 88' lang='lat' dir='ltr'><strong>tolerant</strong></span> <span class='ocrx_word' id='word_1_838' title='bbox 2229 5009 2416 5063; x_wconf 72' lang='lat' dir='ltr'><strong>malus.</strong></span> 
     </span>
    </p>
   </div>
   <div class='ocr_carea' id='block_1_113' title="bbox 2044 5098 3548 5172">
    <p class='ocr_par' dir='ltr' id='par_1_113' title="bbox 2044 5098 3548 5172">
     <span class='ocr_line' id='line_1_113' title="bbox 2044 5098 3548 5172; baseline 0.003 -21"><span class='ocrx_word' id='word_1_839' title='bbox 2044 5099 2132 5152; x_wconf 73' lang='lat'><strong>20.</strong></span> <span class='ocrx_word' id='word_1_840' title='bbox 2170 5098 2248 5152; x_wconf 66' lang='lat' dir='ltr'><strong>Ad</strong></span> <span class='ocrx_word' id='word_1_841' title='bbox 2281 5099 2394 5152; x_wconf 75' lang='lat' dir='ltr'><strong>lta&#39;c</strong></span> <span class='ocrx_word' id='word_1_842' title='bbox 2442 5099 2700 5153; x_wconf 84' lang='lat' dir='ltr'><strong>Catholici</strong></span> <span class='ocrx_word' id='word_1_843' title='bbox 2752 5099 3157 5169; x_wconf 83' lang='lat' dir='ltr'><strong>responderunt,</strong></span> <span class='ocrx_word' id='word_1_844' title='bbox 3189 5103 3348 5156; x_wconf 87' lang='lat' dir='ltr'><strong>etiam</strong></span> <span class='ocrx_word' id='word_1_845' title='bbox 3405 5103 3548 5172; x_wconf 69' lang='lat' dir='ltr'><strong>ipSns</strong></span> 
     </span>
    </p>
   </div>
   <div class='ocr_carea' id='block_1_114' title="bbox 1969 5189 3547 5260">
    <p class='ocr_par' dir='ltr' id='par_1_114' title="bbox 1969 5189 3547 5260">
     <span class='ocr_line' id='line_1_114' title="bbox 1969 5189 3547 5260; baseline 0.004 -18"><span class='ocrx_word' id='word_1_846' title='bbox 1969 5191 2078 5260; x_wconf 91' lang='lat' dir='ltr'><strong>jam</strong></span> <span class='ocrx_word' id='word_1_847' title='bbox 2119 5189 2278 5244; x_wconf 82' lang='lat' dir='ltr'><strong>fuisse</strong></span> <span class='ocrx_word' id='word_1_848' title='bbox 2319 5192 2612 5255; x_wconf 77' lang='lat' dir='ltr'><strong>confessos,</strong></span> <span class='ocrx_word' id='word_1_849' title='bbox 2644 5206 2762 5246; x_wconf 89' lang='lat' dir='ltr'><strong>esse</strong></span> <span class='ocrx_word' id='word_1_850' title='bbox 2807 5191 2859 5244; x_wconf 92' lang='lat' dir='ltr'><strong>in</strong></span> <span class='ocrx_word' id='word_1_851' title='bbox 2905 5192 3136 5246; x_wconf 82' lang='lat' dir='ltr'><strong>Ecclesia</strong></span> <span class='ocrx_word' id='word_1_852' title='bbox 3181 5193 3265 5247; x_wconf 88' lang='lat' dir='ltr'><strong>vel</strong></span> <span class='ocrx_word' id='word_1_853' title='bbox 3311 5195 3547 5248; x_wconf 81' lang='lat' dir='ltr'><strong>occultos</strong></span> 
     </span>
    </p>
   </div>
   <div class='ocr_carea' id='block_1_115' title="bbox 1975 5283 3545 5353">
    <p class='ocr_par' dir='ltr' id='par_1_115' title="bbox 1975 5283 3545 5353">
     <span class='ocr_line' id='line_1_115' title="bbox 1975 5283 3545 5353; baseline 0.003 -17"><span class='ocrx_word' id='word_1_854' title='bbox 1975 5283 2170 5336; x_wconf 86' lang='lat' dir='ltr'><strong>malos:</strong></span> <span class='ocrx_word' id='word_1_855' title='bbox 2195 5292 2249 5336; x_wconf 90' lang='lat' dir='ltr'><strong>et</strong></span> <span class='ocrx_word' id='word_1_856' title='bbox 2268 5283 2498 5337; x_wconf 83' lang='lat' dir='ltr'><strong>vicissim</strong></span> <span class='ocrx_word' id='word_1_857' title='bbox 2517 5283 2836 5352; x_wconf 71' lang='lat' dir='ltr'><strong>quaesierunt</strong></span> <span class='ocrx_word' id='word_1_858' title='bbox 2856 5284 3120 5353; x_wconf 81' lang='lat' dir='ltr'><strong>quomodo</strong></span> <span class='ocrx_word' id='word_1_859' title='bbox 3135 5301 3226 5340; x_wconf 80' lang='lat' dir='ltr'><strong>eos</strong></span> <span class='ocrx_word' id='word_1_860' title='bbox 3247 5287 3294 5338; x_wconf 92' lang='lat' dir='ltr'><strong>iuu</strong></span> <span class='ocrx_word' id='word_1_861' title='bbox 3317 5286 3545 5340; x_wconf 74' lang='lat' dir='ltr'><strong>Ecclesia</strong></span> 
     </span>
    </p>
   </div>
   <div class='ocr_carea' id='block_1_116' title="bbox 1974 5371 3546 5444">
    <p class='ocr_par' dir='ltr' id='par_1_116' title="bbox 1974 5371 3546 5444">
     <span class='ocr_line' id='line_1_116' title="bbox 1974 5371 3546 5444; baseline 0.001 -18"><span class='ocrx_word' id='word_1_862' title='bbox 1974 5373 2216 5427; x_wconf 85' lang='lat' dir='ltr'><strong>diabolus</strong></span> <span class='ocrx_word' id='word_1_863' title='bbox 2257 5373 2628 5435; x_wconf 77' lang='lat' dir='ltr'><strong>seminaverit;</strong></span> <span class='ocrx_word' id='word_1_864' title='bbox 2659 5371 2800 5443; x_wconf 86' lang='lat' dir='ltr'><strong>quod</strong></span> <span class='ocrx_word' id='word_1_865' title='bbox 2844 5373 2918 5427; x_wconf 88' lang='lat' dir='ltr'><strong>illi</strong></span> <span class='ocrx_word' id='word_1_866' title='bbox 2950 5376 3096 5443; x_wconf 86' lang='lat' dir='ltr'><strong>quasi</strong></span> <span class='ocrx_word' id='word_1_867' title='bbox 3138 5375 3250 5430; x_wconf 79' lang='lat' dir='ltr'><strong>fieri</strong></span> <span class='ocrx_word' id='word_1_868' title='bbox 3293 5393 3395 5429; x_wconf 82' lang='lat' dir='ltr'><strong>non</strong></span> <span class='ocrx_word' id='word_1_869' title='bbox 3431 5392 3496 5444; x_wconf 80' lang='lat' dir='ltr'><strong>po</strong></span> <span class='ocrx_word' id='word_1_870' title='bbox 3527 5409 3546 5418; x_wconf 91' lang='lat'>-</span> 
     </span>
    </p>
   </div>
   <div class='ocr_carea' id='block_1_117' title="bbox 1974 5463 3548 5534">
    <p class='ocr_par' dir='ltr' id='par_1_117' title="bbox 1974 5463 3548 5534">
     <span class='ocr_line' id='line_1_117' title="bbox 1974 5463 3548 5534; baseline 0.003 -16"><span class='ocrx_word' id='word_1_871' title='bbox 1974 5475 2075 5528; x_wconf 87' lang='lat' dir='ltr'><strong>set,</strong></span> <span class='ocrx_word' id='word_1_872' title='bbox 2116 5465 2180 5519; x_wconf 80' lang='lat' dir='ltr'><strong>de</strong></span> <span class='ocrx_word' id='word_1_873' title='bbox 2211 5463 2426 5520; x_wconf 78' lang='lat' dir='ltr'><strong>zizaniis</strong></span> <span class='ocrx_word' id='word_1_874' title='bbox 2469 5465 2824 5534; x_wconf 84' lang='lat' dir='ltr'><strong>requirebant.</strong></span> <span class='ocrx_word' id='word_1_875' title='bbox 2869 5465 3214 5534; x_wconf 76' lang='lat' dir='ltr'><strong>llepctierunt</strong></span> <span class='ocrx_word' id='word_1_876' title='bbox 3255 5467 3413 5520; x_wconf 86' lang='lat' dir='ltr'><strong>etiam</strong></span> <span class='ocrx_word' id='word_1_877' title='bbox 3443 5465 3548 5522; x_wconf 82' lang='lat' dir='ltr'><strong>Ca-</strong></span> 
     </span>
    </p>
   </div>
   <div class='ocr_carea' id='block_1_118' title="bbox 1975 5557 3551 5630">
    <p class='ocr_par' dir='ltr' id='par_1_118' title="bbox 1975 5557 3551 5630">
     <span class='ocr_line' id='line_1_118' title="bbox 1975 5557 3551 5630; baseline 0.002 -19"><span class='ocrx_word' id='word_1_878' title='bbox 1975 5557 2152 5612; x_wconf 86' lang='lat' dir='ltr'><strong>tholici</strong></span> <span class='ocrx_word' id='word_1_879' title='bbox 2195 5557 2550 5612; x_wconf 81' lang='lat' dir='ltr'><strong>testimonium</strong></span> <span class='ocrx_word' id='word_1_880' title='bbox 2590 5557 2860 5628; x_wconf 72' lang='lat' dir='ltr'><strong>Cypriani,</strong></span> <span class='ocrx_word' id='word_1_881' title='bbox 2893 5559 2979 5628; x_wconf 87' lang='lat' dir='ltr'><strong>qui</strong></span> <span class='ocrx_word' id='word_1_882' title='bbox 3011 5558 3250 5612; x_wconf 88' lang='lat' dir='ltr'><strong>eamdem</strong></span> <span class='ocrx_word' id='word_1_883' title='bbox 3283 5559 3551 5630; x_wconf 73' lang='lat' dir='ltr'><strong>euangeli-</strong></span> 
     </span>
    </p>
   </div>
   <div class='ocr_carea' id='block_1_119' title="bbox 1974 5650 3550 5721">
    <p class='ocr_par' dir='ltr' id='par_1_119' title="bbox 1974 5650 3550 5721">
     <span class='ocr_line' id='line_1_119' title="bbox 1974 5650 3550 5721; baseline 0.003 -18"><span class='ocrx_word' id='word_1_884' title='bbox 1974 5667 2087 5704; x_wconf 84' lang='lat' dir='ltr'><strong>eam</strong></span> <span class='ocrx_word' id='word_1_885' title='bbox 2121 5650 2516 5706; x_wconf 85' lang='lat' dir='ltr'><strong>siuuuilitndincuu</strong></span> <span class='ocrx_word' id='word_1_886' title='bbox 2546 5665 2648 5704; x_wconf 89' lang='lat' dir='ltr'><strong>non</strong></span> <span class='ocrx_word' id='word_1_887' title='bbox 2687 5650 2841 5704; x_wconf 85' lang='lat' dir='ltr'><strong>aliter</strong></span> <span class='ocrx_word' id='word_1_888' title='bbox 2878 5650 3135 5704; x_wconf 83' lang='lat' dir='ltr'><strong>intellexit</strong></span> <span class='ocrx_word' id='word_1_889' title='bbox 3163 5691 3176 5715; x_wconf 93' lang='lat'><strong>,</strong></span> <span class='ocrx_word' id='word_1_890' title='bbox 3212 5667 3366 5721; x_wconf 86' lang='lat' dir='ltr'><strong>quam</strong></span> <span class='ocrx_word' id='word_1_891' title='bbox 3399 5661 3454 5706; x_wconf 91' lang='lat' dir='ltr'><strong>ut</strong></span> <span class='ocrx_word' id='word_1_892' title='bbox 3495 5653 3550 5708; x_wconf 82' lang='lat' dir='ltr'><strong>in</strong></span> 
     </span>
    </p>
   </div>
   <div class='ocr_carea' id='block_1_120' title="bbox 1977 5743 3550 5810">
    <p class='ocr_par' dir='ltr' id='par_1_120' title="bbox 1977 5743 3550 5810">
     <span class='ocr_line' id='line_1_120' title="bbox 1977 5743 3550 5810; baseline 0.003 -14"><span class='ocrx_word' id='word_1_893' title='bbox 1977 5743 2208 5796; x_wconf 72' lang='lat' dir='ltr'><strong>Ecclesia</strong></span> <span class='ocrx_word' id='word_1_894' title='bbox 2248 5743 2449 5798; x_wconf 89' lang='lat' dir='ltr'><strong>diceret</strong></span> <span class='ocrx_word' id='word_1_895' title='bbox 2475 5759 2593 5798; x_wconf 87' lang='lat' dir='ltr'><strong>esse</strong></span> <span class='ocrx_word' id='word_1_896' title='bbox 2641 5743 2858 5804; x_wconf 78' lang='lat' dir='ltr'><strong>zizania,</strong></span> <span class='ocrx_word' id='word_1_897' title='bbox 2893 5759 2990 5796; x_wconf 87' lang='lat' dir='ltr'><strong>uuce</strong></span> <span class='ocrx_word' id='word_1_898' title='bbox 3036 5743 3220 5810; x_wconf 78' lang='lat' dir='ltr'><strong>latere,</strong></span> <span class='ocrx_word' id='word_1_899' title='bbox 3271 5744 3361 5799; x_wconf 88' lang='lat' dir='ltr'><strong>sed</strong></span> <span class='ocrx_word' id='word_1_900' title='bbox 3403 5747 3550 5800; x_wconf 81' lang='lat' dir='ltr'><strong>cerni</strong></span> 
     </span>
    </p>
   </div>
   <div class='ocr_carea' id='block_1_121' title="bbox 1979 5833 3554 5905">
    <p class='ocr_par' dir='ltr' id='par_1_121' title="bbox 1979 5833 3554 5905">
     <span class='ocr_line' id='line_1_121' title="bbox 1979 5833 3554 5905; baseline 0.004 -18"><span class='ocrx_word' id='word_1_901' title='bbox 1979 5835 2168 5905; x_wconf 67' lang='lat' dir='ltr'><strong>(Epist.</strong></span> <span class='ocrx_word' id='word_1_902' title='bbox 2209 5835 2273 5888; x_wconf 81' lang='lat' dir='ltr'><strong>ad</strong></span> <span class='ocrx_word' id='word_1_903' title='bbox 2309 5833 2635 5903; x_wconf 74' lang='lat' dir='ltr'><strong>Maximum).</strong></span> <span class='ocrx_word' id='word_1_904' title='bbox 2671 5835 2861 5890; x_wconf 79' lang='lat' dir='ltr'><strong>Contra</strong></span> <span class='ocrx_word' id='word_1_905' title='bbox 2895 5833 3030 5904; x_wconf 84' lang='lat' dir='ltr'><strong>quod</strong></span> <span class='ocrx_word' id='word_1_906' title='bbox 3079 5836 3432 5892; x_wconf 81' lang='lat' dir='ltr'><strong>testimonium</strong></span> <span class='ocrx_word' id='word_1_907' title='bbox 3478 5837 3554 5892; x_wconf 80' lang='lat' dir='ltr'><strong>illi</strong></span> 
     </span>
    </p>
   </div>
  </div>
