4024 6196
391 393 496 451 6.35

392 509 610 566 omnino
642 507 767 561 nihil
813 503 924 560 ausi
973 504 1178 557 fuerant
1223 498 1575 569 resp‘aderc;
1623 512 1743 548 cum
1789 503 1973 547 auclo-

393 605 604 657 ritatcm
636 598 882 671 Cypriani
916 598 1040 651 tanti
1077 595 1320 656 habeant,
1351 602 1404 645 ut
1431 608 1520 659 per
1547 591 1686 643 illam
1717 596 1976 642 conentur

394 692 681 748 defendere
707 689 848 761 quod
889 689 1025 743 male
1054 687 1118 740 de
1159 684 1397 739 iterando
1430 683 1696 750 Baptismo
1745 679 1981 733 sentiunt

391 798 442 838 et
488 783 706 846 faciunt.
761 781 836 836 De
885 780 1086 833 duabus
1146 779 1302 832 etiam
1360 774 1614 829 Ecclesiis
1657 771 1975 824 calumniam

391 893 576 932 eorum
627 873 884 928 Citholici
951 872 1272 933 refutarunt,
1333 867 1621 920 identidem
1673 860 1976 932 expies~ius

392 967 740 1021 odendetztcs
779 964 904 1035 quid
950 962 1200 1027 dixerint,
1233 960 1280 1012 id
1331 967 1432 1022 est,
1475 974 1578 1010 non
1626 972 1740 1006 (tam
1793 953 1976 1005 Eccle-

371 1062 523 1124 ιεπιςιιιι
573 1073 690 1126 qua:
733 1072 871 1108 nunc
904 1053 1059 1106 habet
1106 1050 1396 1121 permixto;
1448 1048 1612 1100 malos
1661 1044 1887 1097 alienam
1921 1057 1978 1094 sc

370 1129 592 1202 idixisse
627 1163 656 1203 a
697 1163 860 1217 regno
910 1145 1020 1208 Dei,
1047 1144 1130 1195 ubi
1182 1159 1284 1194 non
1334 1149 1490 1194 erunt
1530 1137 1650 1189 mali
1675 1133 1975 1196 commixti;

371 1225 485 1294 .sed
511 1221 752 1294 eamdem
785 1240 950 1308 ipsam
989 1252 1144 1289 unam
1176 1245 1226 1288 et
1253 1242 1486 1286 sanctam
1517 1229 1807 1282 lierlesiam
1842 1239 1982 1278 nunc

393 1347 514 1384 esse
550 1331 725 1393 aliter,
759 1339 878 1382 tunc
906 1339 1081 1381 au'cm
1113 1325 1218 1378 ειὶὶιι
1241 1340 1267 1377 r
1307 1323 1529 1375 futuram
1559 1338 1571 1382 ;
1617 1334 1754 1371 nunc
1786 1317 1981 1369 habere

397 1423 564 1474 malos
597 1421 821 1482 mixtos;
858 1428 981 1472 tunc
1009 1433 1110 1470 non
1143 1415 1472 1467 habituram:
1507 1413 1641 1465 sicut
1674 1424 1811 1461 nunc
1841 1423 1982 1461 mor-

398 1514 580 1577 tdezu,
607 1509 747 1580 quod
775 1526 836 1562 ex
868 1508 1178 1562 mortalibus
1205 1513 1470 1557 con~taret
1494 1502 1824 1564 hominibus;
1858 1510 1982 1552 tunc

396 1613 570 1656 autem
618 1602 990 1663 immortalem,
1025 1598 1163 1667 quod
1197 1598 1248 1650 in
1279 1612 1336 1647 ea
1381 1595 1553 1647 uellus
1583 1601 1724 1646 esset
1752 1593 1830 1643 vel
1860 1606 1978 1648 cor-

397 1712 523 1762 pure
572 1696 899 1746 moriturus:
934 1691 1069 1743 sicut
1115 1706 1216 1741 non
1267 1687 1385 1740 ideo
1435 1685 1540 1738 duo
1585 1683 1808 1744 ('Iltristi,
1860 1681 1980 1750 quia

397 1786 540 1854 prior
557 1792 762 1838 mortua
784 1802 793 1830 ι
813 1784 824 1813 ¹
847 1791 1022 1851 postea
1043 1795 1143 1833 non
1171 1778 1476 1830 moriturus.
1497 1776 1698 1828 Dictum
1725 1785 1800 1824 est
1820 1772 1980 1826 etiam

397 1877 464 1929 de
497 1877 710 1928 homine
753 1876 1013 1926 exteriore
1045 1881 1097 1925 et
1128 1869 1400 1931 interiore,
1434 1883 1550 1936 qum
1594 1881 1713 1918 cum
1747 1864 1852 1918 sint
1899 1865 1981 1917 di-

397 1983 568 2031 versa,
602 1983 702 2018 non
736 1975 908 2017 tamen
941 1963 1040 2015 dici
1086 1961 1220 2015 duos
1250 1960 1492 2012 homines
1525 1975 1536 2008 :
1570 1964 1768 2027 quanto
1809 1955 1982 2007 minus

395 2061 498 2113 diei
545 2062 674 2113 duas
721 2059 1005 2121 [Scel-edas,
1039 2073 1156 2108 cum
1204 2055 1359 2110 iidem
1407 2055 1502 2122 ipsi
1545 2053 1630 2121 qui
1679 2068 1817 2105 nunc
1857 2050 1982 2103 horti

398 2153 627 2207 tolerant
663 2152 952 2221 permixtos
986 2150 1153 2202 malev
1184 2160 1233 2201 et
1279 2146 1630 2200 resurrecturi
1664 2145 1980 2209 moriuntur,

397 2255 522 2299 tunc
564 2261 662 2297 nec
713 2245 906 2298 mixtis
954 2243 1119 2296 malos
1173 2241 1400 2293 habituri
1449 2239 1573 2304 sint,
1622 2251 1720 2290 nec
1766 2236 1984 2288 omnino

397 2337 686 2396 ltltzt'iiltl'i?
735 2336 807 2388 De
859 2335 971 2403 ipso
997 2348 1207 2405 quoque
1241 2348 1483 2397 numero,
1516 2329 1763 2399 quoniam
1812 2329 1986 2380 Dona-

397 2431 532 2481 tistze
561 2427 954 2496 Scripturarum
989 2425 1290 2478 testimonio
1324 2439 1478 2476 unam
1513 2422 1802 2476 Eeelcsiam
1833 2435 1982 2473 cont-

401 2520 805 2581 memlarcrunt,
831 2519 970 2572 velut
997 2525 1180 2571 contra
1203 2516 1332 2569 duas
1359 2532 1485 2582 quas
1510 2513 1811 2567 (Zatlrolicos
1841 2511 1987 2565 affir-

399 2627 579 2665 masse
607 2611 912 2680 jactabaut;
960 2625 1272 2676 responsum
1319 2618 1400 2660 est.
1431 2622 1456 2657 a
1487 2605 1794 2670 Catholicis,
1824 2605 1983 2667 etiam

398 2704 591 2757 turritas
624 2703 891 2756 Ecclesias
939 2702 986 2754 in
1015 2700 1300 2770 Scripturis
1330 2698 1552 2753 inveniri
1579 2697 1769 2762 dictas,
1811 2707 1863 2750 et
1901 2711 1986 2752 se-

397 2805 537 2863 ptem
569 2794 633 2846 ad
672 2808 802 2864 quas
827 2793 1059 2848 Joannes
1099 2791 1283 2846 scribit
1327 2789 1510 2859 (Apoc.
1544 2788 1612 2859 ι),
1644 2804 1760 2858 qua:
1807 2797 1982 2842 tamen

398 2887 574 2939 nmitze
622 2888 758 2939 illius
794 2887 964 2939 nniem
1009 2885 1245 2937 membra
1279 2899 1398 2938 esse
1437 2882 1896 2950 intelligerentur:
1931 2889 1987 2934 ut

399 2977 521 3029 hiuc
549 2988 832 3045 appareret
874 2976 1040 3030 multo
1069 2977 1243 3027 minus
1289 2975 1386 3026 sibi
1415 2972 1611 3027 debere
1641 2972 1796 3041 objiei
1831 2971 1982 3037 duas,

395 3085 514 3121 cum
543 3068 784 3120 eamdem
819 3068 985 3134 ipsam
1025 3083 1178 3119 unam
1212 3065 1442 3120 dixerint
1488 3079 1591 3118 non
1638 3065 1795 3118 talem
1843 3079 1983 3118 nunc

395 3175 516 3212 (κς-(ξ
543 3158 711 3227 qualis
743 3159 790 3209 in
833 3157 1225 3212 resurrectione
1251 3155 1422 3208 futura
1453 3163 1622 3220 esset,
1650 3153 1984 3225 qttanquui-

399 3251 518 3301 dem
567 3249 870 3317 apostolicis
916 3247 1131 3301 Litteris
1177 3263 1280 3299 non
1329 3245 1647 3313 ohjiciantur
1695 3245 1891 3308 multat,
1920 3259 1984 3298 ex

396 3341 590 3408 quibus
631 3341 740 3408 ipsa
770 3356 871 3393 una
900 3346 1187 3392 constaret.
1225 3337 1301 3390 Ad
1341 3337 1453 3391 ha-c
1486 3337 1770 3390 Donatislzc
1803 3352 1986 3388 rursus

395 3431 580 3482 eadem
631 3431 888 3498 replicare
919 3446 1022 3481 non
1055 3429 1390 3492 desuterunt,
1431 3427 1646 3493 insuper
1677 3425 1986 3494 adjicientcs

397 3533 452 3573 et
483 3521 740 3574 invidiose
767 3521 1049 3587 iactantes,
1075 3521 1214 3590 quod
1245 3520 1536 3573 Ecclesiam
1567 3519 1848 3571 mortalem
1887 3519 1985 3572 Ca-

402 3611 582 3665 tholici
607 3611 866 3673 dixerint;
899 3620 954 3665 ct
983 3611 1099 3665 ideo
1130 3620 1384 3681 negantes
1401 3627 1516 3664 eam
1543 3610 1818 3665 tnortalem
1841 3626 1984 3677 esse,

395 3702 520 3772 quia
563 3702 792 3756 Trinitas
825 3702 1142 3756 immortalis
1171 3712 1274 3766 cst,
1302 3701 1454 3770 cujus
1499 3701 1665 3771 gratia
1709 3715 1991 3756 consecra-

396 3805 483 3849 tur
513 3795 782 3859 Erclc~ia;
830 3805 881 3849 et
919 3796 1042 3866 quia
1073 3795 1318 3850 Christus
1362 3795 1481 3848 ideo
1527 3810 1619 3862 pro
1657 3811 1716 3847 ea
1751 3804 1987 3850 mortuus

398 3893 486 3956 sit,
513 3900 562 3942 ut
592 3907 708 3946 eam
731 3891 926 3945 faceret
962 3891 1313 3946 immortalem
1342 3908 1354 3942 :
1385 3890 1534 3959 quasi
1560 3889 1817 3943 Catholici
1840 3888 1990 3944 dixe-

399 3983 507 4034 rint
552 3998 654 4035 non
703 3998 819 4037 eam
868 3983 978 4037 ﬁeri
1013 3981 1366 4038 immortalem
1393 3981 1560 4050 gratia
1591 3980 1709 4045 Dei,
1738 3989 1790 4032 et
1819 3979 1986 4033 eiiuso

400 4088 496 4140 pro
520 4089 578 4125 ea
610 4074 864 4142 sanguine
891 4072 1186 4134 Salvateris
1213 4090 1225 4125 :
1259 4071 1350 4126 sed
1381 4081 1614 4140 tempora
1641 4085 1758 4124 esse
1787 4070 1986 4124 discer-

399 4164 571 4218 nenda
617 4165 904 4226 dixerunt,
964 4179 1199 4233 pra'scns
1244 4163 1492 4218 videlicet
1539 4178 1643 4232 quo
1691 4162 1989 4216 moriuntur

396 4271 584 4308 omnes
609 4256 800 4319 sancti,
839 4256 975 4309 sicut
1001 4265 1242 4309 mortth
1272 4263 1354 4308 est
1383 4255 1494 4324 ipse
1521 4255 1788 4318 Christus;
1827 4261 1880 4308 et
1908 4253 1988 4307 fu-

400 4352 598 4406 turum,
623 4362 728 4412 quo
760 4355 1059 4413 resurgcnt,
1090 4355 1142 4400 et
1186 4345 1328 4399 nullo
1370 4345 1630 4399 morituro
1659 4346 1831 4399 vivent
1865 4360 1984 4399 cum

401 4435 491 4488 illo
517 4436 603 4504 qni
628 4437 736 4501 jant
769 4439 1077 4489 resurrexit.

464 4523 688 4584 CAPUT
718 4529 804 4582 XI.
836 4558 906 4568 -ο
932 4531 1019 4584 cll.
1069 4530 1190 4584 llmc
1221 4531 1358 4584 inter
1384 4545 1477 4583 eos
1510 4545 1628 4586 cum
1673 4538 1980 4600 agerentur,

393 4637 446 4681 et
473 4615 719 4695 quamvis
761 4624 1041 4677 manifesta
1093 4634 1253 4693 atque
1281 4624 1509 4677 dilucida
1553 4624 1837 4678 Donatistis
1865 4639 1984 4678 Cer-

399 4717 632 4770 tantibus
653 4715 913 4784 superﬂua
933 4715 1346 4784 repiicarcntur;
1379 4714 1619 4783 promisit
1643 4713 1896 4784 Cognitor
1920 4713 1986 4767 de

399 4810 482 4863 his
511 4823 568 4864 se
598 4825 665 4879 qn
687 4826 714 4859 ιι
741 4810 870 4862 satis
899 4809 1136 4863 audisset
1166 4819 1406 4862 extrema
1436 4809 1695 4861 sententia
1720 4808 1987 4876 judicatu-

393 4916 532 4964 rum,
566 4911 620 4954 ct
655 4901 813 4968 jussit
841 4901 966 4954 illud
1000 4900 1078 4968 agi
1122 4900 1316 4968 potius,
1353 4898 1490 4952 unde
1521 4899 1783 4952 exstiterit
1817 4900 1986 4969 prima

389 5007 549 5046 cziusa
579 4992 806 5045 discidii.
839 4991 990 5046 Tunc
1039 4992 1326 5045 Donatista:
1373 5007 1559 5061 urgere
1589 5001 1885 5060 carperent,
1930 5002 1985 5046 ut

385 5083 458 5137 .de
503 5084 587 5138 his
635 5099 752 5152 qum
797 5083 1032 5137 audisset
1072 5084 1314 5153 primitus
1360 5083 1636 5151 iudicaret.
1681 5083 1831 5150 Quod
1863 5101 1984 5140 cum

385 5177 550 5232 etiam
584 5173 840 5228 Catholici
872 5174 1164 5242 exigerent,
1205 5183 1256 5229 et
1285 5175 1376 5228 ille
1407 5175 1457 5227 in
1501 5190 1564 5227 co
1592 5174 1730 5244 quod
1777 5175 1983 5231 dixerat

389 5274 751 5335 permaneret,
789 5264 1109 5335 juberetque
1158 5265 1284 5318 illud
1333 5265 1414 5334 agi
1467 5265 1663 5333 potius,
1717 5274 1774 5318 ut
1824 5282 1982 5323 causa

389 5358 546 5427 primi
591 5357 796 5412 discidii
839 5367 1260 5423 monstraretur;
1313 5359 1577 5426 petierunt
1621 5358 1897 5427 Catholici,
1928 5372 1983 5428 ut

387 5467 507 5521 qua:
534 5450 825 5506 oll'ercbant
870 5451 1239 5506 recitarentur.
1285 5452 1436 5518 Quod
1484 5468 1602 5507 cum
1633 5454 1742 5509 iicri
1785 5470 1985 5524 przece-

387 5545 576 5613 pisset,
605 5544 849 5599 obnixius
894 5545 1180 5600 Donatista:
1211 5547 1458 5600 resistere
1485 5556 1781 5614 cu‘pernnl,
1806 5557 1858 5600 et
1886 5562 1981 5600 co-

386 5652 512 5701 gere
545 5648 594 5688 ut
621 5637 728 5704 jam
759 5638 824 5692 de
851 5637 1076 5705 cognitis
1099 5638 1381 5707 judicaret.
1408 5637 1592 5692 eadem
1639 5655 1755 5707 qua:
1811 5649 1982 5694 trans-

389 5735 504 5774 acta
536 5729 738 5780 fuemunt
782 5741 1118 5797 repetentes;
1169 5745 1217 5784 et
1269 5731 1548 5795 addentes,
1583 5732 1719 5801 quod
1763 5733 1979 5788 (unnino

459 5831 473 5880 θ
513 5837 524 5876 ¹
545 5837 785 5891 ¢Scndum
810 5839 834 5885 i:
857 5849 953 5902 rte,
985 5842 1096 5904 quia
1119 5842 1253 5906 prius
1278 5849 1346 5892 est
1368 5849 1595 5894 mortuus.

1632 383 1687 435 S.
1733 375 2094 436 .‘iUGllS’I‘lNl
2138 375 2435 431 El’lb't.0l’l

3571 370 3678 427 036

2085 488 2324 558 judicare
2353 488 2417 542 de
2449 486 2538 540 illa
2567 501 2723 540 causa
2758 501 2860 539 non
2898 485 3136 551 deberet,
3166 499 3322 556 quam
3351 483 3562 539 volebat
3587 486 3671 556 agi

2090 581 2397 635 recitatione
2427 595 2611 633 eorum
2639 594 2754 648 qua:
2784 595 2811 630 a
2843 577 3130 633 Catholicis
3152 578 3326 632 oblata
3359 575 3568 632 fuerant
3588 593 3670 632 rc-

2088 671 2294 727 citanda
2327 689 2340 726 :
2371 671 2608 726 dicentes
2630 671 2784 740 hujus
2811 685 2983 726 cans:e
3008 669 3276 725 Christum
3295 670 3530 740 judicem
3553 687 3673 727 esse

2087 764 2314 829 debere;
2347 775 2396 819 ct
2427 763 2676 818 invidiam
2707 764 2959 819 facientes
2989 763 3298 832 Catholicis,
3328 764 3469 835 quod
3501 765 3676 819 homi—

2089 873 2208 911 nem
2259 857 2555 926 pctiverant
2604 855 2869 924 judicent;
2922 855 3160 910 dicentes
3213 857 3372 911 etiam
3414 857 3566 911 solita
3611 858 3679 912 de

2089 947 2546 1018 persecutionibus
2574 962 2708 1016 quas
2739 947 2941 1016 perpeti
2973 947 3298 1001 viderentur.
3333 947 3411 1000 Ad
3446 948 3545 1001 hoc
3572 947 3674 1000 Ca-

2090 1037 2268 1094 tholici
2299 1038 2704 1108 responderunt,
2739 1053 2837 1092 nec
2861 1037 2926 1092 de
2956 1037 3169 1092 homine
3193 1037 3373 1108 judice
3412 1041 3680 1107 postulato

2088 1145 2179 1184 eos
2204 1128 2399 1184 debere
2427 1129 2600 1184 facere
2632 1129 2902 1195 invidiam,
2931 1129 3018 1200 qui
3047 1139 3100 1184 et
3124 1128 3190 1183 de
3214 1144 3374 1220 causa
3404 1130 3677 1184 Maximia-

2088 1221 2345 1276 nistarum
2367 1220 2758 1291 judicaverunt,
2796 1237 2893 1274 nec
2919 1236 3033 1273 eam
3064 1219 3276 1275 Christo
3296 1219 3461 1290 jndici
3486 1236 3676 1275 serva-

2088 1322 2308 1377 verunt;
2343 1320 2394 1365 et
2425 1312 2592 1381 ipsam
2619 1311 2886 1366 Ca-ciliani
2908 1327 3118 1366 causam
3148 1313 3390 1381 primitus
3410 1311 3474 1366 ad
3506 1312 3679 1366 homi-

2089 1420 2233 1466 nem,
2268 1403 2368 1459 hoc
2410 1412 2512 1470 est,
2555 1402 2620 1456 ad
2659 1403 3032 1470 inn-craterem
3077 1403 3476 1457 Constantinum
3516 1420 3675 1459 accn-

2088 1504 2268 1550 Sanies
2289 1496 2580 1550 miserunt:
2611 1511 2708 1548 nec
2733 1495 2800 1549 de
2822 1496 3299 1564 persecutionibus,
3320 1497 3678 1567 quodaliquid

2089 1588 2155 1641 ab
2185 1587 2593 1656 imperatoribus
2616 1603 2709 1655 pro
2734 1587 2966 1641 Ecclesia
2989 1585 3244 1642 Catholici
3271 1598 3528 1656 peterent,
3554 1604 3676 1642 eum

2090 1695 2272 1733 eorum
2305 1679 2778 1732 Circumcelliones
2809 1678 3030 1732 ducibus
3050 1679 3256 1734 clericis
3283 1688 3388 1732 tam
3411 1679 3676 1733 horrenda

2089 1775 2226 1828 mala
2253 1774 2666 1829 committerent.
2698 1772 2796 1828 Ubi
2842 1771 3033 1826 frustra
3079 1773 3503 1843 respomlcrunt,
3543 1773 3675 1827 nihil

2089 1867 2189 1922 hoc
2215 1869 2278 1922 ad
2307 1869 2609 1924 sacerdotes
2643 1871 2908 1939 pertinch
2933 1884 2947 1933 ;
2977 1883 3099 1922 cum
3126 1868 3335 1924 clericis
3356 1867 3579 1922 ducibus
3601 1868 3675 1922 illi

2090 1959 2208 2013 talia
2240 1959 2426 2014 fecisse
2451 1960 2778 2014 asserebant.

2156 2055 2245 2108 9.2.
2283 2055 2352 2109 lbi
2383 2058 2539 2112 etiam
2567 2073 2686 2112 cum
2714 2057 2910 2111 dictum
2935 2066 3094 2122 esset,
3128 2056 3267 2128 quod
3293 2057 3436 2111 calce
3453 2067 3502 2110 et
3524 2065 3676 2109 aceto

2091 2145 2351 2200 humanos
2383 2148 2565 2200 oculos
2602 2148 2863 2216 persecuti
2893 2148 3018 2212 sint,
3053 2148 3101 2200 iu
3139 2163 3243 2217 quo
3268 2148 3470 2201 scelere
3490 2148 3678 2200 diabo-

2090 2237 2198 2290 lum
2244 2238 2560 2293 crudelitate
2603 2240 2958 2308 pervicerunt,
3007 2239 3094 2309 qni
3142 2241 3240 2292 hoc
3282 2240 3330 2291 in
3379 2239 3543 2292 sancti
3577 2239 3672 2292 viri

2089 2343 2246 2383 Carne
2281 2345 2382 2382 non
2418 2329 2560 2390 fecit,
2590 2346 2746 2398 quam
2793 2330 2842 2383 in
2892 2339 3208 2399 potestatem
3236 2340 3510 2397 acceperat
3541 2329 3678 2383 al‘ili-

2088 2420 2312 2489 gendum
2357 2419 2478 2488 (Job
2510 2419 2603 2491 tt);
2654 2421 2736 2473 hic
2781 2421 3070 2502 Donatista:
3110 2422 3456 2490 qua‘sierunt,
3502 2430 3676 2474 utrum

2089 2513 2177 2582 qui
2224 2513 2438 2575 facitmt,
2491 2513 2580 2565 iilii
2623 2522 2802 2565 essent
2846 2512 3062 2578 diaboli,
3111 2530 3176 2565 an
3221 2513 3307 2581 qui
3362 2513 3675 2582 patiuntur:

2089 2604 2236 2673 quasi
2283 2603 2537 2657 Catholici
2583 2605 2722 2656 aliud
2773 2620 2926 2674 quam
2975 2603 3247 2672 passiun's
3295 2619 3417 2656 snas
3447 2603 3678 2658 dixerint

2092 2697 2504 2749 immanissimas
2531 2715 2558 2749 ιι
2590 2696 2799 2750 clericis
2828 2707 2880 2750 et
2915 2696 3440 2750 Circumcellionibns
3466 2713 3673 2750 eorum.

2093 2788 2466 2840 Verumtamen
2494 2787 2650 2840 etiam
2677 2788 2759 2840 hic
2793 2804 2894 2838 non
2921 2786 3369 2854 praetermiserunt
3391 2786 3674 2851 Catholici,

2090 2881 2368 2934 occasione
2393 2881 2588 2942 obfata,
2615 2880 2691 2932 eis.
2724 2879 3135 2934 Maximianistas
3162 2879 3421 2948 objicere;
3452 2890 3502 2933 ct
3525 2879 3679 2933 dixe-

2091 2981 2213 3024 rttnt
2251 2968 2541 3024 secundum
2573 2987 2756 3024 eoraun
2800 2971 3113 3024 sententiam
3147 2972 3396 3025 meliores
3419 2987 3535 3025 esse
3561 2971 3678 3024 Ma-

2090 3065 2439 3129 ximianistas,
2472 3079 2602 3133 quos
2632 3063 2768 3132 apud
2795 3074 2902 3117 tres
2932 3063 3012 3116 vel
3041 3080 3102 3118 eo
3132 3065 3358 3133 amplius
3385 3080 3681 3135 proconsu-

2091 3155 2165 3209 les
2191 3155 2449 3223 persecuti
2489 3164 2633 3208 sunt.
2670 3156 2744 3208 lili
2773 3157 2913 3209 enim
2949 3160 2989 3210 si
3036 3158 3172 3226 passi
3206 3166 3350 3221 sunt,
3383 3159 3502 3211 ticli
3529 3158 3678 3212 free-

2091 3254 2212 3298 runt
2243 3246 2279 3299 '.
2313 3245 2374 3302 Et
2405 3245 2659 3314 urgebant
2687 3246 2964 3311 Catholici,
2993 3256 3048 3300 ut
3074 3248 3475 3316 rt‘Spnndt-rent,
3500 3260 3681 3303 utrum

2091 3353 2152 3389 ex
2187 3337 2312 3405 ipsis
2358 3354 2491 3404 quas
2535 3337 2918 3392 damnaverunt
2967 3349 3020 3392 et
3067 3341 3324 3411 perseeuti
3375 3351 3514 3405 sunt,
3569 3358 3682 3396 non

2092 3431 2421 3498 susceperint
2447 3431 2788 3494 Felicianuui,
2813 3442 2864 3484 et
2892 3440 3065 3484 utrum
3097 3450 3198 3485 non
3223 3450 3342 3485 eum
3367 3433 3592 3487 habeant
3626 3437 3681 3489 in

2092 3523 2315 3590 Ctdicgio
2345 3539 2457 3577 suo.
2493 3524 2567 3577 Ad
2600 3524 2737 3593 quod
2772 3525 2843 3578 illi
2877 3525 3012 3594 objet
3035 3535 3140 3578 lunt
3173 3526 3306 3580 sicut
3329 3543 3681 3598 scmperom-

2095 3613 2218 3665 nino
2261 3613 2706 3672 ulunutescenlcs.
2741 3617 2788 3669 in
2832 3617 2973 3669 aiitnl
3022 3618 3210 3681 ierunt,
3247 3618 3544 3686 objiciendn
3571 3619 3680 3673 (3η-

2095 3705 2324 3769 tholieis,
2357 3706 2493 3774 quod
2532 3706 2799 3760 dialmlum
2847 3708 3208 3766 defendissent
3236 3726 3250 3774 ;
3280 3711 3399 3778 quia
3431 3709 3685 3768 dixerant

2093 3813 2210 3850 eum
2243 3799 2406 3850 sancti
2438 3798 2536 3851 .leh
2567 3799 2733 3851 oculis
2767 3801 3084 3868 pepercisse,
3115 3801 3250 3854 unde
3280 3802 3422 3854 illiilli
3453 3804 3535 3858 isti
3558 3821 3684 3859 cru-

2093 3889 2307 3943 tleiitate
2347 3891 2599 3943 vicissent
2656 3892 2716 3944 lit
2745 3903 3091 3961 susi'cperunt
3130 3908 3378 3948 accusare
3405 3894 3681 3952 diabolum

2092 3984 2234 4036 velut
2262 3982 2536 4036 (ΙυΓι-ιιςιιιιι
2562 3999 2588 4035 a
2614 3984 2919 4050 (ἶηιίιοιίοξς,
2953 3985 3190 4040 dicentes
3221 4003 3342 4042 eum
3371 3990 3536 4060 magis
3557 4007 3682 4048 cru-

2092 4073 2280 4127 deiiter
2311 4075 2360 4128 in
2402 4091 2563 4128 exrnc
2593 4075 2692 4128 Joh
2729 4077 2896 4129 oculis
2935 4078 3272 4146 pepercisse,
3307 4091 3363 4134 ut
3407 4095 3684 4138 manerent

2092 4165 2156 4216 ad
2192 4165 2550 4236 sper-taenlnm
2586 4167 2840 4228 \ulnet'is,
2883 4168 3022 4237 quod
3070 4170 3320 4225 universo
3363 4176 3570 4241 corpori
3602 4176 3686 4230 in-

2092 4256 2318 4312 ﬂixerat.
2352 4259 2501 4326 Quod
2532 4260 2755 4313 multum
2780 4260 2967 4313 mirum
2997 4269 3097 4327 est,
3130 4279 3291 4332 quare
3317 4263 3413 4317 hoc
3440 4280 3534 4333 pro
3563 4282 3685 4320 nta-

2091 4363 2198 4417 [ςιιο
2228 4348 2407 4403 dicere
2447 4349 2737 4408 voluerint.
2767 4350 2862 4403 nisi
2894 4350 3028 4405 forte
3061 4361 3116 4405 ιιι
3143 4353 3564 4424 inteliigerentur
3593 4357 3685 4427 pie

2092 4439 2300 4506 fecisse,
2338 4440 2424 4508 qui
2458 4441 2636 4494 oculos
2677 4441 2727 4494 in
2771 4440 3071 4497 horninibus
3117 4445 3378 4512 persecuti
3423 4455 3563 4510 sunt,
3613 4464 3686 4503 ne

2092 4531 2460 4584 cruciarentur
2493 4531 2718 4586 videndo
2741 4533 2956 4588 vulnera
2985 4549 3099 4599 sua,
3133 4550 3252 4605 qua:
3274 4535 3341 4589 ab
3368 4537 3445 4591 eis
3472 4553 3564 4606 per
3593 4548 3684 4593 to-

2093 4628 2200 4676 tum
2223 4636 2417 4692 corpus
2442 4633 2774 4692 acceperant.

2160 4711 2252 4767 9.3.
2290 4712 2395 4768 Sed
2421 4729 2538 4768 cum
2571 4714 2758 4769 iterum
2795 4715 3080 4770 Donatista:
3119 4719 3516 4786 persecutiones
3543 4734 3683 4788 quas

2090 4803 2359 4874 patiuntur
2404 4816 2828 4875 exaggerantes,
2881 4821 3098 4861 suorum
3151 4807 3406 4877 quasdam
3471 4822 3681 4865 mortes

2090 4909 2563 4952 connucmorarent
2597 4901 2647 4952 in
2679 4899 2875 4969 oppido
2902 4901 3174 4970 Bagaiensi
3201 4918 3214 4964 ;
3249 4917 3562 4972 responsura
3597 4915 3685 4958 est

2089 5004 2119 5043 a
2146 4989 2452 5057 Catholicis,
2482 5007 2575 5045 eos
2615 4991 2715 5045 hoc
2747 5007 2930 5060 passos
2957 5009 3076 5048 esse
3101 4994 3223 5048 dum
3260 5010 3441 5049 cormn
3469 4996 3681 5050 violen-

2091 5081 2177 5133 tize
2202 5081 2562 5148 resisteretur,
2591 5099 2746 5152 quam
2769 5083 3000 5151 etjndici
3029 5084 3225 5140 inferre
3249 5089 3424 5142 conati
3445 5095 3591 5141 sunt.
3623 5087 3683 5141 ln

2091 5171 2181 5224 illo
2207 5171 2401 5241 Oppido
2431 5183 2985 5229 commemoraverunt
3030 5173 3283 5229 Catholici
3320 5177 3388 5231 ab
3425 5176 3504 5230 eis
3547 5175 3684 5231 hor-

2090 5263 2249 5316 renda
2276 5278 2395 5317 esse
2421 5265 2722 5329 commissa,
2756 5265 2825 5319 ita
2868 5274 2926 5319 ut
2965 5266 3122 5320 etiam
3151 5267 3366 5321 basilica
3398 5278 3540 5322 esset
3596 5269 3687 5322 in-

2088 5371 2268 5418 censa,
2296 5365 2349 5410 et
2381 5356 2431 5410 in
2479 5357 2652 5426 ignem
2695 5360 2839 5412 missi
2869 5361 3082 5415 codices
3125 5361 3312 5415 sancti.
3346 5361 3538 5415 Mortes
3579 5379 3685 5416 au-

2089 5457 2192 5502 tem
2217 5447 2426 5502 illorum
2451 5451 2615 5520 magis
2641 5466 2759 5506 esse
2786 5466 2852 5504 ex
2876 5451 3256 5506 consuetudine
3276 5467 3433 5523 quam
3458 5453 3685 5520 trahent,

2089 5547 2143 5590 ιιι
2173 5555 2230 5592 se
2258 5538 2353 5606 ipsi
2380 5539 2727 5608 lit';'t:ci|iite.til.
2757 5541 2993 5611 Cumque
3026 5541 3107 5596 his
3136 5543 3421 5598 Donatista:
3450 5560 3689 5615 respon-

2088 5622 2274 5682 dentes
2318 5639 2699 5698 exaggerarcnt
2749 5631 3034 5686 identidem
3095 5634 3236 5686 velut
3279 5638 3686 5703 persecutiOnes

2090 5777 2161 5891 ,ιδ
2181 5782 2478 5904 {tegendum
2505 5781 2645 5844 forte,
2688 5782 2768 5834 Illi
2803 5782 2928 5835 enim
2967 5786 3337 5849 persccutiorwm
3381 5791 3512 5850 passi
3554 5800 3708 5852 sunt,

2090 5855 2096 5887 ι
2147 5861 2158 5892 ι
2201 5857 2373 5894 eccruu
2397 5877 2410 5894 .

2084 5855 2096 5888 ἲ
2127 5855 2140 5891 Ι
2147 5861 2158 5892 1
2183 5855 2410 5894 iecerunt.
