4024 6196
245 389 338 447 637

244 514 366 570 quas
391 503 716 567 paterentur,
746 503 990 562 tauquam
1030 505 1092 546 ex
1127 488 1209 546 his
1239 488 1494 549 fructibus
1538 503 1663 543 suos
1709 485 1805 541 ad-

246 586 492 651 versarios
518 584 714 643 malum
732 596 851 638 esse
878 580 1124 635 arbnrem
1142 579 1469 649 jactitaotes,
1492 587 1545 632 et
1567 584 1809 646 petentes

246 676 514 737 identidem
545 684 602 731 ut
625 673 693 730 de
720 687 849 746 agro
867 681 921 728 et
949 671 1166 729 zizaniis
1190 680 1238 725 ct
1279 670 1347 731 de
1377 684 1478 725 oua
1505 680 1557 724 ct
1588 670 1808 723 immor-

247 769 325 825 tali
352 766 587 824 Ecclesia
607 763 967 837 judicaretur;
992 771 1176 817 contra
1220 768 1397 815 autem
1422 758 1678 817 Catholici
1704 757 1808 821 fru~

243 875 350 923 ctus
376 874 570 916 eorum
603 862 1086 915 commemorarent
1128 852 1413 909 Srltismata
1439 860 1493 907 et
1518 851 1811 920 rebaptiza-

160 1004 163 1005 ν
247 955 423 1020 tiones,
450 960 504 1008 et
527 949 664 1021 quod
693 948 791 1023 ipsi
824 947 1065 1018 primitus
1092 946 1321 1016 majores
1340 960 1464 999 suos
1481 943 1620 1014 apud
1643 941 1811 1012 Impe-

244 1055 459 1102 ratorem
481 1051 842 1106 accusassent,
883 1050 1039 1111 atque
1064 1039 1119 1094 in
1159 1037 1460 1107 httjusmodi
1491 1036 1686 1091 mutuis
1711 1033 1809 1089 ob-

240 1139 386 1209 jectis
410 1137 498 1196 diu
528 1134 793 1206 conflictio
823 1141 1122 1188 versaretur
1146 1149 1165 1186 :
1209 1131 1395 1189 utalnit
1417 1128 1669 1199 Cognitor
1700 1126 1813 1181 tunc

242 1229 413 1291 omnia
432 1226 703 1293 cohibere,
733 1222 1127 1294 promitteusde
1146 1221 1496 1289 ltisjudiciutn
1519 1220 1813 1291 posteriore

243 1317 512 1377 sententia.
547 1316 615 1377 Et
635 1315 844 1371 recitari
863 1314 1022 1383 jussit
1046 1314 1185 1382 quod
1213 1328 1243 1365 ει
1266 1310 1553 1366 Catholicis
1578 1310 1811 1369 oblatum

236 1413 339 1484 jam
379 1410 483 1482 legi
529 1416 843 1478 cmpcratet
880 1405 1430 1472 fueratinterruptum
1485 1402 1573 1458 Sic
1603 1410 1812 1471 peracta

240 1512 319 1559 est
342 1517 500 1557 causa
533 1499 807 1562 Ecclesiae,
835 1512 996 1568 quam
1023 1510 1343 1565 magnopere
1369 1493 1630 1558 Catholici
1654 1505 1812 1547 cura-

242 1600 420 1651 verant
472 1606 503 1645 a
549 1588 819 1649 Cmciliani
869 1602 1025 1647 causa
1074 1587 1434 1655 distinguere;
1476 1583 1724 1654 quoniam
1764 1582 1812 1636 ei

240 1698 341 1741 non
378 1690 559 1755 posset
601 1678 885 1750 cujuslibet
928 1677 1260 1747 prazjudicari
1305 1675 1649 1737 criminibus.
1697 1688 1817 1743 qua:

237 1780 418 1829 contra
444 1785 629 1827 omnes
662 1769 920 1825 humanas
949 1766 1347 1821 criminationes
1390 1773 1468 1819 tot
1513 1763 1813 1827 testimonia

236 1863 410 1919 divina
433 1859 734 1915 meruisset.
767 1858 840 1911 Ex
871 1857 969 1911 hoc
988 1857 1098 1927 jam
1128 1856 1288 1926 cmpit
1333 1855 1416 1926 agi
1456 1855 1615 1917 etiam
1658 1869 1815 1907 causa

235 1953 525 2015 (hcciliani.
846 2010 851 2013 _

303 2044 534 2102 CAPUT
558 2043 675 2103 ΧΗ.
698 2074 770 2086 --
793 2043 880 2101 24.
908 2041 1103 2110 Quinto
1124 2054 1252 2109 ergo
1273 2039 1287 2101 l
1312 2053 1389 2093 ica
1407 2039 1519 2093 luce
1537 2044 1650 2101 acta
1672 2045 1811 2093 sunt.

235 2141 493 2197 liecitatm
518 2145 644 2199 sunt
669 2136 788 2193 duae
829 2135 1113 2190 relationes
1143 2132 1357 2187 Anulini
1388 2129 1723 2201 proconsulis
1750 2128 1816 2181 ad

233 2232 643 2291 Consumtinum
683 2229 1057 2296 imperatorem
1090 2242 1102 2278 :
1135 2239 1236 2281 una
1278 2239 1395 2292 qua;
1422 2222 1534 2293 jam
1575 2220 1819 2291 superius

232 2330 346 2383 erat
388 2320 610 2375 recitata
661 2318 882 2387 (Supra,
934 2333 988 2368 n.
1036 2316 1116 2383 8),
1163 2329 1263 2383 qua
1311 2312 1544 2373 ostendit
1588 2311 1819 2380 majores

232 2414 653 2474 Donatistarum,
680 2409 731 2465 id
757 2417 859 2471 est,
880 2408 966 2475 _de
998 2418 1147 2476 parte
1190 2404 1452 2475 Majorini,
1478 2404 1689 2459 dedisse
1718 2402 1819 2463 sibi

230 2504 452 2565 chartas
473 2500 755 2557 criminum
777 2497 1064 2563 Caeciliani,
1088 2505 1140 2551 et
1163 2495 1458 2569 postulasse
1474 2492 1822 2549 Constantino

230 2591 559 2657 mittendas,
592 2603 756 2659 seque
790 2588 906 2645 illas
929 2596 1220 2641 memorato
1247 2585 1550 2654 itttpt't‘atori
1577 2584 1818 2641 misisse:

230 2685 403 2739 altera
450 2689 626 2735 autem
677 2694 776 2750 qua
825 2677 1054 2732 ostendit
1103 2693 1165 2731 cx
1208 2676 1443 2745 ejusdem
1490 2675 1824 2745 imperatoris

224 2772 479 2842 jussimie
506 2771 670 2824 denos
688 2785 751 2823 ex
784 2777 1002 2837 utraque
1029 2776 1194 2835 parte,
1221 2765 1286 2819 ad
1308 2766 1563 2835 agendam
1586 2779 1822 2829 causam,

230 2878 287 2918 ut
318 2864 625 2927 mitterent,
654 2875 747 2914 eos
782 2874 840 2913 se
866 2858 1206 2924 convenisse,
1251 2866 1411 2926 atque
1462 2857 1582 2910 illos
1626 2855 1824 2925 promi-

158 2973 167 2983 '
228 2958 370 3012 sisse
405 2956 657 3010 facturos.
688 2953 820 3007 Tum
849 2951 1039 3005 deinde
1084 2951 1235 3003 leone
1274 2958 1399 3005 sunt
1438 2950 1596 3004 etiam
1616 2949 1826 3007 ,iitterce

228 3063 397 3118 supra
431 3046 558 3101 dicti
603 3043 937 3114 imperatoris
981 3041 1044 3095 ad
1095 3041 1371 3111 episcopos
1416 3040 1588 3104 datae,
1620 3040 1704 3095 ubi
1748 3038 1826 3097 eis

226 3156 460 3195 musam
487 3138 748 3193 Caeciliani
778 3137 1003 3205 injunxit
1027 3134 1342 3193 audiendam
1371 3131 1466 3206 (It).
1496 3135 1667 3204 Atque
1706 3132 1828 3193 inde

226 3247 293 3287 ex
325 3231 528 3288 ordine
555 3229 654 3300 legi
680 3229 843 3297 cmpit
879 3226 1039 3281 etiam
1083 3225 1386 3294 episeOpale
1412 3224 1670 3293 judicium
1699 3224 1825 3279 Mcl-

225 3322 453 3379 chiadis
472 3320 696 3376 Romani
724 3317 958 3389 episeopi
980 3325 1034 3370 et
1055 3316 1277 3371 aliorum
1300 3330 1421 3378 cum
1445 3314 1534 3368 illo
1555 3313 1827 3371 Gallorum

225 3414 575 3469 etltalorum
605 3411 993 3478 episc0porum,
1039 3406 1090 3461 in
1121 3406 1305 3460 eadem
1352 3404 1480 3461 urbe
1518 3404 1699 3459 [tenue
1747 3404 1828 3459 fa-

224 3514 408 3569 ctum,
446 3500 598 3570 cujus
621 3499 804 3570 judicii
849 3498 1016 3570 prima
1044 3506 1213 3569 parte,
1247 3496 1296 3551 id
1340 3503 1442 3562 est,
1470 3496 1630 3565 gestis
1674 3495 1829 3565 primi

223 3595 333 3650 diei
395 3590 678 3655 recitatis,
726 3589 811 3644 ubi
858 3597 1197 3643 accusatores
1237 3585 1501 3642 Caeciliani
1544 3587 1631 3657 qui
1682 3587 1829 3643 missi

227 3685 479 3744 fuerant,
509 3687 833 3749 negaverunt
858 3693 916 3733 se
947 3677 1143 3733 habere
1172 3676 1312 3746 quod
1340 3677 1391 3730 in
1416 3691 1536 3733 eum
1557 3676 1827 3743 dicerent;

226 3774 323 3831 ubi
354 3771 530 3829 etiam
563 3770 798 3824 Donatus
826 3784 853 3821 a
881 3766 1238 3836 Casis~Nigris
1280 3766 1332 3821 in
1378 3766 1625 3837 praesenti
1652 3768 1834 3820 convi~

226 3873 352 3918 ctus
407 3869 519 3923 est,
562 3859 736 3914 adhuc
776 3858 1002 3913 diacono
1044 3855 1327 3911 Caeciliano
1363 3855 1596 3910 sehisma
1643 3855 1833 3917 fecisse

223 3951 605 4020 Carthagine;
634 3949 699 4004 de
726 3946 1058 4017 Carthaginis
1077 3946 1218 4001 enim
1242 3944 1527 4001 schismate
1548 3954 1730 4001 exorta
1753 3955 1835 4001 est

225 4044 514 4100 adversus
537 4041 824 4096 Ecclesium
848 4038 1159 4093 catholicam
1177 4051 1301 4106 pars
1324 4037 1538 4092 Donati:
1563 4037 1650 4092 ubi
1672 4038 1832 4097 etiam

226 4135 615 4207 promiserunt
644 4132 801 4186 iidem
829 4129 1117 4184 adversarii
1134 4128 1400 4183 Caeciliani
1427 4129 1532 4184 alio
1557 4129 1642 4184 die
1667 4145 1725 4184 se
1752 4146 1835 4189 re-

229 4232 670 4294 prmsentaturos
696 4261 711 4285 ,
756 4235 890 4290 quos
931 4233 1104 4273 causa:
1134 4218 1464 4273 necessarios
1504 4218 1835 4274 subtraxisse

225 4315 642 4386 arguebantur;
671 4324 722 4367 et
748 4311 849 4366 hoc
875 4309 1098 4375 mentiti,
1131 4309 1353 4365 ulterius
1377 4309 1440 4364 ad
1460 4308 1716 4381 judicium
1741 4327 1835 4367 ac-

227 4406 441 4462 cedere
474 4403 806 4458 noluerunt:
854 4402 953 4457 hac
995 4416 1123 4472 ergo
1165 4401 1351 4470 judicii
1398 4410 1548 4472 parte
1592 4405 1833 4472 recitata,

227 4514 356 4554 cum
381 4496 649 4565 cmpisset
675 4495 881 4550 recitari
911 4493 1036 4565 quid
1073 4494 1176 4548 alio
1200 4491 1285 4549 die
1308 4504 1513 4565 gestum
1537 4498 1641 4561 sit;
1676 4497 1836 4552 inter-

230 4594 518 4660 ruperunt
571 4586 875 4650 Donatistte,
920 4594 974 4640 et
1014 4593 1193 4654 petere
1234 4585 1613 4643 instantissime
1656 4603 1835 4660 etrpe-

229 4689 385 4746 runt,
420 4688 486 4733 ut
518 4677 665 4747 prius
688 4691 750 4731 ea
776 4692 895 4746 qua:
935 4675 1228 4730 oﬂ‘crebant
1270 4662 1640 4744 recitarentur,
1688 4695 1835 4733 asse-

230 4781 429 4827 rentes
458 4784 568 4824 non
596 4782 715 4823 esse
739 4767 961 4830 ordinis,
995 4777 1051 4820 ut
1078 4767 1224 4835 prius
1252 4767 1514 4822 absolutio
1537 4768 1834 4835 Cmciliani,

228 4877 403 4933 quem
436 4857 681 4915 nondum
709 4865 1108 4922 accusaverant,
1135 4854 1429 4926 legeretur;
1459 4866 1514 4912 et
1536 4857 1605 4914 de
1630 4859 1729 4913 hoc
1751 4862 1840 4913 aii-

227 4961 455 5025 quanto
494 4949 691 5004 diutius
715 4947 1098 5003 conﬂixerunt:
1132 4964 1251 5002 cum
1293 4946 1551 5004 Catholici
1576 4949 1837 5016 dicerent,

228 5062 346 5100 non
377 5043 593 5099 debere
619 5041 929 5109 interrumpi
958 5041 1095 5109 quod
1126 5040 1227 5111 legi
1251 5041 1359 5110 jam
1389 5051 1642 5110 cmperat,
1672 5042 1842 5097 donec

222 5137 502 5207 ejusdem
527 5134 711 5206 judicii
747 5134 923 5190 omnia
961 5143 1108 5204 gesta
1138 5135 1584 5200 terminarentur;
1622 5136 1699 5190 illi
1743 5152 1841 5191 au-

227 5242 347 5286 tem
380 5244 418 5284 e
451 5225 669 5281 diverSo
697 5232 1019 5290 assererent,
1052 5239 1110 5280 ea
1155 5240 1274 5295 qua:
1299 5224 1839 5296 interrumpebantur,

227 5341 338 5379 nec
366 5318 549 5389 incipi
577 5317 827 5374 debuisse
855 5327 915 5372 ut
944 5318 1261 5389 legerentur,
1290 5318 1539 5388 quoniam
1571 5335 1673 5373 non
1701 5335 1844 5374 com-

226 5420 472 5486 peteret
514 5411 660 5481 prius
710 5409 922 5466 defendi
964 5409 1231 5463 hominem
1275 5423 1431 5478 quam
1475 5410 1731 5464 accusari.
1764 5412 1844 5466 Ad

229 5510 346 5565 hoc
372 5501 660 5561 Catholici
698 5501 1111 5570 respondebant,
1155 5514 1274 5553 cum
1302 5513 1457 5554 causa
1487 5500 1788 5557 schismatis
1815 5517 1845 5556 a

228 5598 558 5672 Cognitore
581 5605 928 5667 qutrrcretur,
961 5595 1153 5663 petisse
1182 5601 1235 5647 ut
1265 5593 1346 5646 ilia
1379 5593 1695 5663 legerentur,
1730 5611 1848 5666 qua:

225 5692 438 5749 oblata
480 5686 690 5741 fuerant
715 5684 780 5741 ad
804 5686 1104 5754 legendum,
1129 5700 1246 5743 cum
1269 5696 1510 5753 ageretur
1538 5685 1602 5739 de
1625 5702 1846 5755 penoua

284 5797 303 5856 (
324 5798 389 5855 α)
430 5780 558 5839 Vide
584 5787 701 5838 infra
720 5789 768 5839 in
792 5788 1075 5852 Appendicc.

1079 374 1504 433 BREWCULUS
1544 374 1988 432 COLLATIONiS
2036 373 2177 431 CUM
2218 372 2636 438 DONATIS‘TIS.

3383 382 3487 438 638

1916 485 2175 557 petitoris.
2208 486 2347 541 Duas
2373 486 2550 556 itaque
2576 484 2647 540 ob
2666 500 2750 540 res
2781 484 2865 540 illa
2895 487 3125 544 voluisse
3153 490 3399 557 recitari;
3435 505 3491 547 ut

1914 585 2193 646 appareret
2216 591 2310 630 eos
2337 576 2576 645 primitus
2605 576 2657 630 in
2680 575 2775 630 hac
2796 592 2954 632 causa
2971 578 3237 635 hominem
3253 580 3488 650 judicent

1916 667 2231 735 postulasse,
2255 666 2343 736 qui
2373 666 2633 729 faciebant
2655 664 2943 723 Catholicis
2969 669 3241 736 invidiam,
3265 675 3406 742 quod
3437 675 3490 729 in

1917 754 2017 811 hac
2045 754 2338 811 Collatiozte
2379 757 2539 813 homo
2577 758 2818 827 cognitor
2851 759 3148 828 residebat;
3180 774 3231 817 et
3264 774 3319 818 ut
3357 767 3491 835 peti-

1919 847 2047 901 toris
2074 861 2301 916 persona
2321 856 2589 905 constaret
2617 866 2629 901 :
2658 856 2713 904 et
2736 850 2983 918 quoniam
3027 851 3127 925 legi
3167 862 3342 922 coepta
3382 854 3496 910 fne-

1918 949 2057 1005 rzem,
2082 954 2186 994 non
2213 938 2410 999 debere
2435 939 2767 1011 interrumpi,
2800 941 2894 998 sed
2925 958 3090 1014 usque
3117 944 3184 998 ad
3215 946 3375 1003 finem
3406 963 3490 1001 re-

1917 1017 2128 1083 citzindo
2151 1029 2385 1098 perduci.
2415 1029 2557 1089 Inter
2596 1029 2711 1085 hate
2746 1032 3015 1103 Cognitor,
3042 1050 3161 1088 cum
3190 1034 3292 1089 hoc
3318 1036 3491 1105 primo

1919 1119 2190 1184 voluisset,
2224 1119 2364 1189 quod
2392 1135 2420 1173 a
2450 1117 2735 1177 Catltolicis
2765 1122 3062 1199 petebatur,
3091 1132 3147 1179 ut
3172 1141 3231 1178 ea
3260 1142 3377 1195 quin
3408 1143 3493 1179 re-

1919 1210 2068 1263 citari
2095 1219 2367 1283 cmpcrant
2394 1211 2705 1277 (inirentur;
2735 1222 2915 1282 postea
2941 1222 3120 1270 tamen
3141 1216 3187 1269 ei
3213 1216 3497 1272 Donatista:

1920 1310 2276 1366 extorserutd,
2307 1310 2363 1356 ut
2384 1317 2445 1357 ca
2472 1318 2588 1372 qum
2623 1302 2721 1373 ipsi
2745 1303 3041 1363 offerebant
3063 1304 3245 1365 dilatis
3267 1305 3373 1362 illis
3394 1308 3498 1380 legi

1923 1392 2373 1461 permitterentur.

1990 1482 2214 1538 CAPUT
2242 1483 2377 1538 Xlll.
2406 1514 2478 1524 -—-
2516 1484 2607 1547 25.
2652 1484 2803 1541 Tune
2849 1486 3136 1541 Donatistae
3174 1488 3501 1559 aliquantum

1922 1572 2194 1642 pra-locuti
2224 1582 2368 1640 sunt,
2412 1573 2552 1643 quod
2581 1573 2880 1630 Mensurius
2909 1575 2996 1644 qui
3044 1574 3217 1630 fuerat
3236 1586 3363 1632 ante
3388 1577 3501 1634 Ca:-

1921 1664 2170 1719 cilianum
2200 1664 2449 1720 Ecclesiae
2476 1664 2907 1735 Carthagiuensis
2928 1666 3228 1737 episcopus,
3261 1677 3502 1739 tempore

1922 1754 2305 1823 persecutionis
2336 1755 2612 1811 tradiderit
2643 1756 3071 1824 persecutoribus
3110 1766 3321 1812 sanctas
3355 1759 3471 1812 Scri

1920 1855 2125 1914 pturas.
2160 1844 2226 1902 Et
2253 1844 2355 1899 hoc
2394 1855 2449 1899 ut
2486 1845 2791 1921 probarent,
2819 1846 3062 1916 legerunt
3082 1846 3195 1917 ejus
3224 1848 3503 1916 epistolam

1922 1935 1986 1989 ad
2013 1935 2315 1990 Secundum
2362 1935 2705 2005 'l‘igisitanum
2744 1936 2943 1999 datam,
2992 1937 3080 2004 qui
3114 1945 3236 1991 tunc
3277 1937 3506 1991 habebat

1923 2027 2204 2096 primatum
2233 2026 2603 2096 cpisc0porum
2641 2026 2921 2083 Numidiae.
2972 2027 3026 2082 lu
3058 2044 3159 2098 qua
3183 2028 3406 2098 epistola
3432 2029 3507 2081 vi-

1923 2117 2145 2173 debatur
2174 2117 2473 2171 Mcnsurius
2514 2118 2661 2172 velut
2702 2117 2770 2173 de
2808 2133 2905 2177 suo
2947 2118 3170 2173 crimine
3218 2118 3459 2173 confiteri
3491 2135 3508 2172 ε·

1924 2208 2010 2276 qui
2040 2217 2214 2265 tamen
2247 2222 2351 2261 non
2399 2207 2685 2278 scripserat
2730 2224 2791 2263 se
2836 2217 3048 2263 sanctos
3087 2209 3300 2264 codicrs
3348 2210 3507 2263 tradi-

1924 2299 2089 2362 disse,
2127 2298 2220 2353 scd
2268 2303 2438 2368 potius
2484 2315 2551 2357 ne
2593 2314 2623 2354 a
2670 2301 3099 2369 persecutoribus
3145 2302 3507 2357 invenirentur

1925 2389 2204 2445 abstulisse
2233 2397 2390 2459 atque
2413 2405 2686 2457 servasse;
2714 2390 2979 2445 dimisisse
3004 2401 3181 2446 autem
3209 2392 3258 2445 in
3294 2393 3507 2446 basilica

1926 2480 2197 2539 Not-orum
2228 2496 2574 2553 qumcumque
2602 2480 2824 2551 reprobo
2873 2483 3068 2551 scripta
3110 2481 3509 2547 haereticorum,

1926 2588 2044 2640 quae
2087 2587 2207 2627 cum
2261 2572 2587 2629 invenissent
2636 2581 3006 2643 persecutores
3050 2581 3106 2629 et
3142 2574 3509 2637 abstulissent,

1931 2662 2061 2716 nihil
2102 2662 2171 2715 ab
2214 2662 2306 2721 illo
2334 2664 2563 2732 amplius
2588 2664 2902 2734 pOSlttittSSc.
2932 2663 3308 2721 Verumtamen
3347 2682 3509 2734 quos-

1929 2751 2050 2806 dam
2106 2752 2533 2822 Carthaginiensis
2564 2754 2763 2809 ordinis
2804 2756 2945 2808 viros
2974 2765 3154 2824 postea
3187 2758 3513 2825 suggessisse

1933 2844 2258 2913 proconsuli,
2306 2844 2445 2917 quod
2496 2844 2634 2900 illusi
2677 2843 2885 2899 fuerant
2931 2845 3019 2913 qui
3067 2844 3214 2898 missi
3253 2854 3398 2899 erant
3447 2847 3511 2898 ad

1930 2934 2352 2993 Christianorum
2379 2936 2681 3008 Scripturas
2706 2936 3017 2991 auferendus
3043 2946 3094 2991 ct
3134 2937 3514 2999 incende-udas,

1932 3026 2051 3095 quia
2081 3043 2182 3080 non
2214 3027 2526 3087 invenerant
2550 3027 2648 3083 nisi
2680 3027 2863 3081 nescio
2892 3043 3010 3098 qum.
3038 3027 3101 3083 ad
3138 3044 3231 3083 eos
3259 3043 3363 3093 non
3397 3043 3513 3098 pcr-

1934 3117 2153 3193 tinentia
2174 3134 2187 3174 :
2215 3121 2353 3186 ipsas
2372 3126 2548 3172 autem
2571 3118 2621 3171 in
2643 3117 2804 3173 domo
2818 3119 3052 3188 episcopi
3077 3119 3350 3188 custodiri,
3374 3119 3517 3175 unde

1934 3211 2190 3265 deberent
2219 3210 2441 3281 proferri
2486 3218 2541 3266 et
2586 3210 2796 3266 incendi
2839 3228 2852 3263 :
2895 3212 3271 3284 proconsulem
3295 3227 3422 3266 vero
3449 3215 3515 3265 ad

1936 3303 2038 3359 hoc
2071 3304 2149 3357 eis
2185 3304 2487 3359 consentire
2514 3303 2769 3361 noluisse.
2824 3304 2879 3358 in
2917 3304 3115 3361 eisdem
3139 3306 3297 3361 etiam
3329 3305 3517 3361 litteris

1936 3394 2131 3451 lectum
2161 3403 2262 3459 cst,
2292 3408 2386 3449 eos
2415 3394 2502 3465 qui
2533 3409 2592 3448 se
2630 3392 2885 3451 offerrent
2927 3397 3385 3465 pcrseeutiouibas
3413 3412 3520 3461 nun

1934 3476 2324 3557 comprehensi,
2355 3496 2408 3543 et
2437 3487 2571 3542 ultro
2602 3487 2841 3549 dicerent
2876 3503 2933 3543 se
2977 3489 3173 3545 habere
3196 3489 3519 3560 Scripttntas,

1935 3595 2067 3649 quas
2098 3596 2202 3643 non
2231 3579 2518 3647 traderent,
2559 3596 2588 3643 ει
2634 3582 2824 3652 quibus
2872 3581 2975 3638 hoc
3018 3597 3176 3638 nemo
3215 3584 3519 3653 qlltt‘sit‘rttl,

1936 3674 2270 3741 diSplicuisse
2300 3672 2591 3735 Mensurio,
2624 3683 2679 3727 et
2698 3674 2765 3727 ab
2783 3674 2862 3727 eis
2889 3674 3210 3731 Itonorandis
3236 3690 3356 3728 cum
3395 3691 3518 3742 pro—

1938 3763 2174 3823 tribuisse
2201 3761 2548 3817 Christianos.
2576 3761 2800 3826 Quidam
2828 3763 2986 3819 etiam
3011 3762 3062 3815 in
3090 3762 3275 3816 eadem
3298 3763 3517 3831 epistola

1939 3856 2220 3915 facinerosi
2268 3853 2628 3924 arguebantur
2672 3863 2729 3909 et
2772 3854 2880 3917 fisci
2911 3853 3200 3919 debitores,
3231 3855 3321 3924 qui
3361 3869 3518 3910 occa-

1938 3947 2089 4005 sione
2118 3943 2503 4017 persecutionis
2537 3945 2619 4007 vel
2649 3959 2832 3999 carere
2860 3943 3057 3997 vellent
3085 3958 3308 3999 onerosa
3339 3944 3523 3999 multis

1939 4037 2131 4095 debitis
2154 4037 2280 4104 vita,
2309 4036 2391 4091 vel
2419 4052 2645 4107 purgare
2669 4050 2728 4091 se
2759 4043 3023 4104 putarent,
3049 4045 3102 4090 et
3131 4036 3279 4105 quasi
3306 4036 3522 4091 abluere

1942 4128 2174 4187 facinora
2202 4142 2318 4193 sua,
2348 4126 2429 4182 vel
2459 4134 2603 4183 certe
2632 4126 2906 4195 acquirere
2936 4126 3237 4196 pecuniam,
3265 4134 3319 4180 et
3346 4126 3397 4180 in
3428 4141 3523 4181 cu-

1940 4224 2109 4279 stodia
2162 4222 2366 4279 deliciis
2418 4220 2612 4291 perfrui
2660 4220 2729 4274 de
2771 4220 3029 4289 obsequio
3075 4219 3523 4277 Utristiauorum.

1940 4315 2152 4370 Crimen
2179 4321 2355 4370 tamen
2402 4313 2684 4367 Donatista:
2726 4328 2831 4366 non
2882 4312 3191 4383 ingerebant
3229 4313 3524 4380 Mensurio,

1943 4406 2042 4460 nisi
2069 4405 2134 4458 de
2176 4404 2445 4458 codicibus
2488 4403 2690 4457 traditis
2724 4420 2736 4456 :
2769 4405 3042 4459 mentitum
3068 4418 3189 4461 eum
3218 4403 3411 4473 quippe
3439 4403 3518 4458 di-

1942 4498 2152 4563 cebant,
2184 4495 2324 4566 quod
2369 4496 2439 4550 illi
2473 4510 2575 4550 non
2617 4494 2814 4551 fuerint
2852 4496 3065 4551 codices
3090 4496 3280 4562 sancti,
3311 4504 3364 4550 et
3403 4512 3523 4565 per.

1942 4599 2116 4644 catum
2144 4603 2294 4641 suum
2325 4596 2503 4655 tegere
2524 4586 2785 4650 voluisse;
2813 4587 3053 4655 quamvis
3078 4596 3132 4642 et
3158 4588 3324 4657 ipsam
3355 4588 3526 4641 fictio.

1945 4695 2063 4734 nem
2103 4679 2528 4733 criminarentur.
2572 4677 2884 4731 Rceitarunt
2923 4678 3081 4733 etiam
3122 4679 3379 4748 rescripta
3426 4679 3525 4735 Se-

1943 4770 2100 4827 cundi
2125 4769 2400 4839 Tigisitani
2427 4770 2492 4824 ad
2520 4768 2764 4825 eumdem
2787 4768 3110 4827 Mensurium
3134 4772 3350 4840 pacitice
3379 4771 3526 4837 data,

1946 4862 2033 4918 ubi
2077 4870 2129 4916 et
2171 4861 2283 4930 ipse
2322 4861 2574 4927 narravit,
2622 4860 2674 4914 in
2728 4860 2969 4915 Numidia
3000 4871 3370 4930 persecutores
3406 4879 3531 4932 quae

1945 4955 2149 5024 egerint
2188 4971 2201 5007 :
2249 4961 2305 5007 et
2332 4953 2420 5023 qui
2466 4952 2836 5021 ευιηιιτς,ιωιιξ.ἰ
2882 4961 2936 5007 et
2973 4952 3273 5022 Scripturas
3315 4961 3531 5011 sanctas

1948 5045 2156 5099 tradere
2188 5043 2446 5108 nolentes,
2477 5050 2532 5096 et
2560 5042 2722 5096 multa
2755 5043 2891 5097 mala
2936 5044 3075 5112 passi
3119 5053 3174 5105 et
3200 5043 3537 5113 gravissimis

1948 5137 2217 5207 suppliciis
2242 5136 2527 5190 excruciati
2555 5143 2608 5189 ct
2636 5135 2798 5189 occisi
2828 5146 2952 5194 sunt
2993 5152 3005 5189 :
3035 5150 3238 5206 eosth
3264 5136 3530 5211 honorate-

1949 5231 2046 5284 dos
2074 5247 2169 5299 pro
2217 5228 2452 5299 martyrii
2493 5227 2574 5280 sui
2619 5229 2809 5281 merito
2848 5229 3259 5296 con'nnendavit,
3307 5227 3537 5299 laudans

1947 5337 2045 5379 eos
2074 5337 2178 5376 non
2207 5318 2486 5377 tradidisse
2510 5319 2811 5388 Srripturas
2832 5327 3063 5384 sanctas,
3103 5320 3243 5374 illius
3290 5319 3534 5373 mulieris

1953 5415 2217 5484 exemplo,
2254 5427 2372 5480 qua:
2413 5410 2547 5463 duos
2575 5410 2940 5479 exploratores
2980 5411 3030 5464 in
3059 5409 3293 5474 Jcricho,
3322 5406 3376 5462 in
3407 5408 3538 5478 (μή-ε

1954 5506 2052 5559 bus
2085 5507 2437 5573 figurarentur
2464 5500 2571 5556 duo
2599 5501 2932 5556 Testamenta
2956 5543 2971 5563 ,
3009 5501 3165 5556 Vetus
3199 5510 3251 5554 ct
3300 5499 3534 5560 Novum.

1957 5595 2164 5650 tradere
2190 5593 2613 5664 persecutoribus
2639 5593 2803 5645 noluit
2826 5590 3006 5664 (Iosue
3025 5591 3108 5661 tt).
3136 5591 3285 5657 Quod
3316 5574 3540 5661 quidettt

1956 5689 2261 5758 exemplum
2291 5687 2332 5739 si
2365 5684 2462 5739 sub
2492 5683 2591 5739 hac
2622 5684 2781 5753 figura
2811 5695 2888 5737 est
2924 5683 3345 5753 intelligendum,
3386 5683 3534 5738 Mena

1959 5782 2155 5836 Stlt‘iftttt
2196 5777 2367 5843 ptuius
2409 5776 2705 5847 adjuvabat.
2756 5774 2811 5829 In
2855 5775 2964 5830 suis
2995 5775 3134 5830 enim
3167 5775 3356 5853 litteris
3388 5775 3533 5855 Met);
