4024 6196
316 306 407 360 ti“

307 523 461 565 causa
487 507 771 563 damnatus
799 515 913 572 est;
945 506 1193 576 quoniam
1226 506 1393 576 magis
1423 507 1591 561 tenuit
1622 521 1741 575 pars
1771 504 1880 558 Do-

308 600 435 662 nati,
465 598 605 669 quod
631 606 805 652 actum
828 606 909 651 est
930 606 1111 666 postea
1139 612 1232 666 pro
1252 597 1541 661 Primiano,
1565 612 1720 666 quam
1746 595 1883 648 illius

307 693 515 749 concilii
545 689 912 746 auctoritatem
951 706 1057 759 quo
1099 689 1268 744 fuerat
1305 698 1427 743 ante
1455 689 1736 743 damnatus
1769 688 1886 742 :sic

308 798 432 853 ergo
457 791 512 838 et
543 778 882 836 inCaeciliaui
903 795 1059 835 causa
1081 779 1275 834 debere
1304 778 1504 832 attendi
1531 778 1669 847 quod
1700 787 1882 846 postea

304 881 508 942 gestum
538 880 638 926 est.
673 871 767 925 llic
811 870 1095 925 Donatista:
1123 869 1189 923 de
1216 867 1516 923 Maximiani
1545 882 1701 920 causa
1731 882 1885 921 coar-

302 963 425 1017 ctati
451 962 719 1029 dixerunt,
744 977 834 1016 nec
856 977 1062 1015 causam
1082 975 1267 1025 cause,
1295 976 1384 1013 nec
1409 973 1674 1028 personam
1695 973 1887 1028 preju-

301 1053 470 1107 dicare
492 1069 740 1123 personae.
763 1055 930 1120 Quam
953 1051 1267 1106 sententiam
1291 1050 1342 1104 in
1371 1065 1464 1105 ore
1490 1049 1689 1104 habere
1713 1050 1886 1102 solent

301 1158 489 1199 omnes
533 1143 838 1212 Catholici,
888 1158 1008 1197 cum
1060 1144 1345 1197 Donatista:
1389 1141 1614 1196 aliorum
1659 1140 1883 1196 crimina

300 1236 417 1290 aliis
452 1235 766 1304 objicientes
805 1248 954 1288 suam
984 1232 1374 1302 separationrm
1419 1230 1799 1291 defenderent,
1829 1239 1885 1283 et

299 1326 481 1380 orbem
508 1326 852 1381 christianum
882 1325 1061 1380 nescio
1085 1324 1278 1394 quibus
1300 1324 1547 1378 Afrorum
1571 1323 1883 1378 criminibus

296 1425 628 1471 accusarent.
683 1415 816 1471 Nam
846 1426 900 1471 et
930 1416 1028 1470 ista
1056 1414 1349 1470 Collatione
1390 1422 1556 1468 totum
1587 1414 1725 1485 quod
1754 1430 1881 1483 ege-

297 1517 417 1561 rant
443 1507 736 1574 Catholici,
766 1520 826 1561 ut
853 1507 1105 1562 Ecclesia:
1131 1520 1343 1561 causam
1372 1520 1402 1559 a
1428 1519 1587 1559 causa
1617 1502 1881 1558 Czcciliaui

296 1598 692 1668 distinguerent
716 1606 1018 1654 asSerentes
1047 1597 1098 1652 in
1133 1597 1368 1652 Ecclesia
1394 1595 1686 1666 permixtos
1711 1595 1883 1650 malos

295 1705 403 1743 non
440 1691 635 1745 obesse
672 1689 862 1757 bonis,
904 1705 1002 1744 nec
1026 1703 1119 1743 eos
1158 1688 1271 1742 suis
1305 1687 1574 1742 maculare
1617 1688 1879 1755 peccatis,

296 1779 399 1835 hoc
425 1780 605 1851 utique
631 1789 870 1849 egerant,
905 1789 960 1834 ut
984 1794 1081 1834 nec
1102 1795 1263 1834 causa
1288 1793 1465 1834 causa:
1490 1778 1879 1848 prejudicarct,

295 1887 395 1926 nec
433 1887 657 1941 persona
685 1887 949 1941 personze.
977 1871 1128 1940 Quod
1151 1871 1218 1925 ab
1241 1870 1561 1925 adversariis
1586 1869 1711 1924 dum
1738 1870 1882 1923 aliud

291 1973 561 2033 ageretur,
584 1978 713 2017 voce
742 1964 1075 2031 apertissima
1103 1961 1473 2017 conﬁrmatum
1502 1973 1604 2017 est.
1636 1961 1740 2016 Sed
1773 1960 1880 2015 Co-

292 2053 470 2123 gnitor
507 2040 628 2108 cum
661 2053 941 2123 quaesisset
968 2052 1094 2123 quid
1124 2052 1190 2107 de
1220 2051 1624 2123 Carthaginensi
1652 2052 1881 2107 concilio

291 2144 549 2200 Catholici
578 2146 997 2216 responderent;
1027 2145 1220 2200 iterum
1248 2144 1638 2215 responderunt
1664 2161 1768 2199 non
1794 2159 1877 2198 es-

290 2248 348 2290 se
371 2236 813 2291 contemnendam
836 2236 1238 2292 similitudinem
1261 2250 1447 2291 causae
1462 2236 1736 2299 Primiani,
1759 2235 1880 2305 quia

290 2336 341 2379 et
371 2326 629 2379 Dominus
658 2323 901 2380 Christus
928 2325 1141 2397 Judmos
1169 2325 1237 2379 de
1268 2324 1420 2380 iactis
1447 2340 1632 2380 eorum
1658 2326 1883 2379 convin-

289 2431 423 2472 ceus
453 2416 780 2487 perducebat
807 2416 872 2470 ad
903 2431 1110 2471 verum.

359 2508 456 2563 29.
499 2507 699 2562 Deinde
733 2508 1019 2561 Donatistae
1044 2506 1198 2577 longa
1232 2508 1603 2577 prosecutione
1633 2504 1879 2576 agebant,

288 2606 348 2652 ut
396 2612 460 2651 ex
503 2597 645 2651 illius
681 2598 994 2651 auctoritate
1029 2594 1463 2666 Carthaginensis
1498 2597 1706 2651 concilii
1756 2612 1885 2651 cou-

291 2686 598 2742 tirmaretur
621 2686 888 2762 Caeciliani
910 2686 1199 2753 damnatio,
1225 2684 1366 2756 quod
1389 2684 1453 2738 ad
1478 2694 1554 2739 tot
1578 2685 1882 2740 sacerdotes

293 2779 485 2851 venire
530 2780 796 2845 noluerit;
840 2778 989 2848 quasi
1035 2793 1139 2832 non
1181 2788 1236 2832 et
1277 2777 1578 2833 Primianus
1617 2777 1684 2831 ad
1724 2792 1815 2832 eos
1852 2793 1882 2831 a

289 2870 488 2941 quibus
519 2868 799 2924 damnatus
829 2876 945 2934 est,
987 2883 1106 2923 cum
1146 2883 1331 2923 eorum
1369 2867 1651 2922 factionem
1681 2859 1883 2939 co'gno-

289 2970 491 3024 sceret,
520 2960 678 3014 simili
707 2959 976 3015 voluntate
1005 2973 1111 3013 non
1140 2957 1374 3023 venerit;
1399 2967 1452 3013 et
1478 2957 1617 3028 quod
1651 2973 1757 3012 non
1785 2974 1882 3013 ex-

291 3053 615 3120 spectaverit
641 3049 977 3116 Caecilianus,
1008 3058 1063 3105 ut
1090 3051 1334 3120 princeps
1359 3066 1388 3104 a
1412 3051 1651 3122 principe
1679 3050 1884 3105 ordina-

291 3150 476 3207 retur;
508 3156 627 3195 cum
658 3141 799 3194 aliud
828 3140 1056 3195 habeat‘
1082 3141 1331 3196 Ecclesiae
1359 3141 1635 3196 catholica:
1660 3154 1884 3195 consue-

292 3232 425 3287 tudo
449 3274 464 3297 ,
506 3242 563 3287 ut
607 3247 711 3286 non
748 3231 1009 3285 Numidiae
1033 3272 1048 3298 ,
1088 3231 1180 3286 sed
1213 3232 1619 3302 prepinquiores
1646 3234 1881 3302 episcom

290 3324 605 3394 episcopum
643 3322 895 3376 Ecclesiae
927 3320 1261 3391 Carthaginis
1295 3322 1544 3376 ordinent
1573 3341 1584 3374 :
1612 3323 1750 3377 sicut
1787 3339 1885 3377 nec

290 3413 552 3467 Romana:
581 3412 830 3467 Ecclesiae
858 3410 1069 3466 ordinat
1093 3412 1286 3482 aliquis
1312 3412 1590 3483 episcopus
1615 3423 1884 3484 metropo-

290 3506 531 3569 litanus,
579 3504 674 3559 sed
718 3503 784 3559 de
829 3504 1077 3573 proximo
1121 3503 1381 3560 Ostiensis
1423 3507 1724 3577 epiSCOpus.
1775 3508 1885 3562 lloc

290 3606 478 3653 autem
522 3597 762 3652 dicentes
803 3596 870 3651 de
906 3611 1007 3654 sua
1053 3596 1462 3664 consuetudine,
1506 3613 1661 3668 quam
1705 3601 1884 3655 nescio

292 3690 512 3761 quando
541 3690 908 3756 instituerunt,
945 3690 1196 3745 Ecclesiae
1225 3690 1508 3745 catholica:
1538 3691 1883 3760 prwjudicare

294 3784 626 3839 conabantur
657 3800 670 3838 :
702 3798 823 3854 qum
860 3774 1275 3838 consuetudo'si
1314 3782 1529 3852 antiqua
1575 3792 1737 3847 esset,
1782 3781 1884 3836 hoc

297 3876 471 3945 ipsum
501 3874 827 3945 objccisscnt
851 3873 1134 3928 Carciliano
1155 3914 1171 3939 ,
1218 3871 1431 3941 quando
1460 3886 1579 3926 cum
1610 3873 1883 3927 absentem

255 4034 261 4039 ‘
296 3968 706 4022 damnaverunt.
753 3966 1015 4020 Dixerunt
1056 3964 1216 4019 etiam
1266 3962 1542 4033 scripsisse
1588 3962 1882 4033 Optatum,

297 4060 442 4129 quod
474 4060 787 4116 Ctecilianus
810 4058 1023 4123 dixerit,
1059 4055 1120 4112 Si
1150 4056 1414 4110 traditore:
1439 4062 1556 4109 sunt
1585 4054 1671 4125 qui
1700 4070 1776 4106 me
1804 4069 1889 4107 or-

300 4151 621 4215 dinaverunt,
647 4151 747 4221 ipsi
775 4149 993 4211 vernant,
1024 4156 1070 4202 et
1099 4147 1332 4201 ordinent
1358 4162 1436 4200 me
1464 4144 1562 4217 (a).
1593 4142 1743 4211 Quod
1770 4143 1885 4213 qui-

299 4242 425 4297 dem
452 4242 496 4297 si
522 4242 721 4297 dictum
743 4251 843 4307 est,
873 4239 991 4294 ideo
1011 4239 1114 4293 diei
1141 4238 1314 4309 potuit
1335 4236 1402 4290 ad
1424 4236 1539 4291 illos
1562 4235 1884 4301 irridendos,

298 4333 496 4404 quibus
521 4332 624 4389 hoc
647 4332 929 4387 mandasse
953 4331 1281 4402 perhibetur,
1305 4329 1554 4400 quoniam
1577 4336 1753 4384 certus
1772 4337 1887 4382 erat

301 4426 641 4481 ordinatores
677 4439 805 4480 suos
842 4440 947 4478 non
988 4437 1106 4478 esse
1147 4420 1453 4475 traditores.
1498 4419 1612 4473 Non
1643 4420 1784 4475 enim
1816 4420 1888 4473 ait

302 4518 426 4587 quia
455 4515 739 4570 traditores
766 4524 890 4570 sunt
913 4531 927 4579 ;
955 4506 1072 4580 sed,
1105 4513 1148 4567 si
1173 4513 1437 4566 traditores
1463 4522 1576 4566 sunt
1604 4528 1623 4565 :
1649 4522 1704 4566 ut
1730 4512 1885 4565 iuuo~

303 4606 476 4662 centia
519 4621 704 4661 eorum
746 4603 1018 4675 probanda
1057 4610 1319 4669 restaret,
1365 4603 1453 4656 ubi
1497 4602 1706 4672 probari
1746 4610 1890 4656 recte

306 4698 584 4766 potuisset.

376 4790 468 4846 50.
511 4787 594 4843 Ad
632 4784 778 4853 btec,
819 4786 945 4842 etsi
981 4800 1098 4857 qua:
1135 4785 1237 4839 alia
1276 4783 1477 4854 prolixa
1515 4782 1892 4853 prosecutiouc

305 4878 585 4941 dixerunt,
619 4875 851 4931 breviter
881 4873 1271 4943 responderunt
1296 4871 1577 4937 Catholici,
1610 4887 1715 4925 non
1746 4872 1893 4925 sulti~

304 4983 433 5024 cere
469 4965 536 5021 ad
576 4980 791 5023 causam
835 4962 1098 5019 Cmciliani
1130 4961 1540 5031 Carthaginiense
1572 4961 1851 5015 concilium
1873 5002 1890 5028 ,

308 5061 456 5130 ipsos
482 5058 641 5113 etiam
668 5055 957 5128 judieassc,
984 5054 1072 5124 qni
1099 5068 1215 5108 eam
1244 5051 1308 5106 ad
1335 5051 1713 5121 Imperatorem
1738 5067 1894 5106 accu-

311 5152 485 5207 sando
507 5151 801 5214 miserunt;
832 5157 885 5203 et
907 5148 984 5202 sic
1007 5145 1436 5202 demonstrarunt
1456 5144 1556 5200 hoc
1584 5146 1755 5215 potius
1775 5159 1895 5199 esse

311 5244 731 5316 exspectandum
757 5284 774 5308 ,
805 5258 910 5313 quo
941 5254 1028 5295 res
1057 5239 1352 5310 pervenerit
1376 5253 1543 5310 usque
1569 5239 1633 5293 ad
1664 5238 1897 5309 impera-

314 5337 450 5392 toris
491 5336 809 5393 seutentiam
835 5377 849 5401 ,
897 5336 979 5388 cui
1040 5332 1281 5387 eamdem
1322 5346 1536 5386 causam
1582 5332 1894 5386 mittendam

315 5427 602 5483 duxerunt.
645 5426 753 5481 lloc
779 5425 919 5480 enim
948 5421 1206 5479 Catholici
1232 5423 1498 5479 instabant
1520 5464 1535 5488 ,
1570 5431 1626 5477 ιιι
1653 5423 1899 5479 omnibus

319 5537 590 5577 morarum
628 5518 949 5575 umbraculis
982 5517 1286 5588 amputatis,
1327 5516 1414 5572 illa
1449 5516 1622 5589 potius
1657 5515 1898 5588 legeren-

384 5656 401 5689 ²
440 5655 570 5717 Apud
589 5662 709 5711 tum,
729 5649 941 5701 habebat.

388 5738 460 5803 (tt)
496 5739 609 5788 \lde
624 5745 861 5800 Optatum,
885 5734 965 5783 lib.
993 5734 1031 5784 ι.

1163 299 1587 357 BREV’ICULUS
1623 296 2063 356 COLLATlilNlS
2103 300 2241 355 CUM
2285 300 2707 355 DOXATISTIS.

310 417 574 474 Primiano
612 414 895 471 concilium
925 429 1145 481 eorum,
1187 431 1216 469 a
1257 416 1449 485 quibus
1490 417 1540 470 in
1582 412 1915 469 Maximiani-

3474 302 3577 358 632

2001 422 2083 466 tur
2106 455 2119 478 ,
2152 415 2341 483 quibus
2372 415 2521 469 lectis
2551 415 2676 469 olim
2717 429 2875 469 causa
2905 414 3046 471 ﬁnita
3073 455 3088 481 ,
3122 425 3174 469 et
3198 414 3462 469 Creiliani
3493 418 3573 469 ia-

1993 507 2234 557 nocentia
2266 504 2593 559 ntanit‘estata
2623 506 2738 560 luce
2763 506 2956 561 clarius
2979 516 3277 575 appareret.
3309 507 3440 575 Qua:
3471 508 3574 562 Do-

1992 595 2198 648 natistze
2243 604 2300 649 ut
2341 596 2681 666 legerentur,
2730 598 3271 665 omnino‘noleulcs,
3314 600 3573 669 quidlibet

1990 688 2127 742 aliud
2163 690 2546 759 interponendo
2586 691 2962 762 impediebant.
2995 676 3125 745 Nam
3165 707 3282 745 cum
3317 692 3572 760 Cogttilor

1989 779 2285 845 qttzesissct,
2332 789 2504 834 tttrum
2548 782 2692 850 prius
2735 792 2875 837 esset
2919 781 3111 837 factum
3151 781 3571 850 Cat‘tltaginense

1990 867 2313 935 concilium,
2360 878 2413 923 ct
2460 880 2639 939 postea
2688 872 2845 929 missa
2895 871 3053 927 fuerit
3078 872 3144 926 ad
3194 872 3570 942 Imperatorem

1989 976 2147 1014 causa
2177 959 2476 1029 Carciliani;
2506 964 2754 1019 dixerunt
2777 964 3055 1030 Catholici,
3088 968 3336 1037 quoniam
3367 984 3567 1023 consu-

1991 1053 2093 1106 lem
2122 1064 2175 1108 et
2204 1054 2344 1108 diem
2377 1056 2503 1110 illud
2532 1059 2811 1112 concilium
2841 1076 2944 1113 non
2974 1060 3195 1116 haberet
3220 1102 3234 1126 ,
3265 1062 3331 1114 ad
3363 1071 3536 1115 utrum
3555 1091 3571 1102 -

1988 1161 2093 1214 quc
2120 1161 2177 1200 se
2206 1148 2530 1217 respondere
2559 1168 2572 1203 :
2602 1151 2720 1220 quia
2749 1151 2791 1205 si
2824 1153 2968 1221 prius
2996 1167 3151 1206 causa
3183 1153 3247 1206 ad
3282 1154 3571 1223 imperato-

1988 1253 2100 1290 rem
2148 1237 2307 1292 missa
2352 1248 2467 1304 est,
2510 1255 2616 1310 quo
2655 1241 2797 1295 exitu
2841 1242 3115 1297 terminata
3159 1242 3228 1296 sit
3269 1246 3569 1313 exspectari

1989 1342 2271 1396 oportere;
2303 1332 2346 1384 si
2376 1340 2550 1387 autem
2576 1342 2780 1404 postea,
2811 1333 3155 1388 nihilominus
3185 1350 3287 1390 non
3319 1336 3563 1400 istorum,

1988 1419 2081 1473 sed
2123 1420 2264 1476 illius
2298 1421 2555 1491 judicium
2599 1438 2718 1504 esse
2752 1425 3096 1493 quaerendum
3126 1467 3141 1489 ,
3173 1442 3278 1495 quo
3305 1441 3422 1481 eam
3453 1439 3572 1497 post

1982 1510 2238 1580 judiciunt
2281 1528 2436 1567 suum
2478 1514 2786 1568 mittendam
2821 1524 3088 1585 ptttarunt.
3121 1515 3226 1571 Sed
3254 1533 3372 1571 cum
3402 1520 3566 1571 multa

1992 1603 2276 1659 Datnuisue
2307 1606 2603 1661 insererent
2632 1606 2699 1661 de
2736 1607 2954 1662 consule
2982 1616 3035 1661 et
3063 1608 3148 1662 die
3168 1651 3183 1676 ,
3226 1623 3322 1663 cur
3358 1609 3408 1663 in
3436 1625 3567 1663 suo-

1989 1711 2107 1750 rum
2130 1698 2390 1769 majorum
2412 1700 2638 1753 concilio
2661 1714 2765 1753 non
2790 1701 3071 1767 legeretur,
3097 1717 3163 1755 ne
3185 1701 3305 1756 hinc
3327 1701 3569 1757 falsitatis

1987 1798 2339 1857 arguerentur
2361 1832 2376 1858 ,
2419 1800 2473 1845 et
2505 1802 2808 1845 assererent
2836 1791 2975 1846 lnutc
3005 1807 3121 1847 esse
3152 1793 3568 1847 ecclesiasticam

1987 1880 2463 1963 consuetudinem,
2498 1898 2565 1936 ne
2589 1881 2703 1936 dies
2741 1891 2795 1936 et
2823 1884 3069 1937 consules
3103 1882 3332 1938 decretis
3361 1884 3570 1953 cpisco-

1989 1987 2175 2038 porum
2202 1974 2682 2039 conscriberentur,
2712 1975 2813 2046 legi
2839 1977 3076 2031 volentes
3098 1977 3256 2032 etiam
3281 1978 3566 2032 concilium

1986 2064 2254 2133 Cypriani,
2287 2076 2345 2120 ιιι
2375 2066 2474 2121 hoc
2505 2066 2817 2136 probarent,
2847 2069 2967 2139 quia
2997 2069 3126 2124 nihil
3151 2070 3291 2125 aliud
3318 2070 3419 2124 nisi
3450 2088 3569 2125 mo-

1987 2170 2058 2207 l‘tl‘.
2091 2156 2461 2223 fiULCI‘Cbﬂllllll'
2487 2157 2682 2228 (neque
2709 2159 2849 2212 enim
2878 2159 3139 2213 Catholici
3173 2161 3223 2213 in
3256 2176 3321 2214 eo
3346 2176 3563 2215 causam

1986 2261 2139 2299 suam
2181 2248 2586 2314 Constituerant,
2618 2249 2831 2318 quando
2860 2249 2927 2303 ad
2958 2259 3242 2321 utrumque
3269 2252 3567 2321 responde-

1987 2345 2128 2403 rant,
2161 2338 2272 2393 sive
2304 2339 2468 2408 prius,
2501 2340 2611 2394 sive
2642 2340 2906 2409 posterius
2934 2352 3076 2396 esset
3106 2342 3231 2396 illud
3262 2344 3563 2410 concilium,

1986 2426 2126 2495 quod
2151 2438 2335 2482 contra
2357 2429 2693 2483 (Σειξυίιὶίιιιυιιι
2716 2430 2851 2500 apud
2874 2427 3244 2501 Carthaginem
3273 2433 3567 2505 fecerant);

1983 2516 2141 2584 jussit
2166 2519 2417 2588 Cognitor
2439 2562 2453 2584 ,
2483 2518 2772 2577 Catholicis
2799 2523 3117 2579 instantibus
3138 2567 3152 2591 ,
3187 2535 3240 2580 ut
3268 2526 3368 2581 ista
3396 2530 3570 2597 potius

1989 2623 2106 2675 qtae
2133 2608 2291 2663 dilata
2323 2608 2552 2676 fuerant,
2581 2612 2899 2681 legerentur.

2059 2699 2283 2754 CAPUT
2323 2700 2484 2756 XVII.
2524 2734 2594 2743 ——
2633 2706 2718 2758 3!.
2760 2705 2909 2760 Tunc
2932 2706 3216 2763 Donatistae
3244 2709 3399 2764 aliam
3419 2728 3584 2781 qua».

1988 2790 2215 2847 stionem
2261 2793 2690 2863 interposuerunt
2726 2813 2996 2853 morarum
3037 2801 3420 2869 plenissimam,
3469 2805 3564 2861 sed

1990 2900 2176 2939 revera
2210 2884 2387 2956 inqua
2428 2902 2524 2955 pro
2553 2902 2610 2942 se
2648 2889 2889 2945 laborare
2930 2891 3230 2957 voluerunt,
3277 2893 3322 2947 si
3356 2908 3573 2963 possent

1988 2974 2269 3030 ostendere
2288 2976 2426 3046 quod
2452 2976 2701 3032 volebant
2728 2995 2740 3030 :
2777 2978 2906 3033 illttd
2937 2980 3137 3036 scilicet
3157 2980 3401 3039 Cirtense
3438 3000 3570 3039 con-

1988 3067 2168 3122 cilium
2214 3068 2403 3123 falsum
2438 3082 2592 3133 esse,
2617 3070 2708 3124 ubi
2752 3070 2901 3126 lectae
2959 3071 3167 3127 fuerant
3207 3074 3572 3133 confessiones

1990 3158 2305 3213 traditurum
2337 3159 2564 3214 invicem
2587 3160 2686 3215 sibi
2710 3160 3091 3230 iguoscentium
3119 3182 3184 3218 ne
3213 3165 3444 3220 schisma
3471 3168 3569 3222 lie-

1989 3260 2100 3316 ret;
2130 3252 2251 3321 quia
2283 3252 2381 3322 ipsi
2408 3254 2720 3322 legebantur
2757 3254 2896 3310 inter
2920 3265 3145 3310 cieteros
3171 3269 3357 3312 contra
3396 3260 3568 3314 Czeei-

1989 3342 2187 3397 lianum
2254 3342 2529 3397 absentem
2594 3345 2883 3399 sententias
2932 3347 3232 3415 protulisse.
3290 3348 3402 3403 Hoc
3442 3366 3570 3421 ergo

1991 3435 2179 3489 falsum
2227 3435 2594 3490 demonstrare
2635 3446 2907 3502 conantes,
2966 3439 3129 3494 multa
3166 3441 3445 3507 dixerunt;
3475 3446 3568 3499 sed

1894 3571 1901 3578 .
1988 3527 2090 3581 alia
2114 3527 2247 3582 levia
2276 3540 2397 3582 esse
2444 3527 2543 3597 ipsi
2592 3527 2912 3596 judicantes,
2957 3529 3064 3585 duo
3110 3532 3351 3601 quatdam
3400 3534 3451 3587 in
3510 3551 3569 3589 ea

1988 3620 2284 3687 quastione
2309 3619 2532 3673 multum
2548 3621 3075 3687 cotmnendavcrunt,
3102 3625 3227 3678 etin
3250 3626 3330 3680 eis
3345 3628 3568 3680 multum

1991 3709 2259 3762 immorati
2311 3719 2435 3762 sunt
2466 3728 2479 3762 :
2512 3727 2673 3763 unutn
2698 3753 2714 3772 ,
2765 3712 2885 3781 quia
2927 3724 3110 3767 contra
3155 3716 3568 3775 ecclesiasticam

1991 3796 2429 3850 consuetudinem
2487 3797 2658 3865 ipsum
2707 3796 2947 3853 Cirtense
2988 3803 3269 3856 concilium
3320 3805 3459 3860 diem
3517 3818 3573 3861 et

1992 3889 2264 3944 consulem
2300 3887 2552 3954 haberet;
2579 3889 2804 3943 alterum
2833 3898 3029 3956 autem,
3067 3893 3209 3962 quod
3240 3898 3569 3962 persecutio-

1993 3980 2074 4035 nis
2099 3989 2337 4049 tempore
2368 3995 2472 4034 non
2502 3989 2681 4050 posset
2706 3981 2986 4035 concilium
3018 3986 3343 4054 ceugregari.
3376 3986 3570 4056 Exige-

1991 4073 2115 4125 bant
2141 4085 2267 4140 ergo
2304 4070 2593 4125 Denatisttc
2625 4086 2653 4124 a
2684 4069 2989 4137 Catholicis,
3011 4082 3066 4126 ut
3106 4074 3187 4128 vel
3217 4075 3318 4128 alia
3349 4079 3571 4132 concilia

1990 4160 2293 4231 proferrent
2347 4162 2561 4232 antiqua
2626 4162 3039 4233 episeoporum,
3094 4165 3179 4219 ubi
3230 4166 3574 4224 ostenderent

1991 4254 2241 4308 Consules
2266 4261 2317 4306 et
2342 4252 2455 4307 dies
2480 4253 2642 4308 etiam
2668 4255 3018 4324 conscriptos,
3039 4255 3118 4308 vel
3141 4255 3207 4310 de
3230 4256 3357 4327 ipsis
3374 4260 3575 4316 sanctis

1992 4345 2282 4415 Seripturis
2326 4344 2430 4399 tale
2457 4343 2655 4414 aliquid
2687 4345 2990 4400 recitareut.
3024 4345 3120 4402 Ubi
3154 4346 3410 4404 Catholici
3450 4366 3572 4406 cum

1994 4437 2235 4492 viderent
2263 4436 2329 4491 de
2350 4452 2407 4491 re
2434 4436 2738 4490 inanissima
2764 4452 2941 4491 moras
2972 4438 3241 4493 mirabiles
3262 4449 3316 4495 et
3344 4440 3571 4515 inexpli-

1994 4529 2192 4584 cabiles
2239 4528 2542 4596 interponi;
2601 4527 2744 4597 (quis
2790 4528 2929 4582 enint
2975 4544 3070 4585 eos
3114 4529 3239 4586 hinc
3291 4533 3572 4592 falsitatem

1995 4621 2238 4675 crederet
2283 4619 2616 4690 objecturos,
2676 4619 2761 4673 ubi
2805 4618 2872 4674 ad
2938 4621 3194 4690 majorem
3251 4622 3575 4694 diligentiam

1998 4722 2295 4782 temporum
2326 4713 2590 4766 attestatio
2623 4720 2908 4781 prteuotata
2930 4711 3214 4782 legeretur,
3236 4732 3303 4771 ne
3320 4714 3459 4773 forte
3486 4734 3580 4788 per

1999 4803 2135 4857 lntuc
2160 4812 2304 4858 esset
2344 4801 2627 4871 aliquando
2655 4802 2949 4856 necessaria
2995 4804 3259 4875 indagatio
3307 4809 3582 4864 veritatis?

1996 4897 2118 4966 quis
2138 4910 2264 4966 ergo
2295 4910 2387 4949 eos
2412 4894 2653 4950 crederet
2691 4894 2791 4949 hoc
2819 4895 3157 4964 objecturos,
3187 4908 3241 4954 ut
3262 4913 3582 4977 prtepararet

1976 4987 2213 5057 antiqua
2244 4986 2489 5050 concilia,
2521 4986 2712 5055 quibus
2736 4986 2870 5041 hanc
2890 4990 3326 5046 consuetudinem
3356 4991 3581 5047 demon-

1999 5078 2349 5132 Straret?ant
2396 5078 2515 5146 quis
2566 5087 2688 5132 tune
2733 5078 2833 5132 iret
2873 5088 2924 5133 et
2967 5089 3170 5135 vetusta
3224 5082 3582 5138 ecclesiastica

2001 5170 2213 5223 archiva
2249 5168 2608 5233 rcvolvcret?)
2648 5184 2767 5223 cum
2802 5170 2901 5225 hoc
2936 5171 3172 5228 viderent
3204 5173 3486 5240 Catholici,
3533 5189 3580 5230 et

2005 5263 2056 5317 in
2085 5260 2389 5317 Melebiadis
2424 5262 2654 5316 concilio
2680 5262 2820 5316 diem
2850 5273 2906 5317 et
2938 5265 3209 5320 consolem
3253 5266 3586 5322 demonstra—

2005 5356 2151 5422 bant,
2184 5365 2238 5411 et
2259 5355 2324 5410 de
2344 5354 2475 5424 ipsis
2502 5356 2701 5410 sanctis
2722 5356 3009 5426 Scripturis
3035 5346 3589 5421 commemoraverunt

2007 5446 2302 5517 Pnipbetas
2359 5444 2552 5499 indicia
2601 5445 3091 5515 antiquissimorum
3138 5457 3431 5520 temporum
3477 5456 3587 5510 suis

2008 5542 2197 5596 litteris
2227 5549 2573 5611 pneuotasse,
2604 5548 2768 5608 quoto
2794 5553 2955 5603 anno,
2984 5540 3239 5609 cujusque
3270 5558 3453 5600 mense
3492 5563 3589 5602 att-

2011 5634 2084 5693 ni,
2114 5641 2274 5701 quoto
2300 5630 2382 5685 die
2424 5629 2623 5684 mensis
2653 5628 2847 5682 factum
2876 5639 3016 5684 esset
3045 5646 3202 5699 super
3244 5648 3335 5687 eos
3377 5637 3592 5693 verbum

2011 5725 2244 5785 nomini,
2270 5722 2518 5793 Cognitor
2543 5729 2719 5776 autem
2744 5719 2869 5775 illud
2900 5719 2965 5776 de
2995 5720 3077 5774 die
3116 5732 3170 5777 et
3195 5725 3408 5782 consule
3446 5728 3590 5799 objcv
