4024 6196
395 349 502 404 (M3

397 474 539 516 (tum
587 455 1027 514 centemnendum
1085 461 1138 504 et
1192 443 1569 503 remm'emlum
1627 438 1978 497 existimans,

399 555 552 622 jussit
573 562 716 617 gesta
748 548 882 616 apud
912 542 1254 601 .‘lelehiadem
1289 536 1463 590 habita
1498 542 1690 588 caetera
1721 527 1932 584 recitari
1963 544 1976 579 :

316 666 320 671 ‘
400 646 686 702 etrccitata
727 654 866 696 sunt.
904 642 1104 708 Quibus
1146 637 1388 708 apparuit
1432 631 1670 706 omnium
1711 624 1801 694 qui
1853 631 1980 675 tunc

391 737 747 806 _eonscderant
772 735 1141 805 episcoporum
1169 727 1445 784 sententiis
1467 735 1518 777 et
1541 723 1702 790 ipsius
1727 713 1974 772 alclcliia-

401 831 483 887 dis
509 873 523 898 ,
556 827 896 884 Czcciliauum
927 826 1223 878 absolutum
1269 827 1424 887 atque
1455 825 1732 887 purgatum
1769 826 1780 864 :
1815 808 1974 861 Dona-

405 937 513 980 tum
564 939 691 979 vero
721 921 1048 980 damnatum,
1085 917 1172 986 qui
1222 928 1454 984 przesens
1513 911 1564 961 in
1616 905 1783 973 prima
1821 901 1990 953 fuerat

405 1020 612 1074 actione
637 1015 938 1076 convictus;
964 1012 1048 1064 ille
1071 1009 1272 1064 scilicet
1295 1008 1526 1059 Donatus
1555 1015 1584 1053 a
1613 993 1986 1063 Casis-Nigris,

407 1126 562 1180 quem
592 1115 908 1180 prmsentem
940 1104 1098 1157 fuisse
1125 1111 1250 1154 tunc
1275 1095 1526 1153 constitit.
1812 1091 1816 1096 ’

480 1203 566 1257 52.
596 1177 716 1254 Sed
747 1199 846 1252 hoc
878 1195 1120 1253 recitato.
1151 1208 1269 1246 cum
1301 1197 1629 1259 quiet-eretur
1652 1197 1678 1233 τι
1705 1177 1994 1236 Donatistis

411 1292 534 1361 quid
563 1289 949 1360 responderent
971 1285 1034 1339 ad
1067 1284 1192 1337 illud
1222 1283 1460 1334 Cirtense
1487 1275 1793 1333 concilium,
1819 1286 1883 1325 eo
1913 1285 1996 1322 re-

413 1386 641 1442 dierunt,
667 1390 924 1434 conantes
956 1377 1138 1429 falsum
1169 1387 1289 1427 esse
1325 1379 1642 1424 monstrare.
1670 1365 1800 1416 'l‘nm
1846 1361 1996 1413 dixe-

415 1457 537 1527 runt
575 1483 811 1539 tempore
851 1465 1234 1538 persecutioziis
1264 1459 1571 1528 congregari
1627 1471 1732 1509 non
1763 1452 1997 1523 potuisse

413 1563 714 1616 concilium.
745 1559 893 1626 Quod
921 1557 1173 1626 Cognitor
1195 1569 1299 1607 non
1326 1547 1664 1616 contempsit,
1689 1555 1741 1599 e‘t
1768 1542 2000 1594 validum

414 1654 727 1707 existimans
771 1692 784 1712 ,
840 1665 868 1703 a
914 1645 1200 1701 Catholicis
1251 1641 1653 1710 reSpOtisinnetn
1711 1632 1997 1704 poposcit;

415 1757 573 1814 atque
615 1740 896 1794 inter'lnrc
925 1736 1190 1807 quaisivit,
1245 1731 1384 1786 unde
1429 1730 1745 1800 probaretur
1795 1736 2001 1790 tempus

419 1835 582 1887 fuisse
644 1829 1044 1902 persecutionis.
1099 1825 1248 1880 'l‘unc
1308 1821 1604 1878 Donatistae
1673 1815 2005 1886 protulerunt

419 1933 712 1993 martyrum
740 1930 907 1991 gesta,
945 1919 1033 1972 ubi
1066 1916 1228 1969 auditi
1271 1925 1321 1967 et
1353 1927 1449 1981 pro
1484 1908 1822 1964 confessione
1865 1903 2004 1973 passi

420 2023 564 2067 sunt.
593 2011 762 2067 'Jnssit
799 2011 956 2065 etiam
1007 2007 1262 2076 tinguitur
1295 2011 1603 2070 computare
1644 1996 1910 2055 Officium,
1952 2002 2006 2046 et

423 2104 748 2168 renuntiare,
789 2099 1137 2156 consideratis
1187 2096 1460 2162 utriusque
1517 2088 1825 2144 consulibus
1882 2087 1895 2115 ¹
1953 2093 2007 2138 et

422 2197 632 2260 diebus,
663 2201 716 2247 c't
741 2193 826 2262 qui
856 2191 921 2245 de
959 2190 1184 2244 Concilio
1222 2184 1472 2249 Cirtensi,
1506 2193 1559 2236 ct
1592 2180 1677 2250 qui
1733 2178 1798 2233 de
1845 2177 2006 2246 gestis

424 2291 715 2357 tirartyrum
746 2283 1055 2352 legebantur
1095 2298 1107 2331 :
1141 2278 1261 2347 quia
1289 2277 1486 2330 dictum
1517 2272 1686 2326 fuerat
1711 2266 2006 2322 a’Catholi-

423 2381 500 2432 eis
522 2422 536 2443 ,
562 2388 680 2448 post
705 2377 916 2429 illorum
963 2380 1253 2442 martyrtnu
1281 2367 1586 2438 passionem
1613 2405 1625 2429 ,
1658 2360 1796 2414 unde
1824 2372 2008 2429 perse-

428 2470 656 2523 cutionis
681 2479 885 2536 tempus
907 2463 1244 2534 probabatur,
1262 2473 1427 2528 prope
1449 2471 1643 2510 annum
1667 2459 2009 2506 consecutum

429 2561 594 2615 fuisse
616 2575 780 2628 usque
809 2557 875 2611 ad
902 2554 1174 2610 consulem
1214 2561 1268 2604 ct
1300 2549 1439 2603 diem
1479 2544 1685 2600 concilii
1719 2539 2008 2596 Cirtensis.

432 2651 728 2721 Responsio
754 2657 929 2702 autem
969 2641 1324 2712 conzputantis
1354 2637 1522 2694 Officii
1563 2648 1798 2689 tuen-em
1846 2633 2013 2684 inter-

372 2765 378 2771 ·
430 2745 590 2797 fuisse
611 2750 964 2812 suggesserat.
999 2737 1288 2790 \‘olneruut
1313 2749 1438 2800 ergo
1468 2727 1721 2784 Catholici
1754 2725 1820 2779 de
1849 2725 2007 2778 tabu-

430 2836 494 2888 lis
525 2833 635 2887 tolli
661 2831 799 2902 quod
830 2831 1092 2890 dixerant,
1127 2837 1186 2879 ut
1215 2825 1316 2878 hoe
1344 2823 1513 2876 solum
1544 2829 1692 2889 gesta
1721 2817 2015 2870 retinerent

429 2925 571 2996 quod
614 2924 859 2979 Officium
906 2919 1293 2989 responderat;
1329 2917 1429 2967 hoc
1476 2913 1620 2966 enim
1661 2910 1848 2962 'vcrius
1896 2917 2016 2959 esse

429 3018 785 3073 crediderant.
814 3013 920 3069 Sed
950 3012 1256 3074 Donatista;
1287 3007 1426 3077 quod
1456 3003 1792 3059 a'Catholieis
1812 3000 2014 3053 dictum

431 3119 578 3172 erat,
611 3107 896 3160 induerunt
925 3104 993 3157 de
1025 3103 1218 3156 tabulis
1246 3100 1354 3153 tolli
1389 3117 1400 3151 :
1436 3093 1870 3150 nnde‘Catltolici
1911 3107 2015 3145 non

433 3197 845 3257 contemlernnt,
878 3204 934 3247 ut
959 3207 1143 3246 eorum
1172 3191 1223 3243 in
1266 3189 1365 3243 hoc
1411 3185 1770 3241 calumniosus
1807 3183 2018 3236 animus

432 3299 735 3358 appareret.
768 3285 934 3340 Porro
957 3294 1132 3338 autem
1162 3281 1285 3335 illud
1311 3291 1425 3335 erat
1456 3279 1630 3331 verius
1656 3276 1796 3347 quod
1819 3274 2015 3329 Catho-

434 3383 521 3436 lici
562 3382 837 3442 dixerant;
869 3376 1113 3432 Officium
1144 3385 1318 3428 autem
1353 3374 1404 3428 in
1435 3370 1791 3441 cou‘ipntando
1831 3379 2016 3424 errans

434 3473 626 3526 falsum
661 3470 1072 3532 renuntiaverat,
1102 3467 1241 3536 quod
1270 3475 1449 3534 postea
1477 3463 1775 3533 conscripta
1816 3471 1863 3514 et
1894 3461 2017 3515 (lli-

432 3563 642 3632 gentius
672 3560 1003 3615 considerata
1031 3566 1177 3628 gesta
1200 3557 1513 3617 docuerunt,
1542 3555 1672 3608 sicut
1695 3562 1869 3622 potest
1895 3567 2019 3622 pro-

437 3656 585 3721 bare,
614 3667 769 3724 quem
790 3651 1002 3708 libuerit
1022 3651 1218 3721 legere,
1237 3657 1290 3704 et
1311 3662 1413 3701 non
1444 3645 1665 3717 pigucrit
1689 3651 2015 3714 computare.

439 3745 567 3800 Nam
615 3754 760 3815 gesta
815 3751 1106 3813 martyrum
1157 3740 1346 3810 quibus
1393 3737 1768 3792 ostendebatur
1813 3745 2020 3805 tempus

439 3837 826 3907 persecutionis
852 3879 866 3902 ,
896 3833 1207 3890 consulibus
1237 3831 1372 3885 facta
1405 3839 1527 3883 sunt
1560 3828 1883 3883 Diocletiano
1903 3843 2020 3879 ‘nn-

439 3931 568 3992 vics,
593 3939 645 3982 et
666 3926 981 3982 Maximiano
999 3925 1185 3982 octies.
1210 3921 1378 3992 pridie
1399 3920 1820 3974 idusfebruaiias
1840 3934 1854 3982 ;
1874 3925 2022 3987 gesta

437 4029 614 4074 autem
663 4016 980 4088 episcopalia
1011 4015 1206 4070 decreti
1245 4011 1504 4066 Cirtensis
1549 4019 1668 4080 post
1711 4009 2019 4062 eorumdem

436 4111 792 4175 consulatum,
827 4107 982 4162 tertio
1009 4119 1176 4159 nonas
1202 4102 1450 4157 martias:
1480 4117 1542 4156 ac
1571 4115 1662 4170 per
1695 4100 1798 4154 hoc
1843 4099 2021 4153 trede-

437 4203 539 4256 cini
565 4200 1052 4256 mensesintercsse
1071 4195 1428 4258 inveniuntur,
1457 4193 1632 4263 plures
1661 4193 1839 4261 utique
1866 4207 2020 4260 quam

437 4293 705 4355 undecim,
734 4305 870 4361 quos
899 4288 1044 4359 prius
1068 4285 1321 4342 Catholici
1356 4285 1530 4339 minus
1563 4282 1845 4353 diligenter
1875 4298 2023 4336 com-

437 4382 672 4453 putando
716 4381 1100 4451 responderant
1129 4397 1140 4432 :
1169 4379 1260 4433 sed
1300 4377 1542 4433 Officium
1577 4387 1631 4430 ut
1676 4377 1943 4431 falleretur
1971 4386 2026 4430 et

439 4488 679 4529 mensem
711 4474 968 4527 interesse
1008 4470 1386 4540 responderet,
1416 4469 1658 4525 eumdem
1685 4468 2022 4522 censnlatum

444 4565 663 4635 putavit,
691 4572 808 4634 post
826 4563 1156 4617 consulatum
1184 4571 1360 4616 autem
1405 4577 1506 4616 non
1536 4560 1784 4624 advertit,
1813 4559 1897 4612 ubi
1925 4575 2023 4611 an-

441 4673 544 4713 nus
568 4657 678 4727 jam
705 4656 838 4710 alius
867 4655 1139 4723 agebatur.
1196 4651 1425 4708 Proinde
1461 4653 1716 4707 Catholici
1773 4661 2022 4721 tanquam

443 4768 508 4806 ex
533 4765 657 4805 vera
679 4749 847 4805 Officii
869 4749 1217 4817 responsione
1245 4746 1570 4815 cogebantur
1588 4745 1867 4799 ostendere
1888 4754 2024 4796 tem-

443 4859 572 4914 pore
606 4840 990 4912 persecutionis
1011 4840 1129 4894 illos
1149 4839 1395 4893 undecim
1420 4837 1501 4889 vel
1521 4835 1798 4891 duodecim
1823 4836 2026 4904 episco-

445 4953 538 5007 pus
565 4937 616 4990 in
644 4935 860 4990 domum
883 4935 1143 5005 privatam
1160 4932 1446 4987 convenire
1466 4931 1718 4999 potuisse,
1740 4931 2027 4985 Donatistis

448 5027 786 5093 instantibus,
817 5039 869 5079 ut
909 5026 1010 5079 hoc
1049 5040 1115 5078 ex
1156 5023 1273 5077 aliis
1298 5023 1536 5078 conciliis
1578 5020 1937 5082 ostenderent,
1981 5023 2024 5075 si

441 5122 618 5191 aliquo
649 5131 889 5188 tempore
914 5118 1302 5188 persecutionis
1335 5115 1468 5170 facta
1497 5116 1865 5185 episcoporum
1895 5129 2026 5168 con-

441 5212 560 5264 cilia
587 5205 1319 5279 rcperirepot’uissent.Quod
1347 5205 1602 5260 Catholici
1624 5205 1871 5276 qumiiznn
1904 5215 2027 5258 tunc

443 5303 713 5371 inquirere
757 5311 809 5353 et
849 5297 914 5352 ad
958 5297 1144 5352 horam
1187 5306 1398 5353 veteres
1439 5297 1650 5352 chartas
1699 5297 1748 5350 in
1796 5296 2026 5350 archivis

431 5389 818 5448 ecclesiasticis
865 5388 1132 5443 discutere
1175 5404 1278 5440 non
1325 5396 1587 5458 poterant,
1633 5385 2028 5456 respondebant

439 5485 609 5538 multo
641 5481 853 5536 facilius
872 5477 1151 5533 duodecim
1173 5478 1418 5532 homines
1438 5479 1487 5531 in
1507 5478 1720 5531 domum
1740 5478 2030 5530 convenire

441 5576 680 5642 potuisse
717 5587 781 5627 eo
809 5579 1066 5639 tempore,
1097 5586 1202 5638 quo
1231 5570 1391 5623 etiam
1439 5568 1880 5640 congregatioues
1921 5568 2034 5638 ple.

441 5666 582 5722 bium
617 5668 727 5722 fieri
774 5667 1035 5730 Solebant,
1065 5665 1305 5734 quamvis
1350 5667 1724 5738 persecutione
1763 5663 2030 5723 fervente:

502 5783 522 5809 ι
563 5791 680 5835 κω..
705 5781 913 5844 utrisque
938 5781 1224 5832 consulibus.

1633 323 1689 377 S.
1733 312 2098 376 AL'GUS'lel
2141 310 2441 367 EPISCOPI

3575 312 3680 366 6H

2095 431 2231 485 sicut
2260 432 2388 501 ipsis
2410 434 2572 500 gestis
2603 448 2701 484 mai
2721 443 2890 502 Iyrnm
2923 432 3320 487 monstrabatur
3345 475 3357 496 ,
3389 432 3475 498 qui
3499 430 3676 486 conﬁ-

2094 523 2337 576 tebantur
2359 523 2408 576 in
2441 523 2776 594 paSsioaibus
2817 525 2924 576 suis
2955 539 3012 578 se
3033 525 3319 578 collectam
3352 533 3405 576 et
3445 523 3680 578 Domini-

2089 627 2211 667 eum
2234 613 2422 682 egisse.
2444 613 2560 667 Hoc
2582 613 3024 668 a-utem'Catholiei
3042 613 3312 678 dixerant,
3330 624 3377 666 et
3394 623 3678 684 antequam

2093 715 2403 773 siipputaret
2431 716 2482 761 et
2513 707 2857 776 responderet
2880 706 3147 762 Officium.
3179 707 3383 762 Dictum
3412 719 3493 762 est
3519 711 3679 764 etiam

2095 797 2460 864 aCatholicis,
2499 800 2826 870 episeopalia
2883 810 3032 870 gesta
3082 801 3170 854 illa
3225 801 3510 865 Cirtensia,
3565 819 3684 873 qua:

2099 890 2363 960 diligentia
2391 891 2647 960 majorum
2679 907 2845 961 usque
2884 893 2948 945 ad
2977 893 3094 946 haec
3123 902 3359 963 tempora
3399 894 3603 948 servari
3633 905 3690 949 et

2100 985 2323 1039 inveniri
2365 985 2656 1055 potuerint,
2680 986 2765 1040 sic
2802 985 3041 1040 habenda
3083 985 3530 1055 quemadmodum
3582 985 3689 1040 illm

2100 1076 2338 1145 epistola:
2369 1077 2618 1130 Meusurii
2641 1085 2702 1131 'et
2729 1075 2980 1141 Secundi,
3013 1091 3145 1145 quas
3168 1073 3464 1131 ‘Donalistze
3486 1080 3687 1132 recita-

2103 1179 2309 1223 verunt.
2339 1170 2631 1223 Concilium
2659 1169 2852 1239 quippe
2890 1169 3338 1237 Cartltagiuense,
3369 1170 3455 1222 ubi
3496 1171 3689 1224 absen-

2107 1272 2208 1314 tem
2257 1261 2592 1317 Ca‘ciliannm
2632 1263 2962 1330 septuaginta
3006 1261 3412 1324 damnaverunt,
3452 1277 3686 1314 comme-

2105 1364 2364 1404 nuiratum
2415 1361 2497 1406 est
2537 1351 2694 1405 etiam
2738 1368 2766 1404 a
2822 1351 3148 1414 Melehiade,
3201 1351 3437 1406 habitum
3489 1353 3550 1415 ’¹,
3599 1351 3688 1404 ubi

2105 1441 2419 1495 Czecilianus
2449 1450 2532 1495 est
2559 1441 2850 1494 absolutus.
2881 1439 3094 1495 Littera:
3134 1456 3261 1495 vero
3309 1443 3411 1496 illa:
3437 1443 3688 1496 Mensnrii

2107 1544 2159 1587 et
2197 1532 2425 1587 Secundi
2457 1549 2712 1602 nnsQuam
2747 1533 2870 1587 alibi
2899 1545 3328 1586 commemorata:
3354 1533 3688 1597 dicebantur,

2110 1623 2248 1677 unde
2275 1625 2418 1677 nullo
2447 1624 2552 1678 alio
2578 1625 2878 1677 testimonio
2913 1625 3105 1676 veritas
3126 1638 3308 1678 earnm
3327 1625 3686 1687 assercbatur,

2109 1732 2207 1771 nec
2237 1726 2415 1772 tamen
2438 1716 2555 1771 ideo
2585 1715 2831 1770 dicebant
2851 1714 3109 1771 Catholici
3143 1716 3302 1769 falsas
3325 1716 3691 1769 esse.‘Dictnm

2109 1820 2189 1862 est
2221 1809 2379 1862 etiam
2413 1807 2516 1862 hoc
2541 1822 2570 1860 a
2597 1805 2909 1872 Catholicis,
2940 1817 2993 1860 ut
3027 1807 3616 1876 probarentlionatistze
3649 1809 3692 1861 si

2111 1909 2347 1969 possent,
2407 1909 2646 1968 tempore
2696 1899 3081 1968 persecat-iouis
3111 1898 3189 1952 sic
3241 1897 3305 1950 ad
3355 1913 3414 1952 se
3465 1898 3694 1953 invicem

2111 1991 2387 2059 scripsisse
2416 1991 2714 2059 episcopos,
2763 1989 3208 2058 quennnlnmdnm
3259 1987 3584 2042 Mensurium
3641 2000 3697 2043 ct

2109 2082 2412 2137 Secundum
2443 2081 2722 2150 scripsisse
2753 2079 3105 2149 proferebant.
3151 2079 3298 2144 Quod
3328 2095 3432 2132 non
3467 2079 3584 2132 ideo
3615 2081 3698 2132 di-

2111 2172 2617 2236 cebantCatholici,
2648 2180 2707 2224 ut
2734 2171 2855 2226 hinc
2903 2172 3016 2224 illas
3066 2170 3316 2224 Mensnrii
3363 2178 3422 2223 et
3463 2169 3695 2223 Secundi

2117 2265 2321 2319 litteras
2351 2263 2510 2319 falsas
2550 2279 2669 2318 esse
2695 2271 3075 2326 monstrarent,
3124 2277 3243 2332 qme
3279 2277 3373 2315 seu
3419 2275 3559 2314 verae
3599 2274 3698 2313 seu

2116 2357 2261 2412 falsae
2291 2368 2499 2424 essent,
2532 2369 2706 2411 causa:
2745 2357 2872 2411 nihil
2915 2356 3216 2418 officerent;
3259 2355 3351 2410 sed
3384 2365 3438 2407 ut
3461 2355 3581 2408 hinc
3614 2354 3698 2407 in-

2117 2450 2418 2518 telligerent
2485 2450 2806 2512 Donatistzc,
2847 2463 3018 2518 "quam
3075 2463 3207 2501 vana
3251 2447 3702 2517 tergiversatione

2117 2541 2424 2596 Catholicos
2463 2550 2714 2611 cogerent
2764 2540 2863 2593 alia
2897 2539 3138 2609 proferre
3176 2539 3400 2593 concilia
3456 2553 3703 2607 persecu-

2123 2633 2279 2686 tionis
2305 2642 2542 2702 tempore
2566 2643 2880 2700 Congregata
2911 2651 2922 2684 :
2957 2631 3076 2699 quia
3102 2631 3143 2683 si
3181 2630 3258 2684 eis
3290 2629 3704 2683 siiniliobstiaa-

2123 2727 2263 2782 tione
2294 2727 2578 2788 diceretur,
2611 2725 2848 2779 l’rofcrte
2876 2735 2930 2777 et
2956 2741 3048 2778 vos
3079 2724 3210 2778 alias
3237 2723 3487 2793 epistolas
3519 2738 3703 2792 perse-

2120 2821 2345 2875 eutiouis
2374 2829 2610 2888 tempore
2641 2818 2717 2871 sic
2746 2817 2970 2886 scriptas
2998 2826 3050 2870 et
3075 2816 3282 2880 missas,
3315 2832 3430 2885 quae
3461 2817 3501 2868 si
3523 2815 3704 2885 aliquo

2123 2914 2281 2969 modo
2331 2912 2892 2982 depreltcn.lcrentur,
2921 2922 2973 2964 et
3016 2905 3229 2964 codices
3265 2909 3508 2963 occultati
3553 2909 3703 2976 exigi

2124 3013 2360 3075 possent,
2392 3013 2447 3059 et
2470 3003 2602 3058 ordo
2632 3013 2682 3058 et
2701 3013 2913 3057 curator
2936 3013 2986 3056 et
3003 3002 3241 3056 centurio
3257 3014 3310 3055 et
3335 3000 3706 3054 beneficiarius

2121 3097 2185 3150 ad
2213 3097 2496 3150 discrimen
2519 3096 2704 3165 capitis
2734 3095 3033 3166 pervenire,
3056 3095 3143 3163 qui
3171 3093 3472 3148 SCCUtttilllll
3494 3092 3708 3146 tradere

2125 3187 2388 3244 nolentem
2438 3187 2750 3256 impunitum
2801 3185 3066 3240 diutisiSSc
3119 3183 3512 3254 prodebantur;
3558 3181 3708 3234 nullo

2125 3283 2283 3336 modo
2310 3280 2376 3335 ad
2414 3281 2597 3334 horam
2630 3279 2924 3349 reperirent
2978 3276 3108 3330 alias
3158 3275 3408 3344 epistolas
3459 3283 3708 3340 tempore

2123 3372 2507 3444 persecutionis
2534 3371 2600 3424 ab
2645 3369 2906 3438 episcopis
2933 3366 2997 3420 ad
3025 3367 3302 3435 episcopos
3346 3364 3397 3417 in
3438 3373 3542 3417 tam
3592 3361 3711 3415 ιυιι-

2123 3465 2314 3534 ginqua
2350 3475 2610 3516 terrarum
2639 3459 2882 3514 similiter
2908 3457 3075 3511 datas.

2194 3556 2282 3610 55.
2323 3552 2454 3608 Cum
2477 3568 2603 3622 ergo
2627 3551 2751 3605 hinc
2772 3551 3018 3603 diuturna
3037 3544 3712 3611 conflictatioticret,‘s:epe

2127 3642 2804 3714 repetentibusDonatistis
2835 3655 2938 3693 non
2979 3638 3210 3707 patuisse
3241 3646 3480 3704 tempore
3521 3645 3707 3702 perse-

2125 3737 2350 3790 cutionis
2373 3734 2653 3790 concilium
2681 3731 2988 3801 congregari
3017 3729 3082 3783 ad
3110 3728 3412 3798 episcopum
3456 3723 3716 3778 ordinan-
3751 3707 3762 3717 ’

2129 3830 2276 3893 dum,
2308 3829 2428 3898 quia
2452 3829 2506 3881 in
2536 3827 2797 3896 apostasia
2822 3832 2937 3878 erat
2967 3822 3214 3888 mundus,
3242 3815 3713 3887 nece‘rantqnibus

2128 3923 2501 3988 ordinaretur,
2550 3931 2603 3975 et
2643 3924 2834 3973 caetera
2880 3918 3003 3972 talia
3035 3913 3366 3969 :Catltolicis
3402 3923 3578 3965 autem
3628 3926 3716 3964 rc-

2128 4013 2532 4085 SpOﬂdCllllbtlS,
2569 4011 2709 4082 quod
2735 4021 2788 4064 et
2817 4007 3231 4078 cpisc’oiii‘facile
3258 4012 3717 4074 congregarentur

2131 4118 2236 4161 tam
2270 4105 2442 4175 pauci,
2482 4113 2538 4158 ut
2591 4118 2690 4157 nec
2737 4100 3022 4156 concilium
3067 4098 3176 4152 dici
3221 4096 3444 4160 debeat;
3498 4093 3720 4164 quando

2131 4199 2309 4268 plebes
2339 4191 2827 4268 congregabantur,
2860 4194 2998 4248 sicut
3038 4202 3185 4263 gesta
3219 4199 3515 4260 'tnartyrnm
3552 4197 3722 4240 testa-

2130 4302 2347 4356 rentur;
2405 4302 2456 4344 et
2505 4298 2657 4343 erant
2705 4289 2821 4342 sine
2868 4286 3029 4340 dubio
3082 4285 3274 4351 quibus
3339 4281 3723 4335 ordinarentur

2131 4381 2384 4450 episcopi,
2411 4381 2536 4448 ipsa:
2563 4381 2744 4448 utique
2793 4377 2970 4447 plebes
3009 4381 3302 4446 qnas’lnn‘c
3346 4373 3532 4426 solitas
3583 4385 3721 4424 con-

2129 4473 2336 4541 gregari
2359 4479 2504 4539 gesta
2530 4479 2821 4538 mattyrttnt
2854 4467 3204 4536 loquebantur
3238 4483 3250 4518 :
3282 4464 3396 4518 ha‘c
3421 4478 3541 4517 cum
3574 4463 3717 4516 assi—

2132 4563 2235 4616 due
2268 4561 2445 4615 multis
2472 4561 2714 4617 etvariis
2748 4559 2918 4612 modis
2966 4557 3297 4621 dicerentur,
3323 4564 3375 4609 et
3415 4553 3724 4622 rcSponde-

2133 4663 2315 4708 rentur
2343 4671 2355 4705 :
2387 4669 2506 4705 nam
2532 4661 2584 4706 et
2607 4652 2821 4704 domum
2857 4651 3111 4719 privatam
3143 4645 3456 4702 Christianis
3486 4659 3721 4713 ωυρμ-ρο

2132 4745 2317 4817 gandis
2378 4746 2665 4813 [irtcslitztm
2715 4743 2954 4797 constitit
3005 4750 3248 4810 tempore
3302 4736 3723 4807 persecutionis,

2134 4840 2269 4892 sicut
2299 4838 2348 4890 in
2370 4835 2683 4908 quibusdam
2720 4835 2881 4906 gestis
2913 4840 3206 4904 martyrum
3245 4829 3550 4899 legebatur;
3596 4827 3723 4895 quia

2137 4930 2421 4983 Donatiste
2452 4929 2695 4981 dixerunt
2736 4928 2784 4979 ίίι
2804 4926 2846 4980 ri
2880 4942 2982 4978 non
3013 4923 3246 4993 potuisse
3279 4932 3332 4975 ut
3357 4921 3446 4974 illo
3481 4931 3728 4987 tempore

2136 5022 2349 5076 domum
2373 5037 2519 5073 suam
2545 5021 2819 5089 quisquam
2845 5018 3139 5087 praeberet:
3167 5026 3219 5069 ct
3237 5019 3723 5069 commemoratum

2135 5124 2218 5169 est
2245 5130 2409 5182 usque
2430 5113 2562 5166 adeo
2595 5128 2699 5164 non
2728 5126 2845 5164 esse
2869 5104 3354 5176 incredibil-e,qutid
3380 5105 3430 5157 in
3459 5104 3728 5172 privatam

2136 5207 2350 5261 domum
2401 5205 2549 5274 pauci
2609 5205 2681 5259 illi
2752 5202 2986 5272 episcopi
3043 5196 3426 5269 persecutionis
3480 5203 3732 5262 lenqmrc

2135 5305 2520 5360 Convencrunt,
2555 5305 2612 5348 ut
2640 5293 2875 5348 fervente
2901 5287 3273 5362 persecutiooe
3302 5285 3460 5340 etiam
3504 5282 3556 5335 in
3600 5297 3728 5333 car-

2138 5402 2260 5442 cere
2285 5385 2576 5440 doceantnr
2596 5383 2845 5454 baptizati
2875 5388 3158 5450 martyres,
3191 5387 3242 5431 et
3267 5374 3373 5429 illic
3401 5389 3430 5427 a
3461 5371 3730 5426 Christia-

2137 5479 2221 5533 nis
2277 5476 2540 5533 celebrata
2585 5474 2964 5536 Sacramenta,
3025 5469 3114 5524 ubi
3167 5463 3455 5522 Christiani
3505 5470 3734 5534 propter

2139 5571 2322 5625 eadem
2357 5568 2698 5622 Sm-rat-nenta
2729 5565 3045 5619 tenebantur
3077 5561 3287 5615 int-lusi.

2209 5662 2432 5717 CAPUT
2473 5659 2655 5714 .\'\'Ill.
2696 5689 2766 5697 —
2805 5659 2943 5711 lnter
2967 5656 3080 5711 hate
3099 5667 3226 5726 ergo
3243 5651 3454 5708 tandem
3483 5651 3736 5724 aliquan-

2208 5783 2232 5812 ι’
2259 5785 2412 5840 Forte,
2435 5776 2482 5828 in
2497 5773 2686 5838 judicio
2709 5773 2881 5828 habito.
