4070 6200
325 328 433 386 διε

327 446 418 511 do,
441 458 585 515 saepe
622 443 780 499 etiam
808 441 1064 513 Cognitor
1085 440 1481 528 .interlocutus,
1513 435 1623 493 fieri
1678 434 1914 507 potuisse

327 538 481 595 illum
505 548 828 595 conventum
855 536 921 591 ab
950 535 1234 607 episcopis,
1262 531 1472 604 quando
1503 540 1557 586 et
1583 529 1763 601 plebes
1785 543 1917 581 con-

326 640 562 701 gregatae
598 628 994 701 probabantur;
1022 625 1282 696 compulit
1307 621 1629 686 Donatistas,
1657 631 1713 676 ut
1732 631 1917 675 contra

327 722 616 778 concilium
656 704 1020 790 iudiciumque
1063 715 1394 782 Melchiadis,
1456 729 1562 784 quo
1606 710 1920 768 Cmcilianus

335 820 589 883 purgatus
613 818 775 880 atque
800 808 1076 864 absolutus
1113 807 1408 878 legebatur,
1445 804 1491 859 si
1523 803 1782 859 haberem
1818 800 1919 856 ali-

333 901 461 973 quid
486 901 749 967 dicerent,
781 898 1032 970 quoniam
1060 898 1169 953 illic
1197 896 1375 967 potius
1404 909 1561 966 quam
1593 894 1645 948 in
1672 892 1763 947 illo
1799 888 1920 945 Cir-

320 994 471 1051 ‘tensi
493 993 722 1049 concilio
746 1006 906 1047 causa
934 993 1275 1047 consisteret.

403 1088 493 1143 54.
524 1085 677 1142 Tune
723 1085 1005 1139 Donatista:
1036 1084 1209 1154 ipsum
1251 1079 1599 1137 Melchiadem
1642 1076 1921 1149 cat-perunt

331 1179 559 1235 crimine
590 1175 891 1231 traditionis
921 1190 1172 1245 arguere,
1207 1181 1262 1229 et
1288 1173 1497 1239 dicere,
1529 1171 1764 1241 majores
1793 1178 1921 1225 suos

334 1279 615 1340 propterea
642 1269 780 1323 illius
798 1267 1053 1338 judicium
1077 1266 1355 1337 refugisse,
1374 1265 1514 1336 quod
1546 1264 1769 1319 traditor
1791 1263 1919 1318 fuis-

330 1372 414 1418 set
448 1383 461 1419 :
493 1362 643 1432 quasi
676 1375 779 1416 non
815 1360 923 1429 jam
960 1359 1160 1429 judicio
1190 1358 1303 1429 ejus
1329 1358 1637 1412 assisterent
1677 1357 1717 1422 ¹,
1749 1364 1802 1411 et
1830 1371 1918 1409 re-

329 1441 660 1523 sponderant
689 1468 748 1508 se
779 1453 831 1506 in
861 1451 1203 1506 Caecilianum
1234 1464 1342 1504 non
1376 1448 1570 1503 habere
1602 1446 1741 1517 quod
1770 1446 1918 1500 dicc-

316 1548 472 1599 'rcnt.
497 1543 602 1599 Sed
628 1552 803 1597 tamen
831 1541 970 1597 facto
991 1540 1171 1610 judice
1202 1540 1426 1605 intento,
1458 1538 1730 1593 utrum‘de
1757 1538 1920 1592 tradi-

317 1632 493 1689 tiohis
522 1634 746 1689 crimine
777 1632 1089 1689 Melcbiadis
1117 1632 1331 1703 aliquod
1368 1631 1627 1702 judicium
1652 1673 1667 1697 ,
1695 1630 1778 1685 vel
1817 1645 1919 1701 pu-

334 1726 570 1791 blicum,
625 1724 709 1780 vel
765 1724 1182 1781 ecclesiasticum
1250 1722 1618 1794 proferretur,
1686 1721 1920 1792 ipsisrpie

331 1818 622 1874 Catholicis
649 1816 701 1872 id
730 1822 783 1871 u't
809 1816 1124 1887 probaretur
1161 1815 1595 1886 exspectantibus
1622 1825 1671 1868 et
1694 1814 1921 1883 exigun-

334 1911 496 1978 tibus,
526 1912 769 1981 legerunt
798 1910 1088 1965 Donatista:
1116 1916 1260 1980 gesta
1289 1908 1530 1977 qmedam
1564 1907 1918 1976 proiixissima

333 2005 472 2074 apud
517 2000 821 2075 praefectum
848 2045 862 2069 ,
907 2003 994 2058 tibi
1024 2018 1125 2058 nec
1165 1997 1445 2071 prchectus
1476 2001 1588 2070 ipse
1618 1997 1918 2069 cujusmodi

332 2098 477 2150 esset
521 2094 844 2165 apparebat,
889 2109 988 2150 nec
1030 2094 1177 2148 locus
1209 2093 1498 2162 legebatur,
1532 2091 1618 2145 ubi
1650 2090 1765 2145 Inui:
1790 2096 1919 2160 age-

333 2188 544 2242 bantur.
587 2187 692 2243 Sed
737 2197 884 2258 gesta
930 2186 1042 2256 ipsa
1092 2183 1291 2239 multos
1330 2184 1505 2237 'multa
1556 2181 1917 2238 ecclesiastica

333 2277 604 2334 tradentes
634 2276 940 2345 longissima
973 2274 1285 2331 recitatione
1310 2280 1641 2336 sonuerunt,
1686 2272 1773 2327 ubi
1818 2266 1929 2325 ne?

324 2359 453 2428 men
480 2368 791 2426 Mclchiadis
825 2367 1040 2421 omnino
1073 2382 1176 2420 non
1218 2365 1415 2419 sonuit.
1456 2363 1656 2431 Quibus
1689 2362 1919 2433 peractis

328 2479 453 2519 cum
481 2461 739 2533 Cognitor
762 2458 1049 2515 miraretur
1067 2456 1210 2511 aliud
1238 2456 1558 2525 promissum
1586 2463 1640 2509 et
1666 2452 1806 2507 aliud
1834 2469 1919 2508 re-

326 2556 585 2616 citatum,
611 2552 684 2606 illi
705 2550 879 2606 adhuc
896 2548 1012 2619 ejus
1038 2548 1343 2617 patientiam
1369 2545 1745 2616 deposcentes,
1768 2553 1916 2615 gesta

326 2646 433 2700 alia
456 2626 769 2707 recitarunt,
791 2641 1051 2712 inquibus
1069 2636 1343 2707 legebatur
1359 2634 1681 2691 Melchiades
1708 2635 1916 2689 misisse

329 2736 586 2791 diaconos
612 2751 732 2789 eum
765 2730 954 2790 litteris
994 2730 1247 2787 Maxentii
1290 2730 1627 2799 imperatoris
1651 2736 1703 2784 et
1729 2728 1919 2782 litteris

332 2829 564 2899 praefecti
592 2828 840 2895 praetorio
858 2826 925 2881 ad
948 2823 1255 2896 przet‘ectum
1281 2819 1447 2885 urbis,
1466 2830 1518 2874 ut
1540 2836 1602 2875 ea
1621 2820 1922 2888 reciperent

330 2935 451 2991 quze
481 2930 721 2990 tempore
763 2916 1148 2987 persecutionis
1176 2913 1352 2970 ablata
1390 2919 1718 2966 memoratus
1747 2910 1920 2978 impe-

332 3024 478 3068 rator
501 3012 816 3069 Christianis
839 3011 1073 3082 jusserat
1103 3008 1273 3065 reddi.
1322 3006 1393 3063 Et
1434 3021 1555 3061 cum
1600 3004 1683 3058 his
1709 3002 1920 3074 quoque

329 3106 491 3176 gestis
520 3106 722 3160 mdium
768 3102 1076 3159 Melcliiadis
1102 3104 1305 3157 crimen
1346 3109 1400 3156 et
1430 3097 1703 3170 Cognitori
1733 3088 1785 3152 et
1812 3093 1917 3151 Ca-

331 3196 541 3253 tholicis
566 3196 935 3253 defensoribus
962 3202 1278 3264 appareret,
1309 3192 1561 3247 dixerunt
1590 3188 1877 3245 Donatista:
1898 3230 1912 3254 ,

312 3286 632 3346 'Stratouem
676 3288 958 3343 diaconum
980 3330 994 3352 ,
1024 3302 1180 3355 quem
1209 3301 1330 3340 cum
1357 3284 1474 3339 aliis
1500 3281 1820 3338 Melchiades
1850 3281 1916 3335 ad

328 3380 632 3451 recipienda
684 3380 797 3432 loca
842 3378 1204 3433 ecclesiastica
1249 3376 1505 3442 miserat,
1548 3366 1918 3444 superioribus

324 3475 497 3545 gestis
539 3473 815 3526 recitatum
853 3486 973 3525 esse
1020 3470 1363 3535 traditorem;
1408 3478 1463 3523 et
1508 3467 1627 3521 ideo
1671 3466 1918 3522 volebant

325 3566 489 3620 etiam
515 3550 861 3618 ilelehiadem
885 3562 1108 3617 crimine
1133 3562 1429 3617 traditionis
1451 3575 1754 3632 aspergere,
1775 3558 1918 3630 quod

328 3659 556 3713 diacmto
588 3657 675 3710 illo
708 3673 812 3710 non
838 3656 1125 3727 degradato
1159 3664 1417 3711 uteretur.
1453 3655 1506 3710 In
1540 3654 1917 3725 prosccutione

329 3760 506 3804 autem
548 3744 641 3803 Sua
688 3747 938 3803 dixerunt
981 3747 1325 3803 Mclebiadcm
1360 3746 1571 3801 tertiam
1605 3747 1915 3816 episcopum

332 3838 496 3912 fuisse.
522 3839 589 3893 ab
618 3838 727 3904 illo,
757 3839 844 3908 qui
875 3848 999 3892 tunc.
1022 3846 1135 3891 erat
1161 3852 1280 3891 cum
1311 3836 1522 3889 traditio
1556 3836 1641 3890 iiia
1672 3835 1806 3889 facta
1830 3850 1917 3888 cs-

332 3938 434 3983 set.
464 3926 560 3984 llic
587 3922 1164 3999 Cognitor'requiSirit,
1189 3937 1367 3982 utrum
1392 3926 1578 3981 saltem
1612 3926 1662 3979 in
1688 3925 1788 3979 illis
1812 3937 1918 3979 tra-

332 4019 550 4074 ditioois
568 4020 733 4090 gestis
752 4027 897 4074 esset
912 4034 1250 4089 expressum,
1269 4018 1409 4088 quod
1431 4017 1642 4072 Straton
1661 4016 1918 4072 diaconus

259 4162 270 4173 ,
312 4102 510 4165 inerit.
539 4110 606 4165 Et
626 4110 1026 4165 ‘recitatmn‘est
1054 4124 1173 4163 eum
1201 4109 1503 4161 Iwrlatorem
1525 4107 1807 4162 vanissima:
1827 4124 1915 4163 ru-

335 4196 643 4271 pcrstiiiouii
671 4194 992 4272 appellatum
1024 4217 1037 4252 :
1071 4200 1211 4269 quod
1260 4200 1365 4253 non
1419 4199 1592 4253 solum
1636 4200 1751 4268 ipse
1773 4240 1787 4265 ,
1821 4199 1918 4255 sed

334 4288 700 4349 etiam‘c'ieteri
724 4292 823 4364 qui
841 4292 1139 4352 tradebant,
1163 4290 1583 4360 appellabantur.
1613 4289 1718 4344 Sed
1746 4292 1918 4344 Dona-

334 4386 475 4439 tisne
522 4380 940 4454 responderunt,
971 4398 1000 4437 a
1045 4380 1344 4438 Gentilibus
1392 4380 1819 4451 persecutoribus
1866 4382 1918 4437 in

335 4475 717 4532 contumeliam
745 4475 1018 4547 religionis
1039 4483 1094 4530 et
1115 4475 1368 4530 diaconos
1398 4484 1451 4528 et
1480 4474 1825 4545 presbyteros
1847 4474 1919 4530 ita

334 4570 614 4627 vocitatus.

409 4661 497 4717 35.
530 4651 958 4731 Ergo‘Catholici
996 4656 1416 4727 responderunt,
1446 4670 1565 4710 cum
1591 4655 1782 4709 mirum
1814 4670 1918 4709 non

335 4760 514 4818 esset,
546 4750 792 4822 essetque
821 4750 872 4804 iu
901 4749 1071 4815 rebus,
1092 4748 1338 4802 humanis
1377 4746 1780 4801 usitatissimum
1802 4786 1817 4811 ,
1861 4755 1923 4801 ut

338 4861 446 4899 non
488 4842 595 4898 duo
643 4851 881 4908 tantum,
918 4856 1104 4896 verum
1133 4840 1292 4895 etiam
1325 4839 1503 4910 plures
1532 4839 1775 4894 homines
1815 4853 1923 4893 uno

317 4938 553 4993 nomine
579 4944 922 5000 vocarentur;
954 4933 1065 4988 fieri
1096 4931 1309 5003 quidem
1338 4928 1571 5001 potuisse
1602 4938 1659 4984 ut
1695 4931 1781 4984 ille
1811 4940 1920 4984 trao

340 5031 486 5085 ditur
511 5024 726 5084 Straton
754 5026 1034 5099 presbyter
1060 5023 1248 5094 fuerit,
1278 5026 1377 5080 iste
1402 5030 1580 5079 autem
1611 5023 1746 5078 alius
1769 5022 1920 5081 Stra-

1925 5128 1939 5145 κ

1878 5168 1941 5202 ·ό

405 5222 641 5278 "ncesse
664 5226 909 5290 ψιίαιςῐςιιη
946 5222 1153 5290 videtur.
1174 5228 1312 5290 Forte
1346 5227 1472 5290 post,
1514 5219 1822 5290 “sisterent;
1852 5218 1928 5289 le-

337 5291 575 5353 gendum,
600 5282 795 5349 quando
826 5284 1009 5353 inducti
1030 5283 1090 5353 ob
1124 5282 1241 5347 ipsis
1280 5284 1418 5353 testes
1439 5282 1858 5353 respondertmtse
1877 5282 1929 5332 in

338 5346 669 5407 i'fwcilimnn'n,
693 5358 787 5403 etc.
814 5357 925 5398 tiam
943 5348 1006 5397 de
1033 5346 1123 5395 hac
1144 5346 1202 5395 re
1222 5352 1420 5406 Optatos
1445 5346 1527 5394 lib.
1552 5347 1615 5407 1.;
1645 5349 1877 5407 e't'estcs,
1898 5358 1923 5407 ig

339 5415 512 5478 inquit,
542 5432 565 5460 ι
581 5403 759 5478 inducti
782 5416 1033 5478 annonam,
1049 5403 1386 5478 confessi'sunt
1406 5419 1463 5478 se
1484 5405 1785 5478 nonin-abere
1801 5403 1932 5478 quod

346 5493 371 5521 ι
399 5465 446 5526 ἱίι
469 5465 770 5526 Caecilianum
791 5465 1028 5523 dicerent.
1048 5485 1071 5514 1
1101 5474 1155 5520 Et
1185 5467 1328 5531 tanta
1361 5477 1469 5531 post
1506 5465 1776 5531 ttelcbiadis
1803 5465 1932 5529 judi-

339 5538 471 5587 cium
493 5538 687 5599 subjicit
709 5538 756 5585 in
788 5536 893 5585 bzec
912 5535 1063 5584 verba
1086 5544 1099 5581 :
1135 5549 1157 5578 ι
1174 5528 1295 5599 Cum
1311 5528 1589 5599 constiterit
1608 5528 1931 5599 cachinnum,

348 5617 372 5644 ι
396 5599 459 5649 ab
483 5600 541 5649 iis
563 5591 644 5663 qui
669 5612 778 5663 cum
795 5604 975 5647 Donato
997 5600 1264 5663 venerunt,
1278 5594 1416 5656 juxta
1433 5591 1784 5663 professionem
1799 5603 1936 5663 suam

348 5678 371 5707 ι
399 5674 490 5710 non
515 5652 747 5718 accusari,
772 5671 866 5709 nec
884 5672 912 5708 a
930 5664 1110 5707 Donato
1130 5652 1399 5718 convictum
1415 5652 1528 5705 esse
1552 5656 1599 5704 in
1615 5652 1773 5718 aliqua
1796 5660 1935 5717 parte

348 5741 370 5769 ι
397 5724 683 5778 constiterit,
708 5715 810 5771 sua:
847 5719 1169 5771 communioni
1202 5715 1540 5768 ecclesiastica:
1579 5715 1771 5780 integro
1800 5715 1935 5764 statu

350 5800 376 5832 ο
398 5783 708 5837 retinendum
730 5785 905 5834 merito
931 5795 1041 5832 esse
1064 5792 1261 5830 censeo.
1285 5797 1307 5825 ι

1216 318 1641 379 BREVICULUS
1678 314 2124 389 COLLATIONRS
2149 318 2291 375 CUM
2334 320 2752 380 DONATISTIS.

3509 330 3540 383 6
3550 331 3615 383 -Ζίῖ

2037 443 2124 487 ton
2154 433 2411 489 diaconus
2438 456 2450 490 :
2475 439 2723 508 quoniam
2764 440 3052 495 Donatista:
3078 440 3328 497 dixerant
3352 448 3406 497 et
3430 444 3614 499 diaco-

2027 541 2122 579 nos
2150 536 2203 580 et
2242 528 2582 599 presbyteros
2607 533 2909 587 hortatores
2934 533 3237 589 vanissima:
3266 537 3605 604 superstitio-

2025 617 2109 671 nis
2129 632 2157 669 a
2180 608 2479 673 Gentilibus
2505 622 2759 690 appellari
2786 640 2799 676 :
2831 628 3134 695 quanquam
3165 636 3355 681 omnes
3383 627 3607 682 clericus

2027 709 2128 762 isto
2167 711 2556 766 contumelioso
2598 715 2812 770 nomine
2857 714 3093 771 Gentiles
3121 717 3391 786 appellare
3426 727 3616 786 potuc-

2027 799 2152 863 rint,
2182 810 2234 854 et
2253 800 2420 854 multo
2440 810 2584 857 esset
2610 803 2863 859 incertius
2882 806 3033 873 cujus
3056 806 3251 876 gradus
3274 806 3504 862 clericus
3527 806 3616 862 ille

2016 884 2250 943 traditur
2288 889 2446 945 fuerit
2471 910 2485 946 :
2508 904 2872 949 verumtamen
2912 897 3121 951 etiamsi
3160 913 3284 954 eum
3321 899 3608 953 diaconum

2026 979 2192 1037 fuisse
2222 991 2404 1052 posset
2437 985 2680 1049 ostendi,
2716 1002 2888 1057 neque
2914 989 3013 1043 hoc
3035 1005 3158 1045 esse
3184 991 3493 1045 incredibile
3524 1004 3616 1045 aut

2022 1072 2242 1137 mirum,
2271 1089 2390 1128 cum
2418 1086 2542 1131 ante
2570 1092 2787 1145 parvum
2821 1087 3029 1149 tempus
3057 1081 3110 1134 in
3142 1082 3253 1149 ipsa
3282 1083 3413 1136 urbe
3442 1084 3609 1136 Rotn't

2027 1163 2132 1218 duo
2153 1164 2291 1219 Petri
2314 1165 2520 1220 diaconi
2550 1167 2766 1222 fuerint.
2799 1170 2931 1224 Illud
2957 1188 3169 1241 quoque
3199 1173 3436 1227 additum
3469 1187 3549 1228 est
3581 1194 3608 1224 ιι

2026 1257 2343 1324 Catholicis,
2376 1259 2497 1329 quia
2546 1261 2645 1314 etsi
2688 1260 3164 1327 demonstraretur,
3209 1265 3349 1334 quod
3391 1266 3613 1319 Omnino

2027 1365 2133 1405 non
2176 1350 2662 1418 demoustrabatur,
2693 1355 2941 1409 cinndem
2985 1354 3287 1410 Stratonem
3325 1357 3609 1411 diaconum

2028 1443 2327 1510 tradidisse,
2346 1460 2503 1515 quem
2526 1455 2709 1515 postea
2731 1446 3048 1502 Mclchiades
3073 1447 3138 1502 ad
3158 1448 3465 1517 recipienda
3493 1450 3608 1504 loca

2025 1534 2385 1590 ecclesiastica
2427 1551 2550 1590 cum
2593 1536 2711 1591 aliis
2745 1537 2984 1593 diacouis
3023 1538 3188 1603 misit,
3218 1555 3324 1593 non
3352 1541 3611 1593 continuo

2025 1627 2374 1683 Melchiadcm
2402 1629 2503 1683 isto
2534 1629 2756 1684 crimine
2787 1630 3016 1701 aspergi,
3044 1646 3202 1700 quem
3228 1632 3401 1700 potuit
3429 1648 3612 1701 persc-

2026 1721 2167 1775 cutio
2199 1722 2352 1791 longe
2381 1721 2554 1776 facere
2581 1722 2878 1787 absentem,
2910 1722 3089 1778 ut7hoc
3116 1725 3336 1778 omnino
3361 1727 3608 1785 nesciret.

2026 1827 2254 1889 cumque
2283 1812 2619 1867 innocentem
2654 1822 2881 1883 putaret,
2908 1830 3064 1884 quem
3095 1830 3253 1868 nemo
3281 1831 3430 1870 reum
3456 1831 3615 1871 accu—

2025 1902 2192 1956 sando
2210 1911 2551 1959 monstraret.
2573 1904 2769 1959 Contra
2793 1905 2879 1959 hic
2900 1906 3091 1960 frustra
3116 1906 3402 1981 Donatista)
3423 1909 3611 1962 eadem

2025 2010 2121 2064 per
2144 1994 2331 2050 eadem
2362 1996 2660 2052 diutissime
2685 1990 3075 2053 clamaverunt.

2097 2084 2185 2139 56.
2227 2085 2353 2139 Post
2379 2086 2729 2141 Collationcm
2756 2102 2886 2142 sane
2914 2089 3073 2143 etiam
3101 2084 3447 2143 dc'Cassiano
3485 2092 3613 2145 Mel-

2023 2175 2197 2230 cliiadi
2227 2177 2532 2231 calumniati
2560 2186 2718 2243 sunt,
2761 2178 2884 2248 quia
2911 2180 3070 2233 etiam
3100 2179 3201 2234 hoc
3232 2195 3425 2234 nomen
3465 2191 3518 2236 et
3559 2183 3610 2235 in

2025 2267 2261 2321 diacouis
2290 2268 2576 2334 invenitur,
2604 2283 2738 2338 quos
2760 2268 2825 2322 ad
2856 2268 3163 2339 praefectum
3190 2271 3333 2325 misit
3361 2271 3613 2327 Melehia-

2026 2356 2156 2424 des,
2187 2368 2239 2413 ct
2285 2358 2335 2413 in
2380 2361 2482 2414 illis
2521 2359 2689 2429 gestis
2728 2361 2816 2415 ubi
2842 2361 2979 2416 facta
3008 2361 3220 2418 traditio
3248 2364 3462 2419 recitata
3504 2380 3534 2417 e
3566 2376 3606 2419 t.

2026 2448 2176 2517 Quod
2208 2450 2252 2505 si
2284 2452 2334 2506 in
2362 2451 2658 2510 Collatione
2687 2454 2947 2522 dicerent,
2980 2454 3133 2511 facile
3164 2456 3333 2526 potuit
3362 2473 3392 2511 a
3414 2456 3613 2512 Catho‘

2025 2543 2141 2598 licis
2167 2545 2514 2614 responderi,
2553 2549 2604 2603 in
2636 2557 2778 2603 tanta
2808 2550 2959 2604 turba
2988 2550 3351 2605 lloinanorum
3384 2552 3610 2607 clerico-

2009 2649 2144 2688 rum
2172 2635 2303 2689 nihil
2332 2638 2521 2690 mirum
2553 2639 2714 2693 fuisse
2744 2640 2787 2695 si
2815 2638 2921 2694 duo
2942 2641 3023 2695 vel
3058 2641 3264 2711 plures,
3300 2658 3403 2697 nou
3440 2644 3610 2697 solum

2026 2729 2335 2797 Stratones,
2368 2732 2459 2786 sed
2496 2734 2656 2788 etiam
2690 2734 2930 2788 Cassiani
2971 2737 3364 2805 reperirentur;
3397 2744 3516 2791 eum
3559 2740 3611 2791 in

2026 2821 2307 2877 duodecim
2338 2825 2630 2894 Apostolis,
2659 2840 2761 2880 non
2788 2827 2959 2881 Solum
2984 2827 3089 2881 duo
3120 2828 3269 2882 Judae
3289 2871 3303 2895 ,
3332 2829 3424 2884 sed
3451 2829 3609 2884 etiam

2025 2914 2132 2970 duo
2156 2914 2337 2971 Jacobi
2370 2918 2823 2987 legerenturniisi
2858 2918 2991 2974 forte
3014 2920 3141 2988 ipsis
3167 2920 3615 2976 licuissetCasen-

2027 3021 2138 3062 sem
2169 3023 2198 3061 a
2231 3008 2434 3063 Donato
2464 3008 2866 3079 Carthaginensi
2904 3011 3269 3082 distinguere;
3300 3027 3421 3067 cum
3455 3014 3613 3067 time-

2027 3111 2237 3155 rent‘ne
2261 3100 2429 3171 major
2452 3112 2635 3156 auctor
2662 3103 2898 3171 ipsorum
2925 3104 3159 3159 Donatus
3181 3104 3616 3175 Carthagincnsis

2026 3192 2306 3247 damnatus
2334 3194 2383 3247 in
2410 3194 2723 3251 Melchiadis
2757 3196 2958 3265 judicio
2991 3205 3295 3266 [litl‘ll’Cllll‘;
3333 3210 3386 3253 et
3412 3198 3609 3253 Catho-

2026 3283 2144 3337 lici's
2169 3292 2274 3337 non
2305 3283 2488 3339 liceret
2516 3285 2565 3339 in
2594 3294 2735 3338 tanta
2767 3287 3106 3343 multitudine
3137 3288 3456 3344 clericorum
3501 3292 3611 3344 llo-

2027 3389 2305 3429 manorum
2334 3374 2530 3430 habere
2558 3378 3028 3446 plure's‘similibus
3056 3380 3361 3434 nominibus
3383 3383 3614 3451 appella-

2026 3477 2127 3524 tos.
2178 3468 2392 3523 Falsum
2442 3469 2583 3523 enim
2633 3479 2748 3524 erat
2795 3470 2934 3540 quod
2986 3468 3275 3525 Donatistae
3326 3472 3612 3536 dixerant,
3682 3512 3697 3521 α

2023 3560 2313 3617 convenire
2340 3570 2617 3630 personas,
2644 3561 2934 3615 Convenirc
2961 3558 3098 3626 loca,
3123 3563 3408 3618 convenire
3434 3565 3613 3635 regio-

2025 3672 2159 3712 nes:
2184 3654 2394 3726 quando
2416 3670 2514 3709 nec
2545 3655 2681 3721 loco,
2700 3671 2797 3709 nec
2817 3657 3079 3725 regiones,
3113 3672 3208 3711 nec
3233 3657 3361 3727 ipsa:
3383 3674 3608 3726 expres-

2025 3761 2097 3800 sa:
2123 3760 2467 3814 personarum
2496 3744 2780 3811 dignitates
2807 3745 2873 3798 de
2902 3747 3137 3814 utrisque
3161 3749 3345 3816 gestis,
3373 3748 3466 3801 sed
3496 3751 3609 3802 sola

2030 3838 2303 3892 nominum
2345 3834 2711 3889 convenientia
2752 3835 3045 3905 legebatur,
3092 3854 3250 3905 quam
3295 3840 3345 3892 in
3386 3840 3611 3893 diversis

2030 3927 2273 3997 persentis
2296 3926 2512 3998 generis
2536 3926 2751 3980 humani
2778 3927 3110 3981 consuetudo
3139 3929 3473 3999 frequentare
3506 3936 3613 3984 non

2023 4016 2215 4075 cessat.

2095 4104 2323 4167 CAPUT
2364 4109 2508 4166 XIX.
2530 4142 2602 4152 —
2631 4112 2718 4167 57.
2748 4110 3020 4182 Spernens
3048 4112 3224 4183 itaque
3249 4112 3501 4183 Cognitor
3526 4114 3609 4169 in-

2026 4200 2352 4257 certissimas
2396 4203 2767 4273 suspiciones,
2812 4203 2976 4273 jussit
3019 4204 3217 4275 aliquid
3267 4204 3602 4259 manilestmu

2025 4304 2209 4350 contra
2238 4294 2322 4349 illa
2350 4303 2496 4365 gesta
2529 4293 2792 4365 proferri,
2818 4305 2909 4349 aut
2938 4306 3083 4351 certe
3105 4294 3438 4351 Constantini
3466 4296 3606 4366 judi-

2025 4387 2189 4454 cium,
2211 4388 2362 4457 cujus
2386 4388 2584 4442 mentio
2609 4386 2717 4456 jam
2742 4384 2881 4443 laeta
2900 4385 3090 4453 fuerat,
3115 4384 3441 4443 recitari.'Et
3462 4390 3617 4444 reci-

2030 4489 2194 4534 tatum
2234 4488 2316 4534 est
2350 4476 2605 4548 judicium
2649 4477 3019 4543 Constantini,
3064 4477 3511 4549 quemadmodum
3553 4493 3619 4534 se

2029 4572 2171 4626 inter
2198 4579 2373 4640 partes
2395 4584 2608 4623 causam
2636 4569 2902 4623 C.rciliani
2939 4571 3281 4640 cognovisse,
3310 4571 3374 4625 ad
3396 4571 3612 4625 Euma-

2029 4662 2155 4716 limn
2183 4646 2657 4715 vicarium'Africze
2686 4660 3007 4729 scripsisset,
3038 4660 3179 4731 quod
3212 4662 3429 4716 remotis
3450 4663 3617 4716 omni-
3677 4702 3680 4705 λ

2031 4755 2129 4811 bus
2153 4754 2370 4809 arbitris
2398 4754 2738 4810 Caecilianum
2773 4754 3135 4821 innocentem,
3164 4754 3288 4809 illos
3316 4755 3614 4809 calumnio-

2030 4847 2270 4902 sissimos
2291 4846 2606 4916 cognovisse
2629 4854 2849 4900 testatus
2869 4855 2948 4900 est
2966 4860 2980 4909 ;
2998 4860 3426 4901 commemorans
3448 4847 3620 4901 etiaut

2032 4941 2083 4993 in
2118 4936 2417 4991 Arelatensi
2434 4937 2630 5006 oppido
2662 4952 2755 5004 pro
2780 4935 3064 4990 C:rciliauo
3091 4935 3618 5006 factum‘episeopzde

2027 5030 2307 5103 judicium,
2335 5029 2421 5084 cui
2442 5029 2644 5098 judicio
2664 5029 2774 5097 jam
2803 5026 3016 5097 plurimi
3040 5044 3103 5083 ex
3129 5026 3463 5084 dissensione
3490 5044 3621 5083 cono

2033 5129 2342 5185 senserant,
2375 5120 2599 5191 reliquis
2627 5120 2799 5175 adhuc
2828 5118 3186 5175 resilientibus
3215 5114 3268 5175 et
3296 5110 3614 5173 tliSCurdau-

2037 5218 2214 5271 tibus:
2244 5214 2384 5270 unde
2425 5215 2536 5284 ipse
2560 5213 2628 5268 de
2657 5230 2718 5268 re
2749 5223 2856 5268 tota
2894 5214 3035 5268 inter
3075 5222 3260 5282 partes
3276 5220 3490 5267 coactus
3533 5217 3619 5265 cst

2033 5308 2291 5380 judicare.
2333 5306 2458 5361 Post
2486 5305 2670 5360 barum
2694 5304 3055 5375 impcrialinm
3093 5300 3387 5360 litterarum
3423 5303 3617 5357 recita-

2042 5401 2262 5464 tionem,
2293 5397 2534 5469 qumsivit
2564 5397 2818 5468 Cognitor
2858 5412 2888 5451 a
2928 5397 3219 5452 Donatistis
3260 5396 3384 5465 quid
3431 5403 3617 5447 contra

2041 5494 2298 5550 dicerent.
2344 5489 2419 5545 lbi
2464 5489 2751 5544 Donatista:
2783 5504 2965 5544 rursus
3008 5487 3074 5542 ad
3120 5484 3432 5542 Melchiadis
3478 5484 3621 5539 calu-

2043 5586 2305 5642 mniosam
2325 5583 2750 5639 criminationem
2779 5581 2951 5636 redire
2967 5581 3141 5636 conati
3169 5588 3291 5633 sunt
3312 5597 3325 5634 :
3347 5576 3487 5630 unde
3503 5592 3627 5633 enus

2046 5686 2227 5735 essent
2249 5674 2549 5747 Cognitoris
2578 5674 2985 5729 interlocutione
3012 5671 3238 5741 depulsi,
3266 5670 3411 5725 etab
3438 5669 3517 5724 eis

2052 5780 2135 5828 set
2163 5769 2475 5841 flagitatum,
2500 5776 2558 5822 ut
2583 5775 2765 5823 contra
2792 5765 3045 5838 judicium
3073 5761 3402 5831 Melchiadis,
3427 5759 3512 5817 vel
3533 5759 3629 5814 ia—
