4024 6196
429 289 531 341 (ii?

431 407 687 474 pet-ialem
718 402 1051 458 sententiam,
1083 398 1125 450 si
1155 397 1408 450 haberent
1440 393 1661 463 aliquid,
1695 393 2006 451 recitarem;

435 496 854 566 responderunt,
888 493 1046 543 eti-am
1093 489 1460 556 imperatorias
1492 501 1647 537 aures
1679 485 1853 553 pravis
1885 497 2013 550 sug,

431 585 758 646 restionibus
790 583 1018 634 lltllalas.
1049 578 1120 631 lbi
1154 578 1231 632 eis
1258 576 1510 643 (‘lziguitor
1542 576 1845 644 res;ondit,
1871 571 2012 642 quod

429 675 784 730 attentissime
805 673 1125 735 adverterat,
1153 671 1291 723 iatcr
1315 680 1488 737 partes
1519 668 1677 720 fuisse
1695 667 1868 735 judica
1881 674 2008 718 tum.

434 773 497 818 .-\t
532 767 602 820 illi
635 767 847 832 exigere
877 771 1175 832 cmperttnt,
1212 771 1266 813 ut
1299 761 1397 812 hoc.
1429 761 1706 826 legeretur,
1742 768 1915 810 utrum
1945 758 2015 810 in-

432 873 511 910 ter
558 869 736 926 partes
773 856 1091 923 jtnlicaverit
1140 853 1451 921 Imperator.
1504 851 1652 917 Quod
1681 866 1798 902 cum
1830 848 2017 902 fuisset

428 953 717 1021 (Ingnitore
755 949 973 1017 jnhente
1003 949 1278 1000 recitatqu
1303 987 1316 1010 ,
1349 945 1477 997 nihil
1511 944 1844 996 iuveniontes
1875 942 2013 1009 quod

431 1045 699 1106 dicerent,
731 1051 1005 1111 coeperunt
1035 1039 1101 1092 de
1137 1038 1361 1092 consule
1392 1035 1698 1089 memoratis
1730 1035 2016 1103 imperiali-

435 1139 531 1190 bus
581 1136 771 1190 litteris
815 1133 1159 1194 calumniari;
1194 1131 1334 1199 quod
1383 1131 1498 1182 sine
1545 1129 1764 1182 consule
1814 1128 2017 1180 fuerant

435 1232 688 1283 recitatae.
719 1229 849 1280 llinc
881 1235 1067 1280 exorto
1094 1224 1342 1276 conflictu
1366 1265 1378 1287 ,
1412 1238 1530 1274 eum
1564 1220 1849 1273 Donatista:
1881 1219 2016 1271 invi-

433 1321 583 1373 diose
637 1318 877 1372 dicerent
931 1315 1232 1384 (‘plSCOpale
1286 1313 1568 1364 concilium
1624 1325 1743 1363 cmn
1803 1311 2018 1363 consule

435 1413 596 1465 fuisse
617 1410 920 1470 recitatum,
942 1416 996 1460 et
1027 1404 1362 1472 li'npcratoris
1386 1403 1588 1456 litteras
1609 1400 1883 1454 consulem
1914 1417 2015 1452 non

435 1501 668 1562 habere;
709 1507 761 1552 et
797 1496 1057 1550 Catholici
1113 1494 1519 1561 l'CSpOlltlL‘l‘t'lll,
1548 1507 1650 1544 non
1695 1491 1763 1544 ibi
1805 1506 2016 1544 causam

433 1590 724 1644 consiStcre
753 1606 764 1639 :
791 1587 1042 1654 Cognitor
1065 1585 1222 1638 etiam
1253 1583 1603 1636 interlocutus
1627 1589 1707 1633 est
1732 1581 2018 1634 evidentis-

435 1681 586 1736 simis
607 1680 810 1747 legibus
830 1677 1127 1734 definitum,
1155 1674 1449 1742 imperialia
1475 1673 1784 1737 constituta,
1811 1672 2016 1724 etiamsi

433 1771 681 1825 consules
730 1785 834 1823 non
885 1769 1224 1836 legerentur,
1276 1765 1327 1817 in
1379 1763 1597 1816 dubium
1657 1778 1760 1816 non
1819 1765 2014 1814 vocari.

441 1862 639 1917 Deinde
667 1859 921 1912 Catholici
953 1858 1230 1926 urgebant,
1264 1864 1319 1908 ut
1347 1866 1528 1924 aperte
1558 1854 1796 1907 dicereut
1829 1854 2018 1906 falsum

435 1968 554 2006 esse
580 1950 718 2020 quod
753 1951 946 2002 lectum
980 1960 1089 2010 est;
1123 1963 1279 2015 pcsse
1310 1948 1322 1977 ¹
1349 1947 1488 1999 enim
1517 1945 1729 1999 archiva
1756 1945 2016 2012 conquiri.

504 2041 729 2096 C-tPUT
775 2038 888 2093 ΧΧ.
916 2069 981 2076 ——
1012 2038 1097 2091 58.
1131 2037 1233 2090 Sed
1262 2037 1381 2089 hinc
1405 2049 1476 2102 re;
1502 2034 1623 2096 ulsi,
1648 2034 1794 2086 velut
1821 2033 2016 2102 aliquid

435 2134 813 2186 validissimtnn
847 2129 1121 2200 prolaturi,
1149 2129 1418 2203 petierunt
1445 2127 1693 2195 Optatum
1725 2126 1844 2194 legi,
1872 2125 2014 2194 quod

435 2239 484 2280 ct
517 2236 638 2278 ante
670 2226 996 2293 petiverant;
1030 2221 1167 2273 unde
1195 2235 1252 2272 se
1281 2219 1595 2287 probaturos
1625 2215 1874 2270 dicebant
1902 2217 2018 2268 (lte-

433 2320 682 2372 cilianum
714 2316 780 2368 ab
809 2315 1129 2384 lmpcratore
1152 2312 1454 2366 damnatum
1483 2327 1494 2362 :
1524 2318 1575 2364 et
1598 2309 1915 2378 promissum
1943 2309 2019 2362 cis

436 2408 602 2461 fuerat
625 2449 638 2470 ,
669 2405 759 2459 sed
801 2404 1041 2457 dilatum.
1097 2402 1250 2455 Prius
1277 2388 1408 2470 ergo
1447 2400 1656 2453 volebat
1682 2399 1934 2466 Cognitor
1967 2408 2021 2452 ut

435 2499 811 2565 ιιχιιι·ἰιιιυιόιιῑ,
845 2504 914 2547 ιιιι
933 2511 1020 2547 ιιιιι
1050 2495 1252 2548 litteras
1282 2492 1649 2560 imperatorias
1671 2506 1894 2559 arguere
1923 2489 2020 2543 fal-

435 2592 606 2645 sitatis
637 2587 1089 2652 audercnt.Quod
1121 2587 1335 2655 quidem
1368 2586 1440 2638 illi
1471 2586 1688 2639 minime
1717 2584 2015 2648 audebant,

437 2697 610 2737 tamen
663 2682 1006 2736 nihilominus
1049 2679 1322 2733 consulem
1365 2678 1553 2732 deesse
1602 2677 2014 2731 invidiosissime

435 2777 791 2830 calcabantur
821 2793 831 2827 :
863 2774 1111 2842 Optatam
1145 2787 1272 2826 vero
1301 2772 1400 2841 legi
1430 2771 1595 2824 multo
1626 2770 1907 2823 instantius
1935 2769 2019 2822 lla-

436 2869 690 2935 gitabant.
732 2867 854 2919 ll;ee
897 2882 1017 2918 cum
1058 2865 1254 2917 diutius
1285 2872 1593 2931 agerentur,
1627 2861 1678 2914 in
1707 2861 1808 2914 alia
1836 2859 2017 2914 charta

435 2962 643 3014 illarum
678 2958 1030 3027 imperialium
1065 2957 1359 3009 litterarum
1403 2954 1648 3006 inventus
1691 2963 1770 3007 est
1807 2951 2014 3006 consul.

435 3050 586 3116 Quod
636 3066 753 3102 cum
804 3056 948 3101 esset
995 3057 1339 3115 suggestum,
1395 3044 1684 3097 Donatista:
1731 3043 2015 3107 dixerunt,

434 3143 578 3196 Certe
599 3140 851 3192 consulem
873 3118 1052 3190 habere
1075 3154 1174 3188 non
1201 3134 1364 3187 debuit
1389 3151 1405 3187 :
1429 3135 1576 3204 quasi
1611 3134 1710 3188 hoc
1733 3133 2018 3203 aliquando

434 3235 630 3287 dictu.n
651 3240 813 3296 esset,
834 3230 972 3300 quod
1002 3229 1194 3283 habere
1224 3245 1328 3282 non
1351 3227 1621 3291 debuerit;
1651 3243 1712 3280 ac
1732 3244 1836 3280 non
1857 3228 2018 3282 etiam

435 3326 477 3378 si
509 3325 692 3379 consul
725 3321 998 3386 defuisset,
1031 3336 1133 3372 non
1161 3317 1404 3389 impediri
1437 3317 1722 3386 imperialis
1745 3318 2017 3371 constituti

435 3417 732 3469 veritatem.
763 3414 913 3481 Quod
941 3429 1060 3466 cum
1096 3412 1171 3464 eis
1201 3409 1455 3480 Cognitor
1483 3410 1772 3464 identidem
1805 3425 2020 3480 respuu-

435 3507 621 3568 disset,
653 3505 903 3557 recitatos
930 3499 1008 3555 est
1040 3511 1094 3555 et
1122 3501 1367 3568 Optatos.
1402 3502 1767 3554 Recitantilms
1800 3501 2014 3552 Doziati~

436 3597 532 3647 stis
561 3594 646 3645 uhi
678 3594 752 3644 ait
777 3610 789 3644 :
816 3591 1006 3644 Eodem
1039 3599 1260 3658 tempore
1288 3589 1419 3641 idem
1451 3589 1680 3641 Donatus
1723 3591 1860 3659 petiit
1889 3601 1941 3640 ut
1969 3591 2014 3642 ei

434 3685 612 3738 reverti
635 3684 851 3736 licuisset
876 3692 919 3734 et
950 3698 1036 3734 nec
1064 3681 1130 3732 ad
1164 3678 1517 3748 Carthaginem
1546 3679 1796 3732 accederet
1823 3682 1874 3743 ²;
1905 3691 2018 3733 tunc

432 3795 463 3830 α
489 3777 786 3830 Philemona
809 3783 1095 3844 suggestore
1115 3772 1133 3802 ³
1154 3774 1266 3842 ejus
1297 3770 1596 3840 Imperatori
1616 3781 1903 3842 suggestum
1926 3783 2015 3833 est,

433 3878 484 3920 ut
513 3869 638 3920 bono
671 3865 807 3933 pacis
837 3864 1135 3918 Caecilianus
1169 3861 1358 3915 Brixia:
1388 3861 1407 3891 ⁸
1440 3871 1727 3926 teneretur;
1758 3873 1804 3915 et
1833 3865 2019 3932 factum

433 3970 503 4012 est
531 3958 800 4028 (Optatus,
834 3956 920 4008 lib.
954 3954 1024 4023 1).
1077 3953 1130 4006 In
1179 3953 1372 4021 quibus
1420 3953 1595 4005 verbis
1645 3951 1818 4021 Optati
1844 3995 1858 4018 ,
1899 3968 2018 4005 eum

433 4050 652 4103 omnino
680 4047 820 4100 nulla
850 4046 1120 4099 Catciliaui
1159 4043 1429 4097 damnatio
1452 4083 1466 4107 ,
1498 4043 1634 4096 sicut
1677 4044 1748 4096 illi
1793 4043 2017 4096 demon-

432 4151 695 4196 straturos
740 4155 798 4192 sc
842 4153 960 4191 esse
1010 4137 1404 4206 promiserant,
1453 4136 1675 4205 reperiri
1729 4137 2016 4205 potuisset;

431 4233 589 4302 jussit
615 4231 869 4299 Coguitor
896 4238 1057 4282 totam
1088 4230 1328 4297 paginam
1354 4227 1587 4288 recitari,
1611 4239 1669 4280 ut
1690 4226 1755 4281 de
1778 4228 2018 4296 superio-

435 4323 581 4377 ribus
608 4332 662 4375 et
693 4319 1033 4376 inferioribus
1057 4317 1232 4370 verbis
1257 4317 1501 4372 voluntas
1530 4317 1645 4386 ejus
1677 4317 1762 4387 qui
1786 4319 2016 4385 scripse-

437 4422 538 4476 rat,
574 4420 901 4465 nosceretur.
933 4409 999 4461 Et
1027 4423 1089 4461 ex
1118 4407 1295 4461 officio
1321 4408 1601 4462 recitatum
1634 4418 1752 4463 est:
1784 4407 2033 4463 (Ζωιιίἰὶαέ

436 4519 531 4555 nus
559 4501 784 4554 omnium
811 4516 966 4566 supra
995 4508 1382 4551 memoratarum
1407 4500 1660 4552 sententiis
1687 4500 1921 4552 innocens
1949 4511 2019 4552 est

440 4593 815 4662 pronuntiatus.
848 4590 996 4660 Quod
1026 4607 1144 4644 eum
1178 4591 1510 4656 recitaretur,
1545 4591 1834 4644 Donatista:
1864 4592 2018 4647 dixe-

435 4697 563 4742 runt
583 4727 597 4752 ,
643 4684 741 4738 hoc
771 4700 827 4738 se
858 4701 960 4738 non
994 4683 1187 4753 petisse
1219 4683 1464 4748 recitari,
1495 4682 1890 4736 stomachantes
1921 4682 2009 4736 ad-

437 4792 618 4831 versus
648 4791 740 4829 eos
765 4776 851 4845 qui
885 4775 1046 4828 risum
1076 4785 1258 4828 tenere
1289 4789 1391 4826 non
1429 4781 1706 4842 potucrant
1726 4814 1739 4836 ,
1772 4788 1891 4826 cum
1921 4789 2016 4826 au-

432 4870 635 4924 dissent
685 4883 841 4937 quam
896 4876 1132 4936 apertam
1181 4876 1364 4920 c0ntra
1412 4866 1726 4934 semctipsos
1771 4867 2014 4935 paginam

433 4963 794 5032 protulissent.
825 4961 1043 5024 Deinde,
1070 4976 1188 5013 cum
1221 4959 1322 5011 illis
1345 4959 1520 5011 verbis
1549 4974 1666 5027 qua!
1693 4959 1791 5025 ipsi
1822 4959 2014 5012 recita-

435 5062 650 5119 verant,
696 5062 1013 5108 extenuasse
1054 5051 1293 5105 dicerent
1336 5050 1584 5119 Optatum
1623 5048 2014 5104 daumatioocm

496 5187 509 5215 ¹
550 5182 681 5244 Apud
707 5191 828 5240 Am.,
854 5186 1056 5243 possent.

495 5247 512 5275 ³
548 5240 788 5294 Hactenus
811 5240 862 5305 in
883 5245 1016 5304 prius
1041 5242 1199 5301 editis,
1224 5248 1267 5292 et
1290 5243 1355 5292 ad
1378 5240 1712 5305 carthaginem
1736 5243 2017 5303 accederet;

428 5308 602 5354 omissa
628 5301 897 5367 particula,'
914 5316 1020 5360 nec,
1053 5317 1200 5367 quam
1219 5301 1574 5354 Germanensis"
1599 5305 1904 5367 manuscripti
1929 5301 2016 5353 an;

427 5364 666 5429 etot-italo
688 5366 1004 5429 restituimus.
1041 5373 1150 5413 eam
1191 5364 1747 5429 licentiamrevertendi
1773 5366 2015 5429 (arthagi-

432 5442 561 5484 nem,
589 5427 671 5475 ubi
709 5426 913 5488 schisma
939 5428 1138 5485 fecerat,
1162 5435 1390 5474 Donatum
1415 5425 1548 5474 illum
1584 5428 1681 5488 jam
1719 5427 1779 5474 da
1793 5425 2012 5484 nuatuin,

431 5496 479 5535 et.
502 5489 628 5536 hunc
642 5486 839 5550 quidem
863 5501 956 5535 non
978 5488 1286 5551 Carthaginis,
1307 5489 1392 5537 sed
1408 5486 1892 5551 t‘asarum-algrarum
1913 5492 2016 5551 epi-

429 5561 642 5610 scopum,
662 5548 839 5610 petere
862 5561 1030 5596 ausura
1056 5548 1204 5597 fuisse
1229 5563 1374 5597 nemo
1399 5551 1534 5598 facile
1559 5548 1832 5597 crediderit.

493 5609 523 5672 ἶ
545 5612 616 5658 sic
640 5609 844 5670 antiquae
870 5609 1124 5658 editiones.
1157 5617 1206 5658 At
1227 5618 1423 5672 Optatos
1449 5619 1497 5659 ct
1523 5625 1582 5658 ev
1613 5625 1672 5657 eo
1698 5611 2014 5660 t.ovanieuses

437 5667 784 5732 snhstitunnnit
806 5673 896 5728 hie,
921 5673 1051 5732 Sltﬂi't
1071 5678 1247 5732 g'ttore.

498 5729 517 5755 ⁵
544 5733 678 5788 Apud
703 5733 804 5782 Am.
827 5729 1099 5780 constanter
1124 5737 1349 5794 seriptum
1377 5741 1468 5794 cst,
1498 5732 1675 5781 t‘ria‘x’.

1663 275 1700 329 S
1754 273 2116 326 AliCUSTlNl
2163 272 2462 327 El‘l:,‘-COPl

3609 276 3711 333 648

2123 390 2422 448 Ceciiiaui.
2463 401 2513 445 et
2559 395 2859 460 exin-iniec
2903 393 3164 455 noluisse;
3198 392 3490 464 ﬂagitatum
3525 407 3603 447 ρει
3648 395 3713 446 ab

2121 485 2219 546 eis,
2255 494 2308 536 ut
2337 483 2546 536 aliunde
2580 482 3206 552 manifestum'legcrcnt,
3241 483 3381 552 quod
3413 484 3478 535 ab
3509 483 3598 536 illo
3627 482 3711 536 di-

2122 587 2301 628 cerent
2331 564 2699 630 extenuatum.
2726 577 2874 642 Quod
2924 592 3043 629 eum
3097 575 3316 629 minime
3368 575 3664 644 potuissent
3691 618 3704 638 ,

2122 667 2280 720 etiam
2327 667 2448 721 inde
2499 679 2616 737 post
2660 669 2954 736 aliquantas
3001 683 3268 720 intrraruzn
3313 667 3551 720 inanium
3588 683 3711 735 per-

2123 758 2432 826 plexitates,
2465 775 2582 812 cum
2621 769 2674 812 et
2709 760 2773 813 de
2820 761 3006 813 Donati
3057 760 3274 813 nornine
3301 758 3713 814 contendissent

2121 849 2259 915 quod
2305 866 2407 902 non
2454 850 2928 920 Carthaginensis,
2979 851 3070 906 sed
3101 849 3350 906 Casensis
3384 853 3621 906 Donatus
3664 854 3713 906 iu

2117 941 2316 1008 judicio
2360 940 2668 994 Melehiadis
2710 942 2964 995 adversus
3004 941 3348 997 Cmcilianum
3379 943 3711 1006 adstitisset,

2119 1031 2260 1100 quod
2290 1042 2343 1086 et
2379 1032 2640 1087 Catholici
2673 1033 3073 1098 concedebant,
3104 1033 3389 1103 aliquando
3431 1035 3712 1088 transitum

2123 1133 2205 1178 est
2233 1123 2330 1193 (τι).

2194 1215 2417 1271 CAPUT
2450 1216 2587 1270 XXI.
2617 1248 2686 1256 —-
2708 1217 2795 1271 59.
2836 1216 3034 1271 Deinde
3062 1216 3181 1286 quia
3207 1216 3539 1272 Constantini
3573 1219 3710 1273 litte-

2123 1307 2216 1370 ris,
2249 1308 2440 1375 quibus
2471 1325 2589 1360 emu
2621 1309 2758 1360 inter
2787 1320 2966 1377 partes
2993 1309 3327 1377 cognovisse,
3354 1319 3406 1362 et
3432 1327 3526 1378 pro
3548 1308 3702 1364 Caci-

2125 1397 2266 1450 liauo
2293 1409 2474 1450 contra
2507 1397 2623 1451 illos
2649 1397 2914 1466 jtltlletSsC
2940 1399 3238 1463 constabat,
3263 1399 3519 1467 (Zuguitor
3547 1417 3641 1455 eos
3668 1403 3712 1454 si

2123 1486 2245 1554 quid
2276 1485 2550 1552 haberent,
2584 1489 2909 1556 I‘CSpUnthl'c
2938 1489 3160 1558 (tegebat
3188 1507 3198 1542 :
3228 1490 3527 1557 petiverunt
3557 1507 3712 1546 suum

2125 1577 2358 1631 libellum
2391 1595 2508 1632 esse
2537 1579 2890 1644 recitandum,
2918 1596 3074 1646 quem
3099 1580 3345 1634 dicebant
3371 1581 3548 1635 datum
3570 1583 3712 1636 Con-

2125 1669 2356 1722 stantino
2387 1685 2415 1721 a
2445 1669 2732 1738 majoribus
2761 1671 2891 1723 suis.
2923 1669 2976 1723 ln
3009 1687 3117 1740 quo
3150 1672 3327 1725 libello
3353 1675 3480 1726 satis
3508 1689 3714 1742 aperte-

2124 1776 2225 1827 que
2271 1769 2663 1824 monstrarunt,
2711 1778 2866 1830 quam
2916 1762 3104 1815 falsum
3136 1761 3456 1816 dixerintde
3485 1763 3713 1819 damna-

2127 1853 2267 1905 tione
2305 1851 2573 1904 C:ccili:mi
2615 1851 2754 1920 apud
2799 1851 3028 1905 Brixiam
3057 1869 3070 1905 :
3102 1852 3240 1906 idem
3275 1855 3471 1922 quippe
3498 1855 3714 1910 libellus

2125 1941 2355 1994 ostendit
2385 1941 2831 2010 quemadmodum
2862 1954 3045 1996 contra
3077 1959 3168 1996 eos
3193 1945 3421 1999 senserit
3445 1945 3713 2001 Constan-

2127 2031 2286 2082 tinus.
2319 2031 2444 2084 Nam
2479 2031 2548 2086 ibi
2575 2033 2792 2099 dicunt,
2828 2035 2975 2087 nulla
3010 2035 3167 2087 modo
3196 2050 3251 2090 se
3282 2039 3710 2093 conununicatu-

2126 2131 2211 2177 ros
2242 2127 2454 2179 antistiti
2482 2128 2638 2196 ipsius
2667 2128 2934 2193 nebuloni,
2982 2138 3298 2197 paratosque
3339 2145 3458 2183 esse
3502 2133 3707 2200 perpeti

2124 2215 2375 2286 quidquid
2400 2217 2479 2271 eis
2510 2217 2680 2272 facere
2712 2218 3186 2283 voluisset.'Quem
3213 2221 3542 2272 Coastantini
3573 2221 3713 2273 anti-

2124 2308 2300 2361 stitem
2344 2310 2661 2364 nebulonem
2701 2311 2878 2381 utique
2906 2310 3250 2366 Caecilianum
3289 2312 3511 2382 intelligi
3558 2315 3704 2368 vote-

2126 2400 2267 2453 bant.
2314 2401 2590 2468 Quomodo
2620 2419 2745 2473 ergo
2780 2419 2898 2456 eum
2928 2403 3261 2459 Constantini
3293 2407 3586 2461 antistitem
3617 2408 3708 2461 di-

2125 2493 2348 2560 cebant,
2375 2495 2459 2547 cui
2503 2510 2560 2548 se
2603 2507 2784 2549 contra
2830 2497 3237 2550 Constantinum
3282 2499 3560 2566 loquentes
3601 2517 3709 2554 non

2123 2588 2517 2643 communicare
2558 2589 2943 2644 eontinnabant
2966 2633 2978 2651 ,
3019 2592 3063 2644 si
3090 2607 3209 2645 eum
3235 2591 3374 2660 apud
3402 2593 3708 2647 Constanti-

2124 2696 2248 2733 num
2279 2691 2695 2751 superaverant,
2731 2683 2799 2737 ita
2835 2692 2888 2736 ut
2919 2684 2986 2738 ab
3022 2685 3110 2738 illo
3139 2685 3332 2739 Brixia:
3360 2686 3558 2740 scirent
3587 2702 3712 2742 esse

2123 2772 2468 2827 damnatum?

2193 2863 2418 2919 CAPUT
2441 2863 2605 2918 ΧΧΙΙ.
2628 2895 2694 2903 -
2724 2865 2809 2919 40.
2833 2867 2962 2919 Cum
2987 2882 3115 2935 ergo
3137 2865 3392 2922 Catholici
3422 2869 3706 2930 dixissent,

2125 2954 2225 3009 hoc
2252 2971 2343 3010 eos
2366 2966 2550 3009 eontra
2579 2971 2636 3009 se
2665 2957 2806 3026 ipsos
2829 2957 3099 3018 recitasse,
3128 2958 3228 3012 hoc
3252 2959 3386 3011 idem
3413 2960 3521 3029 ipse
3544 2961 3708 3015 etiam

2122 3043 2375 3113 Cognitor
2401 3056 2543 3099 (‘55et
2570 3047 2946 3110 interlocutus;
2971 3047 3288 3101 addiderunt
3315 3050 3469 3103 etiam
3499 3049 3570 3102 illi
3595 3067 3709 3104 sum

2124 3135 2333 3189 falsitati
2377 3137 2753 3190 COllVillCClltliL‘
2799 3153 3045 3206 magnum
3088 3139 3228 3191 aliud
3277 3140 3708 3208 firmamentum,

2125 3227 2408 3281 recitantes
2468 3228 2629 3296 ipsius
2677 3227 3010 3282 Constantini
3063 3230 3265 3283 litteras
3317 3231 3602 3284 scribentis
3641 3233 3708 3286 ad

2129 3318 2375 3372 Vcrinum
2408 3319 2678 3383 vicarium,
2711 3332 2766 3373 ut
2801 3322 2965 3374 libero
2998 3337 3090 3376 eos
3115 3322 3341 3375 dimittat
3375 3324 3615 3387 arbitrio,
3651 3342 3711 3378 se

2118 3409 2343 3478 jussisse
2371 3410 2647 3464 insinuans
2677 3420 2728 3463 ut
2755 3410 2820 3463 de
2847 3411 3037 3464 exsilio
3062 3422 3363 3465 remearent
3392 3412 3483 3483 (ιι).
3507 3412 3563 3465 ln
3587 3415 3707 3483 qui-

2126 3500 2222 3552 bus
2253 3499 2442 3552 litteris
2469 3497 2846 3553 Constantinus
2875 3502 2952 3554 sic
2981 3517 3072 3554 eos
3105 3501 3399 3556 detestatur
3420 3545 3434 3567 ,
3480 3512 3535 3556 ut
3576 3503 3709 3557 nihil

2126 3589 2211 3641 illa
2237 3589 2555 3659 indulgentia
2582 3592 2742 3659 possit
2773 3591 3068 3646 deformius
3097 3593 3341 3646 inveniri.
3362 3595 3504 3660 Quos
3528 3597 3711 3664 utique

2125 3697 2229 3735 non
2262 3683 2331 3735 ita
2362 3683 2647 3751 culpassm,
2684 3686 2774 3738 sed
2807 3687 2972 3755 magis
3001 3687 3290 3753 laudasset,
3320 3689 3360 3741 si
3387 3690 3454 3743 ab
3484 3690 3564 3743 eis
3590 3689 3710 3745 Cm-

2124 3773 2348 3829 eiliauus
2375 3775 2512 3844 apud
2545 3777 2687 3829 illum
2720 3779 2886 3830 vietus
2914 3778 2981 3832 ab
3013 3795 3183 3849 eoque
3214 3780 3494 3834 damnatus
3517 3781 3710 3836 Brixiae

2125 3866 2468 3935 relegaretur.
2503 3869 2578 3921 Ae
2621 3884 2713 3936 per
2754 3869 2852 3921 hoc
2885 3870 2983 3923 ista
3022 3882 3207 3925 contra
3248 3887 3305 3925 se
3346 3873 3491 3941 ipsos
3531 3872 3712 3942 profe-

2125 3969 2303 4012 rentes
2343 3968 2502 4028 atquc
2534 3961 2818 4014 recitantes
2840 4005 2852 4023 ,
2883 3973 2935 4016 et
2965 3977 2994 4016 a
3027 3963 3309 4018 Cmciliano
3340 3981 3400 4020 se
3431 3976 3713 4034 superatos

2125 4052 2400 4102 memorati
2449 4050 2784 4119 imperatOris
2829 4053 3028 4120 judicio
3076 4053 3510 4108 manifestissime.
3555 4072 3714 4110 mon-

2123 4149 2454 4204 straveruut;
2499 4150 2552 4195 ct
2590 4156 2737 4196 suam
2774 4143 3053 4198 falsitatem
3080 4185 3094 4211 ,
3140 4160 3242 4213 qua
3293 4161 3413 4198 cmn
3464 4145 3715 4201 dicebant

2125 4246 2242 4286 esse
2289 4231 2630 4296 damnatum,
2678 4236 3018 4304 apertissime
3069 4239 3416 4292 convicerunt
3450 4258 3464 4293 :
3497 4249 3551 4294 ct
3588 4243 3715 4311 quia

2124 4321 2425 4376 (Iatltolieos
2456 4325 2882 4393 persecutionem
2917 4325 3091 4382 facere
3112 4370 3126 4394 ,
3157 4343 3217 4384 se
3246 4338 3423 4384 autem
3459 4333 3564 4400 pati
3593 4333 3716 4401 glo-

2126 4416 2417 4482 riabautur,
2448 4416 2784 4473 Czecilianum
2830 4430 3006 4475 tamen
3051 4437 3146 4492 per
3175 4438 3300 4478 suas
3340 4428 3718 4480 accusationes

2124 4507 2190 4558 ab
2223 4506 2544 4575 lmperatorc
2576 4509 2881 4566 damnatum
2912 4513 3072 4567 ctiam
3105 4512 3240 4567 falso
3271 4515 3485 4582 gloriari
3519 4517 3715 4571 volue-

2125 4609 2263 4650 runt.
2298 4599 2388 4652 llis
2421 4601 2598 4670 itaque
2629 4604 2884 4668 recitatis,
2918 4620 3037 4658 cum
3066 4605 3325 4660 Catholici
3354 4607 3595 4661 dicerent
3617 4650 3631 4672 ,
3664 4620 3720 4662 et

2123 4687 2463 4756 Cognitorem
2513 4691 2743 4745 breviter
2787 4692 3166 4757 admonerent,
3197 4695 3336 4764 quod
3384 4695 3546 4749 etiam
3600 4698 3720 4766 ipse

2125 4780 2373 4834 cernebat
2402 4824 2414 4845 ,
2449 4768 2540 4849 pro
2571 4798 2628 4836 se
2663 4783 2780 4847 illa,
2819 4785 2918 4838 hoc
2947 4797 3049 4849 ρει,
3085 4803 3177 4854 pro
3211 4789 3510 4842 innocentia
3539 4789 3717 4843 Caci-

2127 4873 2247 4927 liani
2277 4886 2456 4929 contra
2491 4876 2609 4930 ill..s
2641 4876 2800 4931 fuisse
2846 4881 3061 4932 recitata
3086 4923 3098 4944 ,
3133 4890 3185 4933 et
3229 4880 3328 4934 hoc
3367 4881 3503 4935 idem
3551 4883 3717 4936 etiam

2125 4969 2237 5036 ipse
2268 4967 2450 5022 fuisset
2482 4970 2857 5035 interlocutus;
2895 4972 3181 5026 Donatista:
3213 4974 3604 5042 respomlcrunt
3636 4977 3718 5027 di-

2123 5070 2304 5115 centes
2337 5080 2348 5114 :
2380 5061 2453 5115 De
2483 5062 2637 5116 libero
2663 5065 2873 5117 arbitrio
2900 5066 3028 5118 nihil
3057 5066 3178 5119 dicit
3207 5078 3426 5136 potestas
3453 5078 3540 5120 tua
3564 5086 3582 5121 :
3612 5069 3719 5122 hoc.

2123 5157 2262 5206 enim
2285 5163 2527 5221 putantes
2544 5155 2834 5209 secundum
2857 5155 3188 5213 Constantini
3215 5159 3416 5211 litteras
3434 5159 3532 5212 sibi
3554 5175 3722 5228 pos~e

2121 5261 2148 5298 a
2176 5256 2434 5313 praesente
2457 5245 2742 5315 Coguitore
2763 5247 3005 5309 eencedi,
3031 5265 3122 5302 eas
3143 5250 3301 5303 etiam
3325 5260 3509 5304 eontra
3532 5267 3593 5305 se
3619 5269 3721 5320 pra

2120 5334 2386 5389 Creiliani
2418 5351 2572 5389 causa
2603 5337 2906 5391 recitandas
2933 5339 3394 5393 existimaverunt.
3444 5341 3539 5394 llic
3587 5357 3717 5394 eum

2121 5427 2197 5479 eis
2223 5425 2476 5494 Cognitur
2506 5427 2893 5496 respondisset,
2928 5429 3068 5482 aliud
3100 5431 3199 5484 sibi
3228 5447 3346 5484 esse
3368 5447 3394 5483 a
3431 5435 3722 5500 praesentis

2123 5519 2381 5586 temporis
2424 5518 2748 5587 imperatore
2800 5531 3120 5590 praeceptum
3149 5563 3161 5586 ,
3206 5523 3381 5576 ierunt
3428 5522 3478 5576 in
3527 5522 3681 5578 aliud

2181 5672 2252 5733 (ξι)
2287 5674 2400 5719 \‘ide
2427 5671 2562 5730 i.i"ra,
2590 5672 2670 5720 lib.
2701 5682 2802 5733 post
2821 5674 2982 5724 (:ollat.
3011 5689 3057 5724 ιι.
3081 5675 3160 5725 δι.

2182 5732 2250 5797 (ὑ)
2289 5734 2396 5782 \ide
2424 5736 2558 5791 ibid,
2588 5749 2631 5782 ιι.
2659 5736 2816 5786 53-50.
