2012 3098
139 192 184 225 1549
573 191 660 231 illi!“
666 189 787 220 ICULUS
802 187 1023 217 CULLATIOMS
1033 189 1107 218 CUM
1127 190 1240 219 BONA-'1'
1243 192 1338 220 ISTIS.

136 249 200 285 quod
217 253 310 276 contra
326 255 356 275 se
371 247 515 275 identidem
536 247 619 274 multo
634 246 782 287 mirabilius
801 248 920 282 protutc:

137 300 201 322 runt.
604 300 608 302 “

166 338 277 367 CAPUT
300 339 394 366 XXIII.
408 354 442 358 —
454 339 498 366 41.
514 339 790 370 Recitaveruntetiam
799 338 866 365 alias
878 337 922 364 lit-

135 391 200 412 teras
214 385 332 418 ejusdem
347 384 514 411 Constantini
531 384 699 418 imperatoris
713 383 746 410 ad
762 383 921 410 Probiauum

134 432 314 466 proconsulem
331 430 406 457 datas
423 430 471 465 (a),
483 437 542 465 qua)
553 430 659 465 quidem
670 429 794 456 consules
810 436 862 455 non
876 429 922 454 ha-

134 477 241 509 bebant;
257 477 304 504 sed
326 476 392 504 nihil
411 476 486 511 quasi
500 476 534 503 de
547 476 698 510 obiectione
717 480 807 502 tnutua
821 474 921 500 Catho-

133 523 171 550 lici
186 529 265 558 agere
278 523 421 550 voluerunt
433 532 439 548 :
453 523 574 557 quamvis
589 527 615 549 et
630 521 692 549 hinc
704 529 733 548 se
748 522 820 556 ipsos
833 521 920 547 Dona-

133 570 196 597 tistze
207 569 408 601 convincerent,
419 577 496 603 quant
510 567 674 595 calnnmiose
684 566 828 594 Catholicis
841 566 866 593 id
878 566 922 592 ob-

129 615 253 650 jecerint;
270 623 329 642 cum
361 615 434 648 prior
452 613 572 641 chartula
596 621 629 640 cx
648 620 698 648 qua
722 612 860 639 recitatum
880 616 922 638 est

131 660 256 695 judicium
277 659 444 687 Constantini
457 680 464 690 ,
478 666 531 693 quo
544 658 680 685 absolutus
694 661 735 685 est
747 657 902 684 Caecilianus
912 677 919 689 ,

131 706 252 733 consules
266 714 319 732 non
335 705 454 737 haberet.
467 704 512 739 qui
528 709 615 732 tamen
631 711 691 731 mox
703 703 728 730 in
740 703 790 730 alia
802 702 921 730 chartula

130 751 227 778 inventi
249 755 320 778 sunt.
344 750 403 776 Ista:
418 750 505 784 itaque
519 749 614 776 littera)
627 749 661 775 ad
681 749 841 775 Probianum
858 755 920 782 pro-

127 798 263 824 consulem
278 797 356 828 datae,
372 797 510 823 continent
523 795 694 830 Imperatoris
704 794 921 829 jussionem,qua

127 843 254 877 prmecpit
270 846 297 869 ut
311 841 343 869 ad
359 850 388 869 se
404 841 539 876 Ingenlius
553 841 715 871 mitteretur,
729 839 803 875 cujus
818 839 922 866 confes-

127 880 201 915 sione
215 889 242 915 in
257 887 422 922 proconsulis
438 887 537 914 Aitiani
558 886 660 921 judicio
675 885 748 912 Felix
764 885 921 919 Abtugnen-

127 936 162 961 sis
183 935 320 961 ordinatur
340 933 473 960 Czcciliani
494 941 509 960 a
529 932 641 959 critnine
665 931 815 958 traditionis
838 930 922 957 fuerat

125 980 275 1007 absolutus.
292 979 352 1006 Hoc
360 978 604 1013 autem'imperiate
621 981 781 1012 prmceptum
797 976 856 1004 idco
869 976 921 1003 Do-

125 1026 231 1053 natista:
254 1033 283 1052 se
307 1026 418 1052 recitare
440 1024 582 1056 dicebant,
597 1027 628 1051 ut
647 1023 724 1058 quasi
747 1022 921 1050 ostenderent

125 1070 259 1098 Cmciliani
274 1079 380 1098 causam
395 1070 482 1097 adhuc
495 1069 577 1097 fuisse
589 1076 756 1103 suspensam,
768 1068 847 1095 etiam
862 1072 921 1102 post

125 1117 190 1143 illud
204 1117 335 1151 judicium
346 1123 398 1150 quo
407 1124 436 1142 se
446 1115 637 1142 Constantinus
652 1114 721 1141 inter
732 1118 821 1149 partes
833 1114 921 1141 omnia

124 1164 285 1190 terminasse
303 1160 357 1197 jam
382 1162 526 1197 scripserat
541 1171 547 1188 :
564 1169 625 1188 cum
640 1165 668 1187 et
683 1161 708 1187 in
722 1159 787 1194 ipsis
807 1159 919 1191 litteris,

121 1216 191 1242 quas
203 1209 237 1236 ad
253 1208 414 1240 Probiannm
430 1207 616 1242 proconsulem
633 1206 707 1232 datas
724 1206 920 1237 recitaverunt,

121 1254 223 1288 quibus
244 1250 318 1288 quasi
335 1254 507 1280 ostenderent
528 1252 614 1278 adhuc
635 1251 752 1285 pendere
772 1250 935 1284 judicium,

121 1300 257 1335 quoniam
274 1300 307 1327 ad
326 1307 356 1327 se
377 1300 444 1328 mitti
463 1298 580 1332 jusscrat
593 1298 739 1331 Imperator
755 1296 922 1330 lugentium,

122 1351 199 1373 tanta
215 1350 309 1372 contra
322 1352 351 1372 se
366 1345 487 1379 legerint.
503 1348 531 1370 ut
544 1343 653 1370 omnino
666 1342 762 1369 mirum
781 1342 816 1369 sit
828 1341 922 1376 quibus

121 1392 167 1418 illa
184 1391 274 1418 oculis
286 1390 406 1425 aspicere
416 1411 423 1423 ,
440 1390 481 1416 vcl
501 1396 555 1424 quo
569 1396 617 1416 ore
632 1388 808 1423 pronuntiare
822 1391 922 1425 potue-

120 1438 188 1465 rint.
208 1437 246 1465 Ibi
260 1437 331 1464 enim
345 1436 535 1464 Constantinus
549 1435 625 1467 dixit,
640 1434 673 1461 ab
688 1432 796 1461 Alliam
809 1432 924 1469 procon-

120 1484 183 1511 sule
195 1482 358 1510 audientiam
373 1482 517 1517 prrestitam
533 1484 740 1515 competentem,
753 1480 921 1514 Felicemque

120 1529 297 1556 innocentem
313 1528 346 1555 ab
361 1527 500 1554 cxustione
513 1526 637 1559 codicum
652 1526 804 1555 divinorum
815 1524 920 1552 'constl-

120 1575 208 1606 tisse;
232 1574 291 1600 illos
308 1577 397 1600 autem
407 1580 467 1600 esse
478 1572 505 1599 in
521 1572 663 1607 praesentia
678 1569 865 1600 confutandos,
877 1569 921 1604 qni

117 1620 262 1646 diuturnis
272 1618 365 1646 diebus
375 1626 435 1645 eum
447 1617 619 1651 interpellare
631 1624 684 1643 non
698 1616 880 1650 quiescerent;
895 1617 924 1641 nt

117 1667 160 1693 eis
178 1665 284 1700 liquido
299 1670 449 1700 appareret,
465 1664 561 1691 frustra
576 1671 624 1690 eos
636 1663 778 1690 Carciliano
794 1661 921 1700 invidiam

115 1718 286 1746 comparare
296 1731 303 1743 ,
318 1714 345 1737 et
357 1709 486 1737 adversus
502 1717 562 1736 eum
577 1709 707 1736 violenter
722 1709 860 1742 insurgere
875 1714 924 1734 vo-

116 1757 221 1784 luisse.
239 1755 287 1782 llic
302 1762 366 1789 ergo
386 1762 434 1789 per
448 1755 508 1782 illas
528 1754 630 1781 litteras
642 1775 649 1786 ,
670 1761 722 1780 non
737 1754 824 1780 solum
838 1752 922 1780 Casci-

114 1803 228 1829 Iianum
239 1822 247 1834 ,
263 1800 310 1828 sed
329 1800 408 1827 etiam
431 1799 545 1826 Felicem
567 1804 708 1833 purgatum
720 1820 727 1830 ,
741 1806 823 1833 seque
844 1798 922 1825 inno-

113 1848 246 1875 centium
271 1849 456 1880 persecutores
480 1845 550 1879 apud
575 1844 764 1879 Imperatorem
788 1844 923 1872 exstitisse

113 1894 288 1922 docuerunt.
576 1911 577 1914 η

151 1937 278 1967 CAPUT
293 1937 386 1964 XXIV.
399 1951 435 1957 —
449 1936 493 1964 42.
509 1936 563 1963 Hac
573 1940 662 1963 autem
675 1938 782 1969 accepta
797 1939 924 1969 opportu-

113 1987 211 2013 nitate
241 1983 371 2011 Catholici
398 1982 562 2010 recitandam
592 1981 760 2016 protulerunt
787 1985 813 2007 et
842 1980 924 2015 ipsius

114 2031 230 2059 Eliani
255 2035 317 2056 tunc
339 2028 507 2064 proconsulis
532 2028 688 2054 relationem
700 2047 707 2058 ,
729 2026 764 2053 de
783 2026 833 2053 hac
847 2033 875 2053 re
890 2026 924 2053 ad

114 2076 333 2103 Constantinum
351 2074 439 2101 datam
450 2093 458 2107 ,
475 2073 518 2100 ubi
534 2080 563 2100 se
577 2079 684 2099 causam
706 2071 804 2098 Felicis
817 2071 924 2098 audisse

114 2128 144 2149 et
171 2121 272 2148 ﬁnisse
293 2122 503 2151 commemorat;
526 2122 553 2145 et.
576 2117 633 2151 ipsa
655 2122 730 2152 gesta
753 2116 925 2151 proconsula<

115 2169 157 2194 ria
176 2168 232 2203 (ὸ),
246 2166 343 2201 quibus
353 2165 490 2192 absolutus
505 2168 544 2191 est
560 2163 644 2196 Felix,
660 2167 687 2190 et
699 2162 816 2189 omnium
831 2169 926 2189 neces-

115 2214 262 2240 sariarum
279 2218 451 2246 personarum
464 2210 618 2237 testimonio
627 2217 642 2235 a
654 2208 803 2236 traditionis
813 2208 926 2235 crimine

116 2260 263 2286 innocens
280 2257 479 2292 comprobatus.
491 2256 594 2289 Quibus
608 2255 727 2283 recitatis
739 2254 802 2290 quid
817 2259 925 2282 contra-

114 2306 173 2333 dici
185 2308 293 2340 pOSset,
305 2304 433 2338 Cognitor
443 2303 587 2338 inquisivit.
601 2302 674 2329 Tunc
686 2302 841 2334 Donatista),
853 2300 924 2336 quod

115 2357 145 2378 ct
160 2356 235 2379 ante
248 2350 338 2377 dicere
351 2354 497 2384 coeperant,
512 2348 657 2375 identidem
669 2348 843 2382 repetierant,
853 2355 927 2382 qum-

114 2403 223 2425 rentes
247 2402 334 2423 utrum
354 2404 387 2423 ex
412 2400 545 2430 praecepto
568 2394 736 2429 Imperatoris
753 2393 871 2421 directus
892 2393 924 2420 ad

115 2444 288 2472 comitatum
303 2442 396 2472 fuisset
410 2442 563 2477 Ingentius,
579 2445 606 2468 et
625 2440 688 2475 quid
709 2445 801 2475 postea
822 2444 924 2475 gestum

113 2493 211 2522 esset,
228 2492 256 2514 ut
269 2487 467 2519 ostenderetur,
479 2494 492 2513 a
504 2486 648 2514 Catholicis
660 2486 797 2521 exigentes
805 2495 811 2512 :
819 2490 846 2513 et
854 2491 925 2521 gesta

115 2534 450 2571 proconsularia,quibns
464 2538 572 2568 possent
585 2533 683 2564 verbis,
693 2532 816 2560 refellere
829 2540 927 2559 conan-

113 2587 160 2608 ms
172 2601 181 2611 ,
203 2580 306 2614 quibus
320 2580 460 2606 absolutus
480 2583 521 2606 est
542 2578 630 2611 Felix;
646 2578 802 2613 objicientcs
815 2578 926 2614 gratiam

112 2625 242 2662 judicis.
258 2625 298 2652 vel
312 2626 463 2660 suppositas
476 2625 557 2652 fuisse
572 2632 711 2659 personas,
723 2628 749 2651 et
762 2629 857 2651 crclcra
868 2633 927 2660 qua:

108 2672 220 2699 solent
238 2669 361 2697 homines
374 2675 466 2697 contra
479 2674 552 2705 gesta
568 2669 663 2704 quibus
676 2670 829 2703 vincuntur,
842 2670 930 2705 suspi-

111 2718 199 2744 ciosa
220 2716 390 2749 querimonia
407 2715 539 2750 jactilare.
559 2715 686 2741 Dicebant
701 2715 781 2742 etiam
792 2735 800 2747 ,
816 2722 867 2742 non
883 2723 927 2743 re-

111 2768 162 2790 cte
198 2761 321 2788 Felicem
348 2761 487 2788 absentem
515 2760 597 2788 fuisse
623 2760 783 2787 absolutum.
812 2760 852 2787 Ad
879 2761 928 2788 ista

110 2813 297 2842 responsum
312 2811 351 2833 est
366 2814 380 2833 ιι
396 2806 539 2833 Catholicis
550 2826 557 2839 ,
573 2806 661 2833 omnia
677 2813 736 2840 qua:
760 2805 827 2833 lecta
850 2810 928 2840 sunt,

145 2887 194 2917 (α)
217 2885 317 2908 Exstant
328 2890 408 2917 supra,
421 2883 463 2908 lib.
473 2884 489 2908 5
499 2888 581 2917 contra
591 2883 753 2913 Cresconium,
769 2881 840 2908 n.80.

142 2914 193 2948 ψ)
215 2917 316 2939 Exstant
328 2916 386 2939 intra
396 2916 418 2939 in
431 2914 575 2945 Appendice.

222 2954 361 2984 PATROL.
386 2954 496 2986 XLIII.

1711 193 1767 220 ωςο

976 245 1008 272 ad
1022 245 1216 274 absolutionem
1232 248 1365 277 Circiliani
1379 254 1406 276 et
1419 249 1514 277 Felicis
1527 250 1693 284 apertissime
1708 259 1767 285 per-

974 290 1074 323 tinere;
1089 292 1110 318 si
1126 294 1188 327 quid
1203 298 1291 321 autem
1316 295 1460 322 Donatista:
1476 295 1669 322 arbitrarentur
1685 296 1767 323 miSSo

969 335 1008 364 ad
1018 338 1174 365 comitatum
1186 338 1305 374 Ingentio
1318 347 1366 375 pro
1377 348 1406 368 se
1421 340 1501 367 fuisse
1509 340 1666 375 judicatum,
1676 346 1703 368 et
1714 350 1768 368 mn-

976 388 1057 410 tatum
1081 392 1141 412 esse
1161 386 1288 419 judicium
1301 408 1308 419 ,
1323 394 1375 421 quo
1390 386 1580 414 Constantinus
1596 387 1664 414 inter
1679 392 1768 418 partes

974 437 1139 464 cognoscens
1157 437 1267 467 purgato
1279 432 1422 460 Caeciliano
1436 433 1495 460 illos
1511 433 1766 461 caltnnnioslssimos

972 474 1147 509 judicaverat.
1157 476 1229 511 ipsos
1240 477 1338 504 debere
1353 478 1480 512 proferre.
1493 478 1603 512 Quando
1613 484 1702 506 autem
1714 479 1766 507 hoc

974 520 1101 548 Catholici
1116 521 1254 555 dicebant,
1269 522 1295 549 in
1310 522 1354 549 illa
1368 523 1495 557 temporis
1508 523 1638 551 brevitate
1651 531 1703 551 non
1717 532 1767 559 po-

975 570 1061 594 terant
1072 567 1234 594 considerari
1249 568 1373 596 consules
1387 578 1393 595 :
1405 577 1517 604 quorum
1531 569 1651 597 ordinem
1666 570 1691 597 in
1703 571 1765 605 ipsis

974 612 1055 647 gestis
1068 613 1113 646 qui
1128 613 1240 641 voluerit
1255 614 1440 647 considerans,
1456 614 1573 642 inveniet
1589 615 1722 649 posterius
1733 616 1765 642 ab

974 658 1133 694 imperatore
1147 659 1322 687 Constantino
1334 660 1485 687 absolutum
1507 669 1567 688 esse
1581 661 1765 692 Caecilianum.

974 711 1051 737 quam
1064 704 1160 731 Felicis
1170 712 1276 731 causam
1289 706 1322 732 ab
1332 705 1437 732 Afliano
1449 707 1608 740 proconsule
1619 707 1765 735 discussam

973 754 1053 783 atque
1076 754 1212 784 purgatam
1230 750 1281 785 (a);
1305 755 1364 784 post
1378 751 1480 785 aliquot
1498 752 1577 778 etiam
1593 759 1678 779 annos
1693 752 1765 779 Con-

973 794 1273 831 stantinumscripsisse
1288 797 1321 824 ad
1337 797 1462 824 Vcrinnm
1479 799 1605 825 vicarimn
1617 820 1624 831 ,
1640 806 1705 833 quas
1725 799 1765 826 lit-

974 842 1044 867 teras
1059 839 1111 874 ipsi
1129 841 1325 873 rccitaverunt,
1342 843 1385 869 ubi
1409 843 1457 870 sibi
1478 844 1635 871 asserebant
1653 844 1766 873 liberum

974 884 1110 912 arbitrium
1136 886 1169 913 ab
1192 887 1238 914 illo
1261 888 1421 922 imperatore
1434 896 1590 915 concessmn
1603 910 1610 921 ,
1631 889 1767 924 inquibus

973 930 1068 958 litteris
1081 939 1128 958 cos
1142 937 1266 966 tanquam
1282 934 1412 967 pessimos
1425 939 1450 961 et
1465 934 1617 962 christiana:
1634 936 1705 969 pacis
1718 936 1763 962 ini-

974 975 1057 1001 micos
1072 976 1196 1003 ostendit.
1212 977 1286 1009 Quod
1311 978 1400 1013 utique
1420 986 1473 1005 non
1495 978 1599 1006 fecisset
1611 1000 1617 1012 ,
1633 980 1654 1006 si
1668 980 1765 1014 aliquid

975 1027 1022 1053 pro
1036 1020 1087 1047 illis
1102 1026 1192 1048 cmttra
1207 1023 1377 1049 C:ccilianntn
1391 1023 1547 1057 iudicasset,
1560 1032 1621 1052 cum
1636 1024 1668 1051 ad
1682 1026 1766 1052 comi-

975 1070 1056 1092 tatum
1073 1067 1170 1093 missus
1183 1072 1253 1094 esset
1271 1068 1414 1102 Ingentius.
1436 1069 1565 1104 Cognitor
1578 1078 1642 1105 ergo
1656 1071 1766 1098 interlo-

973 1117 1051 1139 cutus
1064 1118 1115 1146 est,
1131 1122 1183 1140 non
1202 1121 1281 1148 posse
1293 1120 1375 1149 gesta,
1392 1123 1450 1149 qua:
1465 1120 1536 1142 tanta
1551 1116 1685 1143 roboravit
1697 1117 1766 1143 anti-

974 1157 1078 1191 quitas.
1102 1159 1252 1190 removeri,
1278 1160 1327 1186 nisi
1352 1160 1412 1186 aliis
1435 1162 1627 1195 posterioribus
1648 1162 1730 1196 gestis
1751 1170 1767 1190 e

974 1203 1109 1230 contrario
1122 1204 1249 1231 recitatis.
1265 1204 1368 1232 Dictum
1381 1209 1421 1232 est
1433 1207 1511 1233 etiam
1522 1214 1536 1233 a
1549 1207 1702 1238 Catholicis,
1717 1215 1767 1234 ma-

974 1248 1014 1282 gis
1038 1248 1071 1275 ad
1093 1248 1280 1278 declarandam
1308 1249 1406 1278 Felicis
1431 1252 1610 1280 innocentiam
1636 1253 1767 1288 profuisse

972 1293 1044 1327 quod
1057 1294 1153 1322 absens
1167 1294 1253 1322 fuerat
1263 1296 1411 1329 absolutus,
1428 1297 1488 1332 quia
1502 1298 1594 1332 gratia:
1607 1299 1733 1333 suspicio,
1746 1299 1767 1325 si

975 1346 1092 1372 promens
1107 1345 1187 1372 esset,
1204 1341 1291 1374 potius
1304 1342 1429 1369 oriretur.

1010 1383 1121 1411 CAI‘U'I‘
1140 1385 1222 1412 XXV.
1242 1401 1277 1405 —
1297 1387 1341 1413 t3.
1361 1387 1462 1421 Urgcre
1474 1388 1569 1416 deinde
1582 1389 1707 1424 Cognitor
1716 1397 1768 1417 ρω·

975 1429 1022 1463 pit,
1039 1430 1109 1456 utsi
1131 1437 1182 1464 qua
1207 1432 1353 1464 posteriora
1380 1438 1451 1467 gesta
1476 1433 1620 1461 Dunatistm
1640 1435 1769 1463 haberent

975 1480 1066 1502 contra
1083 1476 1277 1503 absolutionem
1295 1478 1428 1505 Cteciliani
1445 1479 1487 1506 vel
1502 1479 1598 1506 Felicis
1609 1501 1616 1513 ,
1630 1480 1684 1515 jam
1697 1481 1768 1515 jam-

975 1530 1026 1556 que
1041 1522 1201 1556 proferrcnt.
1218 1524 1264 1550 llic
1279 1524 1313 1550 illi
1329 1524 1360 1550 ad
1376 1532 1406 1552 ea
1418 1533 1478 1560 qum
1490 1526 1544 1559 jant
1557 1526 1634 1553 toties
1647 1527 1769 1554 dixerant

974 1573 1001 1595 et
1012 1568 1157 1596 Catholicis
1167 1570 1245 1597 toties
1256 1570 1288 1596 ad
1300 1572 1388 1597 omnia
1401 1572 1626 1605 respondentibus
1638 1577 1768 1601 transacta

973 1613 1026 1647 jam
1043 1613 1165 1648 fuerant,
1182 1622 1275 1642 rursus
1289 1617 1365 1651 quasi
1377 1624 1391 1642 a
1406 1617 1492 1651 capite
1504 1617 1593 1645 redire
1606 1622 1633 1645 et
1644 1626 1674 1645 ea
1687 1619 1769 1653 repli-

975 1666 1036 1686 care
1050 1659 1138 1686 conati
1154 1663 1225 1687 sunt.
1250 1659 1299 1688 Ubi
1313 1668 1373 1687 cum
1391 1661 1566 1689 interlocutus
1579 1668 1652 1690 esset
1668 1663 1768 1698 Cogni-

976 1708 1028 1737 tor,
1043 1704 1193 1732 admonens
1217 1709 1245 1732 ut
1267 1712 1315 1732 eos
1334 1706 1388 1740 jam
1413 1701 1516 1741 pigeret
1528 1707 1622 1735 eadem
1636 1714 1768 1743 repetere,

975 1756 1035 1783 qua:
1055 1754 1161 1784 peracta
1183 1754 1210 1777 et
1230 1754 1363 1778 transacta
1375 1750 1430 1786 jam
1445 1752 1565 1786 fuerant,
1578 1757 1605 1780 et
1625 1753 1769 1781 identidem

976 1794 1095 1829 proferre
1117 1797 1292 1830 compelleret
1315 1797 1337 1824 si
1360 1798 1422 1833 quid
1452 1799 1616 1826 recitandqu
1640 1800 1770 1828 baberent

976 1841 1103 1868 adversus
1113 1841 1249 1869 thciliani
1263 1847 1289 1869 et
1304 1843 1401 1870 Felicis
1411 1844 1450 1871 sic
1464 1845 1677 1873 evidentissimas
1692 1846 1770 1873 abso-

977 1887 1110 1914 lutiones:
1128 1893 1155 1914 et
1169 1888 1208 1914 illi
1221 1888 1285 1915 nihil
1298 1890 1408 1915 omnino
1424 1890 1553 1917 adversus
1569 1891 1612 1917 illa
1629 1893 1769 1926 proferen-

977 1937 1017 1960 tes
1028 1954 1035 1965 ,
1052 1933 1145 1960 eadem
1166 1938 1289 1968 repetere
1304 1942 1358 1961 non
1372 1940 1526 1968 cessarent,
1541 1940 1570 1962 ut
1588 1937 1621 1963 de
1643 1937 1694 1964 illis
1709 1946 1770 1972 qua:

977 1978 1102 2005 dixerant
1117 1977 1283 2013 judicaretur
1295 1988 1301 2006 :
1317 1983 1345 2007 et
1357 1984 1449 2007 contra
1463 1980 1591 2016 Cognitor
1605 1982 1667 2009 Illud
1684 1984 1770 2017 potius

977 2023 1117 2058 flagitaret,
1130 2029 1158 2051 ut
1171 2024 1291 2059 legerent
1302 2026 1323 2052 si
1338 2025 1469 2053 haberent
1479 2026 1549 2061 quod
1564 2027 1612 2062 legi
1625 2029 1767 2062 possctad-

977 2076 1069 2096 versus
1084 2070 1220 2104 imperiale
1234 2075 1261 2098 et
1276 2071 1466 2105 proconsulare
1479 2071 1620 2106 judicium,
1636 2077 1664 2100 ut
1680 2079 1770 2108 posset

977 2116 1011 2144 de
1025 2116 1147 2143 omnibus
1163 2117 1340 2151 pronuntiari,
1355 2118 1480 2152 quoniam
1496 2118 1599 2153 legibus
1614 2119 1769 2153 prohibetur

978 2162 1152 2196 semiplenam
1167 2163 1286 2197 proferre
1300 2163 1458 2190 sententiam
1471 2172 1477 2190 :
1491 2163 1620 2191 instarent
1633 2166 1713 2192 ctiaut
1724 2164 1771 2193 Ca-

979 2208 1068 2236 tholici
1080 2230 1087 2241 ,
1103 2213 1132 2236 ut
1149 2209 1230 2236 rebus
1245 2210 1368 2236 omnibus
1381 2209 1517 2245 Cognitori
1534 2211 1725 2245 manifestatis,
1745 2217 1772 2239 et

978 2255 1123 2282 Donatistis
1133 2255 1196 2290 quid
1208 2256 1386 2290 respondeant
1395 2264 1447 2284 non
1460 2257 1665 2291 invenientibus,
1674 2259 1770 2286 eadem

978 2301 1178 2335 repetentibus,
1195 2302 1301 2329 tandem
1325 2302 1468 2337 aliquando
1483 2310 1564 2330 causa
1586 2304 1705 2332 ﬁniretur
1720 2313 1726 2331 :
1744 2304 1770 2332 in

979 2347 1072 2373 ultimo
1087 2346 1215 2381 Cognitor
1229 2346 1310 2379 dixit,
1328 2346 1355 2375 Si
1369 2352 1461 2375 contra
1476 2348 1540 2375 nihil
1553 2354 1595 2376 est
1607 2349 1677 2384 quod
1695 2351 1771 2386 lega-

980 2393 1025 2425 tis,
1035 2393 1109 2419 exire
1119 2392 1274 2427 dignamini,
1284 2397 1313 2419 ut
1324 2393 1407 2428 possit
1422 2394 1499 2428 plena
1511 2394 1544 2421 de
1554 2395 1678 2422 omnibus
1690 2397 1769 2424 scribi

980 2439 1122 2467 sententia.
1143 2439 1176 2466 Et
1198 2439 1315 2474 utrisque
1336 2439 1508 2474 exeuntibus,
1523 2441 1683 2468 sententiam
1703 2443 1768 2470 scri-

981 2488 1034 2522 psit
1046 2487 1082 2524 (b)
1099 2495 1176 2522 quam
1200 2494 1291 2514 rursus
1311 2487 1471 2514 intromissis
1495 2488 1613 2522 partibus
1633 2488 1770 2522 recitavit,

980 2542 1032 2569 qua
1045 2533 1199 2568 complexus
1219 2536 1259 2560 est
1277 2532 1365 2559 omnia
1381 2540 1440 2567 qua:
1454 2532 1487 2560 de
1508 2533 1608 2567 prolixa
1623 2534 1701 2561 trium
1716 2534 1771 2561 die-

982 2587 1041 2607 rum
1055 2579 1160 2606 actione
1176 2578 1260 2613 potuit
1273 2578 1416 2605 recordari.
1430 2577 1459 2604 In
1474 2578 1570 2613 quibus
1582 2579 1702 2614 qumdam
1718 2587 1770 2606 non

982 2634 1015 2653 eo
1030 2625 1123 2652 Ordine
1140 2632 1192 2659 quo
1209 2628 1283 2659 gesta
1301 2628 1362 2650 sunt
1383 2624 1616 2657 commemoravit,
1629 2625 1716 2652 omnia
1734 2629 1771 2651 ta-

982 2680 1043 2700 men
1057 2672 1187 2698 veraciter
1200 2670 1298 2705 posuit,
1313 2669 1463 2697 confulatos
1477 2678 1490 2696 a
1505 2670 1649 2698 Catholicis
1662 2670 1772 2698 Donati-

983 2724 1038 2746 stas
1050 2718 1169 2746 omnium
1184 2717 1403 2745 documentorum
1420 2716 1633 2744 manifestationc
1651 2723 1771 2751 pronun-

984 2765 1063 2792 tians.

1016 2842 1051 2872 (η)
1069 2841 1126 2865 vide
1137 2840 1204 2868 infra,
1214 2839 1256 2864 lib.
1269 2843 1323 2871 post
1333 2839 1449 2872 Collattn.
1462 2838 1501 2864 56.

1016 2842 1041 2872 (η
1069 2842 1126 2865 vide
1137 2842 1204 2868 intra,
1215 2842 1256 2864 lib.
1269 2843 1323 2871 post
1333 2842 1415 2864 Collat.
1425 2846 1449 2863 n.
1462 2842 1471 2864 Ξ

1015 2842 1051 2904 (bi
1068 2875 1147 2896 Exstat
1159 2871 1280 2896 sententia
1290 2871 1313 2894 in
1325 2871 1471 2902 Appendice.

1468 2957 1485 2989 ί
1492 2953 1696 2993 i't'ngt-tme.)
