4024 6196
259 368 364 424 655

259 498 353 536 suo
375 476 658 535 dicendum
685 476 824 546 apud
856 487 974 529 acta
1006 471 1276 528 mandavit
1307 488 1322 526 :
1349 470 1631 540 Indignum
1672 480 1743 523 est
1787 478 1841 522 ut

258 578 308 627 in
339 587 492 626 unum
520 569 818 623 conveniant
844 568 941 635 ﬁlii
982 575 1262 635 martyrum
1288 571 1336 615 et
1376 562 1637 633 progenies
1676 559 1839 612 tradi-

258 675 441 718 tarum.
497 661 638 716 Ecce
680 659 1028 713 convenimus
1082 657 1133 710 in
1164 670 1361 717 unum;
1409 653 1536 722 quid
1603 651 1668 705 ad
1737 649 1837 704 ista

258 753 623 824 respondent?
668 750 726 803 Si
774 750 990 813 dicunt,
1037 747 1154 802 Non
1197 756 1282 801 est
1331 744 1603 814 indignum
1634 761 1646 796 :
1677 754 1841 811 quare

256 846 461 903 mentiti
484 854 645 909 sunt,
673 840 889 913 quando
917 840 1187 909 indignum
1213 852 1335 892 esse
1365 835 1648 890 dixerunt?
1676 832 1733 888 Si
1759 831 1839 886 di-

255 947 402 1004 cunt,
454 935 730 1006 Indignum
759 943 843 988 est
873 948 889 986 :
918 931 1059 1002 quod
1089 930 1361 1000 indignum
1387 939 1470 982 est
1505 941 1670 996 quare
1697 928 1835 978 fece-

256 1028 419 1083 runt?
450 1027 567 1084 Uno
597 1026 757 1082 modo
798 1041 857 1079 se
885 1032 1136 1095 poterunt
1180 1036 1456 1083 asserere,
1504 1018 1646 1090 quod
1699 1017 1838 1073 indi-

256 1134 413 1187 gnum
443 1128 527 1173 est
558 1133 662 1172 non
695 1116 883 1172 fecisse
906 1157 920 1177 ,
954 1126 1007 1170 et
1039 1116 1089 1168 in
1119 1114 1224 1168 illis
1246 1112 1499 1168 Primiani
1530 1112 1705 1166 verbis
1729 1125 1833 1164 non

258 1211 417 1267 fuisse
444 1209 695 1263 mentitos
720 1250 734 1271 ,
759 1208 802 1261 si
825 1206 1025 1268 dicant,
1056 1204 1330 1274 Indignum
1361 1212 1441 1258 est
1465 1203 1677 1273 quidem
1700 1211 1755 1256 ιιι
1784 1202 1835 1256 iu

257 1317 416 1355 unum
442 1299 762 1354 conveniant
788 1296 880 1351 ﬁlii
903 1309 1193 1366 martyrum
1221 1306 1277 1349 ct
1308 1294 1586 1365 progenies
1616 1292 1839 1347 tradito-

256 1408 404 1455 rum,
434 1390 527 1445 sed
574 1404 673 1444 nos
703 1387 823 1443 ideo
862 1387 1137 1441 vobiscum
1179 1386 1231 1439 iu
1278 1401 1439 1439 unum
1468 1384 1834 1449 convenimus,

253 1484 373 1553 quia
400 1482 745 1552 cognovimus
773 1496 869 1533 vos
889 1495 993 1533 non
1026 1494 1144 1534 esse
1172 1479 1476 1547 progeniem
1500 1476 1835 1531 traditarum.

252 1574 400 1640 Quod
420 1572 462 1627 si
483 1572 551 1625 ita
568 1580 669 1633 est,
693 1584 859 1641 quare
879 1569 1029 1624 nobis
1047 1569 1157 1638 jam
1174 1567 1554 1622 convenientes
1569 1567 1620 1621 iu
1644 1581 1832 1631 unum,

253 1664 399 1734 ipsas
442 1663 735 1717 calumnias
765 1659 1079 1731 objeccrunt
1102 1700 1117 1725 ,
1165 1659 1266 1713 nisi
1299 1658 1438 1713 forte
1468 1667 1524 1712 ttt
1550 1657 1711 1712 etiam
1739 1672 1836 1712 nos

249 1773 343 1811 eos
369 1768 816 1826 cognosceremus
862 1768 967 1807 non
1017 1767 1139 1807 esse
1166 1751 1304 1805 ﬁlios
1330 1762 1620 1822 martyrum
1644 1750 1668 1802 ?
1696 1748 1837 1803 Mar-

250 1856 398 1917 tyres
441 1845 583 1900 enim
636 1853 798 1898 testes
842 1842 1124 1904 dicuntur;
1180 1850 1344 1895 testes
1391 1852 1568 1894 autem
1617 1839 1834 1906 Christi,

248 1939 363 1994 veri
395 1947 556 1994 testes
584 1946 728 1991 sunt.
775 1936 862 1991 Isti
893 1948 1070 1991 autem
1102 1934 1221 1991 falsi
1252 1944 1417 1990 testes
1447 1934 1646 1988 inventi
1673 1943 1834 2002 sunt,

244 2028 335 2096 qui
388 2027 684 2081 traditionis
723 2027 946 2081 crimina
977 2035 1031 2080 et
1059 2026 1232 2080 aliena
1263 2025 1383 2079 aliis
1414 2024 1747 2094 objecerunt,
1776 2033 1832 2080 et

243 2135 346 2174 nec
370 2120 485 2187 ipsa
516 2121 742 2189 probare
771 2128 1072 2188 potuerunt.

312 2210 542 2267 CAPUT
572 2212 731 2265 ll.—
769 2211 823 2265 2.
876 2210 1011 2278 Qttid
1060 2210 1234 2265 adhuc
1285 2210 1556 2266 attenditis
1602 2209 1835 2266 humana

240 2304 525 2359 mendacia
545 2347 559 2368 ,
585 2312 640 2358 et
664 2304 841 2358 divina
878 2304 1179 2357 testimonia
1206 2319 1313 2357 non
1363 2302 1676 2357 attenditis?
1699 2302 1837 2370 Quid

234 2394 423 2450 adhuc
446 2395 599 2448 victis
630 2394 932 2449 hominibus
952 2393 1187 2458 creditis,
1220 2403 1275 2448 et
1304 2393 1515 2448 veritati
1547 2409 1664 2463 qua:
1693 2409 1837 2448 nun-

233 2502 405 2556 quam
434 2495 516 2539 est
541 2486 675 2538 victa
704 2499 807 2538 non
838 2484 1093 2539 creditis?
1127 2484 1334 2539 Veritas
1361 2485 1501 2538 enim
1535 2485 1626 2539 Dei
1652 2527 1666 2547 ,
1695 2484 1841 2540 sicut

232 2577 287 2631 in
314 2577 440 2646 ipsa
471 2575 631 2629 etiam
662 2574 959 2629 Collatioue
989 2574 1333 2643 probavimus
1355 2617 1370 2640 ,
1399 2575 1667 2644 perhibuit
1693 2576 1842 2630 testi-

233 2669 485 2724 inonium
500 2667 755 2723 Ecclesia:
776 2683 886 2721 sua:
905 2682 999 2736 per
1016 2667 1179 2722 multa
1200 2666 1517 2722 documenta
1534 2667 1838 2736 Scriptura-

232 2778 359 2817 rum
376 2769 808 2828 sanetarum,per
825 2757 1159 2829 prepheticas
1181 2767 1233 2812 et
1246 2758 1575 2827 evangelicas
1589 2757 1841 2825 Litteras;

232 2868 291 2908 et
319 2855 477 2908 locus
491 2852 798 2922 designatus
815 2860 895 2905 est
916 2850 1057 2905 unde
1083 2850 1280 2903 ChriSIi
1305 2849 1541 2904 Ecclesia
1566 2848 1739 2903 fuerat
1758 2849 1841 2903 in-

230 2953 489 3013 coeptum
517 2959 531 3006 ;
556 2952 609 2997 et
630 2941 762 2995 ﬁnes
790 2951 966 3006 terrm,
987 2955 1092 3008 qtto
1114 2954 1279 3009 usque
1303 2939 1471 2993 fuerat
1500 2948 1838 3009 perventura.

232 3035 346 3090 Per
364 3047 555 3088 omnes
569 3040 755 3102 gentes
777 3030 1001 3086 futuram
1018 3030 1307 3084 Ecclesiam
1328 3029 1741 3083 suamDominus
1760 3028 1845 3082 di-

233 3126 336 3189 cit,
363 3124 704 3193 iucipientetn
727 3122 793 3177 ab
830 3122 1124 3177 Jerusalem
1150 3119 1301 3190 (Luc.
1333 3136 1476 3187 xxtv,
1504 3121 1618 3190 47).
1650 3119 1840 3175 Divina

234 3218 413 3273 lectio
458 3217 730 3279 recitatur,
779 3211 1230 3281 quemadmodum
1281 3212 1503 3280 cmperit
1531 3210 1599 3264 ab
1622 3210 1839 3265 Jerusa-

231 3312 349 3366 lem
373 3350 392 3376 ,
421 3309 507 3363 tthi
538 3309 764 3378 primum
792 3306 1130 3375 congregatis
1156 3303 1399 3357 ﬁdelibus
1436 3303 1629 3357 missus
1654 3311 1737 3357 est
1773 3302 1842 3357 de

232 3404 397 3459 caelo
441 3400 673 3469 Spiritus
704 3408 917 3452 sanctus
958 3396 1093 3467 (Act.
1124 3395 1208 3462 ll).
1243 3395 1444 3448 Divinm
1473 3395 1728 3448 lectiones
1753 3408 1842 3448 re-

230 3497 511 3556 citantur,
553 3487 999 3559 quemadmodum
1026 3503 1085 3541 se
1123 3486 1191 3541 ab
1214 3485 1509 3541 Jerusalem
1544 3500 1642 3555 per
1670 3485 1841 3540 vicina

225 3597 289 3642 et
317 3584 622 3653 longinqua
652 3578 943 3634 diﬁ‘uderit.
976 3579 1238 3647 Expressa
1276 3586 1400 3631 sunt
1439 3572 1651 3629 nomina
1698 3576 1843 3629 Ioco-

228 3694 394 3738 rum,
429 3671 766 3728 manifestata
797 3679 924 3724 sunt
953 3669 1166 3723 nomina
1209 3667 1483 3722 civitatum
1505 3708 1521 3733 ,
1556 3667 1607 3720 in
1648 3666 1844 3736 quibus

228 3766 492 3825 Ecclesia
528 3762 730 3819 Citriin
768 3761 1064 3831 apostolico
1112 3759 1292 3814 labore
1334 3758 1550 3813 fundata
1577 3765 1682 3812 est.
1712 3756 1843 3823 Quae

226 3862 363 3916 loca
397 3865 458 3913 et
484 3856 727 3910 civitates
747 3853 906 3907 etiam
930 3850 1199 3919 Epistolas
1218 3849 1285 3903 ab
1306 3847 1576 3917 Apostolis
1602 3847 1845 3915 accipere

230 3953 572 4008 meruerunt
601 3963 614 3998 :
642 3960 776 4016 quas
809 3941 1072 4012 Epistolas
1101 3951 1156 3995 et
1188 3939 1287 4010 ipsi
1321 3940 1374 3994 in
1405 3939 1597 3993 vestris
1624 3952 1847 4007 congre-

234 4040 566 4113 gationibus
591 4040 794 4107 legunt,
826 4044 881 4112 et
906 4042 1082 4088 tamen
1111 4048 1215 4087 non
1235 4032 1629 4086 communicant
1659 4046 1844 4085 eorum

236 4137 501 4192 locorum
547 4141 604 4185 et
641 4128 913 4183 civitatum
936 4142 937 4145 ‘
963 4124 1237 4186 Ecclesiis,
1264 4139 1384 4192 qua:
1413 4123 1555 4191 ipsas
1582 4120 1847 4190 Epistolas

230 4226 505 4293 accipere
524 4228 829 4275 meruerunt
855 4258 870 4280 ,
916 4217 1230 4285 objicieutes
1272 4214 1349 4267 eis
1390 4212 1571 4267 nescio
1598 4228 1717 4281 qua:
1742 4211 1847 4266 cri-

229 4317 397 4370 mina
432 4312 715 4373 Alrorum,
763 4307 905 4377 quod
952 4321 1141 4361 eorum
1187 4304 1504 4373 contagione
1555 4302 1842 4371 perierint;

228 4424 367 4463 eum
407 4404 512 4474 ipsi
540 4401 778 4457 dixerint
804 4402 856 4454 in
881 4399 979 4453 hac
1011 4398 1123 4467 ipsa
1147 4395 1464 4459 Collatiune,
1499 4408 1657 4462 quam
1687 4392 1846 4446 modo

228 4495 566 4566 Carthagini
600 4494 884 4548 habuimus
904 4533 919 4555 ,
950 4489 1085 4561 quod
1110 4505 1201 4543 nec
1220 4504 1387 4542 causae
1405 4504 1581 4548 caua,
1612 4502 1701 4540 nec
1728 4502 1846 4556 per-

226 4607 388 4648 sonas
426 4604 644 4659 persona
669 4584 961 4657 pmjudicet
992 4582 1199 4651 (Collat.
1230 4582 1284 4645 5,
1310 4597 1426 4650 cap.
1463 4578 1613 4649 572).

305 4680 557 4738 CAPUT
576 4678 642 4733 Ill
670 4708 741 4718 --
763 4677 815 4731 3.
842 4676 993 4730 Tunc
1018 4683 1195 4729 autem
1216 4673 1317 4727 hoc
1342 4673 1610 4737 dixerunt,
1635 4672 1846 4741 quando

223 4777 314 4830 eis
346 4771 629 4829 diximus:
649 4768 951 4822 Concilium
974 4766 1113 4835 quod
1140 4774 1326 4819 contra
1356 4764 1693 4817 Caecilianum
1725 4780 1847 4833 pro-

227 4867 400 4922 fertis
426 4906 442 4928 ,
470 4863 548 4916 sic
574 4877 677 4914 non
709 4859 863 4914 obest
889 4857 1095 4911 absenti
1134 4856 1420 4910 Cmciliano
1440 4896 1453 4917 ,
1502 4854 1847 4924 quemadmo-

220 4958 370 5012 dum
402 4951 694 5009 concilium
719 4949 860 5020 (ιυοά
894 4949 945 5001 in
972 4962 1131 5001 causa
1158 4945 1459 5001 Maximiani
1508 4945 1701 5000 factum
1727 4956 1843 5007 est,

214 5047 321 5101 ubi
357 5044 660 5099 damnatus
687 5050 770 5095 est
798 5038 1117 5099 Primianus,
1150 5051 1253 5091 non
1293 5035 1450 5091 obest
1490 5036 1698 5090 absenti
1734 5035 1849 5089 Pri-

220 5141 463 5196 miano.
512 5136 855 5191 Protulcrunt
895 5132 1038 5188 enim
1088 5130 1157 5184 ibi
1216 5130 1552 5199 septuaginta
1604 5137 1657 5183 et
1704 5128 1847 5197 quod

221 5226 500 5285 excurrit
526 5225 804 5294 eltiaCttpOS
829 5264 844 5288 ,
874 5222 965 5293 qui
1010 5220 1283 5275 absentem
1314 5218 1699 5274 damnaverunt
1731 5217 1849 5273 Ca2-

219 5323 513 5379 cilianum
547 5318 588 5384 ‘,
617 5331 737 5371 cum
766 5313 1104 5385 proferantur
1125 5312 1241 5381 plus
1268 5311 1444 5366 minus
1464 5312 1707 5365 centunt'
1738 5311 1850 5380 epi-

291 5526 312 5557 ι
525 5516 798 5583 Belgiciet
818 5509 1271 5583 Gallicanitomnes
1308 5511 1512 5583 habent,
1544 5509 1853 5583 [fretuth

215 5585 368 5637 enim
396 5579 494 5631 ubi
514 5574 829 5646 εφιῖιαρὺιιαν
850 5580 895 5646 ξε
915 5574 1186 5646 ηυοίέ,(νε¹ν
1211 5574 1345 5646 ηιςρι)
1360 5574 1618 5646 ἐκείνων

214 5634 499 5697 iam
528 5634 869 5690 diumr'zvermtt
903 5634 1233 5686 chiliaman.’
1257 5640 1312 5697 ut
1333 5635 1397 5697 sit
1417 5647 1609 5690 sensus,
1633 5634 1852 5684 Protule-

215 5695 349 5759 runt
375 5701 669 5770 concilim,
693 5702 741 5750 in
762 5697 1188 5770 qquseptluaginta
1209 5696 1290 5747 vel
1321 5695 1486 5758 plures
1516 5697 1727 5759 episcopi
1763 5698 1851 5747 ab—

214 5758 453 5822 sentem
494 5758 840 5812 damnaverunt
859 5758 1174 5809 Ca‘ctliatiunt.

289 5837 312 5865 ι
355 5828 519 5887 ιῖιηιὶ,
541 5838 631 5875 non
654 5822 809 5875 nauus
826 5827 1032 5873 centum.
1050 5830 1228 5873 omnes
1246 5829 1409 5871 tamen
1429 5828 1551 5883 δεδι,
1567 5821 1674 5888 plus
1696 5822 1853 5877 atinas

723 361 815 415 AD
856 356 1275 414 DONATISTAS
1312 356 1477 412 POST
1515 355 2017 422 COLLATIONEM,
2061 358 2117 410 S.
2162 357 2529 415 AUGUSTINI
2582 358 2782 416 LIBER
2822 362 3021 419 UNUS.

3412 369 3521 425 655

1949 470 2095 537 scopi
2125 472 2289 539 partis
2314 472 2573 541 ipsorum,
2592 474 2679 543 qui
2700 472 3080 530 damnaverant
3108 483 3382 532 absentem
3409 481 3521 534 Pri-
3588 474 3589 479 “

1951 560 2203 615 mianum.
2226 561 2357 629 Quia
2380 578 2506 634 ergo
2527 565 2754 620 diximus
2778 567 2877 630 eis,
2909 568 2988 621 sie
3007 567 3133 621 illud
3186 585 3292 623 non
3335 571 3526 625 obesse

1950 649 2253 715 Caeciliano,
2295 655 2740 723 quemadmodum
2772 657 2871 713 hoc
2901 674 3004 713 non
3045 661 3200 714 obest
3226 661 3494 717 Primiauo
3515 706 3529 724 ,

1947 742 2198 812 quoniam
2224 752 2409 798 contra
2437 747 2685 801 absentes
2728 747 2862 803 facta
2902 760 3023 804 sunt
3061 750 3224 806 ambo
3267 755 3524 816 concilia;

1946 833 2201 887 continuo
2228 849 2333 889 non
2365 836 2695 891 invenientes
2723 855 2840 908 qua:
2880 841 3283 909 responderent,
3312 854 3365 898 et
3390 844 3519 898 hor-

1946 922 2128 979 ribiles
2152 927 2422 996 angustias
2446 929 2616 997 passi,
2647 929 2899 985 dixerunt
2924 972 2937 996 ,
2972 931 3081 987 Nec
3109 950 3314 987 causam
3337 952 3524 998 causw,

1947 1030 2036 1068 nec
2084 1031 2350 1084 personam
2400 1020 2735 1088 prejudicare
2783 1038 3011 1091 pet-some
3040 1039 3060 1077 :
3105 1024 3245 1094 quod
3274 1024 3529 1081 adversus

1945 1120 2134 1162 omnes
2160 1106 2421 1163 humanas
2442 1110 2736 1166 calumnias
2774 1113 2824 1165 in
2850 1130 2942 1168 ore
2964 1113 3120 1169 habet
3142 1116 3401 1171 catholica
3431 1119 3530 1171 Ec-

1944 1196 2107 1252 clesia
2128 1241 2142 1264 ,
2173 1215 2313 1254 nunc
2352 1209 2528 1256 autem
2566 1204 2735 1257 multo
2764 1204 2948 1259 fortius
2976 1209 3247 1278 multoque
3290 1209 3531 1271 liberius,

1943 1292 2158 1360 quando
2186 1292 2235 1346 id
2267 1293 2407 1363 quod
2455 1310 2667 1363 semper
2696 1296 2889 1351 veritas
2936 1300 3123 1364 tenuit,
3155 1298 3315 1354 etiam
3349 1300 3528 1353 inimi-

1943 1397 2126 1437 corum
2162 1386 2429 1440 confessio
2456 1387 2812 1442 conﬁrmavit.
2837 1388 2965 1455 Quis
2994 1406 3120 1460 ergo
3154 1392 3268 1447 sine
3314 1392 3528 1446 tristitia

1943 1474 2177 1543 perferat
2202 1477 2392 1546 gravi?
2420 1477 2551 1545 Quis
2580 1480 2831 1547 gemitum
2876 1480 3162 1535 cohibeat?
3182 1482 3313 1548 Quis
3343 1499 3448 1536 non
3478 1485 3529 1536 in

1944 1565 2205 1637 lacrymas
2234 1577 2286 1621 ct
2315 1569 2364 1621 in
2394 1584 2580 1623 vocem
2603 1571 2805 1623 doloris
2830 1580 3092 1640 erumpat,
3123 1573 3210 1641 qui
3242 1574 3342 1626 hoc
3371 1574 3529 1643 digne

1942 1656 2399 1711 consideraverit?
2428 1659 2565 1714 Ecce
2612 1668 2669 1712 ut
2711 1660 2777 1712 ab
2816 1660 3083 1731 episcopis
3129 1662 3291 1731 partis
3338 1664 3529 1716 Denati

1940 1743 2225 1801 damnatus
2264 1748 2561 1803 Primianus
2616 1764 2720 1804 non
2774 1752 2979 1805 amittat
3027 1753 3412 1821 episcOpatum,
3445 1764 3536 1807 aut

1941 1845 2001 1890 ut
2042 1838 2341 1894 Primianus
2387 1840 2666 1895 damnatus
2712 1857 2814 1895 nou
2866 1842 3121 1912 iuquietet
3170 1854 3373 1913 partem
3422 1846 3528 1897 Do-

1942 1930 2081 1993 nati,
2113 1945 2214 1985 nec
2240 1946 2414 1986 causa:
2443 1947 2622 1997 causa,
2673 1948 2771 1988 nec
2816 1949 3057 2003 persomc
3084 1949 3309 2003 persona
3338 1936 3535 2005 przrju.

1941 2021 2084 2076 dicat
2108 2037 2121 2074 :
2146 2030 2205 2073 ut.
2245 2030 2421 2076 autem
2450 2022 2765 2077 Czncilianus
2786 2066 2800 2089 ,
2828 2039 2985 2093 quem
3030 2025 3303 2080 absentem
3332 2027 3531 2081 inimici

1940 2110 2187 2165 similiter
2210 2110 2617 2177 damnaverunt,
2651 2129 2757 2167 non
2802 2115 3087 2183 deputetur
3124 2116 3431 2186 episcopus,
3480 2129 3535 2172 et

1941 2203 2268 2258 contaminet
2282 2219 2469 2258 omnes
2484 2206 2800 2259 Christianas
2816 2216 2998 2275 gentes
3012 2208 3252 2276 usquead
3271 2209 3531 2261 terminos

1942 2303 2120 2356 terrae,
2140 2304 2191 2347 et
2208 2309 2384 2348 causa:
2398 2310 2579 2360 causa,
2596 2303 2650 2349 et
2674 2311 2912 2365 personae
2936 2312 3158 2366 persona
3179 2298 3508 2367 pra‘judicat.

2010 2385 2238 2441 CAPUT
2260 2386 2347 2440 IV.
2366 2417 2437 2427 —
2455 2388 2507 2441 4.
2531 2387 2635 2442 Sed
2654 2403 2782 2443 voce
2813 2391 2826 2420 ¹
2859 2390 3024 2458 ipsius
3052 2390 3271 2444 unitatis
3299 2391 3536 2446 clament

1943 2477 2199 2533 Ecclesia:
2226 2477 2409 2544 Ponti,
2446 2477 2730 2550 Bithynim,
2762 2481 2902 2534 Asia:
2922 2521 2936 2545 ,
2981 2480 3348 2550 Cappadocim,
3376 2490 3536 2537 caste-

1941 2584 2228 2640 rarumque
2257 2570 2596 2624 orientalium
2632 2572 2928 2640 regionum,
2961 2571 3028 2625 ad
3067 2586 3201 2642 quas
3229 2570 3414 2627 beatus
3437 2572 3535 2627 Pc-

1945 2668 2057 2713 trus
2099 2660 2375 2728 apostolus
2401 2661 2586 2714 scribit
2627 2661 2668 2730 (l
2701 2660 2843 2714 Petr.
2876 2678 2909 2725 ι,
2946 2663 3002 2730 1)
3038 2678 3052 2716 :
3082 2662 3127 2717 Ο
3158 2679 3279 2732 pars
3311 2664 3532 2730 Donati,

1944 2764 2050 2805 non
2080 2752 2332 2805 novimus
2366 2752 2492 2821 quid
2519 2753 2742 2819 dicatis;
2777 2771 2940 2825 quare
2972 2756 3124 2810 nobis
3156 2771 3261 2811 non
3292 2772 3535 2812 cetumu-

1945 2843 2175 2899 nicatis'!
2199 2843 2254 2899 Si
2283 2845 2600 2900 Cmciliauus
2639 2848 2760 2900 mali
2784 2847 2978 2917 aliquid
3030 2848 3173 2913 fecit,
3203 2851 3343 2919 quod
3376 2851 3532 2905 nobis

1945 2952 2050 2990 nou
2081 2936 2360 3006 probatum
2389 2946 2473 2993 est
2498 2953 2596 2993 nec
2628 2938 3074 3005 demonstratum,
3127 2953 3302 2998 tamen
3330 2944 3372 2997 si
3402 2945 3528 2998 ntali

1942 3029 2140 3100 aliquid
2160 3030 2303 3096 fecit,
2321 3046 2486 3101 quare
2506 3032 2659 3087 nobis
2681 3032 3016 3102 pra'jutlicat?
3034 3034 3087 3090 Si
3106 3050 3203 3089 nos
3221 3037 3402 3091 audire
3426 3053 3535 3092 non

1945 3121 2123 3187 vultis,
2146 3136 2244 3176 vos
2269 3121 2413 3190 ipsos
2436 3122 2615 3177 audite
2637 3122 2896 3189 dicentes,
2925 3122 3034 3178 Nec
3060 3142 3228 3180 causa:
3251 3144 3423 3192 causa,
3444 3145 3539 3183 nec

1945 3227 2173 3283 persona
2211 3229 2425 3282 persona
2474 3213 2796 3284 prejudicat.
2841 3217 2922 3268 An
2961 3231 3129 3286 usque
3175 3217 3312 3273 adeo
3356 3230 3532 3288 potest

1946 3313 2121 3357 vestra
2174 3305 2534 3372 perversitas,
2591 3315 2648 3360 ut
2690 3305 2805 3362 lucc
2836 3308 2994 3363 verba
3028 3310 3239 3365 valeant
3277 3328 3343 3365 ne
3384 3314 3537 3367 vobis

1948 3393 2256 3463 praejudicet
2284 3395 2583 3451 Primianus
2605 3441 2618 3463 ,
2648 3407 2702 3452 et
2731 3398 2846 3453 lucc
2891 3401 3051 3457 verba
3085 3417 3189 3456 non
3235 3404 3447 3459 valeant
3478 3416 3536 3457 ut

1948 3484 2101 3539 nobis
2148 3484 2458 3555 pnejudicet
2486 3486 2801 3543 Ctecilianus
2822 3489 2847 3541 ἲ
2874 3490 3117 3546 Clamcnt
3142 3494 3301 3547 etiam
3351 3495 3540 3548 simili-

1948 3585 2031 3630 ter
2074 3575 2327 3631 Ecclesia:
2366 3577 2653 3633 orientales
2676 3587 2879 3649 septem
2916 3582 2981 3636 ad
3010 3597 3141 3651 quas
3169 3584 3353 3639 scribit
3404 3601 3536 3655 apo-

1945 3667 2117 3722 stolus
2143 3667 2405 3734 JOannes,
2438 3669 2671 3739 Ephesi,
2700 3673 2964 3744 Smyrnae,
2984 3675 3251 3745 Thyatira:
3273 3720 3286 3743 ,
3330 3677 3535 3743 Sardis,

1948 3756 2350 3826 Philadelphia},
2375 3758 2660 3824 Laodicitc,
2686 3761 2929 3830 Pergami
2953 3764 3134 3832 (Apoc.
3167 3781 3204 3828 ι,
3240 3768 3350 3838 ll),
3381 3780 3434 3821 ct
3456 3770 3542 3823 di-

1947 3856 2071 3901 cant
2102 3864 2117 3901 :
2145 3847 2282 3914 Quid
2310 3847 2464 3903 vobis
2494 3848 2737 3913 fecimus,
2772 3852 2982 3914 fratres,
3019 3855 3107 3923 qui
3139 3858 3311 3924 potius
3348 3859 3536 3914 Donati

1948 3952 2106 4007 quam
2138 3947 2333 3993 nostrae
2360 3940 2751 3995 communionis
2771 3957 2890 3997 esse
2906 3944 3187 4000 voluistis?
3210 3948 3263 4002 Si
3290 3947 3498 4003 Czecilia
3512 3982 3539 3992 -

1951 4043 2051 4082 nus
2077 4030 2352 4097 peccavit,
2378 4031 2622 4100 quamvis
2645 4040 2697 4086 et
2728 4032 2892 4101 ipsius
2918 4034 3118 4088 eritne-i
3156 4052 3259 4091 non
3289 4040 3538 4109 potuistis

1949 4118 2269 4187 ostendere,
2314 4122 2435 4191 quia
2479 4122 2617 4177 sicut
2660 4123 2960 4179 Primiauus
2990 4136 3186 4192 vester,
3218 4130 3295 4185 sie
3343 4133 3540 4188 absens

1951 4210 2109 4264 etiam
2139 4210 2238 4266 iste
2263 4211 2546 4268 damnatus
2575 4224 2659 4269 est
2694 4232 2706 4267 :
2739 4225 3103 4272 verumtamen
3136 4221 3539 4293 qualiscumque

1953 4301 2041 4356 ille
2075 4299 2269 4369 fuerit,
2301 4319 2398 4358 nos
2423 4305 2574 4360 vobis
2613 4306 2739 4375 quid
2773 4308 3032 4362 fecimus?
3057 4311 3232 4377 Quare
3260 4313 3539 4370 christiani

1951 4408 2074 4448 cum
2122 4394 2426 4451 cltristianis
2466 4412 2649 4466 pacem
2675 4387 2877 4455 habere
2910 4418 3011 4455 non
3044 4404 3240 4459 vultis?
3265 4407 3441 4474 Quare
3483 4411 3536 4464 in

1952 4486 2109 4540 nobis
2136 4489 2436 4542 eonnuuuia
2478 4489 2819 4546 Sacramenta
2860 4495 3201 4551 rescinditis?
3220 4498 3354 4567 Quid
3384 4504 3539 4556 vobis

1954 4578 2217 4635 fecimus?
2245 4582 2420 4647 Quare
2451 4582 2701 4637 Primiani
2731 4600 2886 4638 causa
2923 4602 3025 4641 non
3058 4589 3371 4659 pnvjudieat
3400 4597 3537 4663 parti

1957 4669 2166 4738 Donati,
2187 4673 2287 4728 nisi
2318 4674 2439 4744 quia
2469 4688 2651 4730 verum
2681 4686 2762 4731 est
2790 4679 2929 4747 quod
2961 4679 3190 4747 dixistis,
3226 4682 3337 4737 Nec
3372 4702 3540 4740 causa!

1952 4782 2126 4829 causa,
2158 4781 2247 4819 nec
2293 4782 2522 4834 personae
2546 4783 2761 4837 persona
2804 4771 3152 4839 pra'judicat?
3192 4773 3366 4840 Quare
3412 4794 3541 4849 ergo

1954 4870 2111 4911 causa
2137 4850 2409 4911 Caeciliani
2439 4858 2748 4927 pra'judicat
2773 4859 3070 4916 luereditati
3097 4864 3317 4932 Christi,
3353 4868 3402 4920 in
3434 4886 3535 4937 qua

1954 4964 2142 5002 sumus
2189 4950 2562 5017 Apostolorum
2594 4950 2778 5005 labore
2822 4953 3083 5022 plautati?
3113 4958 3192 5011 Ad
3226 4974 3382 5014 uuam
3413 4978 3533 5014 nos-

1957 5049 2095 5093 trutn
2143 5040 2328 5095 scribit
2355 5041 2629 5110 apostolus
2664 5041 2921 5112 Joannes,
2965 5048 3105 5113 quod
3143 5049 3336 5105 habent
3374 5067 3540 5122 pauca

1956 5130 2168 5185 nomina
2198 5129 2250 5183 in
2273 5129 2481 5196 Sardis,
2506 5147 2692 5187 eorum
2725 5135 2815 5205 qui
2840 5152 2943 5190 non
2973 5138 3388 5209 inquiuaveruut
3418 5159 3541 5199 ves-

1957 5222 2172 5277 timenta
2218 5236 2314 5277 sua
2360 5222 2494 5292 (Id.
2524 5240 2601 5291 ttt,
2636 5224 2731 5298 4);
2786 5243 2883 5283 nec
2914 5236 3088 5285 tamen
3118 5235 3186 5288 ab
3228 5236 3307 5290 eis
3350 5238 3438 5307 qui
3487 5237 3541 5292 in

1959 5312 2067 5383 ipsa
2115 5312 2350 5368 Ecclesia
2394 5314 2650 5370 immundi
2696 5318 2946 5387 fuerunt,
2999 5321 3207 5378 illorum
3254 5342 3541 5396 paucorum

1956 5404 2273 5459 vestimenta
2326 5405 2521 5474 polluta
2565 5416 2730 5461 sunt:
2762 5412 3012 5479 quoniam
3050 5431 3230 5470 verum
3273 5427 3360 5471 est
3401 5421 3542 5489 quod

1957 5493 2185 5558 dixistis,
2218 5509 2317 5550 nec
2363 5511 2577 5551 causam
2606 5513 2801 5565 causai,
2835 5518 2933 5558 nec
2965 5519 3250 5573 personam
3295 5510 3542 5580 prmjuili-

1957 5600 2081 5641 care
2105 5597 2368 5655 personae.
2392 5589 2671 5654 Quomodo
2696 5607 2823 5663 ergo
2855 5606 3027 5664 potest
3052 5613 3212 5653 causa
3234 5608 3289 5655 et
3312 5617 3540 5672 persona

1957 5703 2161 5781 {sane}
2172 5696 2495 5781 fylkctioni
2524 5702 2725 5754 similior
2748 5712 2824 5756 est
2852 5705 3025 5770 altera,
3049 5722 3098 5759 ιι.
3120 5709 3199 5774 52,
3234 5712 3316 5765 ubi
3342 5712 3540 5781 legitur,

1960 5766 2144 5812 ceruum
2165 5762 2333 5819 ferme.

2030 5826 2045 5855 ι
2080 5830 2130 5871 In
2152 5830 2278 5887 uss,
2301 5820 2345 5874 si
2368 5835 2492 5877 coco.
