4024 6196
461 382 560 435 055

461 490 724 547 timeiliani
774 482 1118 556 plmjudicare
1146 476 1300 530 nobis
1319 478 1342 525 Ἰ
1371 475 1474 526 Aut
1500 471 1542 523 si
1575 485 1679 523 non
1710 466 2037 537 pra-judicat,

462 600 625 655 quare
656 554 973 647 separantini
1002 587 1031 624 a
1064 567 1254 623 nobis?
1283 567 1467 620 Dicant
1491 562 1651 617 etiam
1684 558 1934 613 Ecclesia:
1975 554 2041 608 ad

462 645 591 744 quas
639 645 832 725 Paulus
859 662 1128 734 apostolus
1172 657 1390 720 scribit,
1425 655 1782 706 Romanorum
1803 689 1819 713 ,
1849 645 2042 700 Coriu-

464 736 692 821 tliiorum
719 805 734 827 ,
764 753 1219 826 Pliilippensium,
1252 744 1642 805 Colossensium
1662 783 1677 807 ,
1706 736 2045 795 Thessaloni—

452 856 737 919 ecnsium;
770 866 890 905 nam
922 848 991 902 de
1021 844 1224 900 Galatia
1255 852 1309 899 et
1355 838 1565 906 Epheso
1592 848 1748 901 supra
1777 832 1885 899 jam
1930 828 2043 881 dic-

467 961 577 1001 tum
606 956 687 1001 est
715 962 728 999 :
756 943 933 997 dicant
961 950 1089 1007 ergo
1117 946 1169 989 et
1195 935 1326 995 ἱειιε,
1362 930 1593 982 Litteras
1622 923 1686 977 ad
1731 938 1826 976 nos
1850 921 2003 974 datas
2029 960 2041 978 .

466 1041 678 1103 fratres,
713 1032 946 1106 quotidie
996 1028 1209 1097 legitis,
1256 1025 1344 1091 qui
1387 1019 1548 1073 vultis
1595 1015 1769 1070 adhuc
1812 1026 1932 1066 esse
1979 1009 2047 1064 de

465 1142 611 1201 pnrte
644 1104 845 1184 Donati.
883 1125 934 1176 lu
968 1123 1093 1191 ipsis
1138 1114 1382 1186 Ep’stolis
1413 1128 1506 1181 per
1534 1124 1725 1163 nomen
1771 1104 1918 1176 pacis
1950 1117 2047 1155 nos

473 1191 754 1291 apostolus
783 1215 1058 1275 salutavit,
1095 1210 1299 1271 dicens,
1333 1203 1508 1257 Gratia
1530 1200 1664 1253 robis
1692 1206 1738 1251 et
1767 1212 1867 1266 pax
1889 1211 1920 1245 a
1943 1191 2047 1245 Deo

472 1287 626 1371 Putre
654 1325 698 1367 et
732 1309 944 1363 Domino
970 1305 1092 1358 Jexu
1116 1301 1333 1355 Christo.
1368 1296 1541 1363 Quare
1573 1305 1754 1361 pacem
1783 1290 1833 1342 in
1854 1287 2049 1341 nostris

472 1407 727 1479 Epistolis
765 1399 989 1471 legendo
1020 1394 1299 1455 didicistis,
1327 1399 1380 1443 et
1406 1402 1523 1443 eam
1553 1384 1829 1439 nobiscum
1864 1389 2047 1479 tenere

468 1468 756 1554 noluistis?
787 1468 840 1545 In
868 1502 970 1544 tam
1002 1483 1302 1554 longinquis
1331 1479 1485 1534 terris
1517 1487 1663 1529 trans
1688 1486 1834 1525 mare
1865 1468 1995 1538 posit
2022 1482 2048 1519 s

471 1590 656 1644 Afrum
689 1585 842 1637 nobis
874 1579 1102 1647 objicitis
1150 1573 1491 1628 Caecilianum
1524 1585 1539 1621 :
1566 1574 1710 1619 certe
1738 1576 1920 1616 verum
1971 1567 2053 1613 est

462 1680 609 1751 quod
638 1675 866 1736 dixistis,
914 1668 1023 1723 Nec
1054 1681 1218 1720 causa:
1253 1679 1406 1716 causa
1448 1658 1780 1729 prtrjudicat,
1822 1669 1912 1707 nec
1939 1668 2051 1722 per-

464 1744 608 1825 sona:
636 1781 866 1835 persona.
899 1763 1027 1828 Qua:
1056 1768 1136 1811 est
1167 1758 1265 1809 ista
1300 1754 1501 1823 privata
1529 1758 1583 1803 et
1610 1744 1891 1816 pecoliaris
1928 1759 2053 1797 san-

468 1858 742 1920 ctificatio,
770 1869 871 1923 qua
901 1851 1051 1905 vobis
1076 1849 1200 1902 licet
1242 1854 1299 1899 ut
1328 1843 1465 1896 Afra:
1492 1842 1627 1911 parti
1663 1837 1853 1892 Donati
1895 1848 2052 1888 causa

475 1969 578 2005 non
611 1948 917 2019 pra‘judicet
948 1943 1055 1996 Afri
1085 1937 1357 2001 Primiani,
1401 1950 1498 1988 nec
1528 1945 1769 1999 persona)
1801 1925 2051 1982 Primiani

473 2018 906 2111 Carthaginiensis
923 2034 1226 2105 pra~judicct
1244 2042 1470 2098 persona
1491 2023 1755 2079 Mustitani
1778 2018 2050 2079 Feliciani,

472 2145 529 2190 et
552 2135 615 2188 ad
645 2148 741 2187 nos
772 2130 1015 2184 Africana
1041 2122 1344 2194 pra-judicia
1379 2129 1482 2172 tam
1516 2117 1672 2185 longe
1699 2113 1974 2167 mittantur
1999 2118 2057 2162 ιιι

478 2227 627 2281 nobis
654 2221 961 2293 przcjudicet
989 2230 1149 2271 causa
1181 2209 1493 2266 Caeciliani?

547 2319 598 2371 5.
636 2290 782 2369 Dicat
825 2311 984 2367 etiam
1023 2304 1286 2361 catholica
1329 2298 1570 2356 Ecclesia
1615 2297 1668 2351 in
1714 2295 1827 2364 ipsa
1876 2290 2055 2346 Africa

478 2408 762 2465 constituta
802 2412 858 2457 et
889 2416 982 2470 per
1010 2412 1193 2467 pacem
1230 2403 1387 2461 atque
1414 2390 1670 2444 unitatem
1711 2384 1907 2439 Christi
1954 2382 2059 2436 illis

477 2499 722 2553 munibus
763 2490 1139 2549 communione
1184 2485 1427 2555 cepulata
1460 2498 1473 2535 :
1507 2480 1649 2535 dicat
1693 2478 1855 2532 etiam
1905 2475 2017 2543 ipsa
2041 2513 2057 2538 ,

462 2591 586 2645 .Ncc
614 2588 741 2642 milii
769 2581 1037 2639 Caeciliani
1081 2593 1239 2634 causa
1283 2573 1591 2645 prarjndicat
1616 2611 1632 2638 ,
1674 2579 1859 2625 contra
1901 2582 2059 2637 quem

479 2686 752 2739 absentem
798 2673 1129 2745 septuaginta
1167 2669 1540 2738 episcoporum
1571 2672 1653 2717 est
1689 2661 1893 2730 prolata
1936 2673 2060 2711 sen-

482 2774 683 2833 téntia;
716 2770 837 2840 quia
884 2780 988 2820 non
1029 2759 1336 2833 pra‘judieat
1368 2755 1620 2810 Ecclesia:
1647 2768 1765 2822 qua:
1795 2760 1906 2804 toto
1932 2748 2063 2801 orbe

479 2863 793 2921 diffunditur
843 2860 893 2913 in
952 2856 1104 2925 cujus
1140 2848 1518 2907 communione
1566 2857 1858 2916 permaneo
1912 2860 1924 2896 :
1975 2848 2066 2893 aut

479 2967 627 3012 certe
655 2951 964 3025 pra'judicet
1004 2947 1137 3014 parti
1176 2944 1364 3001 Donati
1396 2955 1555 2995 causa
1586 2935 1877 3001 Primiani,
1904 2949 2065 3003 quem

481 3052 562 3105 sui
593 3024 812 3116 collega:
853 3042 1100 3098 similiter
1126 3038 1401 3093 absentem
1444 3029 1813 3086 nurnerosiore
1840 3024 2066 3080 concilio

480 3142 891 3196 damnaverunt.
922 3132 979 3187 Si
1020 3138 1197 3185 autem
1224 3126 1360 3180 ideo
1404 3139 1510 3179 non
1555 3120 1901 3191 praeiudicat,
1943 3116 2066 3185 quia

482 3248 584 3286 nec
610 3244 765 3285 causa
791 3239 995 3287 causis,
1028 3235 1127 3275 nec
1150 3230 1375 3289 persona
1400 3227 1669 3285 personui,
1698 3209 1865 3264 multo
1902 3207 2069 3275 magis

484 3322 743 3380 servanda
789 3326 872 3373 cst
914 3316 1011 3371 ista
1046 3311 1254 3382 justitia
1294 3322 1419 3378 erga
1461 3305 1719 3360 unitatem
1751 3299 2068 3355 catholicam

485 3415 703 3477 Christi,
735 3415 777 3464 si
805 3425 922 3464 cam
949 3404 1150 3462 servari
1181 3416 1308 3472 erga
1335 3414 1393 3454 se
1425 3394 1662 3466 postulat
1700 3407 1825 3462 pars
1858 3388 2066 3444 Donati.

476 3508 601 3560 Jloc
632 3500 872 3558 Ecclesia
916 3495 1179 3551 catholica
1211 3493 1263 3547 in
1301 3488 1481 3543 Africa
1526 3484 1815 3539 coastituta
1861 3478 2069 3549 procla-

490 3605 599 3648 mat
636 3611 647 3645 :
679 3592 723 3646 Ο
765 3603 889 3659 pars
939 3582 1170 3647 Donati,
1218 3590 1272 3634 tu
1304 3580 1402 3633 ista
1429 3576 1591 3630 verba
1616 3571 1833 3635 dixisti,
1881 3581 1935 3625 tu
1974 3570 2072 3623 ista

486 3688 650 3742 verba
685 3694 769 3737 tua
800 3676 1150 3749 recognovisti
1168 3715 1185 3741 ,
1220 3683 1273 3727 tu
1300 3670 1417 3724 istis
1447 3667 1625 3723 verbis
1650 3666 1809 3720 etiam
1837 3661 2073 3719 subscri-

484 3780 639 3850 psisti
667 3821 681 3843 ,
714 3775 821 3830 Nec
847 3787 1004 3826 causa
1032 3783 1199 3823 causa
1218 3807 1233 3833 ,
1262 3779 1352 3819 nec
1378 3776 1592 3833 persona
1632 3756 2075 3829 perwnrevpraeju-

480 3846 647 3925 dicat.
689 3867 801 3937 Ego
832 3865 973 3919 inter
1000 3859 1219 3930 spiritus
1256 3855 1381 3908 olim
1419 3849 1868 3920 requiescentium
1908 3846 2075 3901 recito

494 3963 836 4021 (lmcilianum
863 3999 877 4023 ,
910 3968 964 4010 tu
994 3952 1171 4008 adhuc
1200 3947 1347 4002 vides
1385 3955 1440 4000 et
1472 3953 1646 3997 tecum
1680 3940 1843 3995 habes
1873 3937 1926 3997 in
1953 3951 2075 3993 eor-

484 4072 623 4126 .pore
655 4051 1002 4110 Fclicianum,
1046 4059 1074 4097 a
1106 4058 1211 4112 quo
1240 4039 1523 4094 damnatus
1549 4042 1635 4088 est
1661 4031 1980 4086 Primianus.
2020 4028 2075 4082 ιιι

494 4124 606 4215 ipsa
638 4140 890 4199 Primiani
916 4151 1074 4193 causa
1097 4133 1418 4187 Feliciauum
1446 4124 1730 4182 damnasti.
1759 4132 1813 4177 et
1830 4137 1951 4177 eum
1980 4135 2077 4189 po-

497 4251 610 4293 stea
636 4238 773 4291 sicut.
791 4241 934 4293 erat,
963 4230 1270 4298 episcopum
1301 4222 1573 4277 Primiano
1619 4218 1819 4287 tibique
1838 4215 2075 4270 sociasti.

496 4330 551 4384 Si
589 4337 793 4381 tantum
825 4323 964 4376 valet
1000 4317 1142 4388 quod
1184 4329 1284 4369 nec
1320 4326 1481 4367 causa
1520 4323 1696 4364 causa:
1730 4304 2077 4376 pnrjudicat,

500 4435 596 4475 nec
626 4429 851 4487 persona
884 4423 1160 4481 personae,
1203 4415 1261 4459 ut
1296 4404 1388 4457 tibi
1430 4418 1535 4457 non
1579 4398 1889 4470 prwjudicet
1924 4394 2083 4449 hodie

500 4485 673 4565 tecum
703 4505 929 4559 viventis
956 4498 1262 4556 communio
1303 4492 1600 4558 Feliciani;
1647 4489 1776 4544 mihi
1814 4485 2082 4558 quomodo

501 4598 808 4673 prwjudicat
836 4596 960 4648 olim
991 4591 1224 4648 defuncti
1254 4587 1508 4644 memoria
1537 4581 1834 4640 Cieciliani?

574 4694 627 4748 6.
661 4688 797 4759 Quid
829 4687 894 4741 ad
924 4688 1022 4741 ista
1063 4681 1422 4752 respondent,
1468 4678 1557 4747 qui
1602 4675 1753 4729 vobis
1790 4673 1966 4728 adhuc
1998 4672 2082 4742 ja-

501 4794 647 4839 ctant
677 4781 852 4836 inania
874 4820 888 4842 ,
929 4787 984 4832 et
1016 4790 1127 4831 suae
1156 4774 1355 4837 saluti,
1396 4772 1439 4824 si
1485 4784 1592 4823 non
1624 4782 1683 4821 se
1711 4765 2081 4830 correxerint,

505 4877 741 4931 nocitura
782 4868 1104 4927 mendacia?
1130 4865 1266 4932 Quid
1295 4864 1470 4917 adhuc
1506 4861 1688 4914 dicunt
1720 4873 1816 4913 nos
1851 4857 2084 4927 judicent

501 4968 823 5038 corrupisse,
855 4973 910 5017 ut
940 4977 1035 5031 pro
1061 4960 1213 5014 nobis
1234 4954 1494 5010 sententia
1518 4949 1887 5023 proferretur?
1920 4948 2088 5004 Num-

507 5062 630 5130 quid
664 5071 714 5113 et
749 5058 876 5112 tanti
908 5052 1045 5124 apud
1074 5066 1168 5104 vos
1197 5047 1372 5103 meriti
1401 5047 1713 5115 episcOpum
1741 5041 2090 5112 pramlarissi-

502 5170 648 5208 ιιιιιιιι
677 5151 1011 5205 defensorem
1043 5141 1381 5208 corrUpimus
1401 5177 1418 5204 ,
1450 5147 1505 5190 ut
1532 5151 1627 5205 pro
1667 5133 1823 5189 nobis
1862 5132 1984 5186 talia
2014 5131 2093 5184 lo-

505 5253 757 5315 queretur
786 5238 904 5311 (a)?
935 5237 1044 5289 lloc
1072 5235 1214 5288 enim
1250 5230 1536 5300 agebamus
1575 5226 1822 5280 omnibus
1853 5223 2052 5277 viribus
2075 5261 2091 5286 ,

510 5337 609 5391 huc
651 5333 980 5387 instabamns
1010 5369 1023 5389 ,
1066 5334 1123 5377 ut
1148 5323 1417 5379 Caiciliani
1447 5334 1607 5373 causa
1638 5327 1796 5386 atque
1825 5328 2052 5383 persona
2078 5355 2091 5378 ,

496 5428 914 5496 qualiscumque
942 5419 1033 5472 ille
1061 5416 1239 5479 fuerit,
1267 5412 1332 5466 ad
1363 5425 1577 5467 causam
1606 5419 1660 5463 et
1686 5420 1966 5477 personam
2002 5406 2099 5458 Ec-

510 5521 721 5580 Clesizu,
768 5527 923 5583 quam
961 5509 1101 5563 Dens
1142 5507 1253 5560 suis
1294 5504 1492 5558 sanctis
1524 5499 1841 5555 testimoniis
1880 5502 2100 5550 robora-

514 5613 608 5666 vit.
633 5624 739 5663 non
770 5603 1040 5674 pertinere
1068 5596 1461 5651 ostenderetur.
1491 5593 1603 5648 [loc
1628 5590 1921 5661 agebamus
1939 5588 2098 5640 etiam

522 5696 956 5754 simtllludlnlbus
983 5688 1324 5759 (lVﬂngtfllClS,
1360 5697 1415 5741 ut
1445 5700 1602 5742 causa
1629 5694 1679 5741 et
1708 5694 1933 5754 persona
1965 5680 2101 5736 ziza-

502 5792 507 5799 ’
572 5810 651 5867 (ιι)
684 5807 894 5855 Indicare
916 5804 1104 5855 videtur
1125 5806 1401 5848 Emerttum.

1202 362 1291 416 Αῐ)
1334 354 1752 414 [ιοΝΑτιετιδ
1794 349 1960 407 PUST
1999 347 2497 413 COLLATIONEM,
2547 350 2602 402 S.
2648 346 3008 404 AUGUSTINI

3614 339 3720 398 656

2152 462 2359 515 niorum
2386 477 2493 515 non
2519 462 2889 531 pra'judicaret
2928 476 3101 515 causa:
3138 469 3194 513 et
3240 473 3483 528 personae
3524 460 3687 513 tritici
3713 502 3728 520 .

2126 554 2392 624 ’quamvis
2431 554 2482 608 in
2523 553 2713 607 eodem
2738 568 2867 623 agro
2903 552 3091 607 eadem
3132 551 3304 621 pluvia
3336 551 3490 604 simul
3520 564 3733 605 cresco-

2151 658 2270 700 rent
2309 662 2477 717 usque
2504 646 2570 700 ad
2601 661 2831 701 messem
2851 688 2865 709 ,
2891 644 3103 715 quando
3128 644 3365 712 separari
3400 652 3710 711 oporteret:

2152 748 2210 793 ut
2231 754 2388 793 causa
2419 748 2473 793 et
2498 754 2721 809 persona
2757 737 2925 807 palea:
2960 750 3063 790 non
3093 734 3463 805 pracjudicarct
3490 749 3733 804 personae

2152 829 2426 893 frumenti,
2450 830 2693 899 quamvis
2716 830 2765 882 in
2792 827 2983 882 eadem
3007 841 3130 880 arca
3148 826 3307 881 simul
3337 827 3731 886 triturarentnr.

2153 920 2327 975 donec
2357 920 2647 974 novissima
2676 918 3021 973 ventilatione
3047 926 3423 984 separarentur
3450 934 3463 968 :
3495 926 3552 969 ut
3574 930 3729 971 causa

2152 1022 2205 1067 et
2234 1027 2460 1082 persona
2492 1012 2764 1066 laetiorum
2798 1027 2900 1064 non
2930 1010 3300 1079 pnejudicaret
3322 1024 3501 1063 caesia
3526 1021 3580 1064 et
3613 1024 3733 1078 per-

2153 1119 2300 1158 sonm
2326 1105 2536 1167 ovium,
2578 1103 2819 1171 quamvis
2852 1102 3224 1155 communibus
3265 1101 3476 1169 pascuis
3512 1109 3735 1169 utraque

2155 1210 2345 1263 pecora
2378 1194 2637 1263 permixta
2663 1204 2962 1257 serventur,
2995 1192 3167 1247 donec
3192 1207 3220 1244 a
3250 1202 3464 1260 pastore
3492 1207 3735 1255 summu,

2157 1288 2207 1342 in
2232 1286 2431 1356 judicio
2459 1286 2767 1344 novissimo.
2794 1284 2884 1337 alii
2913 1284 2979 1337 ad
3007 1283 3301 1348 sinistram,
3333 1284 3419 1337 alii
3450 1284 3517 1337 ad
3546 1284 3732 1338 dexte-

2156 1395 2271 1434 ram
2299 1385 2647 1447 segrcgentur
2677 1394 2691 1430 :
2726 1388 2783 1430 ut
2809 1391 2967 1430 causa
3000 1385 3052 1430 et
3081 1391 3310 1445 persona
3356 1376 3578 1444 piscium
3621 1393 3737 1431 ma-

2157 1470 2326 1523 lorum
2358 1484 2463 1523 non
2510 1468 2880 1538 praeiudicaret
2918 1482 3097 1522 causa:
3136 1475 3192 1520 et
3232 1481 3473 1535 personae
3511 1467 3737 1536 piscium

2158 1563 2450 1625 bonorum,
2495 1561 2738 1631 quamvis
2781 1560 2916 1613 intra
2961 1559 3149 1613 eadem
3177 1560 3311 1612 retia
3346 1568 3656 1611 tenerentur
3686 1559 3737 1611 in

2157 1664 2400 1707 extremo
2445 1652 2622 1704 littore
2668 1650 2973 1719 separandi,
3021 1650 3123 1703 hoc
3162 1658 3264 1713 est,
3313 1648 3363 1700 in
3391 1648 3497 1701 line
3536 1648 3739 1710 maris,

2158 1744 2298 1815 quod
2328 1743 2593 1813 significat
2626 1743 2781 1796 linem
2819 1743 2997 1795 smeuli
3027 1741 3242 1811 (Matth.
3276 1756 3365 1802 Ill,
3397 1755 3486 1792 xm
3510 1749 3558 1791 et
3589 1738 3739 1797 xxv).

2158 1836 2361 1902 Quilms
2402 1834 2664 1903 parabolis
2690 1843 2743 1887 et
2784 1832 2966 1900 figuris
3000 1832 3235 1886 Ecclesia
3281 1830 3632 1897 prmnuntiata
3660 1838 3744 1879 est

2161 1941 2328 1995 usque
2367 1925 2430 1977 ad
2465 1927 2621 1978 linem
2664 1923 2846 1977 saeculi
2889 1924 3058 1975 honos
3099 1930 3152 1974 et
3190 1921 3359 1974 malos
3400 1921 3557 1973 simul
3588 1919 3742 1971 habi-

2162 2026 2301 2079 tura,
2344 2016 2412 2067 ita
2456 2025 2510 2068 ut
2536 2014 2663 2069 mali
2690 2014 2844 2067 bouis
2867 2014 3056 2067 obesse
3086 2028 3188 2065 nou
3215 2011 3463 2081 possint,
3492 2024 3612 2063 cum
3656 2008 3741 2060 vel
3794 2036 3803 2043 -

2162 2107 2477 2175 ignorantur
2502 2146 2515 2168 ,
2572 2107 2654 2158 vel
2692 2118 2790 2173 pro
2832 2119 2961 2172 pace
2987 2114 3039 2156 et
3071 2103 3452 2171 tranquillitate
3488 2101 3744 2155 Ecclesia:

2166 2199 2484 2261 tolerantur,
2510 2196 2552 2250 si
2581 2210 2678 2250 eos
2706 2195 2856 2262 prodi
2887 2202 2978 2247 aut
3007 2194 3243 2247 accusari
3273 2208 3378 2246 non
3412 2191 3745 2259 oportuerit,

2163 2297 2253 2341 aut
2279 2287 2397 2341 aliis
2433 2288 2585 2340 bonis
2626 2302 2731 2340 non
2764 2285 3044 2354 potuerint
3062 2282 3416 2337 demonstrari
3452 2299 3466 2335 :
3505 2282 3577 2334 ita
3616 2295 3750 2335 sane

2166 2390 2222 2432 ut
2249 2395 2345 2433 nec
2383 2378 2772 2433 emendationis
2802 2376 3069 2446 vigilantia
3096 2376 3354 2446 quiescat,
3380 2373 3746 2444 corripiendo,

2164 2469 2527 2539 degradaiido,
2560 2468 3091 2526 excommunicando.
3126 2467 3441 2538 cretei-isque
3465 2467 3748 2521 coercitio-

2152 2562 2325 2616 nibus
2354 2560 2511 2615 licitis
2539 2558 2697 2629 atque
2724 2559 3023 2621 concessis,
3055 2574 3174 2627 qua:
3200 2560 3342 2613 salva
3375 2559 3590 2612 unitatis
3618 2573 3751 2626 paco

2168 2656 2221 2709 in
2252 2655 2487 2709 Ecclesia
2518 2653 2754 2722 quotidie
2786 2652 2918 2706 liuut
2942 2651 3236 2705 secundum
3266 2659 3587 2720 pratceptum
3617 2664 3748 2717 apo-

2168 2747 2413 2800 stolicum
2444 2745 2703 2799 charitate
2732 2753 2940 2797 servata
2962 2784 2975 2803 ,
3004 2744 3096 2812 qui
3122 2742 3290 2806 dixit,
3328 2741 3387 2796 Si
3427 2744 3537 2810 quis
3577 2752 3751 2794 autem

2160 2853 2270 2888 non
2309 2836 2513 2888 obaadit
2542 2834 2690 2888 verba
2731 2844 2901 2887 nostro
2940 2850 3027 2903 per
3049 2834 3316 2901 epistolam
3338 2874 3353 2897 ,
3387 2834 3517 2884 hunc
3544 2842 3752 2893 notate;

2171 2939 2215 2982 et
2246 2931 2399 2982 nolite
2425 2928 2735 2983 commisceri
2772 2943 2890 2979 cum
2921 2942 3008 2987 eo,
3043 2935 3097 2977 ut
3131 2925 3427 2986 erubescat;
3467 2934 3513 2974 ct
3550 2939 3652 2975 non
3696 2934 3754 2973 nt

2170 3022 2432 3075 inimicum
2457 3020 2769 3079 existimetis,
2794 3017 2881 3071 sed
2906 3006 3144 3086 corripite
3169 3024 3218 3067 ut
3251 3022 3457 3085 fratrem
3484 3014 3547 3080 (II
3572 3013 3751 3066 Thess.

2171 3131 2250 3180 ιιι,
2285 3114 2369 3175 Η,
2408 3114 2516 3182 15).
2552 3112 2642 3168 Sic
2668 3112 2811 3165 enim
2835 3119 2889 3165 et
2912 3109 3190 3178 disciplina
3218 3116 3394 3161 servat
3424 3106 3753 3175 patientiam,

2172 3215 2230 3261 et
2258 3204 2507 3275 patientia
2530 3211 2791 3271 temperat
2810 3200 3142 3269 disciplinam
3165 3215 3179 3263 ;
3203 3209 3256 3252 et
3276 3207 3556 3265 utrumque
3585 3194 3755 3250 refer-

2176 3308 2261 3353 tur
2289 3297 2357 3352 ad
2384 3295 2723 3356 cbaritatcm,
2755 3308 2822 3347 ne
2853 3296 2987 3346 forte
3012 3302 3103 3345 aut
3131 3290 3515 3358 iudisciplinata
3544 3290 3754 3357 patien-

2176 3390 2245 3443 tia
2277 3390 2450 3442 foveat
2477 3386 2828 3457 iniquitatem,
2860 3393 2950 3439 aut
2980 3384 3259 3452 impatiens
3284 3382 3561 3453 disciplina
3596 3381 3757 3435 dissi-

2177 3490 2265 3550 pet
2294 3480 2573 3532 unitatem.

2245 3570 2474 3626 CAPUT
2517 3570 2579 3625 V.
2609 3597 2679 3610 -—
2721 3571 2775 3623 7.
2805 3568 2907 3623 ista
2936 3584 3056 3623 cum
3088 3568 3217 3622 fiunt
3245 3584 3275 3621 a
3303 3568 3493 3633 bonis,
3544 3583 3653 3622 non
3681 3569 3760 3622 iu-

2178 3666 2465 3735 quinantur
2501 3678 2531 3717 a
2572 3663 2758 3725 malis;
2789 3663 2910 3729 quia
2939 3675 3038 3715 nec
3062 3675 3247 3714 eorum
3275 3659 3503 3728 peccatis
3526 3674 3760 3714 consen-

2180 3757 2361 3812 tiendo
2387 3755 2803 3820 communicant,
2827 3753 2970 3808 etab
2987 3753 3088 3819 eis,
3115 3761 3171 3807 et
3195 3752 3240 3805 si
3263 3768 3363 3805 non
3386 3752 3656 3820 corporali
3678 3767 3762 3805 se.

2180 3848 2520 3919 grcgatione,
2560 3855 2735 3917 tamen
2784 3845 3046 3913 spirituali
3093 3846 3215 3897 vita:
3251 3843 3686 3897 dissimilitudine
3709 3853 3761 3897 et

2182 3955 2388 3994 morum
2425 3938 2732 3992 diversitate
2773 3936 3096 3998 discedunt,
3144 3949 3212 3989 eo
3249 3934 3409 3989 modo
3446 3934 3758 3990 obedientes

2183 4036 2455 4101 pr:eccpto
2479 4028 2749 4083 dominico
2776 4041 2883 4096 quo
2908 4026 3004 4093 ait,
3034 4025 3289 4079 Discedite
3307 4026 3445 4090 inde,
3467 4036 3515 4079 et
3542 4027 3765 4078 immun-

2182 4122 2305 4175 dum
2332 4137 2395 4175 ne
2420 4120 2681 4189 tetigeritis
2723 4117 2875 4188 (Isai.
2909 4134 3015 4185 ut,
3061 4116 3174 4188 Η).
3204 4116 3335 4171 Nam
3379 4118 3468 4186 qui
3514 4117 3619 4171 hoc
3660 4133 3766 4170 non

2186 4211 2535 4280 spiritualiter
2562 4208 2952 4264 observandum
2980 4216 3163 4277 putant
3185 4247 3200 4273 ,
3227 4208 3528 4277 arrogantia
3556 4207 3769 4260 vanita-

2178 4305 2254 4359 tis
2296 4305 2345 4357 in
2389 4302 2513 4355 illud
2546 4301 2787 4355 incidunt
2829 4300 2969 4369 quod
3015 4316 3110 4369 per
3154 4298 3402 4353 eumdem
3454 4298 3769 4367 prophetam

2187 4396 2444 4449 Dominus
2482 4393 2775 4447 detestatur
2799 4392 2982 4446 dicens
3001 4433 3015 4454 ,
3051 4390 3150 4456 Qui
3183 4389 3388 4455 dicunt,
3417 4390 3523 4442 noli
3550 4406 3630 4442 me
3658 4399 3774 4442 tau-

2184 4506 2299 4560 gere
2322 4529 2335 4552 ,
2372 4486 2610 4557 quoniam
2646 4484 2867 4538 mundus
2893 4501 3024 4548 sum,
3051 4484 3130 4536 hic
3159 4484 3174 4514 ¹
3210 4486 3379 4554 fumus
3404 4483 3772 4552 indignationis

2188 4594 2310 4631 mete
2337 4576 2449 4649 (Id.
2476 4591 2603 4642 va,
2634 4576 2712 4646 5).
2745 4574 2859 4629 Hoc
2884 4574 3119 4645 episeopi
3153 4575 3309 4628 vestri
3341 4572 3641 4629 faciendum
3668 4590 3773 4643 pu—

2190 4678 2432 4726 taverunt
2455 4708 2471 4735 ,
2516 4667 2728 4739 quando
2752 4668 2989 4737 utrisque
3024 4675 3264 4722 nostrum
3305 4682 3335 4720 a
3380 4666 3554 4735 iudice
3592 4666 3781 4721 oblato

2188 4775 2468 4825 consessu,
2512 4760 2785 4816 nobiseum
2810 4760 3001 4815 sedere
3028 4760 3343 4824 noluerunt,
3370 4759 3611 4814 dicentes
3637 4762 3783 4814 scri-

2193 4868 2340 4927 ptum
2368 4855 2467 4911 sibi
2496 4870 2617 4910 esse
2636 4895 2650 4918 ,
2680 4869 2746 4909 ne
2775 4869 2894 4908 cum
2925 4854 3114 4908 talibus
3151 4853 3393 4919 sedeant,
3440 4853 3567 4909 illud
3595 4853 3788 4923 utique

2196 4965 2300 5002 non
2330 4948 2719 5019 spiritualiter,
2768 4946 2863 5002 sed
2907 4948 3193 5001 carnaliter
3230 4948 3592 5017 intelligentcs
3633 4949 3783 5016 quod

2196 5042 2250 5095 in
2279 5041 2489 5095 Psalmo
2514 5040 2742 5109 positum
2772 5049 2874 5107 est,
2908 5038 2976 5091 Et
3003 5056 3119 5092 cum
3145 5040 3316 5109 impiis
3344 5056 3444 5092 non
3472 5040 3650 5093 sedebo
3685 5053 3707 5091 .‘
3734 5050 3791 5093 et

2200 5144 2377 5187 tamen
2408 5133 2648 5187 fecerunt
2677 5132 2817 5201 quod
2857 5134 2910 5185 in
2943 5131 3130 5186 eodem
3160 5132 3276 5200 ipso
3306 5133 3423 5186 loco
3450 5131 3648 5185 Psalmi
3683 5146 3789 5200 pa-

2200 5225 2330 5278 riter
2359 5224 2688 5291 prohibetur.
2718 5223 2846 5276 Nam
2880 5224 2947 5277 ibi
2977 5223 3103 5277 dicit
3134 5223 3418 5291 Propheta,
3454 5222 3519 5276 Et
3544 5239 3655 5275 cum
3680 5223 3788 5275 ini-

2199 5331 2296 5385 qua
2323 5313 2603 5384 gerentibus
2636 5332 2733 5367 non
2760 5313 2974 5367 introibo
3000 5314 3170 5385 (l’sal.
3212 5330 3316 5367 xxv
3336 5356 3349 5379 ,
3382 5315 3435 5377 5,
3466 5312 3540 5384 4).
3575 5314 3628 5368 Si
3653 5328 3793 5383 ergo
3862 5354 3867 5357 -

2203 5408 2325 5476 quia
2358 5421 2454 5459 nos
2482 5408 2689 5475 iniquos
2716 5408 2796 5460 vel
2826 5415 3084 5459 noverant
3114 5407 3192 5459 vel
3223 5406 3496 5475 putabant,
3534 5406 3653 5459 ideo
3687 5422 3795 5458 no-

2205 5501 2409 5555 biscum
2440 5498 2629 5553 sedere
2657 5498 2976 5562 noluerunt;
3005 5512 3190 5567 quare,
3220 5496 3363 5566 quod
3394 5497 3640 5549 similiter
3663 5510 3797 5563 pro-

2208 5591 2438 5652 hibetur,
2484 5590 2758 5643 nobiscum
2801 5589 3140 5654 introierunt,
3186 5605 3247 5642 ex
3290 5595 3439 5659 parte
3470 5588 3681 5650 sancti,
3730 5601 3796 5640 ex

2271 5728 2289 5758 ¹
2323 5730 2374 5773 tn
2398 5725 2608 5780 excusis,
2634 5721 2702 5786 bi,
2726 5721 2897 5786 plurali
2921 5734 3144 5772 numero.
3190 5727 3246 5771 At
3282 5722 3328 5769 in
3354 5728 3476 5782 3155.,
3504 5718 3621 5781 hic;
3657 5721 3807 5784 juxta

2213 5800 2422 5853 graecum
2446 5794 2572 5848 LXX,
2596 5784 2742 5836 ούιοδζ
