4024 6196
257 383 349 443 657

257 511 398 573 parte
426 494 609 564 polluti
643 507 658 546 :
687 490 788 546 nisi
819 487 940 560 quia
964 486 1270 555 Scripturas
1295 491 1508 539 sanctas
1536 493 1642 535 non
1671 475 1829 573 intel-

260 569 464 659 ligendo
486 594 542 641 et
569 581 855 639 carnaliter
891 577 1148 649 sapiendo
1183 579 1350 647 ipsam
1383 575 1638 628 unitatem
1663 569 1824 624 dissi-

259 687 506 754 paverunt
529 677 556 730 ?

321 775 372 829 8.
406 772 519 827 Non
547 772 723 840 itaque
749 768 995 839 polluant
1023 764 1145 820 mali
1172 763 1342 818 bonos
1373 764 1424 815 in
1461 759 1650 815 eodem
1678 773 1826 828 agro,

258 868 305 920 in
331 865 516 918 eadem
545 877 688 926 area,
731 863 782 914 in
815 859 1016 914 eisdem
1055 856 1288 926 pascuis,
1321 853 1373 907 in
1398 852 1599 907 eisdem
1628 850 1832 904 retibus

257 954 560 1012 constituti:
589 953 712 1021 quia
753 967 858 1004 non
887 950 966 1004 eis
1003 947 1398 1002 communicant
1427 943 1581 1006 boni,
1622 941 1717 997 sed
1756 940 1834 993 al-

263 1047 356 1100 tari
384 1057 438 1100 et
466 1043 825 1100 Sacramentis
853 1041 968 1094 Dei.
996 1038 1403 1093 Commtmicant
1433 1044 1609 1089 autem
1637 1033 1791 1088 malis
1815 1073 1830 1098 ,

258 1137 342 1208 qui
367 1135 705 1191 consentiunt
745 1131 898 1186 factis
930 1132 1215 1185 malorum.
1237 1128 1506 1197 Scriptum
1537 1135 1619 1181 est
1644 1126 1786 1179 enim
1817 1143 1830 1178 :

261 1227 379 1283 Non
407 1227 570 1282 solum
597 1226 681 1294 qui
709 1224 902 1295 faciant
933 1240 1010 1287 ea,
1042 1237 1216 1276 verum
1236 1221 1388 1274 etiam
1407 1220 1493 1285 qui
1515 1219 1835 1272 consentiunt

259 1319 552 1393 facientibus
582 1318 757 1386 (Rom.
785 1332 836 1380 ι,
864 1315 980 1385 52).

322 1410 551 1467 CAP-UT
591 1408 676 1464 Vl.
706 1437 778 1448 -
812 1406 945 1464 Cum
971 1419 1102 1459 vero
1125 1405 1248 1458 mali
1280 1403 1427 1474 pacis
1451 1400 1834 1456 conservandae

258 1504 574 1564 necessitate
593 1502 906 1564 tolerantur,
933 1513 1039 1552 non
1061 1496 1350 1565 iniquitatis
1376 1493 1837 1551 communicanda:

257 1595 511 1650 societate
537 1598 859 1661 appetuntur
882 1629 897 1657 ,
947 1602 1005 1642 ut
1029 1604 1150 1644 cum
1195 1586 1413 1642 zizaniis
1443 1586 1672 1640 triticum
1703 1599 1834 1640 sua-

255 1703 372 1742 vem
404 1684 637 1756 pluviam
668 1684 869 1752 pariter
911 1682 1091 1744 bibat,
1127 1689 1303 1735 servet
1332 1691 1506 1733 tamen
1539 1678 1836 1733 ubertatem

253 1793 429 1844 suam,
453 1791 552 1831 nec
571 1783 914 1831 convertatur
939 1773 991 1826 in
1014 1771 1340 1826 zizaniorum
1361 1770 1716 1833 sterilitatem,
1743 1768 1836 1822 sed

258 1880 548 1936 utrumque
574 1866 734 1920 simul
762 1864 1020 1935 usquead
1063 1879 1292 1918 messem
1320 1870 1560 1927 crescat,
1595 1877 1661 1916 ne
1701 1861 1838 1916 forte

253 1977 374 2016 wm
401 1960 724 2028 colliguntur
745 1958 965 2018 zizania,
994 1955 1296 2010 eradicatur
1319 1954 1552 2007 simulet
1582 1953 1835 2016 triticum,

253 2050 455 2105 nullam
484 2063 602 2104 cum
635 2049 787 2102 bonis
818 2047 1013 2102 habent
1039 2047 1164 2101 mali
1193 2044 1651 2114 participationem
1690 2041 1836 2095 salu-

255 2143 323 2194 tis
347 2141 432 2194 vel
463 2139 793 2209 perditionis.
824 2138 950 2205 Qua:
978 2138 1110 2191 enim
1147 2136 1468 2205 participatio
1486 2135 1701 2204 justitite
1724 2150 1841 2186 cum

251 2233 560 2299 iniquitate?
585 2231 792 2286 Nullam
821 2245 941 2286 cum
973 2231 1126 2284 bonis
1151 2229 1349 2283 habent
1376 2228 1496 2281 mali
1531 2227 1839 2282 societatem

254 2326 428 2394 regni,
460 2335 551 2378 aut
579 2324 714 2394 ignis
739 2323 946 2377 aeterni.
981 2322 1108 2387 Quae
1136 2322 1278 2374 enim
1307 2321 1516 2373 societas
1549 2318 1647 2370 luci
1674 2318 1741 2370 ad
1765 2327 1840 2370 te-

251 2415 616 2470 nebras?Non
658 2414 852 2477 habth
901 2413 1025 2466 ntali
1071 2425 1190 2465 cum
1245 2410 1399 2464 bonis
1440 2408 1841 2464 consonantiam

249 2507 379 2562 vitae
411 2519 476 2560 ac
517 2504 820 2558 voluntatis.
870 2503 996 2569 Qua:
1020 2502 1162 2555 cnim
1206 2500 1535 2554 consonantia
1565 2497 1748 2553 Christi
1777 2496 1845 2548 ad

249 2598 425 2652 Belial
451 2597 477 2651 .’
499 2596 614 2652 Non
647 2595 847 2651 habent
882 2594 1008 2648 boni
1037 2609 1158 2647 cum
1189 2592 1345 2646 malis
1373 2601 1575 2660 partem
1600 2631 1612 2651 ,
1644 2605 1742 2643 nec
1786 2587 1842 2642 in

251 2704 417 2760 paena
443 2687 682 2743 criminis
711 2701 808 2740 nec
829 2685 881 2739 in
906 2683 1124 2753 praemio
1150 2682 1382 2751 pietatis.
1420 2681 1545 2747 Qua:
1564 2679 1705 2735 enim
1727 2695 1846 2748 pars

251 2780 400 2847 ﬁdeli
426 2795 540 2832 cum
565 2778 758 2846 inﬁdeli
792 2775 856 2847 (ll
898 2775 1014 2830 Cor.
1055 2791 1129 2841 vr,
1161 2775 1262 2840 l4,
1308 2772 1438 2844 15)?
1466 2773 1528 2826 Et
1555 2787 1676 2827 cum
1709 2772 1845 2825 intra

252 2871 455 2928 eadem
482 2870 610 2924 retia
641 2869 812 2924 donec
841 2867 906 2922 ad
929 2868 1074 2921 littus
1095 2865 1425 2936 perveniant,
1453 2864 1651 2934 pariter
1672 2862 1849 2917 divina

249 2964 606 3018 Sacramenta
639 2957 933 3028 percipiunt
955 2999 968 3022 ,
1002 2956 1091 3012 isti
1129 2955 1417 3018 sociantur,
1450 2954 1525 3009 illi
1550 2953 1848 3009 dissocian-

254 3063 346 3106 tur
373 3069 391 3116 ;
422 3053 505 3106 isti
528 3059 841 3114 consonant,
872 3050 946 3105 illi
968 3049 1276 3111 dissonant;
1307 3049 1390 3104 isti
1415 3047 1613 3102 habent
1641 3056 1846 3116 partem

255 3121 390 3200 cum
421 3141 806 3204 misericordia,
837 3139 910 3193 illi
939 3154 1060 3193 cum
1085 3139 1284 3209 judicio
1317 3155 1329 3191 :
1363 3138 1613 3207 quoniam
1643 3137 1850 3190 miseri-

251 3235 506 3290 cordiam
533 3243 585 3287 et
626 3231 882 3302 judicium
924 3237 1102 3284 cantat
1142 3230 1374 3284 Ecclesia
1422 3229 1648 3283 Domino
1679 3228 1846 3297 (Psal.

251 3341 282 3379 ις
307 3367 323 3389 ,
365 3324 420 3393 l)
455 3341 467 3376 :
501 3332 554 3378 et
583 3322 672 3391 qui
700 3320 983 3374 manducat
1005 3319 1239 3388 indigne,
1262 3319 1519 3388 judicium
1547 3335 1650 3372 non
1675 3319 1850 3384 alteri,

249 3413 358 3470 sed
393 3413 498 3468 sibi
531 3411 814 3466 manducat
853 3409 894 3480 (l
935 3409 1051 3463 Cor.
1096 3425 1144 3463 si
1172 3449 1186 3472 ,
1222 3409 1340 3480 29).
1387 3409 1465 3463 De
1505 3409 1619 3478 ipso
1661 3410 1854 3478 quippe

250 3519 432 3576 pane,
465 3512 518 3556 et
543 3502 610 3557 de
640 3502 753 3570 ipsa
779 3500 1043 3558 dominica
1071 3516 1230 3554 manu
1260 3511 1315 3554 et
1341 3499 1505 3554 ludas
1533 3509 1734 3569 partem
1754 3541 1768 3565 ,
1801 3507 1856 3553 et

251 3585 463 3649 Petrus
489 3592 692 3661 accepit
721 3609 737 3646 :
767 3600 820 3645 et
850 3599 1024 3644 tanien
1051 3605 1169 3660 quae
1215 3591 1442 3644 societas
1463 3630 1476 3652 ,
1513 3607 1630 3662 quin
1656 3605 1854 3645 conso-

251 3683 474 3748 nantia,
518 3697 637 3752 qua:
683 3697 804 3750 pars
852 3680 1008 3734 Petro
1056 3695 1176 3734 cum
1221 3679 1400 3734 Juda?
1444 3680 1707 3747 Quoniam
1755 3695 1854 3735 nec

253 3789 430 3831 causa
459 3787 636 3826 causa:
664 3771 995 3840 pratjudicat,
1027 3785 1126 3826 nec
1156 3784 1382 3838 persona
1413 3785 1676 3839 personae.

332 3867 395 3922 9.
431 3857 558 3920 Sive
586 3878 712 3933 ergo
738 3873 963 3928 exeant,
1007 3862 1074 3918 de
1113 3863 1306 3932 quibus
1344 3863 1594 3930 scriptum
1623 3873 1736 3927 est,
1774 3861 1858 3916 Ea:

255 3958 415 4012 nobis
443 3958 688 4020 exierunt,
720 3956 807 4009 sed
831 3972 931 4008 non
958 3964 1100 4008 erant
1125 3971 1187 4008 ea:
1221 3955 1362 4008 nobis
1390 3954 1432 4025 (ι
1456 3953 1612 4006 Joan.
1639 3970 1696 4018 ιι,
1724 3953 1813 4025 19)
1840 3972 1852 4008 :

255 4049 380 4104 sive
428 4047 571 4102 intus
596 4062 716 4102 esse
744 4046 1026 4100 videantur
1049 4089 1064 4112 ,
1096 4045 1163 4100 de
1189 4046 1378 4116 quibus
1421 4046 1608 4101 beatus
1635 4045 1856 4117 Cypria-

257 4155 368 4194 nus
399 4137 737 4207 apertissime
778 4137 1010 4206 loquitur
1034 4178 1048 4203 ,
1083 4136 1299 4203 dicens,
1333 4135 1472 4190 Nam
1510 4138 1602 4191 etsi
1631 4137 1861 4191 videntur

255 4231 312 4284 in
350 4231 586 4285 Ecclesia
615 4246 722 4284 esse
748 4229 947 4282 zizania
967 4270 982 4293 ,
1015 4245 1115 4282 non
1145 4238 1310 4282 tamen
1332 4229 1567 4297 impediri
1597 4230 1738 4284 debet
1771 4240 1859 4283 aut

259 4323 400 4390 ﬁdes
435 4329 526 4372 aut
568 4319 788 4373 charitas
831 4329 1032 4384 nostra;
1075 4329 1130 4372 ut
1167 4319 1406 4388 quoniam
1451 4321 1648 4374 zizania
1676 4337 1780 4375 esse
1808 4322 1861 4376 iu

261 4411 511 4466 Ecclesia
540 4412 786 4463 cernimus
807 4451 820 4474 ,
860 4411 960 4480 ipsi
1002 4412 1064 4463 de
1095 4410 1324 4465 Ecclesia
1351 4411 1640 4469 recedamus
1668 4411 1858 4482 (Epist.

260 4504 332 4556 ad
386 4501 720 4571 Maximum).
772 4499 974 4567 Quibus
1017 4501 1191 4555 verbis
1235 4501 1470 4571 episcopi
1514 4503 1677 4556 vestri
1731 4502 1860 4557 nihil

261 4597 502 4650 omnino
535 4595 646 4646 ausi
693 4605 816 4648 sunt
863 4594 1220 4664 respondere,
1263 4595 1506 4662 quamvis
1543 4595 1634 4649 ditt
1671 4594 1860 4649 frustra

262 4687 691 4752 contenderim,
724 4687 864 4755 quod
894 4704 992 4740 non
1032 4691 1083 4739 in
1119 4687 1342 4740 Ecclesia
1371 4687 1612 4756 prtedicta
1644 4689 1742 4742 sint
1778 4691 1862 4758 fll-

263 4792 390 4831 tnra
421 4779 643 4843 zizania,
671 4779 789 4848 quia
818 4778 943 4830 dixit
975 4776 1239 4839 Dominus,
1278 4795 1296 4828 ι
1334 4779 1466 4846 Ager
1502 4787 1575 4830 est
1602 4779 1684 4830 hic
1711 4796 1864 4832 mun-

263 4873 366 4924 dus
412 4890 432 4923 ι
468 4868 685 4940 (Matth.
727 4886 814 4923 χιιι
843 4912 855 4932 ,
887 4869 1014 4940 58);
1045 4885 1134 4922 nec
1160 4869 1286 4922 dixit
1307 4911 1321 4932 ,
1360 4873 1490 4939 Ager
1515 4881 1586 4923 est
1614 4867 1861 4924 Ecclesia.

264 4965 383 5019 Nos
415 4972 596 5017 autem
628 4963 880 5016 mundtnn
914 4976 1008 5032 pro
1038 4961 1289 5016 Ecclesia:
1315 4961 1696 5031 signiﬁcatione
1725 4965 1865 5032 posi~

267 5067 392 5109 tum
449 5054 793 5116 dicebamus,
845 5054 981 5106 sicut
1028 5055 1187 5107 etiam
1228 5051 1524 5124 Cyprianus
1569 5053 1864 5120 intellexit,

267 5151 402 5218 quia
443 5162 537 5215 per
577 5155 742 5199 totmn
784 5145 1036 5198 mundum
1081 5146 1248 5197 futura
1299 5145 1734 5214 prmﬁgnrabatnr
1765 5146 1867 5199 Ec-

269 5239 474 5312 clesia.
511 5237 662 5292 Unde
699 5237 770 5289 illi
801 5237 1067 5299 dicebant,
1101 5235 1342 5288 mundum
1371 5253 1564 5303 semper
1603 5236 1653 5288 in
1683 5235 1872 5290 malum

265 5329 714 5403 signiﬁcationem
747 5329 994 5396 positum;
1035 5335 1088 5380 et
1133 5327 1433 5380 testimonia
1476 5328 1542 5381 de
1585 5329 1874 5398 Scriptnris

251 5423 514 5486 dabant,
547 5419 666 5490 quia
699 5419 954 5488 scriptum
983 5427 1087 5480 est,
1120 5417 1179 5470 Si
1201 5419 1310 5488 quis
1337 5418 1568 5474 dilexerit
1594 5423 1872 5485 mundum,

268 5531 382 5567 non
415 5521 491 5564 est
519 5511 738 5563 charitas
766 5507 937 5563 Patris
959 5509 1009 5562 in
1036 5507 1128 5562 illo
1157 5507 1198 5578 (1
1222 5509 1378 5562 Joun.
1421 5525 1490 5573 ιι,
1526 5510 1616 5579 l5)
1646 5528 1658 5563 :
1693 5519 1745 5565 et
1770 5527 1876 5566 cu:-

271 5611 399 5659 tt-ra
441 5603 585 5656 talia.
617 5602 723 5656 Nos
748 5617 874 5655 vero
905 5617 1006 5654 non
1036 5602 1207 5655 solum
1253 5603 1304 5655 in
1336 5602 1560 5667 malam,
1599 5603 1690 5657 sed
1719 5605 1877 5658 etiam

272 5697 331 5751 in
367 5696 572 5748 bonum
600 5693 1039 5763 signiﬁcationem
1065 5693 1318 5747 mundum
1344 5693 1394 5747 in
1423 5693 1709 5764 Scriptnris
1741 5697 1880 5764 pasi-

274 5798 403 5842 tum
446 5786 919 5855 respondebamus,
953 5795 1006 5841 ct
1034 5788 1585 5842 connncmorabamus
1615 5789 1750 5844 inter
1774 5789 1876 5844 alia

1663 350 1867 420 LIBER
1901 361 2102 421 unus.

3413 371 3523 427 653

1941 477 2104 531 etiam
2138 479 2271 535 illud
2289 483 2436 552 quod
2463 483 2718 552 scriptum
2742 495 2823 539 est
2848 527 2864 548 ,
2905 486 3041 539 Mus
3075 496 3192 539 erat
3219 488 3270 540 in
3319 485 3517 541 Christi

1941 575 2186 629 mundum
2211 579 2545 635 reconcilians
2573 579 2666 634 sibi
2692 581 2758 652 (li
2791 579 2910 637 εον.
2949 598 3013 648 v,
3053 582 3140 653 l9)
3173 599 3186 634 :
3217 584 3310 653 qui
3339 585 3518 653 utique

1941 683 2046 721 non
2075 668 2172 722 sibi
2205 671 2509 726 recouciliat
2534 672 2635 726 nisi
2658 673 2973 730 Ecclesiam.

2013 757 2241 814 CAPUT
2279 759 2391 816 ιιι.
2420 791 2490 802 --
2515 762 2638 818 Sive
2665 780 2792 834 ergo
2821 773 3016 820 exeant
3048 767 3206 831 mali,
3237 767 3352 820 sive
3381 767 3522 820 intus

1940 849 2023 902 vel
2047 850 2366 918 ignorentur
2387 893 2402 916 ,
2436 853 2520 907 vel
2544 854 2824 909 videantur
2843 896 2858 920 ,
2889 855 2992 909 hoc
3015 856 3122 925 agit
3153 856 3515 912 misericordia

1939 939 2215 1008 ctjustitia
2247 942 2380 1008 Dei,
2413 953 2472 998 ut
2509 945 2608 998 sibi
2642 945 2708 999 ad
2755 948 2890 1000 mala
2922 961 3026 999 non
3065 948 3520 1001 consentientibus

1940 1029 2096 1084 bonis
2120 1032 2244 1086 mali
2276 1049 2384 1087 non
2407 1034 2618 1099 obsint,
2663 1037 2756 1090 sed
2803 1037 3012 1106 utrique
3041 1039 3308 1107 propriam
3349 1041 3518 1093 sarci.

1943 1136 2066 1174 nam
2093 1130 2304 1191 portent
2333 1140 2348 1176 :
2381 1132 2438 1177 ut
2467 1138 2564 1178 nec
2601 1125 2739 1180 illius
2777 1127 3004 1195 accipiat
3050 1137 3266 1197 peccata
3311 1129 3474 1195 patris
3502 1171 3513 1190 ,

1943 1211 2043 1266 nisi
2063 1228 2186 1267 eum
2213 1212 2370 1268 fuerit
2392 1214 2443 1268 in
2469 1215 2625 1270 malis
2647 1215 2913 1281 imitatus;
2942 1217 3034 1270 scd
3061 1218 3232 1270 anima
3258 1234 3377 1286 qua:
3400 1235 3518 1285 pec-

1940 1307 2179 1372 caverit,
2212 1306 2324 1376 ipsa
2363 1308 2622 1362 moriatur
2664 1307 2876 1379 (Ezech.
2919 1325 3082 1376 xvnt,
3113 1308 3190 1380 4).
3231 1309 3365 1364 Cum
3395 1326 3522 1378 ergo

1941 1397 2166 1467 quisque
2193 1397 2349 1452 rivalis
2377 1399 2642 1453 consentit
2661 1400 2726 1454 ad
2755 1401 2973 1466 malum,
2992 1401 3101 1469 jam
3125 1416 3280 1453 unam
3308 1416 3521 1454 causam

1943 1487 2247 1543 habetcum
2273 1490 2388 1552 eis,
2427 1498 2482 1544 et
2522 1491 2682 1570 totius
2722 1492 2996 1546 societatis
3028 1492 3287 1546 malorum
3328 1494 3385 1544 lit
3421 1508 3523 1545 una

1945 1595 2166 1648 persona
2201 1597 2214 1635 :
2246 1597 2309 1634 ac
2352 1597 2448 1650 per
2491 1582 2591 1636 hoc
2629 1598 2750 1637 eum
2791 1584 2946 1637 simul
3000 1593 3222 1653 pereunt
3255 1584 3522 1652 simulque

1943 1669 2262 1725 damnantur
2285 1711 2299 1734 ,
2331 1686 2487 1726 causa
2521 1687 2613 1726 sua
2640 1682 2696 1728 et
2735 1689 2964 1741 persona
2986 1689 3078 1728 sua
3111 1675 3300 1743 cuique
3329 1675 3520 1744 prmiu-

1943 1759 2087 1814 dicat
2110 1803 2125 1824 ,
2167 1778 2272 1815 non
2302 1762 2495 1816 aliena.
2525 1765 2658 1818 Cum
2691 1778 2819 1818 vero
2852 1767 2975 1819 boni
3007 1774 3062 1819 ct
3088 1766 3208 1819 mali
3240 1767 3380 1820 idem
3405 1782 3525 1821 ver-

1944 1852 2068 1906 bum
2094 1853 2185 1907 Dei
2211 1855 2368 1907 simul
2398 1855 2638 1919 audiunt,
2662 1865 2717 1908 et
2742 1857 2899 1910 simul
2931 1858 3019 1911 Dei
3047 1857 3386 1911 Sacramenta
3411 1872 3528 1926 per-

1945 1943 2180 2013 cipiunt,
2211 1951 2266 1997 et
2300 1952 2477 1998 tamen
2509 1943 2796 2000 dissimiles
2824 1946 3018 2000 habent
3055 1956 3269 2000 actuum
3307 1963 3525 2002 suorum

1945 2047 2170 2100 causas,
2215 2044 2272 2089 et
2313 2035 2602 2090 dissimiles
2647 2049 2839 2107 gerunt
2884 2040 3172 2094 voluntatis
3216 2040 3530 2094 diversitate

1948 2139 2203 2193 personas
2222 2166 2237 2190 ,
2267 2127 2515 2181 eumdem
2544 2129 2718 2182 cibum
2747 2140 2986 2184 sanctum
3013 2131 3131 2184 aliis
3160 2133 3528 2185 mandu’canti-

1948 2216 2048 2271 bus
2075 2216 2257 2286 digne,
2285 2219 2402 2272 aliis
2431 2219 2664 2288 indigne,
2691 2237 2787 2275 nec
2811 2237 2971 2276 causa
2997 2238 3171 2276 causa:
3199 2224 3524 2293 pt'wjmliCuI,

1948 2322 2046 2359 nec
2079 2321 2303 2374 persona
2336 2323 2600 2377 personze.

2019 2396 2107 2450 10.
2149 2397 2226 2450 Ae
2256 2413 2349 2464 per
2375 2397 2478 2452 hoc
2504 2415 2852 2470 quaecumque
2893 2403 3192 2458 testimonia
3231 2405 3527 2460 divinarum

1948 2487 2345 2557 Scripturarum
2387 2491 2622 2560 episcopi
2667 2493 2826 2548 vestri
2875 2509 3298 2551 commemorare
3345 2506 3532 2566 potue-

1950 2587 2092 2641 runt,
2121 2579 2314 2648 quibus
2339 2581 2406 2634 ab
2432 2582 2577 2635 omni
2603 2583 2864 2638 malorum
2889 2585 3161 2641 hominum
3183 2589 3538 2656 permixtione

1952 2685 2082 2738 pura
2115 2671 2567 2739 praenuntiabatur
2594 2674 2830 2730 Ecclesia
2857 2715 2873 2743 ,
2919 2692 3025 2731 non
3070 2679 3242 2748 qualis
3275 2695 3416 2735 nunc
3453 2691 3536 2735 est

1953 2761 2058 2816 illis
2087 2761 2405 2817 testimoniis
2434 2765 2922 2832 praenuntiabatur,
2935 2768 3029 2822 scd
3051 2770 3222 2838 qualis
3245 2780 3361 2838 post
3381 2770 3535 2824 istam

1953 2851 2333 2907 mortalitatem
2356 2854 2407 2907 in
2430 2856 2538 2908 vita
2557 2865 2759 2911 aeterna
2780 2856 2953 2911 futura
2975 2869 3078 2915 est.
3104 2861 3168 2915 Et
3192 2877 3538 2932 utercumque

1957 2943 2262 2998 testimonia
2309 2944 2705 3015 Scripturarum
2762 2960 3055 3018 posuerunt
3095 2951 3162 3007 de
3200 2953 3362 3020 ﬁliis,
3403 2970 3539 3024 quos

1958 3036 2152 3090 merito
2179 3046 2457 3105 parentum
2502 3038 2761 3094 imitando
2789 3043 3042 3096 malitiam
3069 3083 3085 3107 ,
3123 3059 3279 3098 unam
3308 3059 3429 3098 cum
3460 3046 3538 3100 eis

1954 3142 2170 3182 causam
2202 3127 2402 3183 habere
2428 3129 2714 3185 voluerunt
2743 3149 2756 3185 :
2781 3132 2922 3201 quod
2953 3136 3436 3206 noninteiligentes
3456 3128 3539 3192 di'-

1955 3220 2078 3272 vina
2108 3219 2410 3274 testimonia
2439 3235 2620 3276 secum
2647 3236 2882 3291 pugnare
2909 3226 3205 3294 cogebant,
3237 3242 3336 3282 nec
3353 3236 3536 3282 utras-

1956 3326 2060 3379 que
2091 3324 2248 3364 voces
2281 3310 2376 3365 Dei
2405 3325 2506 3379 pro
2525 3311 2838 3369 diversitate
2863 3324 3160 3386 temporum
3181 3358 3198 3384 ,
3225 3333 3536 3383 causarum,

1960 3416 2416 3472 personarumque
2457 3401 2844 3474 distinguentes
2886 3409 2938 3462 in
2969 3409 3307 3464 concordiam
3336 3410 3542 3484 redige-

1959 3492 2088 3546 bant
2109 3534 2125 3559 ,
2162 3493 2256 3548 sed
2289 3493 2430 3548 sicut
2455 3503 2640 3549 contra
2684 3511 2782 3551 nos
2823 3497 2964 3567 ipsi,
2999 3499 3070 3554 ita
3096 3501 3253 3556 etiam
3293 3501 3546 3556 volebant

1959 3585 2101 3641 inter
2123 3603 2183 3642 se
2212 3587 2323 3656 ipsa
2352 3587 2530 3642 divina
2559 3588 2875 3645 documenta
2921 3609 3175 3662 pugnare.
3216 3594 3324 3649 Nec
3351 3595 3541 3649 mirum

1959 3680 2004 3732 si
2033 3694 2216 3748 pacem
2245 3679 2537 3748 Scripturie
2569 3682 2658 3735 Dei
2689 3697 2793 3736 non
2827 3683 3223 3754 intelligebant,
3246 3686 3335 3755 qui
3362 3701 3544 3756 paceni

1961 3785 2081 3824 cum
2105 3769 2222 3838 ejus
2249 3771 2487 3825 Ecclesia
2515 3787 2621 3826 non
2649 3773 2938 3829 habebant.

2032 3860 2257 3917 CAPUT
2289 3861 2422 3916 Vill.
2453 3893 2524 3901 —-—
2551 3864 2638 3917 ll.
2679 3863 2788 3918 Nos
2817 3875 2994 3920 autem
3032 3877 3256 3936 utraque
3283 3870 3548 3938 accipien-

1967 3963 2047 4008 tes
2075 3952 2400 4016 testimonia,
2427 3952 2928 4009 demonstrabamus
2959 3966 3306 4028 utrorumque
3327 3975 3549 4014 concor-

1962 4043 2126 4100 diam.
2157 4042 2286 4096 Nam
2313 4052 2366 4097 et
2392 4043 2517 4098 illud
2545 4044 2957 4113 accipiebamus,
2988 4048 3127 4116 quod
3152 4048 3203 4101 in
3224 4050 3333 4102 suis
3363 4050 3550 4105 litteris

1966 4145 2522 4190 commemoraverunt
2547 4136 2800 4192 Ecclesize
2821 4137 3020 4192 dictum
3043 4154 3185 4203 esse,
3214 4139 3322 4194 Nec
3346 4141 3550 4211 adjiciat

1964 4227 2098 4280 ultra
2127 4243 2216 4296 per
2244 4236 2292 4280 te
2320 4229 2537 4280 transire
2562 4228 2947 4281 incircumcisus
2991 4238 3038 4282 et
3075 4230 3364 4284 immundus
3395 4229 3551 4295 (Isai.

1966 4332 2070 4381 ιιι,
2104 4317 2206 4385 1);
2257 4325 2312 4371 et
2359 4316 2486 4370 illud
2527 4319 2668 4386 quod
2717 4319 2973 4387 scriptum
3001 4331 3084 4374 est
3105 4363 3120 4388 ,
3152 4322 3317 4376 Sinite
3340 4331 3553 4393 utraque

1966 4425 2188 4464 crescere
2212 4426 2368 4478 usque
2393 4410 2460 4462 ad
2484 4427 2694 4466 messem
2725 4411 2948 4483 (Matth.
2983 4430 3077 4468 xm
3099 4455 3114 4480 ,
3145 4415 3214 4470 30
3239 4418 3256 4484 )
3283 4434 3296 4469 :
3327 4417 3422 4471 sed
3451 4417 3554 4472 hoc

1968 4516 2088 4557 esse
2118 4502 2169 4556 in
2200 4515 2352 4571 agro,
2387 4502 2516 4557 illud
2539 4501 2772 4557 latin-um
2797 4505 2847 4558 in
2878 4504 3092 4560 horreo.
3121 4506 3358 4576 Denique
3377 4517 3432 4561 et
3453 4508 3552 4577 ipsi

1969 4594 2058 4663 qui
2085 4592 2600 4649 diu‘COntenderunt
2617 4636 2630 4659 ,
2660 4595 2899 4651 dicentes
2920 4635 2934 4658 ,
2963 4599 3160 4651 sizania
3188 4614 3301 4666 qua:
3325 4615 3439 4653 cum
3463 4601 3553 4653 tri-

1971 4687 2066 4739 tico
2092 4686 2244 4738 simul
2265 4701 2487 4739 crescere
2512 4702 2666 4753 usque
2691 4686 2758 4738 od
2787 4703 2993 4740 messem
3021 4689 3265 4757 permissa
3285 4701 3422 4756 sunt,
3453 4707 3546 4745 non

1973 4776 2024 4827 in
2047 4773 2297 4840 Ecclesia,
2321 4776 2407 4829 sed
2426 4776 2480 4829 in
2501 4777 2688 4830 mundo
2711 4794 2834 4843 esse,
2859 4787 3042 4832 contra
3068 4779 3392 4834 intellectum
3416 4798 3542 4835 inar-
3618 4807 3620 4809 ν

1977 4865 2109 4935 tyris
2129 4865 2402 4937 Cypriani,
2425 4866 2514 4935 qui
2541 4867 2692 4932 dixit,
2721 4867 2786 4920 Et
2807 4870 2850 4922 si
2875 4869 3104 4924 videntur
3130 4871 3182 4923 in
3205 4869 3432 4926 Ecclesia
3453 4889 3558 4926 esse

1973 4957 2191 5019 zizania,
2223 4974 2324 5010 non
2350 4967 2515 5012 tamen
2541 4958 2772 5028 impediri
2799 4961 2939 5014 debet
2968 4972 3054 5013 aut
3081 4963 3206 5029 ﬁdes
3227 5005 3243 5028 ,
3272 4974 3359 5018 aut
3383 4966 3558 5017 chari-

1977 5062 2054 5103 tas
2080 5060 2288 5113 nostra;
2326 5059 2380 5102 ut
2417 5051 2655 5118 quoniam
2685 5052 2883 5106 zizania
2913 5070 3018 5108 esse
3046 5055 3098 5108 in
3128 5053 3359 5110 Ecclesia
3392 5059 3557 5109 cerni-

1979 5160 2091 5197 mus
2116 5184 2130 5208 ,
2155 5143 2251 5214 ipsi
2282 5143 2345 5196 de
2371 5143 2598 5197 Ecclesia
2627 5145 2936 5200 recedamus.
2971 5147 3036 5202 Et
3065 5149 3306 5204 nolentes
3333 5164 3558 5203 consen-

1981 5237 2079 5291 tire
2107 5234 2290 5290 mundi
2309 5236 2523 5290 nomine
2546 5236 2838 5291 Ecciesiam
2865 5253 3021 5306 posse
3043 5239 3352 5309 signiﬁcari,
3376 5251 3560 5296 contra

1980 5328 2142 5382 verba
2173 5327 2410 5395 Apostoli
2451 5329 2539 5397 qui
2579 5329 2750 5394 dixit,
2793 5329 2931 5385 Deus
2960 5341 3066 5384 erat
3101 5334 3152 5385 in
3189 5332 3387 5388 Christo
3417 5350 3563 5386 nuut-

1981 5421 2102 5473 dum
2130 5418 2460 5473 reconcilians
2489 5421 2618 5486 sibi;
2650 5431 2704 5474 et
2731 5432 2915 5476 contra
2948 5423 3112 5491 ipsius
3150 5427 3309 5477 verba
3357 5425 3561 5478 [lumini

1982 5516 2069 5582 qui
2092 5515 2246 5577 dixit,
2271 5514 2392 5569 Non
2417 5518 2546 5570 venit
2577 5515 2742 5569 Filius
2771 5517 2989 5571 hominis
3007 5527 3058 5570 ut
3078 5519 3270 5588 judicet
3299 5519 3561 5583 mundum,

1981 5606 2070 5660 sed
2101 5618 2152 5660 ut
2183 5608 2400 5661 salvetur
2427 5607 2643 5662 mundus
2671 5626 2758 5677 per
2781 5609 2947 5677 ipsum
2975 5610 3150 5679 (Joan.
3179 5626 3232 5664 ιιι
3255 5651 3270 5674 ,
3307 5611 3394 5681 l7)
3427 5629 3438 5665 :
3469 5627 3564 5668 ne.-

1986 5714 2088 5766 qne
2115 5699 2254 5752 enim
2283 5698 2615 5768 reconciliari
2645 5699 2752 5754 Deo
2780 5710 2836 5754 et
2863 5700 3055 5753 salvari
3087 5716 3178 5768 per
3207 5702 3376 5766 ipsum
3408 5718 3564 5758 mmi-

1990 5787 2089 5844 dus
2117 5797 2290 5860 potest
2317 5830 2330 5854 ,
2359 5789 2459 5844 nisi
2487 5790 2668 5845 mundi
2691 5791 2906 5846 nomine
2935 5791 3254 5862 intelligatur
3286 5792 3523 5847 Ecclesia
3549 5831 3562 5861 ,
