4024 6196
420 392 523 447 659

421 521 540 576 ψιςυ
567 499 679 557 sola
723 513 818 568 per
856 508 982 550 eum
1009 493 1117 548 Deo
1152 487 1494 547 reconciliata
1522 481 1792 539 salvator:
1822 486 2001 532 tamen

424 602 478 653 in
510 596 596 650 illa
626 588 976 647 similitudine
1004 598 1161 657 quam
1191 598 1255 639 ex
1289 576 1580 649 Evangelio
1608 584 2005 629 commemora—

391 690 616 761 ;vimns,
646 681 787 755 quod
817 690 872 737 ct
898 679 1024 735 boni
1048 686 1102 733 et
1126 674 1250 731 mali
1280 675 1453 743 pisces
1473 712 1489 735 ,
1524 680 1803 738 quousque
1832 663 1883 717 in
1898 662 2004 761 .lit-

428 792 543 835 tore
563 819 578 843 ,
612 752 713 832 hoc
741 782 844 839 est,
874 773 925 827 in
958 771 1064 826 line
1082 767 1260 823 smculi
1290 770 1622 833 separentur,
1654 759 1788 811 intra
1814 752 2002 810 eadem

423 869 674 943 permixti
705 867 837 923 retia
862 862 1202 920 continentur
1233 857 1442 930 (Matth.
1467 870 1559 910 xm
1580 896 1595 921 ,
1628 852 1694 907 Π
1726 850 1814 918 50)
1837 890 1849 911 ,
1881 846 2003 900 vieti

423 962 690 1020 evidentia
715 956 953 1014 veritatis
982 954 1150 1009 malos
1185 953 1238 1006 in
1280 948 1517 1005 Ecclesia
1559 960 1726 1014 usque
1762 944 1812 996 in
1845 944 2002 995 tinem

422 1053 606 1109 saeculi
634 1050 925 1122 permixtos
951 1061 1070 1102 esse
1098 1042 1328 1099 confessi
1350 1049 1472 1095 sunt
1497 1056 1510 1103 ;
1541 1038 1632 1092 sed
1653 1050 1747 1091 eos
1769 1034 2007 1089 occultos

425 1163 547 1202 esse
570 1146 838 1209 dixerunt,
864 1140 1113 1213 quoniam
1139 1138 1216 1193 sic
1236 1153 1263 1191 a
1288 1132 1652 1190 sacerdotibus
1673 1131 2005 1199 ignorantur,

423 1235 876 1307 quemadmodum
908 1233 1080 1303 pisces
1108 1231 1241 1283 intra
1270 1226 1399 1282 retia
1430 1240 1549 1280 cum
1584 1221 1758 1276 adhuc
1787 1220 1838 1273 in
1870 1217 2007 1271 mari

425 1338 585 1394 sunt,
614 1343 644 1382 a
683 1324 1034 1396 piscatoribus
1078 1322 1213 1375 intra
1258 1318 1387 1372 retia
1429 1331 1533 1369 non
1573 1312 1837 1367 videntur.
1863 1309 2007 1376 Quo-

429 1418 588 1473 modo
626 1432 755 1487 ergo
796 1413 1154 1469 testimonium
1199 1407 1565 1479 propheticum
1592 1444 1606 1467 ,
1651 1402 1791 1472 quod
1833 1401 1884 1453 in
1913 1414 2008 1451 sua

428 1511 783 1581 responsione
813 1513 1137 1578 posuerunt,
1182 1500 1321 1571 quod
1358 1498 1611 1573 Ecclesire
1654 1495 1853 1549 dictum
1886 1502 1961 1545 est
1991 1532 2006 1553 ,

431 1601 554 1656 Non
580 1600 785 1670 adjiciet
813 1598 946 1651 ultra
976 1612 1067 1665 per
1092 1607 1139 1648 te
1170 1591 1381 1646 transire
1416 1585 1796 1642 incircumcisus
1835 1592 1881 1637 et
1909 1584 2009 1635 im-

431 1691 672 1757 mundus,
702 1688 768 1743 ad
799 1687 899 1742 hoc
921 1696 1129 1756 tempus
1156 1683 1421 1753 pertinere
1440 1678 1769 1747 intelligitur,
1801 1673 2013 1745 quando

432 1781 670 1839 Ecclesia
697 1779 896 1835 retibus
917 1783 1222 1845 comparata
1248 1782 1350 1836 est,
1374 1770 1566 1840 quibus
1591 1769 1641 1822 in
1666 1768 1796 1822 mari
1839 1764 2015 1819 adhuc

429 1876 621 1946 positis
650 1875 822 1944 pisces
850 1870 1018 1925 malos
1044 1868 1197 1923 bonis
1219 1863 1510 1935 permixtos
1529 1861 1612 1915 vel
1635 1859 1869 1914 occultos
1895 1871 2015 1911 esse

430 1965 664 2023 confessi
691 1973 809 2017 sunt
832 1962 855 2014 ?
879 1959 1031 2016 Unde
1057 1956 1391 2012 manifestum
1416 1963 1498 2008 est
1522 1951 1734 2007 nonnisi
1762 1951 1816 2004 in
1839 1949 2015 2003 futuro

432 2058 629 2113 szreulo
659 2063 780 2126 post
815 2051 1070 2122 judicium
1113 2048 1315 2103 nullmn
1358 2043 1783 2100 incircumcisum
1823 2050 1875 2095 et
1915 2040 2017 2093 im-

435 2147 689 2205 mundum
721 2162 813 2215 per
841 2144 1130 2199 Ecclesiam
1171 2139 1513 2193 transiturum
1566 2136 1610 2190 Ο
1638 2132 1894 2188 violentia
1922 2148 2017 2184 ve.-

437 2241 630 2307 ritatis,
655 2254 775 2309 qua:
805 2251 951 2301 suos,
983 2251 1088 2288 non
1116 2234 1165 2286 in
1196 2246 1385 2297 carne,
1414 2229 1507 2283 sed
1536 2229 1587 2281 in
1615 2226 1777 2281 corde
1807 2234 2019 2295 torquet

436 2332 716 2399 inimicos,
747 2337 806 2383 ut
832 2344 948 2382 eam
982 2326 1337 2380 contiteantur
1368 2320 1559 2375 inviti?

507 2421 734 2479 CAPUT
759 2420 849 2475 IX.
880 2450 953 2460 —
989 2419 1075 2473 19..
1131 2416 1271 2471 Ecce
1318 2411 1710 2468 manifestatum
1755 2416 1836 2463 est
1881 2406 2020 2475 quod

437 2517 713 2572 dicebatur
742 2529 771 2567 a
803 2512 955 2567 nobis
974 2553 988 2575 ,
1020 2509 1390 2578 distinguenda
1419 2521 1537 2562 esse
1565 2514 1799 2574 tempora
1833 2503 2020 2557 Eccle-

442 2607 537 2660 sia:
563 2624 577 2661 :
610 2620 715 2658 non
742 2618 858 2657 eam
889 2617 1029 2655 inme
1053 2614 1171 2653 esse
1194 2598 1385 2663 talem,
1414 2596 1583 2667 qualis
1609 2604 1729 2664 post
1785 2608 2023 2647 resurre-

434 2697 669 2763 ctionem
712 2693 884 2749 futura
933 2700 1015 2746 est
1045 2709 1059 2745 :
1093 2704 1232 2745 nunc
1272 2689 1439 2743 malos
1466 2686 1662 2743 habere
1691 2686 1981 2756 permixtos
2007 2725 2022 2749 ,

444 2802 572 2844 tunc
606 2788 827 2843 omnino
873 2802 976 2839 non
1021 2783 1317 2838 habituram
1350 2800 1362 2836 :
1396 2781 1460 2835 ad
1493 2781 1636 2835 illam
1668 2779 1784 2848 ejus
1820 2778 2025 2848 purita-

446 2891 576 2945 tem,
608 2896 715 2933 non
741 2877 806 2932 ad
835 2876 993 2946 hujus
1018 2873 1275 2944 temporis
1301 2871 1707 2943 permixtionem
1741 2870 1825 2923 illa
1849 2869 2024 2922 divina

442 2973 743 3028 testinwnia
778 2970 1044 3041 pertinere
1072 3010 1084 3033 ,
1118 2967 1309 3038 quibus
1351 2982 1467 3021 eam
1514 2964 1653 3018 Deus
1690 2962 1931 3033 pra-dixit
1960 2962 2027 3015 ab

441 3064 589 3117 omni
634 3064 893 3117 malorum
940 3059 1293 3129 permixtione
1340 3056 1551 3124 penitus
1595 3054 1845 3108 alienam.
1888 3051 2028 3105 Ecce

442 3155 604 3208 etiam
630 3154 729 3223 ipsi
761 3154 979 3205 veritate
1016 3150 1319 3218 evangeliea
1358 3162 1461 3199 non
1505 3145 1646 3200 aliud
1692 3145 1860 3199 coacti
1904 3153 2030 3198 smtt

444 3243 687 3316 confiteri
712 3281 726 3307 ,
758 3241 848 3312 qui
877 3240 1043 3294 malos
1069 3239 1307 3295 occultos
1338 3252 1481 3296 nunc
1507 3237 1553 3294 ci
1596 3236 1885 3309 pertulxtos
1910 3248 2030 3292 esse

444 3337 715 3397 dixerunt.
765 3334 908 3394 Ecce
951 3351 1091 3392 nunc
1130 3335 1320 3390 transit
1350 3348 1443 3405 per
1473 3333 1617 3387 illam
1643 3373 1656 3395 ,
1697 3331 1821 3385 licet
1849 3334 2029 3384 oceu'-

446 3447 533 3491 tus
558 3476 574 3501 ,
606 3432 912 3488 immundus
946 3448 959 3484 :
990 3447 1095 3485 non
1125 3438 1361 3499 estergo
1412 3436 1624 3495 tempus
1652 3424 1792 3495 quod
1836 3422 2028 3494 prurdi-

445 3535 589 3580 ctum
623 3535 704 3578 est
727 3564 742 3588 ,
772 3523 979 3576 dicente
1008 3522 1297 3590 Propheta,
1329 3517 1449 3572 Non
1476 3518 1677 3588 adjiciat
1702 3518 1832 3569 ultra
1872 3534 1959 3585 per
1988 3526 2035 3570 te

448 3614 667 3667 transire
690 3612 1068 3665 incircumcisus
1096 3620 1142 3664 et
1165 3611 1460 3663 immundus
1486 3625 1503 3660 :
1539 3624 1678 3662 nunc
1706 3622 1831 3676 ergo
1864 3616 2035 3661 trans-

447 3716 579 3763 eunt
606 3705 686 3761 vel
713 3704 929 3760 occulti.
961 3702 1092 3757 Nam
1135 3710 1189 3756 et
1227 3701 1328 3756 hoc
1365 3702 1537 3770 ipsum
1583 3699 1723 3769 quod
1761 3699 1871 3765 ait,
1913 3696 2035 3752 Non

447 3801 652 3871 adjiciat
681 3800 815 3853 ultra
839 3840 854 3864 ,
889 3796 1123 3852 ostendit
1147 3811 1239 3850 eos
1268 3795 1414 3864 prius
1442 3794 1614 3849 solere
1641 3794 1869 3848 transire
1896 3835 1909 3856 ,
1941 3791 2034 3847 sed

452 3894 588 3948 ultra
618 3908 721 3947 non
753 3890 1089 3946 transituros.
1133 3890 1200 3943 Et
1241 3903 1268 3942 a
1310 3888 1462 3942 uobis
1500 3887 1758 3942 invidiose
1793 3888 2035 3957 require-

453 3988 581 4042 bant
601 4028 615 4050 ,
643 3984 910 4056 quomodo
943 3984 1172 4055 potuerit
1199 3982 1249 4037 in
1280 3981 1517 4036 Ecclesia
1560 3980 1755 4035 Christi
1794 3978 2039 4034 diabolus

450 4078 718 4134 seminare
745 4078 966 4138 zizania.
998 4090 1119 4129 cum
1144 4073 1241 4143 ipsi
1268 4073 1559 4127 faterentur
1584 4072 1636 4124 in
1665 4070 1898 4125 Ecclesia
1926 4084 2040 4122 ma-

458 4169 541 4225 los
567 4169 755 4223 saltem
779 4166 1015 4220 occultos
1042 4179 1160 4218 esse
1182 4162 1494 4232 permixtos,
1516 4176 1615 4215 nec
1641 4164 1838 4220 vellent
1860 4169 2038 4218 atten-

455 4260 586 4316 dere
612 4273 642 4312 a
671 4257 885 4312 diabolo
917 4255 1096 4324 utique
1117 4254 1426 4308 seminatos.

527 4347 753 4405 CAPUT
792 4347 860 4402 Χ.
902 4377 975 4387 -
1020 4347 1106 4401 15.
1160 4345 1273 4400 lloe
1324 4345 1495 4413 ipsum
1540 4345 1699 4399 etiam
1754 4343 1892 4413 quod
1941 4343 2039 4397 sibi

456 4451 671 4497 acutum
700 4439 966 4495 invenisse
995 4438 1335 4505 videbantur,
1363 4448 1546 4492 contra
1574 4454 1631 4492 se
1660 4438 1832 4507 potius
1863 4435 2041 4505 profe-

460 4533 667 4589 rebant.
703 4531 760 4586 Si
789 4531 931 4585 enim
960 4530 1215 4583 Dominus
1247 4538 1522 4599 propterea
1556 4528 1756 4582 retibus
1796 4528 1965 4582 bonos
1990 4541 2047 4581 ct

462 4623 634 4678 nualos
660 4622 832 4693 pisces
858 4621 1054 4690 pariter
1085 4618 1531 4689 congregantibus
1571 4618 1860 4673 Ecclesium
1899 4633 2045 4671 eom-

465 4715 709 4786 paravit;
740 4714 861 4784 quia
888 4713 1055 4767 malos
1088 4714 1138 4766 in
1174 4712 1409 4765 Ecclesia
1442 4727 1546 4765 non
1576 4708 1885 4763 manife~tos
1908 4750 1923 4773 ,
1953 4707 2047 4761 sed

462 4811 688 4864 latentes
716 4806 935 4878 intelligi
962 4805 1161 4870 voluit,
1187 4819 1321 4874 quos
1353 4804 1421 4856 ita
1451 4802 1693 4856 nesciunt
1719 4800 2045 4866 sacerdotes,

461 4900 909 4972 quemadmodum
942 4900 1040 4953 sub
1067 4897 1311 4952 ﬂuctibus
1335 4894 1458 4965 quid
1499 4893 1739 4964 ceperint
1780 4892 1908 4948 retia
1953 4909 2047 4946 ne-

426 4972 436 4983 .
463 4997 643 5052 sciunt
669 4995 961 5066 piscatores
990 5010 1003 5044 :
1035 4999 1317 5061 propterea
1350 5002 1477 5058 ergo
1504 4995 1558 5040 et.
1582 5001 1721 5040 arcae
1747 4995 2049 5054 cei-inparata

462 5101 586 5156 est,
634 5098 693 5144 ut
735 5088 893 5143 etiam
944 5084 1208 5139 manifesti
1254 5082 1375 5136 mali
1421 5081 1573 5137 bonis
1615 5080 1669 5134 in
1712 5096 1770 5134 ea
1805 5077 2051 5148 permixti

465 5183 951 5254 prmnuntiareutur
996 5178 1178 5234 futuri.
1221 5177 1403 5247 Neque
1449 5175 1592 5232 enim
1637 5175 1786 5245 palea
1835 5189 1952 5243 qua:
2001 5173 2051 5227 in

464 5291 590 5331 area
621 5285 705 5330 est
731 5272 989 5343 permixta
1020 5270 1323 5333 frumentis,
1356 5268 1516 5323 etiam
1544 5267 1655 5337 ipsa
1682 5266 1781 5321 sub
1810 5264 2057 5320 fluctibus

470 5372 615 5432 latet,
647 5384 767 5440 qua:
795 5366 872 5421 sic
895 5366 1136 5420 omnium
1167 5364 1337 5419 oculis
1361 5372 1444 5418 est
1471 5361 1778 5432 conspicua,
1801 5372 1860 5415 ut
1884 5360 2057 5430 potius

468 5462 683 5517 occulta
713 5460 821 5515 sint
848 5458 901 5513 in
931 5473 992 5513 ea
1027 5457 1291 5512 frumenta
1317 5499 1328 5518 ,
1360 5472 1483 5511 cum
1513 5456 1583 5510 sit
1613 5456 1721 5525 ipsa
1756 5453 2055 5508 manifesta.

474 5554 552 5609 De
577 5552 678 5606 hac
704 5558 882 5605 autem
904 5564 1045 5607 arere
1065 5548 1413 5603 similitudine
1433 5590 1447 5612 ,
1475 5546 1596 5616 quia
1637 5556 1691 5601 et
1724 5546 1890 5616 ipsam
1924 5545 2061 5599 inter

475 5654 700 5697 cxcleras
720 5658 783 5697 ex
809 5640 1093 5712 Evangelio
1116 5655 1483 5712 posueramus,
1508 5639 1639 5694 nihil
1663 5640 1713 5693 in
1744 5638 1931 5693 litteris
1952 5638 2064 5693 suis

486 5743 669 5784 (outra
697 5747 796 5787 nos
818 5733 1051 5787 scribere
1072 5740 1383 5801 potuerunt,
1408 5730 1506 5784 uisi
1528 5729 1811 5785 Jeremiam
1844 5730 2065 5798 prophe-

483 5836 587 5879 tzrn
612 5820 829 5888 dixisse,
857 5824 989 5888 Quid
1014 5823 1173 5895 paleis
1197 5823 1263 5876 ad
1286 5823 1505 5877 triticum
1531 5820 1739 5899 (Jcrcm.
1765 5838 1914 5891 nni,
1938 5822 2065 5896 28)?

1126 376 1216 432 AD
1258 364 1679 430 DONATISTAS
1717 360 1884 420 POST
1920 354 2423 420 COLLATIONEM,
2467 358 2524 412 S.
2566 356 2932 413 AUGUSTINI

2112 468 2263 538 Quod
2292 471 2412 528 ideo
2439 472 2590 539 dixit,
2618 488 2741 544 quia
2769 472 2959 528 similia
2990 486 3096 527 non
3118 482 3262 539 sunt,
3289 488 3395 528 non
3418 475 3539 543 quia
3569 490 3697 544 pcr-

2113 564 2274 620 mixta
2302 581 2424 621 esse
2454 582 2559 620 non
2602 576 2859 635 possunt;
2898 565 3019 637 quia
3061 566 3112 620 in
3153 564 3349 621 horreo
3389 581 3492 621 non
3535 569 3695 624 simul

2113 669 2288 721 erunt,
2319 675 2423 713 non
2446 660 2563 729 quia
2588 661 2639 713 in
2663 675 2784 714 area
2807 664 3005 729 pariter
3023 674 3129 713 non
3153 660 3485 713 triturautnr.
3510 660 3696 729 Quan-

2111 767 2268 822 quam
2294 752 2554 807 Jeremias
2580 767 2704 807 cum
2736 752 2837 806 hoc
2861 751 3100 816 diceret,
3134 767 3239 805 non
3284 753 3473 823 agebat
3501 754 3570 809 de
3606 773 3699 823 po-

2115 844 2240 913 pulo
2287 844 2416 910 Dei,
2464 843 2557 898 sed
2602 843 2671 898 de
2712 844 2934 897 somniis
2979 842 3256 899 hominum
3304 856 3358 898 et
3404 846 3700 901 visionibus

2113 936 2497 1006 Prophetarum
2532 955 2546 991 ;
2579 937 2699 1006 quia
2728 938 2840 990 luce
2869 936 2975 991 duo
3004 937 3147 991 nulla
3175 937 3522 993 similitudine
3545 954 3691 993 com-

2115 1026 2344 1097 paranda
2384 1037 2544 1093 sunt,
2576 1028 2715 1082 sicut
2740 1028 3053 1098 pleuitudini
3084 1027 3242 1085 tritici
3272 1028 3501 1085 inanitas
3529 1030 3701 1101 palea:

2114 1136 2219 1175 non
2251 1130 2424 1190 potest
2446 1121 2771 1189 comparari.

2188 1213 2272 1266 lt.
2316 1212 2676 1266 'l‘entaverunt
2710 1228 2841 1267 sane
2878 1213 3111 1284 episcopi
3139 1216 3307 1270 vestri
3335 1232 3530 1287 negare
3560 1218 3664 1272 seri
3684 1247 3698 1257 -

2116 1313 2260 1373 ptum
2283 1304 2334 1357 in
2356 1303 2659 1375 Evangelio,
2681 1304 2821 1375 quod
2845 1322 2983 1362 arcte
3004 1308 3071 1362 sit
3095 1308 3331 1364 Ecclesia
3352 1323 3696 1378 comparata:

2114 1393 2208 1448 sed
2238 1410 2360 1449 mox
2397 1397 2824 1467 evangelicorum
2865 1398 3147 1454 verborum
3186 1403 3698 1459 commemoratione

2114 1485 2344 1541 convicti
2374 1486 2441 1542 ad
2471 1487 2525 1542 id
2552 1504 2611 1545 se
2635 1498 3012 1545 converterunt
3036 1533 3051 1557 ,
3083 1501 3142 1545 ut
3168 1491 3330 1546 etiam
3363 1494 3430 1547 ibi
3458 1495 3703 1550 dicerent

2117 1581 2357 1633 occultos
2377 1582 2543 1636 malos
2565 1582 2908 1651 significatos,
2935 1598 3039 1638 nou
3062 1585 3391 1651 manifestos,
3419 1587 3486 1641 de
3510 1589 3705 1655 quibus

2119 1674 2372 1743 scriptum
2401 1685 2481 1728 est
2502 1716 2516 1739 ,
2558 1673 2729 1728 Veniet
2758 1679 2925 1745 ferens
2954 1678 3285 1730 ventilabro»:
3308 1679 3359 1732 in
3391 1696 3543 1731 unum
3571 1696 3665 1732 sua
3686 1721 3701 1743 ,

2119 1774 2165 1817 ct
2194 1765 2454 1818 mundubit
2485 1782 2656 1819 aream
2686 1783 2872 1832 suam;
2900 1773 3153 1839 frumenta
3174 1770 3407 1823 reconda
3428 1771 3478 1822 in
3500 1773 3705 1837 horreo,

2125 1856 2299 1923 paleas
2326 1865 2492 1908 autem
2522 1856 2775 1910 comburat
2800 1858 2907 1929 igni
2934 1859 3331 1929 ἔπεα-διίησιιὶὁὶιὶ
3351 1861 3368 1930 (
3393 1859 3578 1913 Matth.
3606 1877 3660 1914 111
3686 1901 3704 1923 .

2124 1942 2244 2015 l2).
2274 1943 2380 1999 Vos
2410 1945 2586 2016 itaque
2610 1945 2865 2016 judicate,
2894 1949 3098 2019 aperite
3118 1949 3324 2015 oculos,
3351 1963 3510 2005 aures
3534 1950 3711 2006 inten-

2122 2036 2231 2091 dite
2260 2038 2466 2091 veritati
2500 2056 2512 2091 :
2547 2040 2591 2093 si
2622 2049 2922 2109 propterea,
2948 2041 3085 2095 sicut
3114 2042 3210 2110 ipsi
3237 2042 3505 2107 dixerunt,
3538 2041 3711 2096 Domi-

2125 2142 2224 2181 nus
2257 2128 2547 2183 Ecclesium
2578 2130 2778 2185 retibus
2803 2133 3154 2201 comparavit,
3186 2133 3306 2202 quia
3337 2149 3439 2187 neu
3465 2134 3711 2189 manifes-

2126 2228 2230 2285 tos,
2264 2220 2355 2274 sed
2389 2221 2614 2275 latentes
2642 2221 2692 2274 in
2723 2237 2782 2277 ea
2813 2223 2983 2277 malos
3010 2223 3225 2293 intelligi
3254 2224 3452 2291 voluit,
3482 2240 3615 2294 quos
3640 2226 3708 2279 ita

2128 2327 2229 2363 non
2278 2312 2455 2365 vident
2496 2312 2834 2380 sacerdotes,
2877 2316 3319 2384 quemadmodum
3362 2317 3535 2386 pisces
3574 2318 3711 2373 intra

2129 2403 2259 2455 retia
2287 2403 2386 2456 sub
2412 2402 2657 2457 fluctibus
2686 2420 2790 2457 non
2824 2404 2999 2459 vident
3026 2407 3314 2476 piscatores
3337 2424 3352 2471 ;
3379 2410 3631 2477 numquid
3653 2419 3711 2462 et

2128 2508 2249 2547 arca
2273 2493 2370 2545 sub
2396 2509 2529 2563 aqua
2560 2496 2641 2549 vel
2673 2495 2772 2549 sub
2799 2506 2937 2549 terra
2972 2498 3288 2551 trituratnr?
3322 2508 3412 2553 aut
3438 2511 3584 2554 certe
3614 2516 3715 2553 no-

2130 2589 2332 2643 cturnis
2362 2589 2505 2643 horis
2526 2630 2541 2654 ,
2570 2606 2676 2644 non
2700 2590 2750 2643 in
2778 2590 2891 2646 sole
2919 2592 3233 2660 conteritur,
3265 2604 3356 2647 aut
3382 2594 3433 2647 in
3464 2610 3525 2648 ea
3554 2595 3717 2647 rusti-

2131 2696 2226 2735 cus
2272 2696 2446 2737 crocus
2491 2683 2786 2752 operatur?
2832 2684 3042 2752 Quanto
3081 2702 3209 2756 ergo
3254 2687 3445 2741 melius
3485 2703 3544 2742 se
3574 2688 3719 2757 ipsos

2132 2775 2440 2843 corrigunt,
2466 2790 2621 2844 quam
2666 2776 2945 2846 Evangelia
2976 2788 3156 2832 sancta
3190 2788 3499 2847 pervertunt
3521 2821 3535 2842 ,
3566 2792 3620 2834 et
3648 2782 3717 2834 ad

2132 2878 2326 2918 vatium
2356 2880 2464 2919 sua)
2492 2866 2684 2919 mentis
2711 2882 2951 2921 errorem
2991 2867 3197 2937 eloquia
3239 2869 3499 2922 dominica
3528 2869 3720 2923 detor-

2133 2971 2296 3024 quere
2325 2958 2608 3009 conantur!
2643 2958 2744 3010 Aut
2774 2958 2914 3012 enim
2953 2969 3004 3013 et
3047 2959 3131 3013 illa
3176 2960 3396 3030 piscium
3426 2962 3720 3016 similitudo

2136 3064 2240 3100 non
2271 3056 2489 3117 propter
2514 3050 2752 3104 occultos
2776 3092 2790 3113 ,
2822 3050 2913 3105 sed
2944 3060 3145 3106 tantum
3176 3061 3391 3123 propter
3430 3053 3626 3109 mixtos
3662 3053 3721 3112 in

2136 3138 2371 3193 Ecclesia
2402 3139 2571 3194 malos
2595 3156 2625 3194 a
2653 3141 2876 3195 Domino
2901 3142 3067 3213 posita
3096 3151 3181 3199 est
3213 3163 3227 3199 :
3260 3156 3348 3200 aut
3367 3159 3512 3202 certe
3537 3148 3723 3217 singu—

2136 3228 2201 3285 lis
2229 3230 2386 3287 rebus
2415 3230 2643 3303 propt‘im
2671 3230 3041 3289 similitudines
3068 3236 3205 3290 datm
3232 3248 3373 3303 sunt,
3400 3238 3467 3292 de
3491 3240 3724 3307 piscibus

2139 3335 2353 3393 propter
2382 3325 2620 3381 occultos
2640 3370 2654 3389 ,
2687 3325 2754 3381 de
2779 3343 2899 3381 area
2934 3339 3150 3398 propter
3177 3330 3484 3384 manifestos
3511 3331 3680 3384 malus
3706 3349 3721 3391 :

2138 3414 2278 3485 quod
2322 3419 2458 3470 sicut
2501 3416 2572 3470 illi
2612 3426 2734 3472 ante
2777 3418 2921 3473 littus
2945 3461 2960 3483 ,
2994 3422 3070 3475 sic
3101 3421 3185 3477 isti
3216 3431 3339 3476 ante
3368 3424 3724 3476 ventilabrum

2140 3507 2293 3561 bouis
2315 3508 2364 3561 in
2388 3508 2625 3563 Ecclesia
2650 3510 2988 3566 misceantur.
3014 3512 3115 3584 ipsi
3138 3514 3277 3569 enim
3297 3530 3394 3570 nos
3410 3515 3727 3583 admonent,

2140 3609 2199 3653 ut
2224 3600 2275 3652 in
2302 3616 2424 3655 area
2454 3601 2658 3670 paleam
2692 3602 3003 3659 manifestos
3030 3605 3078 3659 iu
3104 3605 3337 3661 Ecclesia
3367 3584 3533 3661 malos
3563 3608 3728 3663 intel-

2141 3694 2386 3764 ligamus,
2416 3697 2503 3764 qui
2536 3696 2707 3765 pisces
2734 3699 2990 3760 rqi:olms
3022 3700 3152 3750 intra
3185 3700 3408 3752 natantia
3442 3700 3575 3754 retia
3606 3717 3731 3769 pro-

2142 3796 2259 3856 pter
2288 3788 2529 3841 occultos
2574 3789 2745 3844 malos
2787 3790 3003 3860 intelligi
3038 3789 3255 3855 volunt,
3285 3791 3405 3862 quia
3437 3790 3577 3845 sicut
3608 3793 3730 3846 illos

2143 3878 2387 3933 nesciunt
2412 3880 2723 3949 piscatores,
2748 3881 2825 3937 sic
2850 3881 2983 3938 istos
3009 3882 3252 3939 nesciunt
3274 3883 3598 3940 sacerdotes.
3622 3883 3731 3939 Cur

2144 3972 2286 4025 enim
2320 3988 2423 4025 non
2454 3972 2689 4027 dicamus
2715 4015 2728 4038 ,
2757 3973 2846 4029 Sic
2881 3990 3007 4044 ergo
3048 3985 3103 4030 ct
3138 3977 3287 4045 palea
3321 3976 3581 4031 manifesti
3609 3984 3735 4033 sunt

2148 4063 2293 4125 mali,
2318 4064 2439 4133 quia
2464 4063 2514 4116 in
2538 4074 2721 4133 aperto
2742 4080 2858 4120 eam
2878 4066 3059 4121 vident
3081 4069 3446 4122 trituratores?
3466 4068 3572 4123 Sed
3595 4069 3735 4124 sicut

2147 4153 2219 4208 illi
2250 4169 2354 4207 non
2386 4154 2608 4223 possunt
2637 4167 2761 4211 ante
2789 4156 2981 4209 littoris
3003 4158 3201 4211 exitum
3231 4160 3462 4226 separari
3490 4177 3503 4225 ;
3536 4161 3613 4214 sic
3634 4174 3737 4215 nec

2147 4245 2234 4300 illa
2264 4254 2439 4315 potest
2465 4257 2587 4302 ante
2615 4246 2774 4302 linem
2802 4246 3037 4303 debitum
3065 4248 3333 4305 ventilari.
3362 4249 3606 4306 Custodit
3633 4268 3733 4306 au-

2151 4349 2255 4394 tem
2283 4341 2421 4395 Deus
2445 4341 2799 4396 innocentiam
2824 4354 3126 4397 sanctorum
3156 4355 3210 4398 ct
3237 4346 3466 4399 fidelium
3491 4361 3737 4416 suorum,

2149 4432 2286 4486 sicat
2318 4432 2537 4500 piscium
2568 4432 2849 4497 honorum,
2874 4435 3007 4489 sicut
3031 4436 3299 4505 pinguium
3325 4437 3736 4500 frtnncutormn,

2152 4537 2207 4579 ut
2235 4526 2369 4578 intra
2403 4525 2501 4579 ista
2533 4526 2661 4579 retia
2710 4540 2812 4580 non
2850 4528 2929 4581 eis
2969 4538 3197 4582 noceant
3238 4531 3497 4598 permixta
3542 4547 3737 4599 genera

2154 4617 2483 4685 reprobanda
2512 4661 2525 4681 ,
2559 4627 2611 4672 ct
2655 4617 2707 4671 in
2746 4619 2839 4672 ista
2871 4636 2992 4673 area
3024 4637 3126 4674 non
3161 4624 3238 4674 eis
3264 4633 3451 4676 noceat
3478 4618 3738 4690 permixta

2158 4713 2252 4782 pali
2273 4728 2301 4766 a
2326 4712 2624 4766 ventilanda
2645 4714 2816 4783 :quia,
2842 4714 2977 4768 sicut
2999 4714 3095 4783 ipsi
3120 4714 3385 4770 dixerunt.
3412 4717 3739 4782 relegi-runt,

2155 4806 2586 4875 Subsel-ipserunt
2604 4848 2618 4872 ,
2649 4805 2755 4860 Nec
2781 4823 2946 4861 causa:
2972 4824 3127 4862 causa
3147 4850 3162 4876 ,
3188 4824 3281 4862 nec
3304 4826 3532 4875 persona:
3560 4811 3745 4879 poterit

2156 4900 2492 4971 pra'judirarc
2516 4916 2749 4971 persona.

2227 4989 2454 5044 CAPUT
2483 4989 2572 5043 .\'|.
2607 5020 2678 5030 —-
2714 4991 2794 5046 15.
2839 4991 2963 5045 lla-c
2999 4992 3157 5046 verba
3203 5006 3261 5046 se
3307 5000 3567 5061 negarent
3598 4992 3743 5049 forte

2157 5082 2376 5145 dixisse,
2404 5081 2503 5136 nisi
2531 5096 2623 5135 sua
2649 5091 2866 5151 possent
2893 5083 3283 5152 subscriptione
3310 5082 3573 5138 convinci.
3611 5082 3746 5140 Ecce

2158 5189 2315 5243 quam
2345 5173 2628 5242 diligenter
2654 5184 2828 5228 actum
2855 5185 2937 5230 est
2958 5190 3051 5243 pro
3073 5176 3242 5232 salute
3264 5187 3469 5240 vestra,
3492 5186 3551 5231 ut
3569 5178 3747 5233 verbis

2160 5265 2359 5321 nostris
2387 5265 2846 5321 subscriberemus
2872 5284 2884 5321 :
2913 5267 3054 5337 quod
3084 5266 3199 5323 ﬁeri
3223 5269 3447 5324 omnino
3471 5269 3747 5329 nolebant.

2162 5368 2217 5412 et
2259 5368 2319 5413 ut
2368 5358 2604 5413 facerent
2650 5359 2859 5412 tandem
2905 5360 3189 5430 aliquando
3243 5360 3447 5430 pudore
3489 5362 3757 5433 compulri

2164 5460 2305 5505 sunt.
2338 5450 2467 5504 Nam
2497 5460 2707 5504 exstant
2728 5451 2888 5505 verba
2918 5468 3124 5517 eorum,
3150 5452 3237 5505 ubi
3269 5451 3371 5506 hoc
3396 5452 3571 5507 facere
3598 5468 3755 5506 recu~

2148 5546 2354 5600 ‘sarnnt
2385 5562 2396 5597 :
2430 5553 2483 5599 et
2509 5560 2692 5598 rursus
2719 5544 2822 5599 alia
2854 5546 3043 5607 verba,
3078 5545 3164 5599 ubi
3196 5546 3298 5601 hoc
3329 5546 3505 5600 faccre
3530 5560 3764 5601 consem

2168 5647 2387 5704 serunt,
2416 5636 2555 5708 quod
2586 5636 2756 5707 primo
2786 5648 3128 5709 negaverant.
3157 5637 3345 5693 Omnia
3374 5638 3570 5708 scripta
3598 5650 3727 5692 sunt
3747 5680 3763 5703 ,

2170 5730 2416 5783 omnilms
2442 5728 2799 5798 subscriptum
2828 5738 2928 5783 est.
2957 5728 3080 5784 ldeo
3106 5730 3247 5785 enim
3272 5731 3591 5785 videbantur
3622 5730 3766 5786 nolle

2176 5821 2509 5880 subscribere
2533 5863 2549 5891 ,
2577 5832 2630 5877 ut
2658 5838 2848 5894 negare
2876 5839 2937 5887 se
2968 5825 3171 5894 possint
3202 5823 3399 5881 dixisse
3438 5822 3578 5897 quod
3616 5824 3765 5879 dixe-
