  <div class='ocr_page' id='page_1' title='image "/cluster/home/n/w/nwhite01/storage/ocr_20150623/43/hvd.32044096580659/336.png"; bbox 0 0 4070 6200; ppageno 0'>
   <div class='ocr_carea' id='block_1_1' title="bbox 357 409 455 462">
    <p class='ocr_par' dir='ltr' id='par_1_1' title="bbox 357 409 455 462">
     <span class='ocr_line' id='line_1_1' title="bbox 357 409 455 462; baseline 0 0"><span class='ocrx_word' id='word_1_1' title='bbox 357 409 455 462; x_wconf 70' lang='lat'><strong>66!</strong></span> 
     </span>
    </p>
   </div>
   <div class='ocr_carea' id='block_1_2' title="bbox 357 519 1934 591">
    <p class='ocr_par' dir='ltr' id='par_1_2' title="bbox 357 519 1934 591">
     <span class='ocr_line' id='line_1_2' title="bbox 357 519 1934 591; baseline -0.001 -14"><span class='ocrx_word' id='word_1_2' title='bbox 357 530 509 586; x_wconf 84' lang='lat' dir='ltr'><strong>rant,</strong></span> <span class='ocrx_word' id='word_1_3' title='bbox 538 529 596 576; x_wconf 77' lang='lat' dir='ltr'><strong>et</strong></span> <span class='ocrx_word' id='word_1_4' title='bbox 617 520 685 575; x_wconf 88' lang='lat' dir='ltr'><strong>de</strong></span> <span class='ocrx_word' id='word_1_5' title='bbox 713 522 875 590; x_wconf 83' lang='lat' dir='ltr'><strong>gestis</strong></span> <span class='ocrx_word' id='word_1_6' title='bbox 920 522 1181 591; x_wconf 72' lang='lat' dir='ltr'><strong>corruptis</strong></span> <span class='ocrx_word' id='word_1_7' title='bbox 1211 521 1376 591; x_wconf 82' lang='lat' dir='ltr'><strong>jndici</strong></span> <span class='ocrx_word' id='word_1_8' title='bbox 1413 521 1747 578; x_wconf 71' lang='lat' dir='ltr'><strong>mltttnniari.</strong></span> <span class='ocrx_word' id='word_1_9' title='bbox 1780 519 1934 589; x_wconf 82' lang='lat' dir='ltr'><strong>Quod</strong></span> 
     </span>
    </p>
   </div>
   <div class='ocr_carea' id='block_1_3' title="bbox 356 612 1935 685">
    <p class='ocr_par' dir='ltr' id='par_1_3' title="bbox 356 612 1935 685">
     <span class='ocr_line' id='line_1_3' title="bbox 356 612 1935 685; baseline 0.003 -18"><span class='ocrx_word' id='word_1_10' title='bbox 356 612 517 668; x_wconf 79' lang='lat' dir='ltr'><strong>modo</strong></span> <span class='ocrx_word' id='word_1_11' title='bbox 537 614 659 684; x_wconf 89' lang='lat' dir='ltr'><strong>quia</strong></span> <span class='ocrx_word' id='word_1_12' title='bbox 682 628 786 669; x_wconf 91' lang='lat' dir='ltr'><strong>non</strong></span> <span class='ocrx_word' id='word_1_13' title='bbox 810 623 1048 683; x_wconf 73' lang='lat' dir='ltr'><strong>possunt,</strong></span> <span class='ocrx_word' id='word_1_14' title='bbox 1067 614 1248 669; x_wconf 89' lang='lat' dir='ltr'><strong>dicunt</strong></span> <span class='ocrx_word' id='word_1_15' title='bbox 1264 615 1435 685; x_wconf 89' lang='lat' dir='ltr'><strong>ipsum</strong></span> <span class='ocrx_word' id='word_1_16' title='bbox 1452 631 1574 670; x_wconf 81' lang='lat' dir='ltr'><strong>csse</strong></span> <span class='ocrx_word' id='word_1_17' title='bbox 1590 624 1897 685; x_wconf 87' lang='lat' dir='ltr'><strong>corruptum</strong></span> <span class='ocrx_word' id='word_1_18' title='bbox 1921 633 1935 672; x_wconf 91' lang='lat'><strong>:</strong></span> 
     </span>
    </p>
   </div>
   <div class='ocr_carea' id='block_1_4' title="bbox 356 709 1935 781">
    <p class='ocr_par' dir='ltr' id='par_1_4' title="bbox 356 709 1935 781">
     <span class='ocr_line' id='line_1_4' title="bbox 356 709 1935 781; baseline 0.001 -19"><span class='ocrx_word' id='word_1_19' title='bbox 356 711 443 780; x_wconf 85' lang='lat' dir='ltr'><strong>qui</strong></span> <span class='ocrx_word' id='word_1_20' title='bbox 476 718 739 764; x_wconf 88' lang='lat' dir='ltr'><strong>utcontra</strong></span> <span class='ocrx_word' id='word_1_21' title='bbox 767 709 1166 781; x_wconf 78' lang='lat' dir='ltr'><strong>illosjndicarct</strong></span> <span class='ocrx_word' id='word_1_22' title='bbox 1190 752 1203 773; x_wconf 88' lang='lat'><strong>,</strong></span> <span class='ocrx_word' id='word_1_23' title='bbox 1234 727 1338 765; x_wconf 89' lang='lat' dir='ltr'><strong>non</strong></span> <span class='ocrx_word' id='word_1_24' title='bbox 1379 712 1480 765; x_wconf 90' lang='lat' dir='ltr'><strong>nisi</strong></span> <span class='ocrx_word' id='word_1_25' title='bbox 1517 710 1615 781; x_wconf 86' lang='lat' dir='ltr'><strong>ipsi</strong></span> <span class='ocrx_word' id='word_1_26' title='bbox 1656 710 1935 775; x_wconf 87' lang='lat' dir='ltr'><strong>fecerunt,</strong></span> 
     </span>
    </p>
   </div>
   <div class='ocr_carea' id='block_1_5' title="bbox 355 801 1937 872">
    <p class='ocr_par' dir='ltr' id='par_1_5' title="bbox 355 801 1937 872">
     <span class='ocr_line' id='line_1_5' title="bbox 355 801 1937 872; baseline 0.001 -19"><span class='ocrx_word' id='word_1_27' title='bbox 355 801 445 870; x_wconf 88' lang='lat' dir='ltr'><strong>qtti</strong></span> <span class='ocrx_word' id='word_1_28' title='bbox 476 810 660 855; x_wconf 87' lang='lat' dir='ltr'><strong>contra</strong></span> <span class='ocrx_word' id='word_1_29' title='bbox 686 816 745 855; x_wconf 90' lang='lat' dir='ltr'><strong>se</strong></span> <span class='ocrx_word' id='word_1_30' title='bbox 776 802 917 870; x_wconf 89' lang='lat' dir='ltr'><strong>ipsos</strong></span> <span class='ocrx_word' id='word_1_31' title='bbox 946 817 1045 872; x_wconf 91' lang='lat' dir='ltr'><strong>pro</strong></span> <span class='ocrx_word' id='word_1_32' title='bbox 1075 803 1227 856; x_wconf 87' lang='lat' dir='ltr'><strong>nobis</strong></span> <span class='ocrx_word' id='word_1_33' title='bbox 1248 811 1388 857; x_wconf 89' lang='lat' dir='ltr'><strong>tanta</strong></span> <span class='ocrx_word' id='word_1_34' title='bbox 1418 803 1667 857; x_wconf 86' lang='lat' dir='ltr'><strong>dixerunt</strong></span> <span class='ocrx_word' id='word_1_35' title='bbox 1691 819 1706 866; x_wconf 85' lang='lat'><strong>;</strong></span> <span class='ocrx_word' id='word_1_36' title='bbox 1733 818 1852 871; x_wconf 63' lang='lat' dir='ltr'><strong>qua:</strong></span> <span class='ocrx_word' id='word_1_37' title='bbox 1879 812 1937 856; x_wconf 87' lang='lat' dir='ltr'><strong>ut</strong></span> 
     </span>
    </p>
   </div>
   <div class='ocr_carea' id='block_1_6' title="bbox 357 896 1932 963">
    <p class='ocr_par' dir='ltr' id='par_1_6' title="bbox 357 896 1932 963">
     <span class='ocr_line' id='line_1_6' title="bbox 357 896 1932 963; baseline 0.004 -18"><span class='ocrx_word' id='word_1_38' title='bbox 357 907 554 962; x_wconf 84' lang='lat' dir='ltr'><strong>negare</strong></span> <span class='ocrx_word' id='word_1_39' title='bbox 576 908 679 946; x_wconf 91' lang='lat' dir='ltr'><strong>non</strong></span> <span class='ocrx_word' id='word_1_40' title='bbox 709 902 959 961; x_wconf 78' lang='lat' dir='ltr'><strong>possent,</strong></span> <span class='ocrx_word' id='word_1_41' title='bbox 988 896 1194 949; x_wconf 88' lang='lat' dir='ltr'><strong>etiamsi</strong></span> <span class='ocrx_word' id='word_1_42' title='bbox 1222 896 1388 952; x_wconf 89' lang='lat' dir='ltr'><strong>coacti</strong></span> <span class='ocrx_word' id='word_1_43' title='bbox 1424 906 1479 951; x_wconf 93' lang='lat' dir='ltr'><strong>et</strong></span> <span class='ocrx_word' id='word_1_44' title='bbox 1508 897 1689 963; x_wconf 90' lang='lat' dir='ltr'><strong>inviti,</strong></span> <span class='ocrx_word' id='word_1_45' title='bbox 1718 898 1828 952; x_wconf 87' lang='lat' dir='ltr'><strong>suis</strong></span> <span class='ocrx_word' id='word_1_46' title='bbox 1854 906 1932 951; x_wconf 83' lang='lat' dir='ltr'><strong>ta-</strong></span> 
     </span>
    </p>
   </div>
   <div class='ocr_carea' id='block_1_7' title="bbox 356 985 1937 1060">
    <p class='ocr_par' dir='ltr' id='par_1_7' title="bbox 356 985 1937 1060">
     <span class='ocr_line' id='line_1_7' title="bbox 356 985 1937 1060; baseline 0.007 -25"><span class='ocrx_word' id='word_1_47' title='bbox 356 998 479 1036; x_wconf 91' lang='lat' dir='ltr'><strong>men</strong></span> <span class='ocrx_word' id='word_1_48' title='bbox 512 985 971 1051; x_wconf 85' lang='lat' dir='ltr'><strong>prosecutionibus</strong></span> <span class='ocrx_word' id='word_1_49' title='bbox 998 987 1446 1056; x_wconf 74' lang='lat' dir='ltr'><strong>subscripserunt.</strong></span> <span class='ocrx_word' id='word_1_50' title='bbox 1481 988 1601 1044; x_wconf 82' lang='lat' dir='ltr'><strong>ideo</strong></span> <span class='ocrx_word' id='word_1_51' title='bbox 1630 1004 1756 1060; x_wconf 84' lang='lat' dir='ltr'><strong>ergo</strong></span> <span class='ocrx_word' id='word_1_52' title='bbox 1786 990 1937 1045; x_wconf 86' lang='lat' dir='ltr'><strong>uole-</strong></span> 
     </span>
    </p>
   </div>
   <div class='ocr_carea' id='block_1_8' title="bbox 355 1075 1940 1147">
    <p class='ocr_par' dir='ltr' id='par_1_8' title="bbox 355 1075 1940 1147">
     <span class='ocr_line' id='line_1_8' title="bbox 355 1075 1940 1147; baseline 0.006 -20"><span class='ocrx_word' id='word_1_53' title='bbox 355 1075 486 1128; x_wconf 88' lang='lat' dir='ltr'><strong>bant</strong></span> <span class='ocrx_word' id='word_1_54' title='bbox 509 1076 847 1131; x_wconf 80' lang='lat' dir='ltr'><strong>subscribere</strong></span> <span class='ocrx_word' id='word_1_55' title='bbox 870 1118 885 1142; x_wconf 92' lang='lat'><strong>,</strong></span> <span class='ocrx_word' id='word_1_56' title='bbox 914 1088 972 1131; x_wconf 86' lang='lat' dir='ltr'><strong>ut</strong></span> <span class='ocrx_word' id='word_1_57' title='bbox 1003 1078 1186 1133; x_wconf 88' lang='lat' dir='ltr'><strong>liceret</strong></span> <span class='ocrx_word' id='word_1_58' title='bbox 1223 1081 1301 1133; x_wconf 89' lang='lat' dir='ltr'><strong>eis</strong></span> <span class='ocrx_word' id='word_1_59' title='bbox 1341 1096 1434 1147; x_wconf 87' lang='lat' dir='ltr'><strong>per</strong></span> <span class='ocrx_word' id='word_1_60' title='bbox 1470 1082 1787 1136; x_wconf 85' lang='lat' dir='ltr'><strong>calumniam</strong></span> <span class='ocrx_word' id='word_1_61' title='bbox 1819 1098 1940 1137; x_wconf 88' lang='lat' dir='ltr'><strong>cor-</strong></span> 
     </span>
    </p>
   </div>
   <div class='ocr_carea' id='block_1_9' title="bbox 354 1170 1938 1237">
    <p class='ocr_par' dir='ltr' id='par_1_9' title="bbox 354 1170 1938 1237">
     <span class='ocr_line' id='line_1_9' title="bbox 354 1170 1938 1237; baseline 0.007 -21"><span class='ocrx_word' id='word_1_62' title='bbox 354 1174 630 1233; x_wconf 87' lang='lat' dir='ltr'><strong>rnptorutn</strong></span> <span class='ocrx_word' id='word_1_63' title='bbox 670 1176 941 1235; x_wconf 86' lang='lat' dir='ltr'><strong>gestorum</strong></span> <span class='ocrx_word' id='word_1_64' title='bbox 980 1183 1174 1237; x_wconf 83' lang='lat' dir='ltr'><strong>negare</strong></span> <span class='ocrx_word' id='word_1_65' title='bbox 1208 1170 1347 1237; x_wconf 90' lang='lat' dir='ltr'><strong>quod</strong></span> <span class='ocrx_word' id='word_1_66' title='bbox 1391 1171 1635 1225; x_wconf 79' lang='lat' dir='ltr'><strong>dixerant</strong></span> <span class='ocrx_word' id='word_1_67' title='bbox 1669 1191 1682 1227; x_wconf 92' lang='lat'>:</span> <span class='ocrx_word' id='word_1_68' title='bbox 1717 1182 1771 1226; x_wconf 92' lang='lat' dir='ltr'><strong>et</strong></span> <span class='ocrx_word' id='word_1_69' title='bbox 1818 1173 1938 1227; x_wconf 88' lang='lat' dir='ltr'><strong>ideo</strong></span> 
     </span>
    </p>
   </div>
   <div class='ocr_carea' id='block_1_10' title="bbox 357 1256 1996 1332">
    <p class='ocr_par' dir='ltr' id='par_1_10' title="bbox 357 1256 1996 1332">
     <span class='ocr_line' id='line_1_10' title="bbox 357 1256 1996 1332; baseline 0.008 -25"><span class='ocrx_word' id='word_1_70' title='bbox 357 1264 542 1323; x_wconf 80' lang='lat' dir='ltr'><strong>postea</strong></span> <span class='ocrx_word' id='word_1_71' title='bbox 572 1256 801 1310; x_wconf 80' lang='lat' dir='ltr'><strong>instante</strong></span> <span class='ocrx_word' id='word_1_72' title='bbox 831 1258 1009 1325; x_wconf 78' lang='lat' dir='ltr'><strong>judice</strong></span> <span class='ocrx_word' id='word_1_73' title='bbox 1036 1270 1421 1315; x_wconf 85' lang='lat' dir='ltr'><strong>consenserunt</strong></span> <span class='ocrx_word' id='word_1_74' title='bbox 1442 1303 1457 1326; x_wconf 94' lang='lat'><strong>,</strong></span> <span class='ocrx_word' id='word_1_75' title='bbox 1484 1262 1605 1332; x_wconf 91' lang='lat' dir='ltr'><strong>quia</strong></span> <span class='ocrx_word' id='word_1_76' title='bbox 1636 1264 1940 1319; x_wconf 88' lang='lat' dir='ltr'><strong>sentiebant</strong></span> <span class='ocrx_word' id='word_1_77' title='bbox 1983 1296 1996 1308; x_wconf 76' lang='grc' dir='ltr'><strong><em>ο</em></strong></span> 
     </span>
    </p>
   </div>
   <div class='ocr_carea' id='block_1_11' title="bbox 360 1346 1939 1417">
    <p class='ocr_par' dir='ltr' id='par_1_11' title="bbox 360 1346 1939 1417">
     <span class='ocr_line' id='line_1_11' title="bbox 360 1346 1939 1417; baseline 0.008 -21"><span class='ocrx_word' id='word_1_78' title='bbox 360 1346 611 1399; x_wconf 82' lang='lat' dir='ltr'><strong>omnibus</strong></span> <span class='ocrx_word' id='word_1_79' title='bbox 648 1361 907 1417; x_wconf 74' lang='lat' dir='ltr'><strong>apparere</strong></span> <span class='ocrx_word' id='word_1_80' title='bbox 932 1389 945 1412; x_wconf 88' lang='lat'><strong>,</strong></span> <span class='ocrx_word' id='word_1_81' title='bbox 972 1349 1101 1402; x_wconf 87' lang='lat' dir='ltr'><strong>nihil</strong></span> <span class='ocrx_word' id='word_1_82' title='bbox 1128 1365 1186 1404; x_wconf 91' lang='lat' dir='ltr'><strong>se</strong></span> <span class='ocrx_word' id='word_1_83' title='bbox 1215 1351 1357 1405; x_wconf 83' lang='lat' dir='ltr'><strong>aliud</strong></span> <span class='ocrx_word' id='word_1_84' title='bbox 1402 1352 1635 1407; x_wconf 88' lang='lat' dir='ltr'><strong>indicare</strong></span> <span class='ocrx_word' id='word_1_85' title='bbox 1657 1353 1673 1384; x_wconf 86' lang='grc'>¹</span> <span class='ocrx_word' id='word_1_86' title='bbox 1708 1354 1939 1408; x_wconf 76' lang='lat' dir='ltr'><strong>nolendo</strong></span> 
     </span>
    </p>
   </div>
   <div class='ocr_carea' id='block_1_12' title="bbox 353 1439 1939 1512">
    <p class='ocr_par' dir='ltr' id='par_1_12' title="bbox 353 1439 1939 1512">
     <span class='ocr_line' id='line_1_12' title="bbox 353 1439 1939 1512; baseline 0.007 -22"><span class='ocrx_word' id='word_1_87' title='bbox 353 1439 692 1493; x_wconf 81' lang='lat' dir='ltr'><strong>subscribere</strong></span> <span class='ocrx_word' id='word_1_88' title='bbox 712 1481 728 1505; x_wconf 91' lang='lat'><strong>,</strong></span> <span class='ocrx_word' id='word_1_89' title='bbox 758 1439 860 1493; x_wconf 82' lang='lat' dir='ltr'><strong>nisi</strong></span> <span class='ocrx_word' id='word_1_90' title='bbox 894 1455 955 1495; x_wconf 88' lang='lat' dir='ltr'><strong>se</strong></span> <span class='ocrx_word' id='word_1_91' title='bbox 991 1441 1153 1495; x_wconf 78' lang='lat' dir='ltr'><strong>verba</strong></span> <span class='ocrx_word' id='word_1_92' title='bbox 1196 1456 1289 1495; x_wconf 91' lang='lat' dir='ltr'><strong>sua</strong></span> <span class='ocrx_word' id='word_1_93' title='bbox 1322 1459 1387 1497; x_wconf 89' lang='lat' dir='ltr'><strong>ne</strong></span> <span class='ocrx_word' id='word_1_94' title='bbox 1414 1443 1516 1496; x_wconf 86' lang='lat' dir='ltr'><strong>sibi</strong></span> <span class='ocrx_word' id='word_1_95' title='bbox 1544 1444 1847 1512; x_wconf 80' lang='lat' dir='ltr'><strong>legerentur</strong></span> <span class='ocrx_word' id='word_1_96' title='bbox 1874 1446 1939 1500; x_wconf 85' lang='lat' dir='ltr'><strong>ti-</strong></span> 
     </span>
    </p>
   </div>
   <div class='ocr_carea' id='block_1_13' title="bbox 357 1531 1938 1605">
    <p class='ocr_par' dir='ltr' id='par_1_13' title="bbox 357 1531 1938 1605">
     <span class='ocr_line' id='line_1_13' title="bbox 357 1531 1938 1605; baseline 0.006 -22"><span class='ocrx_word' id='word_1_97' title='bbox 357 1546 525 1584; x_wconf 85' lang='lat' dir='ltr'><strong>mere.</strong></span> <span class='ocrx_word' id='word_1_98' title='bbox 576 1531 873 1586; x_wconf 68' lang='lat' dir='ltr'><strong>&quot;aluerunt</strong></span> <span class='ocrx_word' id='word_1_99' title='bbox 918 1533 1059 1587; x_wconf 88' lang='lat' dir='ltr'><strong>enim</strong></span> <span class='ocrx_word' id='word_1_100' title='bbox 1109 1535 1507 1600; x_wconf 87' lang='lat' dir='ltr'><strong>prosecutiones</strong></span> <span class='ocrx_word' id='word_1_101' title='bbox 1554 1553 1678 1590; x_wconf 91' lang='lat' dir='ltr'><strong>suas</strong></span> <span class='ocrx_word' id='word_1_102' title='bbox 1722 1538 1938 1605; x_wconf 86' lang='lat' dir='ltr'><strong>quihus-</strong></span> 
     </span>
    </p>
   </div>
   <div class='ocr_carea' id='block_1_14' title="bbox 352 1622 1938 1696">
    <p class='ocr_par' dir='ltr' id='par_1_14' title="bbox 352 1622 1938 1696">
     <span class='ocr_line' id='line_1_14' title="bbox 352 1622 1938 1696; baseline 0.004 -22"><span class='ocrx_word' id='word_1_103' title='bbox 352 1636 582 1689; x_wconf 84' lang='lat' dir='ltr'><strong>ctnuque</strong></span> <span class='ocrx_word' id='word_1_104' title='bbox 606 1622 811 1677; x_wconf 82' lang='lat' dir='ltr'><strong>nebulis</strong></span> <span class='ocrx_word' id='word_1_105' title='bbox 837 1633 1019 1693; x_wconf 87' lang='lat' dir='ltr'><strong>postea</strong></span> <span class='ocrx_word' id='word_1_106' title='bbox 1044 1623 1332 1679; x_wconf 90' lang='lat' dir='ltr'><strong>defendere</strong></span> <span class='ocrx_word' id='word_1_107' title='bbox 1354 1667 1369 1691; x_wconf 89' lang='lat'><strong>,</strong></span> <span class='ocrx_word' id='word_1_108' title='bbox 1398 1641 1557 1696; x_wconf 90' lang='lat' dir='ltr'><strong>quam</strong></span> <span class='ocrx_word' id='word_1_109' title='bbox 1580 1642 1671 1682; x_wconf 89' lang='lat' dir='ltr'><strong>eas</strong></span> <span class='ocrx_word' id='word_1_110' title='bbox 1700 1638 1803 1681; x_wconf 89' lang='lat' dir='ltr'><strong>tam</strong></span> <span class='ocrx_word' id='word_1_111' title='bbox 1832 1629 1938 1682; x_wconf 91' lang='lat' dir='ltr'><strong>cito</strong></span> 
     </span>
    </p>
   </div>
   <div class='ocr_carea' id='block_1_15' title="bbox 352 1712 1937 1862">
    <p class='ocr_par' dir='ltr' id='par_1_15' title="bbox 352 1712 1937 1862">
     <span class='ocr_line' id='line_1_15' title="bbox 352 1712 1937 1862; baseline 0.006 -24"><span class='ocrx_word' id='word_1_112' title='bbox 677 1783 1088 1842; x_wconf 77' lang='lat' dir='ltr'><strong>Xll.-—l6.Sed</strong></span> <span class='ocrx_word' id='word_1_113' title='bbox 1118 1788 1317 1854; x_wconf 87' lang='lat' dir='ltr'><strong>videte,</strong></span> <span class='ocrx_word' id='word_1_114' title='bbox 1336 1805 1583 1861; x_wconf 76' lang='lat' dir='ltr'><strong>rogamus</strong></span> <span class='ocrx_word' id='word_1_115' title='bbox 1611 1805 1726 1859; x_wconf 89' lang='lat' dir='ltr'><strong>vos,</strong></span> <span class='ocrx_word' id='word_1_116' title='bbox 1748 1808 1937 1862; x_wconf 87' lang='lat' dir='ltr'><strong>quem-</strong></span> 
     </span>
    </p>
   </div>
   <div class='ocr_carea' id='block_1_16' title="bbox 351 1872 1939 1952">
    <p class='ocr_par' dir='ltr' id='par_1_16' title="bbox 351 1872 1939 1952">
     <span class='ocr_line' id='line_1_16' title="bbox 351 1872 1939 1952; baseline 0.008 -26"><span class='ocrx_word' id='word_1_117' title='bbox 351 1872 637 1928; x_wconf 82' lang='lat' dir='ltr'><strong>admodum</strong></span> <span class='ocrx_word' id='word_1_118' title='bbox 679 1875 791 1946; x_wconf 89' lang='lat' dir='ltr'><strong>ipsa</strong></span> <span class='ocrx_word' id='word_1_119' title='bbox 829 1891 923 1932; x_wconf 87' lang='lat' dir='ltr'><strong>sua</strong></span> <span class='ocrx_word' id='word_1_120' title='bbox 949 1877 1260 1935; x_wconf 89' lang='lat' dir='ltr'><strong>defensione</strong></span> <span class='ocrx_word' id='word_1_121' title='bbox 1285 1894 1345 1934; x_wconf 90' lang='lat' dir='ltr'><strong>se</strong></span> <span class='ocrx_word' id='word_1_122' title='bbox 1371 1880 1525 1951; x_wconf 87' lang='lat' dir='ltr'><strong>pejus</strong></span> <span class='ocrx_word' id='word_1_123' title='bbox 1553 1882 1857 1952; x_wconf 86' lang='lat' dir='ltr'><strong>implicent,</strong></span> <span class='ocrx_word' id='word_1_124' title='bbox 1884 1895 1939 1939; x_wconf 89' lang='lat' dir='ltr'><strong>et</strong></span> 
     </span>
    </p>
   </div>
   <div class='ocr_carea' id='block_1_17' title="bbox 350 1971 1936 2042">
    <p class='ocr_par' dir='ltr' id='par_1_17' title="bbox 350 1971 1936 2042">
     <span class='ocr_line' id='line_1_17' title="bbox 350 1971 1936 2042; baseline 0.009 -27"><span class='ocrx_word' id='word_1_125' title='bbox 350 1971 509 2033; x_wconf 83' lang='lat' dir='ltr'><strong>agant</strong></span> <span class='ocrx_word' id='word_1_126' title='bbox 550 1979 764 2020; x_wconf 86' lang='lat' dir='ltr'><strong>causam</strong></span> <span class='ocrx_word' id='word_1_127' title='bbox 804 1977 1038 2022; x_wconf 69' lang='lat' dir='ltr'><strong>uestram</strong></span> <span class='ocrx_word' id='word_1_128' title='bbox 1064 2009 1080 2036; x_wconf 91' lang='lat'><strong>,</strong></span> <span class='ocrx_word' id='word_1_129' title='bbox 1121 1980 1176 2025; x_wconf 89' lang='lat' dir='ltr'><strong>et</strong></span> <span class='ocrx_word' id='word_1_130' title='bbox 1213 1974 1432 2026; x_wconf 87' lang='lat' dir='ltr'><strong>omnino</strong></span> <span class='ocrx_word' id='word_1_131' title='bbox 1469 1972 1731 2042; x_wconf 89' lang='lat' dir='ltr'><strong>perimant</strong></span> <span class='ocrx_word' id='word_1_132' title='bbox 1762 1990 1936 2029; x_wconf 87' lang='lat' dir='ltr'><strong>suam.</strong></span> 
     </span>
    </p>
   </div>
   <div class='ocr_carea' id='block_1_18' title="bbox 350 2055 1939 2134">
    <p class='ocr_par' dir='ltr' id='par_1_18' title="bbox 350 2055 1939 2134">
     <span class='ocr_line' id='line_1_18' title="bbox 350 2055 1939 2134; baseline 0.008 -24"><span class='ocrx_word' id='word_1_133' title='bbox 350 2055 482 2110; x_wconf 78' lang='lat' dir='ltr'><strong>Nam</strong></span> <span class='ocrx_word' id='word_1_134' title='bbox 534 2065 653 2125; x_wconf 89' lang='lat' dir='ltr'><strong>post</strong></span> <span class='ocrx_word' id='word_1_135' title='bbox 693 2057 1081 2128; x_wconf 89' lang='lat' dir='ltr'><strong>Collationem,</strong></span> <span class='ocrx_word' id='word_1_136' title='bbox 1125 2072 1469 2133; x_wconf 82' lang='lat' dir='ltr'><strong>posteaquam</strong></span> <span class='ocrx_word' id='word_1_137' title='bbox 1511 2064 1635 2119; x_wconf 88' lang='lat' dir='ltr'><strong>victi</strong></span> <span class='ocrx_word' id='word_1_138' title='bbox 1669 2066 1939 2134; x_wconf 86' lang='lat' dir='ltr'><strong>appellare</strong></span> 
     </span>
    </p>
   </div>
   <div class='ocr_carea' id='block_1_19' title="bbox 353 2149 1936 2222">
    <p class='ocr_par' dir='ltr' id='par_1_19' title="bbox 353 2149 1936 2222">
     <span class='ocr_line' id='line_1_19' title="bbox 353 2149 1936 2222; baseline 0.006 -19"><span class='ocrx_word' id='word_1_139' title='bbox 353 2149 669 2215; x_wconf 87' lang='lat' dir='ltr'><strong>voluerunt,</strong></span> <span class='ocrx_word' id='word_1_140' title='bbox 696 2151 902 2222; x_wconf 81' lang='lat' dir='ltr'><strong>objecta</strong></span> <span class='ocrx_word' id='word_1_141' title='bbox 932 2163 1052 2209; x_wconf 91' lang='lat' dir='ltr'><strong>sunt</strong></span> <span class='ocrx_word' id='word_1_142' title='bbox 1080 2155 1158 2209; x_wconf 87' lang='lat' dir='ltr'><strong>eis</strong></span> <span class='ocrx_word' id='word_1_143' title='bbox 1187 2154 1300 2211; x_wconf 60' lang='lat' dir='ltr'><strong>haec</strong></span> <span class='ocrx_word' id='word_1_144' title='bbox 1328 2157 1488 2212; x_wconf 80' lang='lat' dir='ltr'><strong>verba</strong></span> <span class='ocrx_word' id='word_1_145' title='bbox 1520 2174 1536 2211; x_wconf 89' lang='lat'><strong>:</strong></span> <span class='ocrx_word' id='word_1_146' title='bbox 1566 2168 1620 2213; x_wconf 91' lang='lat' dir='ltr'><strong>et</strong></span> <span class='ocrx_word' id='word_1_147' title='bbox 1644 2173 1706 2214; x_wconf 88' lang='lat' dir='ltr'><strong>ea</strong></span> <span class='ocrx_word' id='word_1_148' title='bbox 1733 2173 1936 2213; x_wconf 78' lang='lat' dir='ltr'><strong>conan-</strong></span> 
     </span>
    </p>
   </div>
   <div class='ocr_carea' id='block_1_20' title="bbox 351 2241 1938 2319">
    <p class='ocr_par' dir='ltr' id='par_1_20' title="bbox 351 2241 1938 2319">
     <span class='ocr_line' id='line_1_20' title="bbox 351 2241 1938 2319; baseline 0.008 -25"><span class='ocrx_word' id='word_1_149' title='bbox 351 2250 439 2295; x_wconf 89' lang='lat' dir='ltr'><strong>tur</strong></span> <span class='ocrx_word' id='word_1_150' title='bbox 462 2241 643 2311; x_wconf 87' lang='lat' dir='ltr'><strong>pejore</strong></span> <span class='ocrx_word' id='word_1_151' title='bbox 669 2257 764 2297; x_wconf 86' lang='lat' dir='ltr'><strong>sua</strong></span> <span class='ocrx_word' id='word_1_152' title='bbox 791 2243 1150 2314; x_wconf 87' lang='lat' dir='ltr'><strong>implicatione</strong></span> <span class='ocrx_word' id='word_1_153' title='bbox 1173 2245 1464 2303; x_wconf 79' lang='lat' dir='ltr'><strong>defendere</strong></span> <span class='ocrx_word' id='word_1_154' title='bbox 1486 2290 1503 2314; x_wconf 93' lang='lat'><strong>,</strong></span> <span class='ocrx_word' id='word_1_155' title='bbox 1532 2248 1745 2319; x_wconf 84' lang='lat' dir='ltr'><strong>quando</strong></span> <span class='ocrx_word' id='word_1_156' title='bbox 1772 2250 1841 2303; x_wconf 86' lang='lat' dir='ltr'><strong>ab</strong></span> <span class='ocrx_word' id='word_1_157' title='bbox 1858 2251 1938 2306; x_wconf 88' lang='lat' dir='ltr'><strong>eis</strong></span> 
     </span>
    </p>
   </div>
   <div class='ocr_carea' id='block_1_21' title="bbox 348 2331 1936 2409">
    <p class='ocr_par' dir='ltr' id='par_1_21' title="bbox 348 2331 1936 2409">
     <span class='ocr_line' id='line_1_21' title="bbox 348 2331 1936 2409; baseline 0.008 -25"><span class='ocrx_word' id='word_1_158' title='bbox 348 2331 474 2401; x_wconf 88' lang='lat' dir='ltr'><strong>quid</strong></span> <span class='ocrx_word' id='word_1_159' title='bbox 522 2334 725 2404; x_wconf 88' lang='lat' dir='ltr'><strong>egerint</strong></span> <span class='ocrx_word' id='word_1_160' title='bbox 770 2336 1025 2405; x_wconf 71' lang='lat' dir='ltr'><strong>quarritis.</strong></span> <span class='ocrx_word' id='word_1_161' title='bbox 1075 2337 1148 2392; x_wconf 88' lang='lat' dir='ltr'><strong>lta</strong></span> <span class='ocrx_word' id='word_1_162' title='bbox 1195 2338 1341 2394; x_wconf 88' lang='lat' dir='ltr'><strong>enim</strong></span> <span class='ocrx_word' id='word_1_163' title='bbox 1380 2353 1473 2394; x_wconf 86' lang='lat' dir='ltr'><strong>vos</strong></span> <span class='ocrx_word' id='word_1_164' title='bbox 1500 2350 1687 2409; x_wconf 88' lang='lat' dir='ltr'><strong>putant</strong></span> <span class='ocrx_word' id='word_1_165' title='bbox 1712 2354 1806 2396; x_wconf 91' lang='lat' dir='ltr'><strong>cor</strong></span> <span class='ocrx_word' id='word_1_166' title='bbox 1829 2357 1936 2397; x_wconf 91' lang='lat' dir='ltr'><strong>non</strong></span> 
     </span>
    </p>
   </div>
   <div class='ocr_carea' id='block_1_22' title="bbox 351 2423 1938 2503">
    <p class='ocr_par' dir='ltr' id='par_1_22' title="bbox 351 2423 1938 2503">
     <span class='ocr_line' id='line_1_22' title="bbox 351 2423 1938 2503; baseline 0.007 -26"><span class='ocrx_word' id='word_1_167' title='bbox 351 2423 548 2480; x_wconf 84' lang='lat' dir='ltr'><strong>habere</strong></span> <span class='ocrx_word' id='word_1_168' title='bbox 571 2468 588 2492; x_wconf 93' lang='lat'><strong>,</strong></span> <span class='ocrx_word' id='word_1_169' title='bbox 616 2436 674 2480; x_wconf 93' lang='lat' dir='ltr'><strong>ut</strong></span> <span class='ocrx_word' id='word_1_170' title='bbox 702 2443 807 2481; x_wconf 92' lang='lat' dir='ltr'><strong>non</strong></span> <span class='ocrx_word' id='word_1_171' title='bbox 837 2428 1143 2498; x_wconf 82' lang='lat' dir='ltr'><strong>intelligatis</strong></span> <span class='ocrx_word' id='word_1_172' title='bbox 1160 2445 1255 2485; x_wconf 85' lang='lat' dir='ltr'><strong>eos</strong></span> <span class='ocrx_word' id='word_1_173' title='bbox 1279 2432 1423 2485; x_wconf 91' lang='lat' dir='ltr'><strong>omni</strong></span> <span class='ocrx_word' id='word_1_174' title='bbox 1453 2431 1613 2486; x_wconf 90' lang='lat' dir='ltr'><strong>modo</strong></span> <span class='ocrx_word' id='word_1_175' title='bbox 1636 2447 1756 2487; x_wconf 90' lang='lat' dir='ltr'><strong>esse</strong></span> <span class='ocrx_word' id='word_1_176' title='bbox 1780 2448 1938 2503; x_wconf 82' lang='lat' dir='ltr'><strong>supe-</strong></span> 
     </span>
    </p>
   </div>
   <div class='ocr_carea' id='block_1_23' title="bbox 346 2516 1933 2592">
    <p class='ocr_par' dir='ltr' id='par_1_23' title="bbox 346 2516 1933 2592">
     <span class='ocr_line' id='line_1_23' title="bbox 346 2516 1933 2592; baseline 0.008 -25"><span class='ocrx_word' id='word_1_177' title='bbox 346 2524 530 2579; x_wconf 85' lang='lat' dir='ltr'><strong>ratos;</strong></span> <span class='ocrx_word' id='word_1_178' title='bbox 571 2516 780 2586; x_wconf 85' lang='lat' dir='ltr'><strong>quando</strong></span> <span class='ocrx_word' id='word_1_179' title='bbox 810 2517 960 2572; x_wconf 81' lang='lat' dir='ltr'><strong>vobis</strong></span> <span class='ocrx_word' id='word_1_180' title='bbox 989 2536 1050 2573; x_wconf 88' lang='lat' dir='ltr'><strong>ea</strong></span> <span class='ocrx_word' id='word_1_181' title='bbox 1078 2520 1295 2587; x_wconf 91' lang='lat' dir='ltr'><strong>dicunt,</strong></span> <span class='ocrx_word' id='word_1_182' title='bbox 1327 2538 1443 2592; x_wconf 75' lang='lat' dir='ltr'><strong>qua:</strong></span> <span class='ocrx_word' id='word_1_183' title='bbox 1470 2526 1688 2577; x_wconf 89' lang='lat' dir='ltr'><strong>omnino</strong></span> <span class='ocrx_word' id='word_1_184' title='bbox 1718 2541 1820 2578; x_wconf 90' lang='lat' dir='ltr'><strong>non</strong></span> <span class='ocrx_word' id='word_1_185' title='bbox 1851 2526 1933 2579; x_wconf 82' lang='lat' dir='ltr'><strong>di-</strong></span> 
     </span>
    </p>
   </div>
   <div class='ocr_carea' id='block_1_24' title="bbox 344 2606 1934 2679">
    <p class='ocr_par' dir='ltr' id='par_1_24' title="bbox 344 2606 1934 2679">
     <span class='ocr_line' id='line_1_24' title="bbox 344 2606 1934 2679; baseline 0.009 -20"><span class='ocrx_word' id='word_1_186' title='bbox 344 2614 567 2669; x_wconf 85' lang='lat' dir='ltr'><strong>cerent,</strong></span> <span class='ocrx_word' id='word_1_187' title='bbox 611 2606 655 2660; x_wconf 92' lang='lat' dir='ltr'><strong>si</strong></span> <span class='ocrx_word' id='word_1_188' title='bbox 700 2608 899 2678; x_wconf 90' lang='lat' dir='ltr'><strong>aliquid</strong></span> <span class='ocrx_word' id='word_1_189' title='bbox 938 2611 1067 2665; x_wconf 89' lang='lat' dir='ltr'><strong>utile</strong></span> <span class='ocrx_word' id='word_1_190' title='bbox 1107 2611 1248 2679; x_wconf 88' lang='lat' dir='ltr'><strong>quod</strong></span> <span class='ocrx_word' id='word_1_191' title='bbox 1290 2613 1564 2678; x_wconf 84' lang='lat' dir='ltr'><strong>dicerent,</strong></span> <span class='ocrx_word' id='word_1_192' title='bbox 1616 2614 1934 2673; x_wconf 81' lang='lat' dir='ltr'><strong>invenirent.</strong></span> 
     </span>
    </p>
   </div>
   <div class='ocr_carea' id='block_1_25' title="bbox 344 2696 1938 2774">
    <p class='ocr_par' dir='ltr' id='par_1_25' title="bbox 344 2696 1938 2774">
     <span class='ocr_line' id='line_1_25' title="bbox 344 2696 1938 2774; baseline 0.011 -27"><span class='ocrx_word' id='word_1_193' title='bbox 344 2696 478 2761; x_wconf 81' lang='lat' dir='ltr'><strong>Quis</strong></span> <span class='ocrx_word' id='word_1_194' title='bbox 502 2696 643 2751; x_wconf 86' lang='lat' dir='ltr'><strong>enim</strong></span> <span class='ocrx_word' id='word_1_195' title='bbox 669 2696 805 2753; x_wconf 86' lang='lat' dir='ltr'><strong>ferat</strong></span> <span class='ocrx_word' id='word_1_196' title='bbox 832 2700 997 2754; x_wconf 89' lang='lat' dir='ltr'><strong>victos</strong></span> <span class='ocrx_word' id='word_1_197' title='bbox 1026 2700 1269 2756; x_wconf 87' lang='lat' dir='ltr'><strong>homines</strong></span> <span class='ocrx_word' id='word_1_198' title='bbox 1291 2704 1583 2773; x_wconf 88' lang='lat' dir='ltr'><strong>conqueri,</strong></span> <span class='ocrx_word' id='word_1_199' title='bbox 1613 2705 1753 2774; x_wconf 88' lang='lat' dir='ltr'><strong>quod</strong></span> <span class='ocrx_word' id='word_1_200' title='bbox 1781 2716 1938 2763; x_wconf 83' lang='lat' dir='ltr'><strong>nocte</strong></span> 
     </span>
    </p>
   </div>
   <div class='ocr_carea' id='block_1_26' title="bbox 345 2791 1934 2868">
    <p class='ocr_par' dir='ltr' id='par_1_26' title="bbox 345 2791 1934 2868">
     <span class='ocr_line' id='line_1_26' title="bbox 345 2791 1934 2868; baseline 0.008 -27"><span class='ocrx_word' id='word_1_201' title='bbox 345 2796 531 2841; x_wconf 85' lang='lat' dir='ltr'><strong>contra</strong></span> <span class='ocrx_word' id='word_1_202' title='bbox 573 2802 666 2842; x_wconf 88' lang='lat' dir='ltr'><strong>eos</strong></span> <span class='ocrx_word' id='word_1_203' title='bbox 693 2798 771 2843; x_wconf 91' lang='lat' dir='ltr'><strong>est</strong></span> <span class='ocrx_word' id='word_1_204' title='bbox 805 2791 1004 2860; x_wconf 88' lang='lat' dir='ltr'><strong>prolata</strong></span> <span class='ocrx_word' id='word_1_205' title='bbox 1029 2794 1289 2848; x_wconf 81' lang='lat' dir='ltr'><strong>sententia</strong></span> <span class='ocrx_word' id='word_1_206' title='bbox 1322 2811 1336 2847; x_wconf 88' lang='lat'><strong>:</strong></span> <span class='ocrx_word' id='word_1_207' title='bbox 1368 2796 1517 2863; x_wconf 91' lang='lat' dir='ltr'><strong>quasi</strong></span> <span class='ocrx_word' id='word_1_208' title='bbox 1549 2811 1652 2850; x_wconf 86' lang='lat' dir='ltr'><strong>non</strong></span> <span class='ocrx_word' id='word_1_209' title='bbox 1680 2812 1823 2867; x_wconf 69' lang='lat' dir='ltr'><strong>saepe</strong></span> <span class='ocrx_word' id='word_1_210' title='bbox 1844 2798 1934 2868; x_wconf 81' lang='lat' dir='ltr'><strong>ju-</strong></span> 
     </span>
    </p>
   </div>
   <div class='ocr_carea' id='block_1_27' title="bbox 345 2874 1932 2955">
    <p class='ocr_par' dir='ltr' id='par_1_27' title="bbox 345 2874 1932 2955">
     <span class='ocr_line' id='line_1_27' title="bbox 345 2874 1932 2955; baseline 0.009 -26"><span class='ocrx_word' id='word_1_211' title='bbox 345 2874 490 2929; x_wconf 88' lang='lat' dir='ltr'><strong>dices</strong></span> <span class='ocrx_word' id='word_1_212' title='bbox 514 2878 762 2933; x_wconf 83' lang='lat' dir='ltr'><strong>audiendi</strong></span> <span class='ocrx_word' id='word_1_213' title='bbox 788 2883 1078 2937; x_wconf 80' lang='lat' dir='ltr'><strong>necessitas</strong></span> <span class='ocrx_word' id='word_1_214' title='bbox 1108 2893 1317 2951; x_wconf 89' lang='lat' dir='ltr'><strong>teneat,</strong></span> <span class='ocrx_word' id='word_1_215' title='bbox 1345 2895 1401 2939; x_wconf 92' lang='lat' dir='ltr'><strong>ut</strong></span> <span class='ocrx_word' id='word_1_216' title='bbox 1425 2902 1592 2955; x_wconf 84' lang='lat' dir='ltr'><strong>usque</strong></span> <span class='ocrx_word' id='word_1_217' title='bbox 1621 2887 1687 2941; x_wconf 91' lang='lat' dir='ltr'><strong>ad</strong></span> <span class='ocrx_word' id='word_1_218' title='bbox 1714 2890 1932 2943; x_wconf 87' lang='lat' dir='ltr'><strong>multam</strong></span> 
     </span>
    </p>
   </div>
   <div class='ocr_carea' id='block_1_28' title="bbox 348 2973 1935 3045">
    <p class='ocr_par' dir='ltr' id='par_1_28' title="bbox 348 2973 1935 3045">
     <span class='ocr_line' id='line_1_28' title="bbox 348 2973 1935 3045; baseline 0.009 -25"><span class='ocrx_word' id='word_1_219' title='bbox 348 2977 551 3036; x_wconf 85' lang='lat' dir='ltr'><strong>partem</strong></span> <span class='ocrx_word' id='word_1_220' title='bbox 583 2973 756 3025; x_wconf 85' lang='lat' dir='ltr'><strong>noctis</strong></span> <span class='ocrx_word' id='word_1_221' title='bbox 782 2974 970 3028; x_wconf 86' lang='lat' dir='ltr'><strong>sedere</strong></span> <span class='ocrx_word' id='word_1_222' title='bbox 993 2976 1292 3045; x_wconf 81' lang='lat' dir='ltr'><strong>cogantur?</strong></span> <span class='ocrx_word' id='word_1_223' title='bbox 1317 2979 1425 3031; x_wconf 83' lang='lat' dir='ltr'><strong>Aut</strong></span> <span class='ocrx_word' id='word_1_224' title='bbox 1449 2977 1569 3031; x_wconf 88' lang='lat' dir='ltr'><strong>ideo</strong></span> <span class='ocrx_word' id='word_1_225' title='bbox 1599 2995 1704 3033; x_wconf 90' lang='lat' dir='ltr'><strong>nun</strong></span> <span class='ocrx_word' id='word_1_226' title='bbox 1733 2990 1814 3034; x_wconf 86' lang='lat' dir='ltr'><strong>est</strong></span> <span class='ocrx_word' id='word_1_227' title='bbox 1842 2995 1935 3036; x_wconf 82' lang='lat' dir='ltr'><strong>ve-</strong></span> 
     </span>
    </p>
   </div>
   <div class='ocr_carea' id='block_1_29' title="bbox 347 3061 1934 3133">
    <p class='ocr_par' dir='ltr' id='par_1_29' title="bbox 347 3061 1934 3133">
     <span class='ocr_line' id='line_1_29' title="bbox 347 3061 1934 3133; baseline 0.011 -24"><span class='ocrx_word' id='word_1_228' title='bbox 347 3072 462 3110; x_wconf 87' lang='lat' dir='ltr'><strong>rum</strong></span> <span class='ocrx_word' id='word_1_229' title='bbox 503 3061 642 3128; x_wconf 85' lang='lat' dir='ltr'><strong>quod</strong></span> <span class='ocrx_word' id='word_1_230' title='bbox 671 3062 864 3116; x_wconf 84' lang='lat' dir='ltr'><strong>dicitur</strong></span> <span class='ocrx_word' id='word_1_231' title='bbox 887 3105 900 3125; x_wconf 91' lang='lat'><strong>,</strong></span> <span class='ocrx_word' id='word_1_232' title='bbox 933 3065 1053 3133; x_wconf 87' lang='lat' dir='ltr'><strong>quia</strong></span> <span class='ocrx_word' id='word_1_233' title='bbox 1087 3081 1181 3133; x_wconf 87' lang='lat' dir='ltr'><strong>per</strong></span> <span class='ocrx_word' id='word_1_234' title='bbox 1208 3076 1416 3121; x_wconf 88' lang='lat' dir='ltr'><strong>noctem</strong></span> <span class='ocrx_word' id='word_1_235' title='bbox 1444 3067 1673 3122; x_wconf 88' lang='lat' dir='ltr'><strong>dicitur?</strong></span> <span class='ocrx_word' id='word_1_236' title='bbox 1702 3069 1811 3125; x_wconf 83' lang='lat' dir='ltr'><strong>Nec</strong></span> <span class='ocrx_word' id='word_1_237' title='bbox 1837 3087 1934 3125; x_wconf 86' lang='lat' dir='ltr'><strong>an-</strong></span> 
     </span>
    </p>
   </div>
   <div class='ocr_carea' id='block_1_30' title="bbox 346 3146 1935 3219">
    <p class='ocr_par' dir='ltr' id='par_1_30' title="bbox 346 3146 1935 3219">
     <span class='ocr_line' id='line_1_30' title="bbox 346 3146 1935 3219; baseline 0.011 -21"><span class='ocrx_word' id='word_1_238' title='bbox 346 3146 497 3202; x_wconf 89' lang='lat' dir='ltr'><strong>diuut</strong></span> <span class='ocrx_word' id='word_1_239' title='bbox 524 3150 849 3219; x_wconf 71' lang='lat' dir='ltr'><strong>Scriptorum</strong></span> <span class='ocrx_word' id='word_1_240' title='bbox 877 3154 1230 3219; x_wconf 82' lang='lat' dir='ltr'><strong>clamantem,</strong></span> <span class='ocrx_word' id='word_1_241' title='bbox 1268 3156 1365 3211; x_wconf 79' lang='lat' dir='ltr'><strong>Per</strong></span> <span class='ocrx_word' id='word_1_242' title='bbox 1387 3159 1518 3211; x_wconf 81' lang='lat' dir='ltr'><strong>diem</strong></span> <span class='ocrx_word' id='word_1_243' title='bbox 1544 3161 1799 3214; x_wconf 82' lang='lat' dir='ltr'><strong>mandavit</strong></span> <span class='ocrx_word' id='word_1_244' title='bbox 1827 3162 1935 3216; x_wconf 87' lang='lat' dir='ltr'><strong>Do-</strong></span> 
     </span>
    </p>
   </div>
   <div class='ocr_carea' id='block_1_31' title="bbox 346 3238 1941 3323">
    <p class='ocr_par' dir='ltr' id='par_1_31' title="bbox 346 3238 1941 3323">
     <span class='ocr_line' id='line_1_31' title="bbox 346 3238 1941 3323; baseline 0.013 -35"><span class='ocrx_word' id='word_1_245' title='bbox 346 3238 510 3293; x_wconf 78' lang='lat' dir='ltr'><strong>minus</strong></span> <span class='ocrx_word' id='word_1_246' title='bbox 552 3242 946 3296; x_wconf 76' lang='lat' dir='ltr'><strong>misericordium</strong></span> <span class='ocrx_word' id='word_1_247' title='bbox 987 3262 1129 3297; x_wconf 77' lang='lat' dir='ltr'><strong>suam</strong></span> <span class='ocrx_word' id='word_1_248' title='bbox 1149 3285 1166 3311; x_wconf 93' lang='lat'><strong>,</strong></span> <span class='ocrx_word' id='word_1_249' title='bbox 1215 3258 1261 3300; x_wconf 84' lang='lat' dir='ltr'><strong>et</strong></span> <span class='ocrx_word' id='word_1_250' title='bbox 1303 3260 1445 3303; x_wconf 80' lang='lat' dir='ltr'><strong>nocte</strong></span> <span class='ocrx_word' id='word_1_251' title='bbox 1466 3250 1736 3306; x_wconf 77' lang='lat' dir='ltr'><strong>declaravit</strong></span> <span class='ocrx_word' id='word_1_252' title='bbox 1762 3252 1941 3323; x_wconf 72' lang='lat' dir='ltr'><strong>(Paul.</strong></span> 
     </span>
    </p>
   </div>
   <div class='ocr_carea' id='block_1_32' title="bbox 347 3331 1939 3400">
    <p class='ocr_par' dir='ltr' id='par_1_32' title="bbox 347 3331 1939 3400">
     <span class='ocr_line' id='line_1_32' title="bbox 347 3331 1939 3400; baseline 0.01 -18"><span class='ocrx_word' id='word_1_253' title='bbox 347 3342 431 3384; x_wconf 80' lang='lat' dir='ltr'><strong>xu</strong></span> <span class='ocrx_word' id='word_1_254' title='bbox 458 3373 473 3393; x_wconf 90' lang='lat'><strong>,</strong></span> <span class='ocrx_word' id='word_1_255' title='bbox 500 3331 555 3400; x_wconf 81' lang='lat'><strong>9)</strong></span> <span class='ocrx_word' id='word_1_256' title='bbox 585 3347 601 3392; x_wconf 87' lang='lat'><strong>;</strong></span> <span class='ocrx_word' id='word_1_257' title='bbox 628 3342 682 3385; x_wconf 87' lang='lat' dir='ltr'><strong>et</strong></span> <span class='ocrx_word' id='word_1_258' title='bbox 711 3334 900 3387; x_wconf 85' lang='lat' dir='ltr'><strong>iterum</strong></span> <span class='ocrx_word' id='word_1_259' title='bbox 922 3376 937 3399; x_wconf 96' lang='lat'><strong>,</strong></span> <span class='ocrx_word' id='word_1_260' title='bbox 965 3336 1045 3388; x_wconf 79' lang='lat' dir='ltr'><strong>Ad</strong></span> <span class='ocrx_word' id='word_1_261' title='bbox 1067 3339 1468 3393; x_wconf 78' lang='lat' dir='ltr'><strong>annuntianth</strong></span> <span class='ocrx_word' id='word_1_262' title='bbox 1490 3358 1636 3396; x_wconf 83' lang='lat' dir='ltr'><strong>mane</strong></span> <span class='ocrx_word' id='word_1_263' title='bbox 1654 3343 1939 3398; x_wconf 79' lang='lat' dir='ltr'><strong>misericor-</strong></span> 
     </span>
    </p>
   </div>
   <div class='ocr_carea' id='block_1_33' title="bbox 343 3418 1935 3505">
    <p class='ocr_par' dir='ltr' id='par_1_33' title="bbox 343 3418 1935 3505">
     <span class='ocr_line' id='line_1_33' title="bbox 343 3418 1935 3505; baseline 0.012 -34"><span class='ocrx_word' id='word_1_264' title='bbox 343 3418 485 3472; x_wconf 78' lang='lat' dir='ltr'><strong>dium</strong></span> <span class='ocrx_word' id='word_1_265' title='bbox 524 3430 698 3486; x_wconf 80' lang='lat' dir='ltr'><strong>tuam,</strong></span> <span class='ocrx_word' id='word_1_266' title='bbox 744 3433 791 3476; x_wconf 86' lang='lat' dir='ltr'><strong>et</strong></span> <span class='ocrx_word' id='word_1_267' title='bbox 830 3424 1085 3479; x_wconf 72' lang='lat' dir='ltr'><strong>veritatem</strong></span> <span class='ocrx_word' id='word_1_268' title='bbox 1110 3437 1250 3480; x_wconf 78' lang='lat' dir='ltr'><strong>tuam</strong></span> <span class='ocrx_word' id='word_1_269' title='bbox 1274 3446 1364 3499; x_wconf 82' lang='lat' dir='ltr'><strong>per</strong></span> <span class='ocrx_word' id='word_1_270' title='bbox 1392 3440 1585 3485; x_wconf 80' lang='lat' dir='ltr'><strong>noctem</strong></span> <span class='ocrx_word' id='word_1_271' title='bbox 1610 3431 1780 3505; x_wconf 76' lang='lat' dir='ltr'><strong>(Psal.</strong></span> <span class='ocrx_word' id='word_1_272' title='bbox 1811 3450 1893 3490; x_wconf 71' lang='lat' dir='ltr'><strong>set</strong></span> <span class='ocrx_word' id='word_1_273' title='bbox 1918 3478 1935 3503; x_wconf 94' lang='lat'><strong>,</strong></span> 
     </span>
    </p>
   </div>
   <div class='ocr_carea' id='block_1_34' title="bbox 342 3509 1936 3583">
    <p class='ocr_par' dir='ltr' id='par_1_34' title="bbox 342 3509 1936 3583">
     <span class='ocr_line' id='line_1_34' title="bbox 342 3509 1936 3583; baseline 0.012 -21"><span class='ocrx_word' id='word_1_274' title='bbox 342 3509 427 3579; x_wconf 80' lang='lat'><strong>3).</strong></span> <span class='ocrx_word' id='word_1_275' title='bbox 473 3510 581 3565; x_wconf 81' lang='lat' dir='ltr'><strong>Aut</strong></span> <span class='ocrx_word' id='word_1_276' title='bbox 620 3512 761 3581; x_wconf 90' lang='lat' dir='ltr'><strong>quod</strong></span> <span class='ocrx_word' id='word_1_277' title='bbox 802 3514 1083 3583; x_wconf 83' lang='lat' dir='ltr'><strong>dixerunt,</strong></span> <span class='ocrx_word' id='word_1_278' title='bbox 1125 3528 1279 3574; x_wconf 90' lang='lat' dir='ltr'><strong>nocte</strong></span> <span class='ocrx_word' id='word_1_279' title='bbox 1310 3522 1521 3578; x_wconf 75' lang='lat' dir='ltr'><strong>venisse</strong></span> <span class='ocrx_word' id='word_1_280' title='bbox 1555 3524 1621 3577; x_wconf 90' lang='lat' dir='ltr'><strong>ad</strong></span> <span class='ocrx_word' id='word_1_281' title='bbox 1654 3525 1936 3581; x_wconf 88' lang='lat' dir='ltr'><strong>Dominum</strong></span> 
     </span>
    </p>
   </div>
   <div class='ocr_carea' id='block_1_35' title="bbox 344 3601 1933 3687">
    <p class='ocr_par' dir='ltr' id='par_1_35' title="bbox 344 3601 1933 3687">
     <span class='ocr_line' id='line_1_35' title="bbox 344 3601 1933 3687; baseline 0.011 -31"><span class='ocrx_word' id='word_1_282' title='bbox 344 3601 634 3657; x_wconf 87' lang='lat' dir='ltr'><strong>tenendum</strong></span> <span class='ocrx_word' id='word_1_283' title='bbox 683 3616 1049 3674; x_wconf 82' lang='lat' dir='ltr'><strong>persecutores</strong></span> <span class='ocrx_word' id='word_1_284' title='bbox 1078 3650 1092 3673; x_wconf 89' lang='lat'><strong>,</strong></span> <span class='ocrx_word' id='word_1_285' title='bbox 1144 3626 1252 3665; x_wconf 91' lang='lat' dir='ltr'><strong>non</strong></span> <span class='ocrx_word' id='word_1_286' title='bbox 1300 3614 1638 3670; x_wconf 86' lang='lat' dir='ltr'><strong>attendentes</strong></span> <span class='ocrx_word' id='word_1_287' title='bbox 1682 3620 1933 3687; x_wconf 89' lang='lat' dir='ltr'><strong>quoniam</strong></span> 
     </span>
    </p>
   </div>
   <div class='ocr_carea' id='block_1_36' title="bbox 344 3692 1937 3766">
    <p class='ocr_par' dir='ltr' id='par_1_36' title="bbox 344 3692 1937 3766">
     <span class='ocr_line' id='line_1_36' title="bbox 344 3692 1937 3766; baseline 0.012 -19"><span class='ocrx_word' id='word_1_288' title='bbox 344 3692 474 3762; x_wconf 87' lang='lat' dir='ltr'><strong>ipsis</strong></span> <span class='ocrx_word' id='word_1_289' title='bbox 518 3697 788 3750; x_wconf 80' lang='lat' dir='ltr'><strong>nocturnis</strong></span> <span class='ocrx_word' id='word_1_290' title='bbox 837 3697 983 3754; x_wconf 90' lang='lat' dir='ltr'><strong>boris</strong></span> <span class='ocrx_word' id='word_1_291' title='bbox 1019 3700 1179 3755; x_wconf 90' lang='lat' dir='ltr'><strong>etiam</strong></span> <span class='ocrx_word' id='word_1_292' title='bbox 1229 3701 1485 3760; x_wconf 88' lang='lat' dir='ltr'><strong>Dominus</strong></span> <span class='ocrx_word' id='word_1_293' title='bbox 1514 3707 1789 3763; x_wconf 72' lang='lat' dir='ltr'><strong>veritatem</strong></span> <span class='ocrx_word' id='word_1_294' title='bbox 1825 3712 1937 3766; x_wconf 86' lang='lat' dir='ltr'><strong>suis</strong></span> 
     </span>
    </p>
   </div>
   <div class='ocr_carea' id='block_1_37' title="bbox 343 3784 1935 3872">
    <p class='ocr_par' dir='ltr' id='par_1_37' title="bbox 343 3784 1935 3872">
     <span class='ocr_line' id='line_1_37' title="bbox 343 3784 1935 3872; baseline 0.011 -33"><span class='ocrx_word' id='word_1_295' title='bbox 343 3784 618 3857; x_wconf 83' lang='lat' dir='ltr'><strong>discipulis</strong></span> <span class='ocrx_word' id='word_1_296' title='bbox 648 3790 987 3857; x_wconf 72' lang='lat' dir='ltr'><strong>pnctliCavit;</strong></span> <span class='ocrx_word' id='word_1_297' title='bbox 1020 3810 1117 3848; x_wconf 90' lang='lat' dir='ltr'><strong>nec</strong></span> <span class='ocrx_word' id='word_1_298' title='bbox 1143 3796 1422 3853; x_wconf 80' lang='lat' dir='ltr'><strong>advertere</strong></span> <span class='ocrx_word' id='word_1_299' title='bbox 1450 3800 1768 3868; x_wconf 88' lang='lat' dir='ltr'><strong>voluerunt,</strong></span> <span class='ocrx_word' id='word_1_300' title='bbox 1794 3806 1935 3872; x_wconf 87' lang='lat' dir='ltr'><strong>quod</strong></span> 
     </span>
    </p>
   </div>
   <div class='ocr_carea' id='block_1_38' title="bbox 344 3876 1935 3959">
    <p class='ocr_par' dir='ltr' id='par_1_38' title="bbox 344 3876 1935 3959">
     <span class='ocr_line' id='line_1_38' title="bbox 344 3876 1935 3959; baseline 0.011 -29"><span class='ocrx_word' id='word_1_301' title='bbox 344 3876 598 3948; x_wconf 79' lang='lat' dir='ltr'><strong>scriptum</strong></span> <span class='ocrx_word' id='word_1_302' title='bbox 645 3890 760 3944; x_wconf 75' lang='lat' dir='ltr'><strong>est,</strong></span> <span class='ocrx_word' id='word_1_303' title='bbox 803 3884 1102 3950; x_wconf 83' lang='lat' dir='ltr'><strong>apustolum</strong></span> <span class='ocrx_word' id='word_1_304' title='bbox 1147 3885 1368 3941; x_wconf 83' lang='lat' dir='ltr'><strong>Paulum</strong></span> <span class='ocrx_word' id='word_1_305' title='bbox 1412 3904 1580 3959; x_wconf 88' lang='lat' dir='ltr'><strong>usque</strong></span> <span class='ocrx_word' id='word_1_306' title='bbox 1606 3891 1673 3945; x_wconf 89' lang='lat' dir='ltr'><strong>ad</strong></span> <span class='ocrx_word' id='word_1_307' title='bbox 1702 3894 1935 3948; x_wconf 88' lang='lat' dir='ltr'><strong>medium</strong></span> 
     </span>
    </p>
   </div>
   <div class='ocr_carea' id='block_1_39' title="bbox 346 3966 1935 4049">
    <p class='ocr_par' dir='ltr' id='par_1_39' title="bbox 346 3966 1935 4049">
     <span class='ocr_line' id='line_1_39' title="bbox 346 3966 1935 4049; baseline 0.011 -26"><span class='ocrx_word' id='word_1_308' title='bbox 346 3966 522 4023; x_wconf 88' lang='lat' dir='ltr'><strong>noctis</strong></span> <span class='ocrx_word' id='word_1_309' title='bbox 562 3970 875 4038; x_wconf 79' lang='lat' dir='ltr'><strong>produxisse</strong></span> <span class='ocrx_word' id='word_1_310' title='bbox 912 3987 1215 4030; x_wconf 87' lang='lat' dir='ltr'><strong>sermonem</strong></span> <span class='ocrx_word' id='word_1_311' title='bbox 1262 3975 1394 4049; x_wconf 79' lang='lat' dir='ltr'><strong>(Act.</strong></span> <span class='ocrx_word' id='word_1_312' title='bbox 1441 3996 1511 4034; x_wconf 74' lang='lat' dir='ltr'><strong>xx</strong></span> <span class='ocrx_word' id='word_1_313' title='bbox 1535 4021 1551 4045; x_wconf 95' lang='lat'><strong>,</strong></span> <span class='ocrx_word' id='word_1_314' title='bbox 1585 3982 1655 4049; x_wconf 82' lang='grc'><strong>7).</strong></span> <span class='ocrx_word' id='word_1_315' title='bbox 1686 3982 1738 4038; x_wconf 88' lang='lat' dir='ltr'><strong>Si</strong></span> <span class='ocrx_word' id='word_1_316' title='bbox 1771 3984 1935 4039; x_wconf 85' lang='lat' dir='ltr'><strong>habe-</strong></span> 
     </span>
    </p>
   </div>
   <div class='ocr_carea' id='block_1_40' title="bbox 346 4066 1934 4144">
    <p class='ocr_par' dir='ltr' id='par_1_40' title="bbox 346 4066 1934 4144">
     <span class='ocr_line' id='line_1_40' title="bbox 346 4066 1934 4144; baseline 0.01 -28"><span class='ocrx_word' id='word_1_317' title='bbox 346 4069 469 4116; x_wconf 84' lang='lat' dir='ltr'><strong>rent</strong></span> <span class='ocrx_word' id='word_1_318' title='bbox 511 4077 692 4117; x_wconf 87' lang='lat' dir='ltr'><strong>verum</strong></span> <span class='ocrx_word' id='word_1_319' title='bbox 737 4066 875 4133; x_wconf 88' lang='lat' dir='ltr'><strong>quod</strong></span> <span class='ocrx_word' id='word_1_320' title='bbox 921 4066 1199 4133; x_wconf 87' lang='lat' dir='ltr'><strong>dicerent,</strong></span> <span class='ocrx_word' id='word_1_321' title='bbox 1246 4086 1350 4125; x_wconf 79' lang='lat' dir='ltr'><strong>nox</strong></span> <span class='ocrx_word' id='word_1_322' title='bbox 1398 4087 1492 4127; x_wconf 92' lang='lat' dir='ltr'><strong>eos</strong></span> <span class='ocrx_word' id='word_1_323' title='bbox 1533 4075 1788 4144; x_wconf 75' lang='lat' dir='ltr'><strong>impchre</strong></span> <span class='ocrx_word' id='word_1_324' title='bbox 1830 4094 1934 4132; x_wconf 85' lang='lat' dir='ltr'><strong>non</strong></span> 
     </span>
    </p>
   </div>
   <div class='ocr_carea' id='block_1_41' title="bbox 347 4155 1936 4225">
    <p class='ocr_par' dir='ltr' id='par_1_41' title="bbox 347 4155 1936 4225">
     <span class='ocr_line' id='line_1_41' title="bbox 347 4155 1936 4225; baseline 0.011 -17"><span class='ocrx_word' id='word_1_325' title='bbox 347 4162 545 4223; x_wconf 77' lang='lat' dir='ltr'><strong>posset.</strong></span> <span class='ocrx_word' id='word_1_326' title='bbox 600 4155 703 4211; x_wconf 91' lang='lat' dir='ltr'><strong>Sed</strong></span> <span class='ocrx_word' id='word_1_327' title='bbox 753 4173 881 4212; x_wconf 88' lang='lat' dir='ltr'><strong>sane</strong></span> <span class='ocrx_word' id='word_1_328' title='bbox 937 4160 1422 4217; x_wconf 87' lang='lat' dir='ltr'><strong>tenebrosissitnam</strong></span> <span class='ocrx_word' id='word_1_329' title='bbox 1472 4182 1680 4220; x_wconf 89' lang='lat' dir='ltr'><strong>noctem</strong></span> <span class='ocrx_word' id='word_1_330' title='bbox 1730 4169 1780 4221; x_wconf 91' lang='lat' dir='ltr'><strong>in</strong></span> <span class='ocrx_word' id='word_1_331' title='bbox 1825 4170 1936 4225; x_wconf 88' lang='lat' dir='ltr'><strong>suis</strong></span> 
     </span>
    </p>
   </div>
   <div class='ocr_carea' id='block_1_42' title="bbox 346 4246 1933 4327">
    <p class='ocr_par' dir='ltr' id='par_1_42' title="bbox 346 4246 1933 4327">
     <span class='ocr_line' id='line_1_42' title="bbox 346 4246 1933 4327; baseline 0.008 -25"><span class='ocrx_word' id='word_1_332' title='bbox 346 4246 612 4302; x_wconf 82' lang='lat' dir='ltr'><strong>mentibus</strong></span> <span class='ocrx_word' id='word_1_333' title='bbox 654 4249 1021 4318; x_wconf 86' lang='lat' dir='ltr'><strong>patiebantur,</strong></span> <span class='ocrx_word' id='word_1_334' title='bbox 1062 4253 1276 4323; x_wconf 87' lang='lat' dir='ltr'><strong>quando</strong></span> <span class='ocrx_word' id='word_1_335' title='bbox 1310 4267 1492 4310; x_wconf 86' lang='lat' dir='ltr'><strong>contra</strong></span> <span class='ocrx_word' id='word_1_336' title='bbox 1531 4274 1589 4313; x_wconf 89' lang='lat' dir='ltr'><strong>se</strong></span> <span class='ocrx_word' id='word_1_337' title='bbox 1620 4261 1759 4327; x_wconf 82' lang='lat' dir='ltr'><strong>ipsos</strong></span> <span class='ocrx_word' id='word_1_338' title='bbox 1791 4270 1933 4315; x_wconf 83' lang='lat' dir='ltr'><strong>tanta</strong></span> 
     </span>
    </p>
   </div>
   <div class='ocr_carea' id='block_1_43' title="bbox 347 4339 1931 4421">
    <p class='ocr_par' dir='ltr' id='par_1_43' title="bbox 347 4339 1931 4421">
     <span class='ocr_line' id='line_1_43' title="bbox 347 4339 1931 4421; baseline 0.009 -28"><span class='ocrx_word' id='word_1_339' title='bbox 347 4339 723 4409; x_wconf 86' lang='lat' dir='ltr'><strong>proferebant,</strong></span> <span class='ocrx_word' id='word_1_340' title='bbox 767 4359 865 4398; x_wconf 88' lang='lat' dir='ltr'><strong>nec</strong></span> <span class='ocrx_word' id='word_1_341' title='bbox 900 4345 967 4399; x_wconf 88' lang='lat' dir='ltr'><strong>ad</strong></span> <span class='ocrx_word' id='word_1_342' title='bbox 1008 4347 1244 4401; x_wconf 82' lang='lat' dir='ltr'><strong>veritatis</strong></span> <span class='ocrx_word' id='word_1_343' title='bbox 1280 4349 1451 4404; x_wconf 90' lang='lat' dir='ltr'><strong>lucem</strong></span> <span class='ocrx_word' id='word_1_344' title='bbox 1484 4368 1788 4421; x_wconf 78' lang='lat' dir='ltr'><strong>perversum</strong></span> <span class='ocrx_word' id='word_1_345' title='bbox 1816 4356 1931 4409; x_wconf 90' lang='lat' dir='ltr'><strong>ani-</strong></span> 
     </span>
    </p>
   </div>
   <div class='ocr_carea' id='block_1_44' title="bbox 344 4435 1935 4516">
    <p class='ocr_par' dir='ltr' id='par_1_44' title="bbox 344 4435 1935 4516">
     <span class='ocr_line' id='line_1_44' title="bbox 344 4435 1935 4516; baseline 0.011 -30"><span class='ocrx_word' id='word_1_346' title='bbox 344 4448 490 4486; x_wconf 85' lang='lat' dir='ltr'><strong>mum</strong></span> <span class='ocrx_word' id='word_1_347' title='bbox 516 4435 871 4505; x_wconf 86' lang='lat' dir='ltr'><strong>corrigehaut.</strong></span> <span class='ocrx_word' id='word_1_348' title='bbox 900 4438 966 4492; x_wconf 89' lang='lat' dir='ltr'><strong>Et</strong></span> <span class='ocrx_word' id='word_1_349' title='bbox 988 4439 1159 4495; x_wconf 88' lang='lat' dir='ltr'><strong>adlmc</strong></span> <span class='ocrx_word' id='word_1_350' title='bbox 1190 4442 1370 4512; x_wconf 84' lang='lat' dir='ltr'><strong>utique</strong></span> <span class='ocrx_word' id='word_1_351' title='bbox 1397 4443 1514 4499; x_wconf 90' lang='lat' dir='ltr'><strong>dies</strong></span> <span class='ocrx_word' id='word_1_352' title='bbox 1542 4457 1655 4499; x_wconf 81' lang='lat' dir='ltr'><strong>erat</strong></span> <span class='ocrx_word' id='word_1_353' title='bbox 1680 4488 1692 4508; x_wconf 93' lang='lat'><strong>,</strong></span> <span class='ocrx_word' id='word_1_354' title='bbox 1723 4449 1935 4516; x_wconf 86' lang='lat' dir='ltr'><strong>quando</strong></span> 
     </span>
    </p>
   </div>
   <div class='ocr_carea' id='block_1_45' title="bbox 346 4525 1932 4603">
    <p class='ocr_par' dir='ltr' id='par_1_45' title="bbox 346 4525 1932 4603">
     <span class='ocr_line' id='line_1_45' title="bbox 346 4525 1932 4603; baseline 0.009 -25"><span class='ocrx_word' id='word_1_355' title='bbox 346 4525 501 4579; x_wconf 83' lang='lat' dir='ltr'><strong>nobis</strong></span> <span class='ocrx_word' id='word_1_356' title='bbox 546 4526 737 4581; x_wconf 81' lang='lat' dir='ltr'><strong>forensi</strong></span> <span class='ocrx_word' id='word_1_357' title='bbox 780 4544 931 4584; x_wconf 90' lang='lat' dir='ltr'><strong>more</strong></span> <span class='ocrx_word' id='word_1_358' title='bbox 970 4530 1037 4585; x_wconf 91' lang='lat' dir='ltr'><strong>de</strong></span> <span class='ocrx_word' id='word_1_359' title='bbox 1080 4538 1320 4601; x_wconf 89' lang='lat' dir='ltr'><strong>tetnpore</strong></span> <span class='ocrx_word' id='word_1_360' title='bbox 1360 4537 1772 4603; x_wconf 72' lang='lat' dir='ltr'><strong>prmscrilwhaut</strong></span> <span class='ocrx_word' id='word_1_361' title='bbox 1797 4581 1811 4602; x_wconf 97' lang='lat'><strong>,</strong></span> <span class='ocrx_word' id='word_1_362' title='bbox 1848 4540 1932 4592; x_wconf 83' lang='lat' dir='ltr'><strong>di-</strong></span> 
     </span>
    </p>
   </div>
   <div class='ocr_carea' id='block_1_46' title="bbox 347 4621 1931 4698">
    <p class='ocr_par' dir='ltr' id='par_1_46' title="bbox 347 4621 1931 4698">
     <span class='ocr_line' id='line_1_46' title="bbox 347 4621 1931 4698; baseline 0.009 -27"><span class='ocrx_word' id='word_1_363' title='bbox 347 4628 529 4672; x_wconf 82' lang='lat' dir='ltr'><strong>centes</strong></span> <span class='ocrx_word' id='word_1_364' title='bbox 569 4634 782 4675; x_wconf 86' lang='lat' dir='ltr'><strong>causam</strong></span> <span class='ocrx_word' id='word_1_365' title='bbox 824 4621 1026 4691; x_wconf 80' lang='lat' dir='ltr'><strong>lapsam</strong></span> <span class='ocrx_word' id='word_1_366' title='bbox 1069 4639 1222 4692; x_wconf 89' lang='lat' dir='ltr'><strong>esse,</strong></span> <span class='ocrx_word' id='word_1_367' title='bbox 1254 4636 1309 4681; x_wconf 89' lang='lat' dir='ltr'><strong>et</strong></span> <span class='ocrx_word' id='word_1_368' title='bbox 1337 4629 1418 4697; x_wconf 88' lang='lat' dir='ltr'><strong>agi</strong></span> <span class='ocrx_word' id='word_1_369' title='bbox 1444 4629 1553 4698; x_wconf 88' lang='lat' dir='ltr'><strong>jatn</strong></span> <span class='ocrx_word' id='word_1_370' title='bbox 1582 4632 1800 4685; x_wconf 86' lang='lat' dir='ltr'><strong>omnino</strong></span> <span class='ocrx_word' id='word_1_371' title='bbox 1828 4648 1931 4686; x_wconf 91' lang='lat' dir='ltr'><strong>non</strong></span> 
     </span>
    </p>
   </div>
   <div class='ocr_carea' id='block_1_47' title="bbox 346 4708 1928 4787">
    <p class='ocr_par' dir='ltr' id='par_1_47' title="bbox 346 4708 1928 4787">
     <span class='ocr_line' id='line_1_47' title="bbox 346 4708 1928 4787; baseline 0.01 -28"><span class='ocrx_word' id='word_1_372' title='bbox 346 4719 506 4775; x_wconf 81' lang='lat' dir='ltr'><strong>posse</strong></span> <span class='ocrx_word' id='word_1_373' title='bbox 532 4724 546 4760; x_wconf 93' lang='lat'><strong>:</strong></span> <span class='ocrx_word' id='word_1_374' title='bbox 576 4708 1043 4780; x_wconf 85' lang='lat' dir='ltr'><strong>necintelligentes</strong></span> <span class='ocrx_word' id='word_1_375' title='bbox 1059 4714 1185 4767; x_wconf 87' lang='lat' dir='ltr'><strong>nihil</strong></span> <span class='ocrx_word' id='word_1_376' title='bbox 1208 4730 1267 4769; x_wconf 89' lang='lat' dir='ltr'><strong>se</strong></span> <span class='ocrx_word' id='word_1_377' title='bbox 1288 4716 1588 4772; x_wconf 89' lang='lat' dir='ltr'><strong>hominibus</strong></span> <span class='ocrx_word' id='word_1_378' title='bbox 1610 4721 1928 4787; x_wconf 81' lang='lat' dir='ltr'><strong>ostendisse,</strong></span> 
     </span>
    </p>
   </div>
   <div class='ocr_carea' id='block_1_48' title="bbox 344 4795 1930 4883">
    <p class='ocr_par' dir='ltr' id='par_1_48' title="bbox 344 4795 1930 4883">
     <span class='ocr_line' id='line_1_48' title="bbox 344 4795 1930 4883; baseline 0.013 -34"><span class='ocrx_word' id='word_1_379' title='bbox 344 4795 445 4850; x_wconf 80' lang='lat' dir='ltr'><strong>nisi</strong></span> <span class='ocrx_word' id='word_1_380' title='bbox 483 4807 737 4867; x_wconf 88' lang='lat' dir='ltr'><strong>quantum</strong></span> <span class='ocrx_word' id='word_1_381' title='bbox 777 4800 1051 4856; x_wconf 86' lang='lat' dir='ltr'><strong>timuerint</strong></span> <span class='ocrx_word' id='word_1_382' title='bbox 1079 4820 1143 4857; x_wconf 88' lang='lat' dir='ltr'><strong>ne</strong></span> <span class='ocrx_word' id='word_1_383' title='bbox 1167 4818 1449 4873; x_wconf 67' lang='lat' dir='ltr'><strong>ageretur,</strong></span> <span class='ocrx_word' id='word_1_384' title='bbox 1479 4809 1564 4863; x_wconf 88' lang='lat' dir='ltr'><strong>ttbi</strong></span> <span class='ocrx_word' id='word_1_385' title='bbox 1595 4827 1780 4866; x_wconf 86' lang='lat' dir='ltr'><strong>eorum</strong></span> <span class='ocrx_word' id='word_1_386' title='bbox 1810 4829 1930 4883; x_wconf 87' lang='lat' dir='ltr'><strong>per-</strong></span> 
     </span>
    </p>
   </div>
   <div class='ocr_carea' id='block_1_49' title="bbox 343 4887 1575 4954">
    <p class='ocr_par' dir='ltr' id='par_1_49' title="bbox 343 4887 1575 4954">
     <span class='ocr_line' id='line_1_49' title="bbox 343 4887 1575 4954; baseline 0.014 -17"><span class='ocrx_word' id='word_1_387' title='bbox 343 4887 570 4942; x_wconf 87' lang='lat' dir='ltr'><strong>versitas</strong></span> <span class='ocrx_word' id='word_1_388' title='bbox 593 4897 648 4943; x_wconf 91' lang='lat' dir='ltr'><strong>et</strong></span> <span class='ocrx_word' id='word_1_389' title='bbox 673 4890 931 4946; x_wconf 86' lang='lat' dir='ltr'><strong>catholica</strong></span> <span class='ocrx_word' id='word_1_390' title='bbox 958 4895 1150 4948; x_wconf 89' lang='lat' dir='ltr'><strong>veritas</strong></span> <span class='ocrx_word' id='word_1_391' title='bbox 1172 4908 1575 4954; x_wconf 90' lang='lat' dir='ltr'><strong>monstraretur.</strong></span> 
     </span>
    </p>
   </div>
   <div class='ocr_carea' id='block_1_50' title="bbox 416 4980 1931 5063">
    <p class='ocr_par' dir='ltr' id='par_1_50' title="bbox 416 4980 1931 5063">
     <span class='ocr_line' id='line_1_50' title="bbox 416 4980 1931 5063; baseline 0.012 -31"><span class='ocrx_word' id='word_1_392' title='bbox 416 4980 643 5037; x_wconf 77' lang='lat' dir='ltr'><strong>CAPUT</strong></span> <span class='ocrx_word' id='word_1_393' title='bbox 682 4981 819 5037; x_wconf 80' lang='lat' dir='ltr'><strong>Xlll.</strong></span> <span class='ocrx_word' id='word_1_394' title='bbox 849 5013 920 5024; x_wconf 90' lang='lat'><strong>——</strong></span> <span class='ocrx_word' id='word_1_395' title='bbox 948 4986 1035 5039; x_wconf 83' lang='grc'><strong>17.</strong></span> <span class='ocrx_word' id='word_1_396' title='bbox 1070 4987 1257 5050; x_wconf 82' lang='lat' dir='ltr'><strong>Adhuc</strong></span> <span class='ocrx_word' id='word_1_397' title='bbox 1279 4988 1393 5045; x_wconf 89' lang='lat' dir='ltr'><strong>dies</strong></span> <span class='ocrx_word' id='word_1_398' title='bbox 1421 5001 1567 5056; x_wconf 87' lang='lat' dir='ltr'><strong>erat,</strong></span> <span class='ocrx_word' id='word_1_399' title='bbox 1599 4996 1811 5063; x_wconf 87' lang='lat' dir='ltr'><strong>quando</strong></span> <span class='ocrx_word' id='word_1_400' title='bbox 1836 5013 1931 5049; x_wconf 84' lang='lat' dir='ltr'><strong>vo-</strong></span> 
     </span>
    </p>
   </div>
   <div class='ocr_carea' id='block_1_51' title="bbox 343 5072 1929 5154">
    <p class='ocr_par' dir='ltr' id='par_1_51' title="bbox 343 5072 1929 5154">
     <span class='ocr_line' id='line_1_51' title="bbox 343 5072 1929 5154; baseline 0.012 -30"><span class='ocrx_word' id='word_1_401' title='bbox 343 5072 517 5126; x_wconf 89' lang='lat' dir='ltr'><strong>lentes</strong></span> <span class='ocrx_word' id='word_1_402' title='bbox 553 5073 833 5130; x_wconf 87' lang='lat' dir='ltr'><strong>destruere</strong></span> <span class='ocrx_word' id='word_1_403' title='bbox 865 5077 1123 5144; x_wconf 89' lang='lat' dir='ltr'><strong>jttdicintn</strong></span> <span class='ocrx_word' id='word_1_404' title='bbox 1169 5080 1389 5135; x_wconf 87' lang='lat' dir='ltr'><strong>llomaui</strong></span> <span class='ocrx_word' id='word_1_405' title='bbox 1416 5084 1649 5154; x_wconf 82' lang='lat' dir='ltr'><strong>episcopi</strong></span> <span class='ocrx_word' id='word_1_406' title='bbox 1682 5087 1929 5142; x_wconf 79' lang='lat' dir='ltr'><strong>Melt-hia-</strong></span> 
     </span>
    </p>
   </div>
   <div class='ocr_carea' id='block_1_52' title="bbox 342 5163 1927 5245">
    <p class='ocr_par' dir='ltr' id='par_1_52' title="bbox 342 5163 1927 5245">
     <span class='ocr_line' id='line_1_52' title="bbox 342 5163 1927 5245; baseline 0.011 -29"><span class='ocrx_word' id='word_1_407' title='bbox 342 5163 430 5217; x_wconf 85' lang='lat' dir='ltr'><strong>dis</strong></span> <span class='ocrx_word' id='word_1_408' title='bbox 450 5206 465 5227; x_wconf 91' lang='lat'><strong>,</strong></span> <span class='ocrx_word' id='word_1_409' title='bbox 496 5179 607 5233; x_wconf 88' lang='lat' dir='ltr'><strong>quo</strong></span> <span class='ocrx_word' id='word_1_410' title='bbox 638 5177 887 5235; x_wconf 72' lang='lat' dir='ltr'><strong>purgatus</strong></span> <span class='ocrx_word' id='word_1_411' title='bbox 915 5178 969 5222; x_wconf 91' lang='lat' dir='ltr'><strong>et</strong></span> <span class='ocrx_word' id='word_1_412' title='bbox 991 5169 1262 5226; x_wconf 81' lang='lat' dir='ltr'><strong>absolutus</strong></span> <span class='ocrx_word' id='word_1_413' title='bbox 1286 5182 1368 5227; x_wconf 85' lang='lat' dir='ltr'><strong>est</strong></span> <span class='ocrx_word' id='word_1_414' title='bbox 1391 5174 1740 5245; x_wconf 68' lang='lat' dir='ltr'><strong>Ca&#39;cilianus,</strong></span> <span class='ocrx_word' id='word_1_415' title='bbox 1769 5181 1927 5234; x_wconf 85' lang='lat' dir='ltr'><strong>etiam</strong></span> 
     </span>
    </p>
   </div>
   <div class='ocr_carea' id='block_1_53' title="bbox 346 5255 1931 5341">
    <p class='ocr_par' dir='ltr' id='par_1_53' title="bbox 346 5255 1931 5341">
     <span class='ocr_line' id='line_1_53' title="bbox 346 5255 1931 5341; baseline 0.012 -33"><span class='ocrx_word' id='word_1_416' title='bbox 346 5255 521 5322; x_wconf 82' lang='lat' dir='ltr'><strong>ipsum</strong></span> <span class='ocrx_word' id='word_1_417' title='bbox 565 5256 906 5313; x_wconf 79' lang='lat' dir='ltr'><strong>Melchiadem</strong></span> <span class='ocrx_word' id='word_1_418' title='bbox 953 5260 1258 5316; x_wconf 89' lang='lat' dir='ltr'><strong>traditorem</strong></span> <span class='ocrx_word' id='word_1_419' title='bbox 1290 5263 1449 5319; x_wconf 86' lang='lat' dir='ltr'><strong>fuisse</strong></span> <span class='ocrx_word' id='word_1_420' title='bbox 1476 5265 1741 5322; x_wconf 77' lang='lat' dir='ltr'><strong>dixerunt.</strong></span> <span class='ocrx_word' id='word_1_421' title='bbox 1770 5270 1931 5341; x_wconf 84' lang='lat' dir='ltr'><strong>Cujus</strong></span> 
     </span>
    </p>
   </div>
   <div class='ocr_carea' id='block_1_54' title="bbox 342 5346 1928 5433">
    <p class='ocr_par' dir='ltr' id='par_1_54' title="bbox 342 5346 1928 5433">
     <span class='ocr_line' id='line_1_54' title="bbox 342 5346 1928 5433; baseline 0.011 -34"><span class='ocrx_word' id='word_1_422' title='bbox 342 5346 732 5402; x_wconf 88' lang='lat' dir='ltr'><strong>criminatiouis</strong></span> <span class='ocrx_word' id='word_1_423' title='bbox 756 5363 875 5402; x_wconf 90' lang='lat' dir='ltr'><strong>cum</strong></span> <span class='ocrx_word' id='word_1_424' title='bbox 900 5350 967 5405; x_wconf 89' lang='lat' dir='ltr'><strong>ab</strong></span> <span class='ocrx_word' id='word_1_425' title='bbox 991 5352 1071 5405; x_wconf 84' lang='lat' dir='ltr'><strong>eis</strong></span> <span class='ocrx_word' id='word_1_426' title='bbox 1099 5363 1237 5407; x_wconf 87' lang='lat' dir='ltr'><strong>esset</strong></span> <span class='ocrx_word' id='word_1_427' title='bbox 1263 5365 1451 5410; x_wconf 72' lang='lat' dir='ltr'><strong>exacta</strong></span> <span class='ocrx_word' id='word_1_428' title='bbox 1484 5359 1751 5427; x_wconf 82' lang='lat' dir='ltr'><strong>probatio,</strong></span> <span class='ocrx_word' id='word_1_429' title='bbox 1783 5374 1928 5433; x_wconf 78' lang='lat' dir='ltr'><strong>gesta</strong></span> 
     </span>
    </p>
   </div>
   <div class='ocr_carea' id='block_1_55' title="bbox 343 5439 1927 5524">
    <p class='ocr_par' dir='ltr' id='par_1_55' title="bbox 343 5439 1927 5524">
     <span class='ocr_line' id='line_1_55' title="bbox 343 5439 1927 5524; baseline 0.012 -34"><span class='ocrx_word' id='word_1_430' title='bbox 343 5439 697 5507; x_wconf 79' lang='lat' dir='ltr'><strong>prolixissima</strong></span> <span class='ocrx_word' id='word_1_431' title='bbox 736 5444 1057 5509; x_wconf 86' lang='lat' dir='ltr'><strong>recitarunt,</strong></span> <span class='ocrx_word' id='word_1_432' title='bbox 1088 5446 1173 5499; x_wconf 87' lang='lat' dir='ltr'><strong>ubi</strong></span> <span class='ocrx_word' id='word_1_433' title='bbox 1200 5446 1505 5504; x_wconf 79' lang='lat' dir='ltr'><strong>Melchiadis</strong></span> <span class='ocrx_word' id='word_1_434' title='bbox 1531 5467 1724 5507; x_wconf 90' lang='lat' dir='ltr'><strong>nomen</strong></span> <span class='ocrx_word' id='word_1_435' title='bbox 1744 5495 1757 5516; x_wconf 89' lang='lat'><strong>,</strong></span> <span class='ocrx_word' id='word_1_436' title='bbox 1787 5456 1927 5524; x_wconf 87' lang='lat' dir='ltr'><strong>quod</strong></span> 
     </span>
    </p>
   </div>
   <div class='ocr_carea' id='block_1_56' title="bbox 346 5530 1928 5603">
    <p class='ocr_par' dir='ltr' id='par_1_56' title="bbox 346 5530 1928 5603">
     <span class='ocr_line' id='line_1_56' title="bbox 346 5530 1928 5603; baseline 0.016 -25"><span class='ocrx_word' id='word_1_437' title='bbox 346 5530 539 5599; x_wconf 67' lang='lat' dir='ltr'><strong>aliquid</strong></span> <span class='ocrx_word' id='word_1_438' title='bbox 572 5532 872 5600; x_wconf 85' lang='lat' dir='ltr'><strong>tradiderit,</strong></span> <span class='ocrx_word' id='word_1_439' title='bbox 902 5553 1005 5590; x_wconf 87' lang='lat' dir='ltr'><strong>non</strong></span> <span class='ocrx_word' id='word_1_440' title='bbox 1032 5539 1142 5592; x_wconf 85' lang='lat' dir='ltr'><strong>fuit.</strong></span> <span class='ocrx_word' id='word_1_441' title='bbox 1174 5539 1236 5593; x_wconf 85' lang='lat' dir='ltr'><strong>Et</strong></span> <span class='ocrx_word' id='word_1_442' title='bbox 1269 5541 1625 5599; x_wconf 84' lang='lat' dir='ltr'><strong>recitaverunt</strong></span> <span class='ocrx_word' id='word_1_443' title='bbox 1645 5548 1802 5601; x_wconf 86' lang='lat' dir='ltr'><strong>etiam</strong></span> <span class='ocrx_word' id='word_1_444' title='bbox 1828 5549 1928 5603; x_wconf 88' lang='lat' dir='ltr'><strong>alia</strong></span> 
     </span>
    </p>
   </div>
   <div class='ocr_carea' id='block_1_57' title="bbox 341 5622 1926 5696">
    <p class='ocr_par' dir='ltr' id='par_1_57' title="bbox 341 5622 1926 5696">
     <span class='ocr_line' id='line_1_57' title="bbox 341 5622 1926 5696; baseline 0.015 -23"><span class='ocrx_word' id='word_1_445' title='bbox 341 5633 514 5689; x_wconf 70' lang='lat' dir='ltr'><strong>gesta,</strong></span> <span class='ocrx_word' id='word_1_446' title='bbox 542 5622 629 5676; x_wconf 86' lang='lat' dir='ltr'><strong>ubi</strong></span> <span class='ocrx_word' id='word_1_447' title='bbox 659 5624 932 5695; x_wconf 79' lang='lat' dir='ltr'><strong>legebatur</strong></span> <span class='ocrx_word' id='word_1_448' title='bbox 949 5626 1287 5686; x_wconf 81' lang='lat' dir='ltr'><strong>Mclchiadem</strong></span> <span class='ocrx_word' id='word_1_449' title='bbox 1305 5634 1515 5692; x_wconf 84' lang='lat' dir='ltr'><strong>misisse</strong></span> <span class='ocrx_word' id='word_1_450' title='bbox 1534 5636 1784 5694; x_wconf 81' lang='lat' dir='ltr'><strong>diaconos</strong></span> <span class='ocrx_word' id='word_1_451' title='bbox 1804 5658 1926 5696; x_wconf 86' lang='lat' dir='ltr'><strong>cum</strong></span> 
     </span>
    </p>
   </div>
   <div class='ocr_carea' id='block_1_58' title="bbox 388 5798 1925 5874">
    <p class='ocr_par' dir='ltr' id='par_1_58' title="bbox 388 5798 1925 5874">
     <span class='ocr_line' id='line_1_58' title="bbox 388 5798 1925 5874; baseline 0.019 -29"><span class='ocrx_word' id='word_1_452' title='bbox 388 5798 421 5838; x_wconf 84' lang='lat'><strong>.&#39;</strong></span> <span class='ocrx_word' id='word_1_453' title='bbox 443 5807 558 5874; x_wconf 58' lang='grc' dir='ltr'><strong>μυ.</strong></span> <span class='ocrx_word' id='word_1_454' title='bbox 587 5807 752 5874; x_wconf 66' lang='lat' dir='ltr'><strong>ettfr._,</strong></span> <span class='ocrx_word' id='word_1_455' title='bbox 792 5802 911 5855; x_wconf 66' lang='lat' dir='ltr'><strong>nihil</strong></span> <span class='ocrx_word' id='word_1_456' title='bbox 942 5804 1030 5857; x_wconf 66' lang='lat' dir='ltr'><strong>sibi</strong></span> <span class='ocrx_word' id='word_1_457' title='bbox 1051 5808 1359 5874; x_wconf 64' lang='lat' dir='ltr'><strong>__ndiudimri.</strong></span> <span class='ocrx_word' id='word_1_458' title='bbox 1387 5819 1519 5871; x_wconf 82' lang='lat' dir='ltr'><strong>t.ov.,</strong></span> <span class='ocrx_word' id='word_1_459' title='bbox 1544 5817 1662 5868; x_wconf 70' lang='lat' dir='ltr'><strong>m&#39;ltif</strong></span> <span class='ocrx_word' id='word_1_460' title='bbox 1700 5834 1748 5871; x_wconf 77' lang='lat' dir='ltr'><strong>se</strong></span> <span class='ocrx_word' id='word_1_461' title='bbox 1790 5822 1925 5874; x_wconf 74' lang='lat' dir='ltr'><strong>aliud</strong></span> 
     </span>
    </p>
   </div>
   <div class='ocr_carea' id='block_1_59' title="bbox 341 5860 1735 5944">
    <p class='ocr_par' dir='ltr' id='par_1_59' title="bbox 341 5860 1735 5944">
     <span class='ocr_line' id='line_1_59' title="bbox 341 5860 1735 5944; baseline 0.015 -35"><span class='ocrx_word' id='word_1_462' title='bbox 341 5860 605 5913; x_wconf 52' lang='lat' dir='ltr'><strong>undante.</strong></span> <span class='ocrx_word' id='word_1_463' title='bbox 628 5867 924 5928; x_wconf 58' lang='lat' dir='ltr'><strong>(mtigantur</strong></span> <span class='ocrx_word' id='word_1_464' title='bbox 948 5860 1397 5927; x_wconf 52' lang='lat' dir='ltr'><strong>attxilio&#39;uecccnsis</strong></span> <span class='ocrx_word' id='word_1_465' title='bbox 1410 5860 1735 5944; x_wconf 37' lang='lat' dir='ltr'><strong>inauditi-iii</strong></span> 
     </span>
    </p>
   </div>
   <div class='ocr_carea' id='block_1_60' title="bbox 1778 404 2219 465">
    <p class='ocr_par' dir='ltr' id='par_1_60' title="bbox 1778 404 2219 465">
     <span class='ocr_line' id='line_1_60' title="bbox 1778 404 2219 465; baseline 0.007 -3"><span class='ocrx_word' id='word_1_466' title='bbox 1778 404 1979 462; x_wconf 78' lang='lat' dir='ltr'><strong>LIBER</strong></span> <span class='ocrx_word' id='word_1_467' title='bbox 2022 404 2219 465; x_wconf 76' lang='lat' dir='ltr'><strong>UNUS.</strong></span> 
     </span>
    </p>
   </div>
   <div class='ocr_carea' id='block_1_61' title="bbox 3534 419 3639 473">
    <p class='ocr_par' dir='ltr' id='par_1_61' title="bbox 3534 419 3639 473">
     <span class='ocr_line' id='line_1_61' title="bbox 3534 419 3639 473; baseline 0.019 -2"><span class='ocrx_word' id='word_1_468' title='bbox 3534 419 3639 473; x_wconf 66' lang='lat'><strong>61-?</strong></span> 
     </span>
    </p>
   </div>
   <div class='ocr_carea' id='block_1_62' title="bbox 2046 521 3634 606">
    <p class='ocr_par' dir='ltr' id='par_1_62' title="bbox 2046 521 3634 606">
     <span class='ocr_line' id='line_1_62' title="bbox 2046 521 3634 606; baseline 0.009 -31"><span class='ocrx_word' id='word_1_469' title='bbox 2046 521 2236 579; x_wconf 79' lang='lat' dir='ltr'><strong>litteris</strong></span> <span class='ocrx_word' id='word_1_470' title='bbox 2280 526 2529 582; x_wconf 74' lang='lat' dir='ltr'><strong>Maxentii</strong></span> <span class='ocrx_word' id='word_1_471' title='bbox 2579 526 2917 600; x_wconf 82' lang='lat' dir='ltr'><strong>imperatoris</strong></span> <span class='ocrx_word' id='word_1_472' title='bbox 2944 543 2995 588; x_wconf 90' lang='lat' dir='ltr'><strong>et</strong></span> <span class='ocrx_word' id='word_1_473' title='bbox 3024 533 3256 604; x_wconf 59' lang='lat' dir='ltr'><strong>pra3fccti</strong></span> <span class='ocrx_word' id='word_1_474' title='bbox 3287 538 3539 606; x_wconf 64' lang='lat' dir='ltr'><strong>pra-torio</strong></span> <span class='ocrx_word' id='word_1_475' title='bbox 3568 540 3634 591; x_wconf 80' lang='lat' dir='ltr'><strong>ad</strong></span> 
     </span>
    </p>
   </div>
   <div class='ocr_carea' id='block_1_63' title="bbox 2044 616 3631 697">
    <p class='ocr_par' dir='ltr' id='par_1_63' title="bbox 2044 616 3631 697">
     <span class='ocr_line' id='line_1_63' title="bbox 2044 616 3631 697; baseline 0.008 -27"><span class='ocrx_word' id='word_1_476' title='bbox 2044 616 2348 686; x_wconf 72' lang='lat' dir='ltr'><strong>prtefectutn</strong></span> <span class='ocrx_word' id='word_1_477' title='bbox 2392 620 2571 683; x_wconf 87' lang='lat' dir='ltr'><strong>urbis.</strong></span> <span class='ocrx_word' id='word_1_478' title='bbox 2622 633 2680 677; x_wconf 91' lang='lat' dir='ltr'><strong>ut</strong></span> <span class='ocrx_word' id='word_1_479' title='bbox 2724 624 3021 693; x_wconf 88' lang='lat' dir='ltr'><strong>reciperent</strong></span> <span class='ocrx_word' id='word_1_480' title='bbox 3067 626 3178 680; x_wconf 90' lang='lat' dir='ltr'><strong>loca</strong></span> <span class='ocrx_word' id='word_1_481' title='bbox 3222 643 3340 697; x_wconf 70' lang='lat' dir='ltr'><strong>qua:</strong></span> <span class='ocrx_word' id='word_1_482' title='bbox 3368 628 3578 684; x_wconf 86' lang='lat' dir='ltr'><strong>fuerant</strong></span> <span class='ocrx_word' id='word_1_483' title='bbox 3603 634 3631 682; x_wconf 76' lang='lat' dir='ltr'><strong>it</strong></span> 
     </span>
    </p>
   </div>
   <div class='ocr_carea' id='block_1_64' title="bbox 2041 706 3631 785">
    <p class='ocr_par' dir='ltr' id='par_1_64' title="bbox 2041 706 3631 785">
     <span class='ocr_line' id='line_1_64' title="bbox 2041 706 3631 785; baseline 0.006 -23"><span class='ocrx_word' id='word_1_484' title='bbox 2041 706 2360 764; x_wconf 83' lang='lat' dir='ltr'><strong>Christianis</strong></span> <span class='ocrx_word' id='word_1_485' title='bbox 2405 721 2645 782; x_wconf 87' lang='lat' dir='ltr'><strong>tempore</strong></span> <span class='ocrx_word' id='word_1_486' title='bbox 2694 715 3080 785; x_wconf 81' lang='lat' dir='ltr'><strong>persecutionis</strong></span> <span class='ocrx_word' id='word_1_487' title='bbox 3120 718 3314 770; x_wconf 88' lang='lat' dir='ltr'><strong>ablata.</strong></span> <span class='ocrx_word' id='word_1_488' title='bbox 3365 717 3462 773; x_wconf 87' lang='lat' dir='ltr'><strong>Ubi</strong></span> <span class='ocrx_word' id='word_1_489' title='bbox 3511 735 3631 772; x_wconf 83' lang='lat' dir='ltr'><strong>rum</strong></span> 
     </span>
    </p>
   </div>
   <div class='ocr_carea' id='block_1_65' title="bbox 2043 799 3627 879">
    <p class='ocr_par' dir='ltr' id='par_1_65' title="bbox 2043 799 3627 879">
     <span class='ocr_line' id='line_1_65' title="bbox 2043 799 3627 879; baseline 0.006 -24"><span class='ocrx_word' id='word_1_490' title='bbox 2043 799 2353 856; x_wconf 79' lang='lat' dir='ltr'><strong>Melchiadis</strong></span> <span class='ocrx_word' id='word_1_491' title='bbox 2396 803 2596 858; x_wconf 90' lang='lat' dir='ltr'><strong>crimen</strong></span> <span class='ocrx_word' id='word_1_492' title='bbox 2645 806 2844 860; x_wconf 87' lang='lat' dir='ltr'><strong>nullum</strong></span> <span class='ocrx_word' id='word_1_493' title='bbox 2891 810 3101 877; x_wconf 91' lang='lat' dir='ltr'><strong>penitus</strong></span> <span class='ocrx_word' id='word_1_494' title='bbox 3139 820 3452 879; x_wconf 83' lang='lat' dir='ltr'><strong>appareret,</strong></span> <span class='ocrx_word' id='word_1_495' title='bbox 3482 810 3627 864; x_wconf 70' lang='lat' dir='ltr'><strong>disc-</strong></span> 
     </span>
    </p>
   </div>
   <div class='ocr_carea' id='block_1_66' title="bbox 2043 895 3632 971">
    <p class='ocr_par' dir='ltr' id='par_1_66' title="bbox 2043 895 3632 971">
     <span class='ocr_line' id='line_1_66' title="bbox 2043 895 3632 971; baseline 0.008 -24"><span class='ocrx_word' id='word_1_496' title='bbox 2043 901 2165 947; x_wconf 91' lang='lat' dir='ltr'><strong>runt</strong></span> <span class='ocrx_word' id='word_1_497' title='bbox 2192 895 2555 959; x_wconf 86' lang='lat' dir='ltr'><strong>superioribus</strong></span> <span class='ocrx_word' id='word_1_498' title='bbox 2585 898 2880 953; x_wconf 89' lang='lat' dir='ltr'><strong>traditionis</strong></span> <span class='ocrx_word' id='word_1_499' title='bbox 2903 903 3067 971; x_wconf 80' lang='lat' dir='ltr'><strong>gestis</strong></span> <span class='ocrx_word' id='word_1_500' title='bbox 3090 902 3396 958; x_wconf 86' lang='lat' dir='ltr'><strong>traditorem</strong></span> <span class='ocrx_word' id='word_1_501' title='bbox 3425 904 3632 959; x_wconf 54' lang='lat' dir='ltr'><strong>Strato.</strong></span> 
     </span>
    </p>
   </div>
   <div class='ocr_carea' id='block_1_67' title="bbox 2044 983 3633 1058">
    <p class='ocr_par' dir='ltr' id='par_1_67' title="bbox 2044 983 3633 1058">
     <span class='ocr_line' id='line_1_67' title="bbox 2044 983 3633 1058; baseline 0.009 -22"><span class='ocrx_word' id='word_1_502' title='bbox 2044 998 2165 1037; x_wconf 80' lang='lat' dir='ltr'><strong>nem</strong></span> <span class='ocrx_word' id='word_1_503' title='bbox 2194 983 2356 1039; x_wconf 83' lang='lat' dir='ltr'><strong>fuisse</strong></span> <span class='ocrx_word' id='word_1_504' title='bbox 2386 984 2662 1041; x_wconf 83' lang='lat' dir='ltr'><strong>recitatum</strong></span> <span class='ocrx_word' id='word_1_505' title='bbox 2682 1030 2696 1053; x_wconf 91' lang='lat'><strong>,</strong></span> <span class='ocrx_word' id='word_1_506' title='bbox 2727 991 2869 1058; x_wconf 91' lang='lat' dir='ltr'><strong>quod</strong></span> <span class='ocrx_word' id='word_1_507' title='bbox 2897 993 3188 1048; x_wconf 81' lang='lat' dir='ltr'><strong>vocabatur</strong></span> <span class='ocrx_word' id='word_1_508' title='bbox 3213 1009 3348 1048; x_wconf 90' lang='lat' dir='ltr'><strong>unus</strong></span> <span class='ocrx_word' id='word_1_509' title='bbox 3378 996 3541 1050; x_wconf 86' lang='lat' dir='ltr'><strong>etiam</strong></span> <span class='ocrx_word' id='word_1_510' title='bbox 3568 1014 3633 1051; x_wconf 79' lang='lat' dir='ltr'><strong>ex</strong></span> 
     </span>
    </p>
   </div>
   <div class='ocr_carea' id='block_1_68' title="bbox 2042 1074 3632 1149">
    <p class='ocr_par' dir='ltr' id='par_1_68' title="bbox 2042 1074 3632 1149">
     <span class='ocr_line' id='line_1_68' title="bbox 2042 1074 3632 1149; baseline 0.008 -21"><span class='ocrx_word' id='word_1_511' title='bbox 2042 1074 2300 1139; x_wconf 89' lang='lat' dir='ltr'><strong>diaconis,</strong></span> <span class='ocrx_word' id='word_1_512' title='bbox 2332 1092 2466 1145; x_wconf 91' lang='lat' dir='ltr'><strong>quos</strong></span> <span class='ocrx_word' id='word_1_513' title='bbox 2490 1077 2557 1133; x_wconf 90' lang='lat' dir='ltr'><strong>ad</strong></span> <span class='ocrx_word' id='word_1_514' title='bbox 2587 1080 2888 1149; x_wconf 90' lang='lat' dir='ltr'><strong>recipienda</strong></span> <span class='ocrx_word' id='word_1_515' title='bbox 2913 1082 3024 1137; x_wconf 86' lang='lat' dir='ltr'><strong>loca</strong></span> <span class='ocrx_word' id='word_1_516' title='bbox 3052 1085 3270 1140; x_wconf 87' lang='lat' dir='ltr'><strong>miserat</strong></span> <span class='ocrx_word' id='word_1_517' title='bbox 3292 1086 3632 1149; x_wconf 69' lang='lat' dir='ltr'><strong>Mclchiatles,</strong></span> 
     </span>
    </p>
   </div>
   <div class='ocr_carea' id='block_1_69' title="bbox 2042 1166 3630 1235">
    <p class='ocr_par' dir='ltr' id='par_1_69' title="bbox 2042 1166 3630 1235">
     <span class='ocr_line' id='line_1_69' title="bbox 2042 1166 3630 1235; baseline 0.009 -17"><span class='ocrx_word' id='word_1_518' title='bbox 2042 1166 2288 1221; x_wconf 87' lang='lat' dir='ltr'><strong>euntdem</strong></span> <span class='ocrx_word' id='word_1_519' title='bbox 2322 1168 2491 1235; x_wconf 86' lang='lat' dir='ltr'><strong>ipsum</strong></span> <span class='ocrx_word' id='word_1_520' title='bbox 2518 1184 2639 1225; x_wconf 85' lang='lat' dir='ltr'><strong>esse</strong></span> <span class='ocrx_word' id='word_1_521' title='bbox 2658 1173 3041 1229; x_wconf 85' lang='lat' dir='ltr'><strong>contendentes</strong></span> <span class='ocrx_word' id='word_1_522' title='bbox 3064 1184 3116 1229; x_wconf 89' lang='lat' dir='ltr'><strong>et</strong></span> <span class='ocrx_word' id='word_1_523' title='bbox 3140 1193 3243 1230; x_wconf 90' lang='lat' dir='ltr'><strong>non</strong></span> <span class='ocrx_word' id='word_1_524' title='bbox 3266 1178 3630 1233; x_wconf 81' lang='lat' dir='ltr'><strong>ostendentes.</strong></span> 
     </span>
    </p>
   </div>
   <div class='ocr_carea' id='block_1_70' title="bbox 2042 1254 3633 1330">
    <p class='ocr_par' dir='ltr' id='par_1_70' title="bbox 2042 1254 3633 1330">
     <span class='ocr_line' id='line_1_70' title="bbox 2042 1254 3633 1330; baseline 0.008 -21"><span class='ocrx_word' id='word_1_525' title='bbox 2042 1254 2225 1326; x_wconf 84' lang='lat' dir='ltr'><strong>Neque</strong></span> <span class='ocrx_word' id='word_1_526' title='bbox 2258 1258 2400 1313; x_wconf 92' lang='lat' dir='ltr'><strong>enim</strong></span> <span class='ocrx_word' id='word_1_527' title='bbox 2431 1259 2735 1315; x_wconf 88' lang='lat' dir='ltr'><strong>Stratonem</strong></span> <span class='ocrx_word' id='word_1_528' title='bbox 2764 1264 2851 1330; x_wconf 90' lang='lat' dir='ltr'><strong>qui</strong></span> <span class='ocrx_word' id='word_1_529' title='bbox 2884 1263 3205 1329; x_wconf 82' lang='lat' dir='ltr'><strong>tradiderat,</strong></span> <span class='ocrx_word' id='word_1_530' title='bbox 3237 1268 3421 1321; x_wconf 86' lang='lat' dir='ltr'><strong>saltem</strong></span> <span class='ocrx_word' id='word_1_531' title='bbox 3448 1268 3633 1322; x_wconf 57' lang='lat' dir='ltr'><strong>diaco»</strong></span> 
     </span>
    </p>
   </div>
   <div class='ocr_carea' id='block_1_71' title="bbox 2044 1348 3631 1427">
    <p class='ocr_par' dir='ltr' id='par_1_71' title="bbox 2044 1348 3631 1427">
     <span class='ocr_line' id='line_1_71' title="bbox 2044 1348 3631 1427; baseline 0.008 -26"><span class='ocrx_word' id='word_1_532' title='bbox 2044 1363 2171 1403; x_wconf 85' lang='lat' dir='ltr'><strong>num</strong></span> <span class='ocrx_word' id='word_1_533' title='bbox 2200 1348 2360 1404; x_wconf 83' lang='lat' dir='ltr'><strong>fuisse</strong></span> <span class='ocrx_word' id='word_1_534' title='bbox 2380 1352 2765 1407; x_wconf 86' lang='lat' dir='ltr'><strong>monstrabant.</strong></span> <span class='ocrx_word' id='word_1_535' title='bbox 2794 1353 2945 1421; x_wconf 83' lang='lat' dir='ltr'><strong>Quod</strong></span> <span class='ocrx_word' id='word_1_536' title='bbox 2967 1355 3124 1409; x_wconf 86' lang='lat' dir='ltr'><strong>etiam</strong></span> <span class='ocrx_word' id='word_1_537' title='bbox 3148 1358 3190 1408; x_wconf 94' lang='lat' dir='ltr'><strong>si</strong></span> <span class='ocrx_word' id='word_1_538' title='bbox 3217 1366 3379 1423; x_wconf 86' lang='lat' dir='ltr'><strong>esset,</strong></span> <span class='ocrx_word' id='word_1_539' title='bbox 3411 1373 3631 1427; x_wconf 81' lang='lat' dir='ltr'><strong>respon~</strong></span> 
     </span>
    </p>
   </div>
   <div class='ocr_carea' id='block_1_72' title="bbox 2041 1432 3633 1519">
    <p class='ocr_par' dir='ltr' id='par_1_72' title="bbox 2041 1432 3633 1519">
     <span class='ocr_line' id='line_1_72' title="bbox 2041 1432 3633 1519; baseline 0.01 -26"><span class='ocrx_word' id='word_1_540' title='bbox 2041 1440 2217 1496; x_wconf 86' lang='lat' dir='ltr'><strong>dimus</strong></span> <span class='ocrx_word' id='word_1_541' title='bbox 2252 1444 2332 1498; x_wconf 89' lang='lat' dir='ltr'><strong>eis</strong></span> <span class='ocrx_word' id='word_1_542' title='bbox 2354 1485 2370 1508; x_wconf 94' lang='lat'><strong>,</strong></span> <span class='ocrx_word' id='word_1_543' title='bbox 2409 1453 2534 1500; x_wconf 88' lang='lat' dir='ltr'><strong>ante</strong></span> <span class='ocrx_word' id='word_1_544' title='bbox 2566 1462 2782 1513; x_wconf 85' lang='lat' dir='ltr'><strong>parvum</strong></span> <span class='ocrx_word' id='word_1_545' title='bbox 2815 1458 3022 1519; x_wconf 87' lang='lat' dir='ltr'><strong>tempus</strong></span> <span class='ocrx_word' id='word_1_546' title='bbox 3053 1451 3105 1504; x_wconf 91' lang='lat' dir='ltr'><strong>in</strong></span> <span class='ocrx_word' id='word_1_547' title='bbox 3134 1432 3323 1506; x_wconf 78' lang='lat' dir='ltr'><strong>eodem</strong></span> <span class='ocrx_word' id='word_1_548' title='bbox 3352 1453 3496 1507; x_wconf 90' lang='lat' dir='ltr'><strong>clero</strong></span> <span class='ocrx_word' id='word_1_549' title='bbox 3529 1455 3633 1509; x_wconf 85' lang='lat' dir='ltr'><strong>Ec-</strong></span> 
     </span>
    </p>
   </div>
   <div class='ocr_carea' id='block_1_73' title="bbox 2042 1532 3641 1599">
    <p class='ocr_par' dir='ltr' id='par_1_73' title="bbox 2042 1532 3641 1599">
     <span class='ocr_line' id='line_1_73' title="bbox 2042 1532 3641 1599; baseline 0.009 -14"><span class='ocrx_word' id='word_1_550' title='bbox 2042 1532 2221 1587; x_wconf 66' lang='lat' dir='ltr'><strong>clesia:</strong></span> <span class='ocrx_word' id='word_1_551' title='bbox 2244 1534 2494 1589; x_wconf 68' lang='lat' dir='ltr'><strong>Romanae</strong></span> <span class='ocrx_word' id='word_1_552' title='bbox 2514 1536 2647 1590; x_wconf 91' lang='lat' dir='ltr'><strong>duos</strong></span> <span class='ocrx_word' id='word_1_553' title='bbox 2674 1537 2859 1593; x_wconf 82' lang='lat' dir='ltr'><strong>Petros</strong></span> <span class='ocrx_word' id='word_1_554' title='bbox 2881 1539 3133 1595; x_wconf 87' lang='lat' dir='ltr'><strong>diaconos</strong></span> <span class='ocrx_word' id='word_1_555' title='bbox 3157 1541 3337 1597; x_wconf 81' lang='lat' dir='ltr'><strong>fuisse.</strong></span> <span class='ocrx_word' id='word_1_556' title='bbox 3364 1543 3436 1597; x_wconf 86' lang='lat' dir='ltr'><strong>Ita</strong></span> <span class='ocrx_word' id='word_1_557' title='bbox 3457 1554 3641 1599; x_wconf 82' lang='lat' dir='ltr'><strong>mente</strong></span> 
     </span>
    </p>
   </div>
   <div class='ocr_carea' id='block_1_74' title="bbox 2042 1624 3629 1699">
    <p class='ocr_par' dir='ltr' id='par_1_74' title="bbox 2042 1624 3629 1699">
     <span class='ocr_line' id='line_1_74' title="bbox 2042 1624 3629 1699; baseline 0.007 -22"><span class='ocrx_word' id='word_1_558' title='bbox 2042 1624 2168 1677; x_wconf 85' lang='lat' dir='ltr'><strong>ca-ci</strong></span> <span class='ocrx_word' id='word_1_559' title='bbox 2195 1665 2210 1689; x_wconf 94' lang='lat'><strong>,</strong></span> <span class='ocrx_word' id='word_1_560' title='bbox 2260 1626 2572 1681; x_wconf 73' lang='lat' dir='ltr'><strong>tenebrosus</strong></span> <span class='ocrx_word' id='word_1_561' title='bbox 2615 1629 2909 1684; x_wconf 84' lang='lat' dir='ltr'><strong>calumnias</strong></span> <span class='ocrx_word' id='word_1_562' title='bbox 2952 1631 3329 1699; x_wconf 87' lang='lat' dir='ltr'><strong>innectcbant,</strong></span> <span class='ocrx_word' id='word_1_563' title='bbox 3375 1634 3629 1689; x_wconf 86' lang='lat' dir='ltr'><strong>addentes</strong></span> 
     </span>
    </p>
   </div>
   <div class='ocr_carea' id='block_1_75' title="bbox 2042 1716 3626 1793">
    <p class='ocr_par' dir='ltr' id='par_1_75' title="bbox 2042 1716 3626 1793">
     <span class='ocr_line' id='line_1_75' title="bbox 2042 1716 3626 1793; baseline 0.007 -26"><span class='ocrx_word' id='word_1_564' title='bbox 2042 1716 2201 1768; x_wconf 88' lang='lat' dir='ltr'><strong>etiam</strong></span> <span class='ocrx_word' id='word_1_565' title='bbox 2248 1716 2734 1773; x_wconf 87' lang='lat' dir='ltr'><strong>manifestissimam</strong></span> <span class='ocrx_word' id='word_1_566' title='bbox 2784 1718 3098 1786; x_wconf 74' lang='lat' dir='ltr'><strong>falsitatem,</strong></span> <span class='ocrx_word' id='word_1_567' title='bbox 3140 1724 3280 1793; x_wconf 88' lang='lat' dir='ltr'><strong>quod</strong></span> <span class='ocrx_word' id='word_1_568' title='bbox 3325 1740 3428 1777; x_wconf 90' lang='lat' dir='ltr'><strong>non</strong></span> <span class='ocrx_word' id='word_1_569' title='bbox 3458 1726 3626 1778; x_wconf 90' lang='lat' dir='ltr'><strong>solum</strong></span> 
     </span>
    </p>
   </div>
   <div class='ocr_carea' id='block_1_76' title="bbox 2044 1808 3628 1883">
    <p class='ocr_par' dir='ltr' id='par_1_76' title="bbox 2044 1808 3628 1883">
     <span class='ocr_line' id='line_1_76' title="bbox 2044 1808 3628 1883; baseline 0.006 -23"><span class='ocrx_word' id='word_1_570' title='bbox 2044 1821 2235 1861; x_wconf 88' lang='lat' dir='ltr'><strong>nomen</strong></span> <span class='ocrx_word' id='word_1_571' title='bbox 2257 1849 2272 1873; x_wconf 94' lang='lat'><strong>,</strong></span> <span class='ocrx_word' id='word_1_572' title='bbox 2303 1808 2395 1863; x_wconf 88' lang='lat' dir='ltr'><strong>sed</strong></span> <span class='ocrx_word' id='word_1_573' title='bbox 2424 1809 2583 1864; x_wconf 84' lang='lat' dir='ltr'><strong>etiam</strong></span> <span class='ocrx_word' id='word_1_574' title='bbox 2607 1809 2721 1865; x_wconf 85' lang='lat' dir='ltr'><strong>loca</strong></span> <span class='ocrx_word' id='word_1_575' title='bbox 2748 1820 2802 1866; x_wconf 90' lang='lat' dir='ltr'><strong>et</strong></span> <span class='ocrx_word' id='word_1_576' title='bbox 2827 1815 3071 1881; x_wconf 80' lang='lat' dir='ltr'><strong>regiones</strong></span> <span class='ocrx_word' id='word_1_577' title='bbox 3096 1823 3149 1866; x_wconf 87' lang='lat' dir='ltr'><strong>et</strong></span> <span class='ocrx_word' id='word_1_578' title='bbox 3172 1830 3409 1883; x_wconf 76' lang='lat' dir='ltr'><strong>personze</strong></span> <span class='ocrx_word' id='word_1_579' title='bbox 3437 1832 3628 1871; x_wconf 86' lang='lat' dir='ltr'><strong>conve-</strong></span> 
     </span>
    </p>
   </div>
   <div class='ocr_carea' id='block_1_77' title="bbox 2041 1897 3634 1971">
    <p class='ocr_par' dir='ltr' id='par_1_77' title="bbox 2041 1897 3634 1971">
     <span class='ocr_line' id='line_1_77' title="bbox 2041 1897 3634 1971; baseline 0.008 -21"><span class='ocrx_word' id='word_1_580' title='bbox 2041 1897 2248 1963; x_wconf 90' lang='lat' dir='ltr'><strong>nirent,</strong></span> <span class='ocrx_word' id='word_1_581' title='bbox 2279 1899 2471 1968; x_wconf 87' lang='lat' dir='ltr'><strong>quibus</strong></span> <span class='ocrx_word' id='word_1_582' title='bbox 2496 1916 2600 1953; x_wconf 89' lang='lat' dir='ltr'><strong>non</strong></span> <span class='ocrx_word' id='word_1_583' title='bbox 2631 1902 2798 1963; x_wconf 87' lang='lat' dir='ltr'><strong>alius,</strong></span> <span class='ocrx_word' id='word_1_584' title='bbox 2825 1903 2918 1957; x_wconf 88' lang='lat' dir='ltr'><strong>sed</strong></span> <span class='ocrx_word' id='word_1_585' title='bbox 2947 1903 3060 1971; x_wconf 89' lang='lat' dir='ltr'><strong>ipse</strong></span> <span class='ocrx_word' id='word_1_586' title='bbox 3082 1920 3202 1960; x_wconf 86' lang='lat' dir='ltr'><strong>esse</strong></span> <span class='ocrx_word' id='word_1_587' title='bbox 3220 1906 3432 1961; x_wconf 82' lang='lat' dir='ltr'><strong>Straton</strong></span> <span class='ocrx_word' id='word_1_588' title='bbox 3455 1921 3634 1963; x_wconf 78' lang='lat' dir='ltr'><strong>osten-</strong></span> 
     </span>
    </p>
   </div>
   <div class='ocr_carea' id='block_1_78' title="bbox 2040 1990 3631 2067">
    <p class='ocr_par' dir='ltr' id='par_1_78' title="bbox 2040 1990 3631 2067">
     <span class='ocr_line' id='line_1_78' title="bbox 2040 1990 3631 2067; baseline 0.008 -22"><span class='ocrx_word' id='word_1_589' title='bbox 2040 1990 2255 2046; x_wconf 79' lang='lat' dir='ltr'><strong>deretur</strong></span> <span class='ocrx_word' id='word_1_590' title='bbox 2284 2010 2297 2047; x_wconf 92' lang='lat'><strong>:</strong></span> <span class='ocrx_word' id='word_1_591' title='bbox 2323 2007 2444 2047; x_wconf 90' lang='lat' dir='ltr'><strong>cum</strong></span> <span class='ocrx_word' id='word_1_592' title='bbox 2476 1994 2527 2047; x_wconf 91' lang='lat' dir='ltr'><strong>in</strong></span> <span class='ocrx_word' id='word_1_593' title='bbox 2559 1995 2660 2049; x_wconf 91' lang='lat' dir='ltr'><strong>illis</strong></span> <span class='ocrx_word' id='word_1_594' title='bbox 2685 1997 2848 2065; x_wconf 89' lang='lat' dir='ltr'><strong>gestis</strong></span> <span class='ocrx_word' id='word_1_595' title='bbox 2870 1998 3087 2052; x_wconf 85' lang='lat' dir='ltr'><strong>omnino</strong></span> <span class='ocrx_word' id='word_1_596' title='bbox 3119 1999 3246 2053; x_wconf 85' lang='lat' dir='ltr'><strong>nihil</strong></span> <span class='ocrx_word' id='word_1_597' title='bbox 3277 2004 3631 2067; x_wconf 83' lang='lat' dir='ltr'><strong>conveniens,</strong></span> 
     </span>
    </p>
   </div>
   <div class='ocr_carea' id='block_1_79' title="bbox 2042 2085 3628 2163">
    <p class='ocr_par' dir='ltr' id='par_1_79' title="bbox 2042 2085 3628 2163">
     <span class='ocr_line' id='line_1_79' title="bbox 2042 2085 3628 2163; baseline 0.007 -26"><span class='ocrx_word' id='word_1_598' title='bbox 2042 2095 2238 2153; x_wconf 68' lang='lat' dir='ltr'><strong>praeter</strong></span> <span class='ocrx_word' id='word_1_599' title='bbox 2280 2085 2679 2141; x_wconf 86' lang='lat' dir='ltr'><strong>similitudinem</strong></span> <span class='ocrx_word' id='word_1_600' title='bbox 2709 2088 2940 2143; x_wconf 89' lang='lat' dir='ltr'><strong>nominis</strong></span> <span class='ocrx_word' id='word_1_601' title='bbox 2960 2130 2975 2152; x_wconf 89' lang='lat'><strong>,</strong></span> <span class='ocrx_word' id='word_1_602' title='bbox 3007 2090 3313 2161; x_wconf 85' lang='lat' dir='ltr'><strong>legeretur;</strong></span> <span class='ocrx_word' id='word_1_603' title='bbox 3342 2108 3443 2160; x_wconf 89' lang='lat' dir='ltr'><strong>qua</strong></span> <span class='ocrx_word' id='word_1_604' title='bbox 3476 2097 3628 2163; x_wconf 86' lang='lat' dir='ltr'><strong>plena</strong></span> 
     </span>
    </p>
   </div>
   <div class='ocr_carea' id='block_1_80' title="bbox 2040 2178 3627 2251">
    <p class='ocr_par' dir='ltr' id='par_1_80' title="bbox 2040 2178 3627 2251">
     <span class='ocr_line' id='line_1_80' title="bbox 2040 2178 3627 2251; baseline 0.005 -19"><span class='ocrx_word' id='word_1_605' title='bbox 2040 2186 2122 2233; x_wconf 89' lang='lat' dir='ltr'><strong>est</strong></span> <span class='ocrx_word' id='word_1_606' title='bbox 2161 2178 2492 2234; x_wconf 89' lang='lat' dir='ltr'><strong>consuetudo</strong></span> <span class='ocrx_word' id='word_1_607' title='bbox 2533 2181 2742 2251; x_wconf 88' lang='lat' dir='ltr'><strong>generis</strong></span> <span class='ocrx_word' id='word_1_608' title='bbox 2786 2180 3033 2248; x_wconf 85' lang='lat' dir='ltr'><strong>humani,</strong></span> <span class='ocrx_word' id='word_1_609' title='bbox 3075 2192 3260 2237; x_wconf 90' lang='lat' dir='ltr'><strong>utnon</strong></span> <span class='ocrx_word' id='word_1_610' title='bbox 3287 2185 3458 2238; x_wconf 80' lang='lat' dir='ltr'><strong>solum</strong></span> <span class='ocrx_word' id='word_1_611' title='bbox 3487 2185 3627 2251; x_wconf 87' lang='lat' dir='ltr'><strong>duo,</strong></span> 
     </span>
    </p>
   </div>
   <div class='ocr_carea' id='block_1_81' title="bbox 2040 2269 3622 2342">
    <p class='ocr_par' dir='ltr' id='par_1_81' title="bbox 2040 2269 3622 2342">
     <span class='ocr_line' id='line_1_81' title="bbox 2040 2269 3622 2342; baseline 0.004 -17"><span class='ocrx_word' id='word_1_612' title='bbox 2040 2269 2134 2325; x_wconf 86' lang='lat' dir='ltr'><strong>sed</strong></span> <span class='ocrx_word' id='word_1_613' title='bbox 2180 2271 2341 2325; x_wconf 89' lang='lat' dir='ltr'><strong>etiam</strong></span> <span class='ocrx_word' id='word_1_614' title='bbox 2386 2271 2566 2342; x_wconf 90' lang='lat' dir='ltr'><strong>plures</strong></span> <span class='ocrx_word' id='word_1_615' title='bbox 2613 2272 2857 2328; x_wconf 87' lang='lat' dir='ltr'><strong>homines</strong></span> <span class='ocrx_word' id='word_1_616' title='bbox 2904 2289 3013 2328; x_wconf 90' lang='lat' dir='ltr'><strong>uno</strong></span> <span class='ocrx_word' id='word_1_617' title='bbox 3053 2277 3266 2331; x_wconf 88' lang='lat' dir='ltr'><strong>nomine</strong></span> <span class='ocrx_word' id='word_1_618' title='bbox 3308 2278 3622 2332; x_wconf 77' lang='lat' dir='ltr'><strong>vocitantur.</strong></span> 
     </span>
    </p>
   </div>
   <div class='ocr_carea' id='block_1_82' title="bbox 2040 2362 3627 2438">
    <p class='ocr_par' dir='ltr' id='par_1_82' title="bbox 2040 2362 3627 2438">
     <span class='ocr_line' id='line_1_82' title="bbox 2040 2362 3627 2438; baseline 0.006 -24"><span class='ocrx_word' id='word_1_619' title='bbox 2040 2362 2170 2416; x_wconf 83' lang='lat' dir='ltr'><strong>Nam</strong></span> <span class='ocrx_word' id='word_1_620' title='bbox 2197 2364 2295 2433; x_wconf 89' lang='lat' dir='ltr'><strong>ipsi</strong></span> <span class='ocrx_word' id='word_1_621' title='bbox 2320 2378 2530 2434; x_wconf 88' lang='lat' dir='ltr'><strong>quoque</strong></span> <span class='ocrx_word' id='word_1_622' title='bbox 2560 2364 2817 2419; x_wconf 85' lang='lat' dir='ltr'><strong>Donatum</strong></span> <span class='ocrx_word' id='word_1_623' title='bbox 2843 2381 2997 2420; x_wconf 88' lang='lat' dir='ltr'><strong>suum</strong></span> <span class='ocrx_word' id='word_1_624' title='bbox 3024 2366 3494 2438; x_wconf 51' lang='lat' dir='ltr'><strong>Carthagitiensem</strong></span> <span class='ocrx_word' id='word_1_625' title='bbox 3514 2413 3529 2435; x_wconf 87' lang='lat'><strong>,</strong></span> <span class='ocrx_word' id='word_1_626' title='bbox 3562 2386 3627 2425; x_wconf 92' lang='lat' dir='ltr'><strong>ne</strong></span> 
     </span>
    </p>
   </div>
   <div class='ocr_carea' id='block_1_83' title="bbox 2042 2454 3623 2527">
    <p class='ocr_par' dir='ltr' id='par_1_83' title="bbox 2042 2454 3623 2527">
     <span class='ocr_line' id='line_1_83' title="bbox 2042 2454 3623 2527; baseline 0.006 -20"><span class='ocrx_word' id='word_1_627' title='bbox 2042 2454 2092 2507; x_wconf 91' lang='lat' dir='ltr'><strong>itt</strong></span> <span class='ocrx_word' id='word_1_628' title='bbox 2132 2455 2333 2524; x_wconf 85' lang='lat' dir='ltr'><strong>judicio</strong></span> <span class='ocrx_word' id='word_1_629' title='bbox 2372 2455 2676 2511; x_wconf 78' lang='lat' dir='ltr'><strong>Mclchiadis</strong></span> <span class='ocrx_word' id='word_1_630' title='bbox 2718 2457 2831 2527; x_wconf 88' lang='lat' dir='ltr'><strong>ipse</strong></span> <span class='ocrx_word' id='word_1_631' title='bbox 2862 2469 3136 2527; x_wconf 84' lang='lat' dir='ltr'><strong>putaretur</strong></span> <span class='ocrx_word' id='word_1_632' title='bbox 3160 2476 3281 2517; x_wconf 85' lang='lat' dir='ltr'><strong>esse</strong></span> <span class='ocrx_word' id='word_1_633' title='bbox 3304 2460 3584 2516; x_wconf 84' lang='lat' dir='ltr'><strong>damnatus</strong></span> <span class='ocrx_word' id='word_1_634' title='bbox 3611 2507 3623 2527; x_wconf 90' lang='lat'><strong>,</strong></span> 
     </span>
    </p>
   </div>
   <div class='ocr_carea' id='block_1_84' title="bbox 2039 2545 3627 2617">
    <p class='ocr_par' dir='ltr' id='par_1_84' title="bbox 2039 2545 3627 2617">
     <span class='ocr_line' id='line_1_84' title="bbox 2039 2545 3627 2617; baseline 0.006 -18"><span class='ocrx_word' id='word_1_635' title='bbox 2039 2561 2198 2615; x_wconf 86' lang='lat' dir='ltr'><strong>quem</strong></span> <span class='ocrx_word' id='word_1_636' title='bbox 2246 2545 2400 2600; x_wconf 90' lang='lat' dir='ltr'><strong>multi</strong></span> <span class='ocrx_word' id='word_1_637' title='bbox 2439 2560 2535 2616; x_wconf 91' lang='lat' dir='ltr'><strong>pro</strong></span> <span class='ocrx_word' id='word_1_638' title='bbox 2576 2561 2772 2617; x_wconf 89' lang='lat' dir='ltr'><strong>magno</strong></span> <span class='ocrx_word' id='word_1_639' title='bbox 2812 2546 3047 2604; x_wconf 75' lang='lat' dir='ltr'><strong>habent‘</strong></span> <span class='ocrx_word' id='word_1_640' title='bbox 3070 2592 3084 2617; x_wconf 94' lang='lat'><strong>,</strong></span> <span class='ocrx_word' id='word_1_641' title='bbox 3114 2565 3144 2605; x_wconf 86' lang='lat' dir='ltr'><strong>a</strong></span> <span class='ocrx_word' id='word_1_642' title='bbox 3177 2550 3383 2607; x_wconf 92' lang='lat' dir='ltr'><strong>Donato</strong></span> <span class='ocrx_word' id='word_1_643' title='bbox 3408 2552 3627 2609; x_wconf 87' lang='lat' dir='ltr'><strong>Cascnsi</strong></span> 
     </span>
    </p>
   </div>
   <div class='ocr_carea' id='block_1_85' title="bbox 2038 2640 3628 2713">
    <p class='ocr_par' dir='ltr' id='par_1_85' title="bbox 2038 2640 3628 2713">
     <span class='ocr_line' id='line_1_85' title="bbox 2038 2640 3628 2713; baseline 0.004 -17"><span class='ocrx_word' id='word_1_644' title='bbox 2038 2640 2469 2710; x_wconf 85' lang='lat' dir='ltr'><strong>distinguendum</strong></span> <span class='ocrx_word' id='word_1_645' title='bbox 2508 2655 2628 2696; x_wconf 89' lang='lat' dir='ltr'><strong>esse</strong></span> <span class='ocrx_word' id='word_1_646' title='bbox 2652 2641 3015 2697; x_wconf 87' lang='lat' dir='ltr'><strong>clatnaveruut</strong></span> <span class='ocrx_word' id='word_1_647' title='bbox 3035 2685 3049 2707; x_wconf 86' lang='lat'><strong>,</strong></span> <span class='ocrx_word' id='word_1_648' title='bbox 3082 2644 3203 2713; x_wconf 88' lang='lat' dir='ltr'><strong>quia</strong></span> <span class='ocrx_word' id='word_1_649' title='bbox 3236 2644 3469 2701; x_wconf 89' lang='lat' dir='ltr'><strong>Donatus</strong></span> <span class='ocrx_word' id='word_1_650' title='bbox 3496 2646 3628 2702; x_wconf 87' lang='lat' dir='ltr'><strong>Car-</strong></span> 
     </span>
    </p>
   </div>
   <div class='ocr_carea' id='block_1_86' title="bbox 2041 2733 3627 2803">
    <p class='ocr_par' dir='ltr' id='par_1_86' title="bbox 2041 2733 3627 2803">
     <span class='ocr_line' id='line_1_86' title="bbox 2041 2733 3627 2803; baseline 0.004 -15"><span class='ocrx_word' id='word_1_651' title='bbox 2041 2733 2366 2803; x_wconf 87' lang='lat' dir='ltr'><strong>thagineusis</strong></span> <span class='ocrx_word' id='word_1_652' title='bbox 2404 2742 2587 2788; x_wconf 87' lang='lat' dir='ltr'><strong>contra</strong></span> <span class='ocrx_word' id='word_1_653' title='bbox 2615 2733 2954 2789; x_wconf 73' lang='lat' dir='ltr'><strong>Cmcilianum</strong></span> <span class='ocrx_word' id='word_1_654' title='bbox 2986 2736 3181 2792; x_wconf 86' lang='lat' dir='ltr'><strong>missus</strong></span> <span class='ocrx_word' id='word_1_655' title='bbox 3211 2736 3381 2793; x_wconf 82' lang='lat' dir='ltr'><strong>fuerat</strong></span> <span class='ocrx_word' id='word_1_656' title='bbox 3403 2738 3468 2793; x_wconf 89' lang='lat' dir='ltr'><strong>ad</strong></span> <span class='ocrx_word' id='word_1_657' title='bbox 3499 2738 3627 2794; x_wconf 82' lang='lat' dir='ltr'><strong>Mel-</strong></span> 
     </span>
    </p>
   </div>
   <div class='ocr_carea' id='block_1_87' title="bbox 2045 2824 3626 2892">
    <p class='ocr_par' dir='ltr' id='par_1_87' title="bbox 2045 2824 3626 2892">
     <span class='ocr_line' id='line_1_87' title="bbox 2045 2824 3626 2892; baseline 0.003 -13"><span class='ocrx_word' id='word_1_658' title='bbox 2045 2824 2250 2879; x_wconf 86' lang='lat' dir='ltr'><strong>cbiadis</strong></span> <span class='ocrx_word' id='word_1_659' title='bbox 2287 2824 2587 2891; x_wconf 88' lang='lat' dir='ltr'><strong>episcopale</strong></span> <span class='ocrx_word' id='word_1_660' title='bbox 2608 2824 2863 2892; x_wconf 90' lang='lat' dir='ltr'><strong>judicium</strong></span> <span class='ocrx_word' id='word_1_661' title='bbox 2899 2844 2913 2880; x_wconf 88' lang='lat'><strong>:</strong></span> <span class='ocrx_word' id='word_1_662' title='bbox 2944 2835 3049 2879; x_wconf 86' lang='lat' dir='ltr'><strong>tam</strong></span> <span class='ocrx_word' id='word_1_663' title='bbox 3078 2842 3311 2881; x_wconf 89' lang='lat' dir='ltr'><strong>crassam</strong></span> <span class='ocrx_word' id='word_1_664' title='bbox 3337 2837 3546 2883; x_wconf 89' lang='lat' dir='ltr'><strong>noctem</strong></span> <span class='ocrx_word' id='word_1_665' title='bbox 3574 2830 3626 2883; x_wconf 93' lang='lat' dir='ltr'><strong>iu</strong></span> 
     </span>
    </p>
   </div>
   <div class='ocr_carea' id='block_1_88' title="bbox 2042 2915 3628 2985">
    <p class='ocr_par' dir='ltr' id='par_1_88' title="bbox 2042 2915 3628 2985">
     <span class='ocr_line' id='line_1_88' title="bbox 2042 2915 3628 2985; baseline 0.002 -14"><span class='ocrx_word' id='word_1_666' title='bbox 2042 2915 2203 2971; x_wconf 88' lang='lat' dir='ltr'><strong>corde</strong></span> <span class='ocrx_word' id='word_1_667' title='bbox 2230 2923 2498 2985; x_wconf 87' lang='lat' dir='ltr'><strong>gestantes</strong></span> <span class='ocrx_word' id='word_1_668' title='bbox 2521 2956 2537 2982; x_wconf 91' lang='lat'><strong>,</strong></span> <span class='ocrx_word' id='word_1_669' title='bbox 2566 2924 2623 2968; x_wconf 93' lang='lat' dir='ltr'><strong>ut</strong></span> <span class='ocrx_word' id='word_1_670' title='bbox 2653 2916 2909 2969; x_wconf 87' lang='lat' dir='ltr'><strong>Donatum</strong></span> <span class='ocrx_word' id='word_1_671' title='bbox 2941 2916 3180 2971; x_wconf 87' lang='lat' dir='ltr'><strong>infamari</strong></span> <span class='ocrx_word' id='word_1_672' title='bbox 3212 2918 3415 2973; x_wconf 89' lang='lat' dir='ltr'><strong>nollent</strong></span> <span class='ocrx_word' id='word_1_673' title='bbox 3442 2920 3628 2975; x_wconf 89' lang='lat' dir='ltr'><strong>simili-</strong></span> 
     </span>
    </p>
   </div>
   <div class='ocr_carea' id='block_1_89' title="bbox 2040 3006 3629 3074">
    <p class='ocr_par' dir='ltr' id='par_1_89' title="bbox 2040 3006 3629 3074">
     <span class='ocr_line' id='line_1_89' title="bbox 2040 3006 3629 3074; baseline 0.003 -13"><span class='ocrx_word' id='word_1_674' title='bbox 2040 3007 2224 3062; x_wconf 90' lang='lat' dir='ltr'><strong>tudine</strong></span> <span class='ocrx_word' id='word_1_675' title='bbox 2262 3006 2493 3061; x_wconf 89' lang='lat' dir='ltr'><strong>nominis</strong></span> <span class='ocrx_word' id='word_1_676' title='bbox 2532 3006 2613 3062; x_wconf 90' lang='lat' dir='ltr'><strong>sui</strong></span> <span class='ocrx_word' id='word_1_677' title='bbox 2636 3048 2653 3074; x_wconf 92' lang='lat'><strong>,</strong></span> <span class='ocrx_word' id='word_1_678' title='bbox 2695 3017 2750 3062; x_wconf 91' lang='lat' dir='ltr'><strong>ct</strong></span> <span class='ocrx_word' id='word_1_679' title='bbox 2781 3007 3130 3063; x_wconf 78' lang='lat' dir='ltr'><strong>Melchiadem</strong></span> <span class='ocrx_word' id='word_1_680' title='bbox 3156 3010 3406 3065; x_wconf 87' lang='lat' dir='ltr'><strong>maculari</strong></span> <span class='ocrx_word' id='word_1_681' title='bbox 3435 3011 3629 3066; x_wconf 78' lang='lat' dir='ltr'><strong>vellent</strong></span> 
     </span>
    </p>
   </div>
   <div class='ocr_carea' id='block_1_90' title="bbox 2039 3097 3625 3157">
    <p class='ocr_par' dir='ltr' id='par_1_90' title="bbox 2039 3097 3625 3157">
     <span class='ocr_line' id='line_1_90' title="bbox 2039 3097 3625 3157; baseline 0.004 -7"><span class='ocrx_word' id='word_1_682' title='bbox 2039 3097 2387 3152; x_wconf 89' lang='lat' dir='ltr'><strong>similitudine</strong></span> <span class='ocrx_word' id='word_1_683' title='bbox 2437 3100 2670 3153; x_wconf 88' lang='lat' dir='ltr'><strong>nominis</strong></span> <span class='ocrx_word' id='word_1_684' title='bbox 2722 3097 2905 3153; x_wconf 87' lang='lat' dir='ltr'><strong>alieni.</strong></span> <span class='ocrx_word' id='word_1_685' title='bbox 2954 3098 3106 3154; x_wconf 85' lang='lat' dir='ltr'><strong>Nunc</strong></span> <span class='ocrx_word' id='word_1_686' title='bbox 3158 3110 3336 3155; x_wconf 90' lang='lat' dir='ltr'><strong>autem</strong></span> <span class='ocrx_word' id='word_1_687' title='bbox 3391 3101 3625 3157; x_wconf 86' lang='lat' dir='ltr'><strong>Stratoni</strong></span> 
     </span>
    </p>
   </div>
   <div class='ocr_carea' id='block_1_91' title="bbox 2040 3190 3629 3263">
    <p class='ocr_par' dir='ltr' id='par_1_91' title="bbox 2040 3190 3629 3263">
     <span class='ocr_line' id='line_1_91' title="bbox 2040 3190 3629 3263; baseline 0.003 -19"><span class='ocrx_word' id='word_1_688' title='bbox 2040 3192 2197 3245; x_wconf 91' lang='lat' dir='ltr'><strong>etiam</strong></span> <span class='ocrx_word' id='word_1_689' title='bbox 2236 3190 2471 3245; x_wconf 86' lang='lat' dir='ltr'><strong>Cassiani</strong></span> <span class='ocrx_word' id='word_1_690' title='bbox 2497 3204 2690 3246; x_wconf 91' lang='lat' dir='ltr'><strong>nomen</strong></span> <span class='ocrx_word' id='word_1_691' title='bbox 2721 3190 2918 3246; x_wconf 91' lang='lat' dir='ltr'><strong>addere</strong></span> <span class='ocrx_word' id='word_1_692' title='bbox 2943 3191 3225 3259; x_wconf 89' lang='lat' dir='ltr'><strong>dicuntur,</strong></span> <span class='ocrx_word' id='word_1_693' title='bbox 3259 3193 3399 3263; x_wconf 89' lang='lat' dir='ltr'><strong>quod</strong></span> <span class='ocrx_word' id='word_1_694' title='bbox 3431 3194 3481 3249; x_wconf 92' lang='lat' dir='ltr'><strong>in</strong></span> <span class='ocrx_word' id='word_1_695' title='bbox 3506 3191 3629 3248; x_wconf 80' lang='lat' dir='ltr'><strong>Col-</strong></span> 
     </span>
    </p>
   </div>
   <div class='ocr_carea' id='block_1_92' title="bbox 2042 3282 3626 3354">
    <p class='ocr_par' dir='ltr' id='par_1_92' title="bbox 2042 3282 3626 3354">
     <span class='ocr_line' id='line_1_92' title="bbox 2042 3282 3626 3354; baseline 0.003 -19"><span class='ocrx_word' id='word_1_696' title='bbox 2042 3284 2235 3338; x_wconf 89' lang='lat' dir='ltr'><strong>latioue</strong></span> <span class='ocrx_word' id='word_1_697' title='bbox 2269 3292 2579 3345; x_wconf 86' lang='lat' dir='ltr'><strong>tacuerunt,</strong></span> <span class='ocrx_word' id='word_1_698' title='bbox 2611 3283 2762 3353; x_wconf 91' lang='lat' dir='ltr'><strong>quasi</strong></span> <span class='ocrx_word' id='word_1_699' title='bbox 2790 3282 3005 3339; x_wconf 87' lang='lat' dir='ltr'><strong>Straton</strong></span> <span class='ocrx_word' id='word_1_700' title='bbox 3036 3285 3181 3340; x_wconf 88' lang='lat' dir='ltr'><strong>solus</strong></span> <span class='ocrx_word' id='word_1_701' title='bbox 3206 3286 3626 3354; x_wconf 76' lang='lat' dir='ltr'><strong>cognominalcnt</strong></span> 
     </span>
    </p>
   </div>
   <div class='ocr_carea' id='block_1_93' title="bbox 2043 3379 3628 3452">
    <p class='ocr_par' dir='ltr' id='par_1_93' title="bbox 2043 3379 3628 3452">
     <span class='ocr_line' id='line_1_93' title="bbox 2043 3379 3628 3452; baseline 0 -17"><span class='ocrx_word' id='word_1_702' title='bbox 2043 3380 2237 3435; x_wconf 88' lang='lat' dir='ltr'><strong>habere</strong></span> <span class='ocrx_word' id='word_1_703' title='bbox 2276 3380 2569 3450; x_wconf 85' lang='lat' dir='ltr'><strong>potuisset,</strong></span> <span class='ocrx_word' id='word_1_704' title='bbox 2612 3389 2665 3435; x_wconf 89' lang='lat' dir='ltr'><strong>et</strong></span> <span class='ocrx_word' id='word_1_705' title='bbox 2691 3379 2977 3434; x_wconf 84' lang='lat' dir='ltr'><strong>Cassianus</strong></span> <span class='ocrx_word' id='word_1_706' title='bbox 3005 3397 3108 3435; x_wconf 91' lang='lat' dir='ltr'><strong>non</strong></span> <span class='ocrx_word' id='word_1_707' title='bbox 3138 3381 3391 3452; x_wconf 90' lang='lat' dir='ltr'><strong>potuerit.</strong></span> <span class='ocrx_word' id='word_1_708' title='bbox 3418 3380 3527 3436; x_wconf 87' lang='lat' dir='ltr'><strong>Nec</strong></span> <span class='ocrx_word' id='word_1_709' title='bbox 3550 3389 3628 3435; x_wconf 88' lang='lat' dir='ltr'><strong>at-</strong></span> 
     </span>
    </p>
   </div>
   <div class='ocr_carea' id='block_1_94' title="bbox 2043 3471 3626 3543">
    <p class='ocr_par' dir='ltr' id='par_1_94' title="bbox 2043 3471 3626 3543">
     <span class='ocr_line' id='line_1_94' title="bbox 2043 3471 3626 3543; baseline 0.001 -17"><span class='ocrx_word' id='word_1_710' title='bbox 2043 3471 2259 3528; x_wconf 89' lang='lat' dir='ltr'><strong>tendere</strong></span> <span class='ocrx_word' id='word_1_711' title='bbox 2300 3480 2589 3542; x_wconf 87' lang='lat' dir='ltr'><strong>potuerunt</strong></span> <span class='ocrx_word' id='word_1_712' title='bbox 2624 3471 2831 3527; x_wconf 87' lang='lat' dir='ltr'><strong>interna</strong></span> <span class='ocrx_word' id='word_1_713' title='bbox 2875 3486 2969 3526; x_wconf 88' lang='lat' dir='ltr'><strong>sua</strong></span> <span class='ocrx_word' id='word_1_714' title='bbox 3010 3483 3167 3527; x_wconf 88' lang='lat' dir='ltr'><strong>nocte</strong></span> <span class='ocrx_word' id='word_1_715' title='bbox 3215 3473 3490 3543; x_wconf 88' lang='lat' dir='ltr'><strong>impediti,</strong></span> <span class='ocrx_word' id='word_1_716' title='bbox 3523 3489 3626 3527; x_wconf 92' lang='lat' dir='ltr'><strong>non</strong></span> 
     </span>
    </p>
   </div>
   <div class='ocr_carea' id='block_1_95' title="bbox 2039 3564 3630 3634">
    <p class='ocr_par' dir='ltr' id='par_1_95' title="bbox 2039 3564 3630 3634">
     <span class='ocr_line' id='line_1_95' title="bbox 2039 3564 3630 3634; baseline 0.003 -16"><span class='ocrx_word' id='word_1_717' title='bbox 2039 3565 2209 3618; x_wconf 85' lang='lat' dir='ltr'><strong>solum</strong></span> <span class='ocrx_word' id='word_1_718' title='bbox 2233 3564 2375 3619; x_wconf 84' lang='lat' dir='ltr'><strong>duos</strong></span> <span class='ocrx_word' id='word_1_719' title='bbox 2392 3564 2652 3630; x_wconf 84' lang='lat' dir='ltr'><strong>Joannes,</strong></span> <span class='ocrx_word' id='word_1_720' title='bbox 2677 3580 2841 3619; x_wconf 90' lang='lat' dir='ltr'><strong>unutn</strong></span> <span class='ocrx_word' id='word_1_721' title='bbox 2869 3564 3181 3634; x_wconf 89' lang='lat' dir='ltr'><strong>Baptistam,</strong></span> <span class='ocrx_word' id='word_1_722' title='bbox 3203 3567 3427 3622; x_wconf 86' lang='lat' dir='ltr'><strong>alterum</strong></span> <span class='ocrx_word' id='word_1_723' title='bbox 3459 3568 3630 3622; x_wconf 80' lang='lat' dir='ltr'><strong>Evan-</strong></span> 
     </span>
    </p>
   </div>
   <div class='ocr_carea' id='block_1_96' title="bbox 2038 3656 3625 3729">
    <p class='ocr_par' dir='ltr' id='par_1_96' title="bbox 2038 3656 3625 3729">
     <span class='ocr_line' id='line_1_96' title="bbox 2038 3656 3625 3729; baseline 0.001 -16"><span class='ocrx_word' id='word_1_724' title='bbox 2038 3659 2281 3729; x_wconf 86' lang='lat' dir='ltr'><strong>gelistam</strong></span> <span class='ocrx_word' id='word_1_725' title='bbox 2304 3698 2319 3722; x_wconf 89' lang='lat'><strong>,</strong></span> <span class='ocrx_word' id='word_1_726' title='bbox 2373 3658 2467 3713; x_wconf 85' lang='lat' dir='ltr'><strong>sed</strong></span> <span class='ocrx_word' id='word_1_727' title='bbox 2510 3660 2669 3713; x_wconf 90' lang='lat' dir='ltr'><strong>etiam</strong></span> <span class='ocrx_word' id='word_1_728' title='bbox 2699 3656 2834 3713; x_wconf 87' lang='lat' dir='ltr'><strong>duos</strong></span> <span class='ocrx_word' id='word_1_729' title='bbox 2862 3657 3110 3714; x_wconf 87' lang='lat' dir='ltr'><strong>Simones</strong></span> <span class='ocrx_word' id='word_1_730' title='bbox 3132 3668 3340 3723; x_wconf 78' lang='lat' dir='ltr'><strong>,‘unum</strong></span> <span class='ocrx_word' id='word_1_731' title='bbox 3372 3660 3584 3715; x_wconf 74' lang='lat' dir='ltr'><strong>Petrum</strong></span> <span class='ocrx_word' id='word_1_732' title='bbox 3612 3704 3625 3722; x_wconf 84' lang='lat'><strong>.</strong></span> 
     </span>
    </p>
   </div>
   <div class='ocr_carea' id='block_1_97' title="bbox 2038 3749 3629 3821">
    <p class='ocr_par' dir='ltr' id='par_1_97' title="bbox 2038 3749 3629 3821">
     <span class='ocr_line' id='line_1_97' title="bbox 2038 3749 3629 3821; baseline 0.001 -20"><span class='ocrx_word' id='word_1_733' title='bbox 2038 3751 2262 3804; x_wconf 89' lang='lat' dir='ltr'><strong>alterum</strong></span> <span class='ocrx_word' id='word_1_734' title='bbox 2308 3749 2512 3817; x_wconf 80' lang='lat' dir='ltr'><strong>Magum</strong></span> <span class='ocrx_word' id='word_1_735' title='bbox 2548 3767 2561 3803; x_wconf 91' lang='lat'><strong>:</strong></span> <span class='ocrx_word' id='word_1_736' title='bbox 2591 3749 2642 3803; x_wconf 92' lang='lat' dir='ltr'><strong>in</strong></span> <span class='ocrx_word' id='word_1_737' title='bbox 2674 3750 2791 3818; x_wconf 90' lang='lat' dir='ltr'><strong>ipso</strong></span> <span class='ocrx_word' id='word_1_738' title='bbox 2828 3750 3057 3820; x_wconf 85' lang='lat' dir='ltr'><strong>denique</strong></span> <span class='ocrx_word' id='word_1_739' title='bbox 3084 3759 3189 3805; x_wconf 84' lang='lat' dir='ltr'><strong>tam</strong></span> <span class='ocrx_word' id='word_1_740' title='bbox 3212 3766 3377 3821; x_wconf 89' lang='lat' dir='ltr'><strong>parvo</strong></span> <span class='ocrx_word' id='word_1_741' title='bbox 3405 3768 3629 3806; x_wconf 82' lang='lat' dir='ltr'><strong>numero</strong></span> 
     </span>
    </p>
   </div>
   <div class='ocr_carea' id='block_1_98' title="bbox 2039 3838 3629 3907">
    <p class='ocr_par' dir='ltr' id='par_1_98' title="bbox 2039 3838 3629 3907">
     <span class='ocr_line' id='line_1_98' title="bbox 2039 3838 3629 3907; baseline 0.001 -14"><span class='ocrx_word' id='word_1_742' title='bbox 2039 3838 2417 3907; x_wconf 80' lang='lat' dir='ltr'><strong>Apostolorum</strong></span> <span class='ocrx_word' id='word_1_743' title='bbox 2442 3878 2458 3902; x_wconf 88' lang='lat'><strong>,</strong></span> <span class='ocrx_word' id='word_1_744' title='bbox 2512 3854 2617 3892; x_wconf 92' lang='lat' dir='ltr'><strong>non</strong></span> <span class='ocrx_word' id='word_1_745' title='bbox 2658 3840 2831 3893; x_wconf 89' lang='lat' dir='ltr'><strong>solum</strong></span> <span class='ocrx_word' id='word_1_746' title='bbox 2866 3840 3002 3893; x_wconf 85' lang='lat' dir='ltr'><strong>duos</strong></span> <span class='ocrx_word' id='word_1_747' title='bbox 3038 3839 3268 3895; x_wconf 80' lang='lat' dir='ltr'><strong>Jacohos</strong></span> <span class='ocrx_word' id='word_1_748' title='bbox 3290 3882 3305 3903; x_wconf 86' lang='lat'><strong>,</strong></span> <span class='ocrx_word' id='word_1_749' title='bbox 3348 3857 3511 3896; x_wconf 91' lang='lat' dir='ltr'><strong>unum</strong></span> <span class='ocrx_word' id='word_1_750' title='bbox 3540 3843 3629 3895; x_wconf 83' lang='lat' dir='ltr'><strong>Al—</strong></span> 
     </span>
    </p>
   </div>
   <div class='ocr_carea' id='block_1_99' title="bbox 2042 3928 3627 3999">
    <p class='ocr_par' dir='ltr' id='par_1_99' title="bbox 2042 3928 3627 3999">
     <span class='ocr_line' id='line_1_99' title="bbox 2042 3928 3627 3999; baseline 0.002 -18"><span class='ocrx_word' id='word_1_751' title='bbox 2042 3929 2198 3999; x_wconf 54' lang='lat' dir='ltr'><strong>phati,</strong></span> <span class='ocrx_word' id='word_1_752' title='bbox 2228 3929 2450 3984; x_wconf 91' lang='lat' dir='ltr'><strong>alterum</strong></span> <span class='ocrx_word' id='word_1_753' title='bbox 2479 3928 2756 3993; x_wconf 71' lang='lat' dir='ltr'><strong>Zebedtei;</strong></span> <span class='ocrx_word' id='word_1_754' title='bbox 2785 3930 2883 3984; x_wconf 87' lang='lat' dir='ltr'><strong>sed</strong></span> <span class='ocrx_word' id='word_1_755' title='bbox 2906 3929 3063 3984; x_wconf 89' lang='lat' dir='ltr'><strong>etiam</strong></span> <span class='ocrx_word' id='word_1_756' title='bbox 3090 3929 3226 3984; x_wconf 90' lang='lat' dir='ltr'><strong>duos</strong></span> <span class='ocrx_word' id='word_1_757' title='bbox 3249 3930 3432 3997; x_wconf 83' lang='lat' dir='ltr'><strong>Jndas,</strong></span> <span class='ocrx_word' id='word_1_758' title='bbox 3466 3946 3627 3985; x_wconf 91' lang='lat' dir='ltr'><strong>unum</strong></span> 
     </span>
    </p>
   </div>
   <div class='ocr_carea' id='block_1_100' title="bbox 2039 4020 3627 4091">
    <p class='ocr_par' dir='ltr' id='par_1_100' title="bbox 2039 4020 3627 4091">
     <span class='ocr_line' id='line_1_100' title="bbox 2039 4020 3627 4091; baseline -0.001 -16"><span class='ocrx_word' id='word_1_759' title='bbox 2039 4031 2277 4075; x_wconf 85' lang='lat' dir='ltr'><strong>sanctum</strong></span> <span class='ocrx_word' id='word_1_760' title='bbox 2300 4062 2313 4085; x_wconf 91' lang='lat'><strong>,</strong></span> <span class='ocrx_word' id='word_1_761' title='bbox 2340 4020 2564 4075; x_wconf 89' lang='lat' dir='ltr'><strong>alterum</strong></span> <span class='ocrx_word' id='word_1_762' title='bbox 2585 4020 2857 4075; x_wconf 86' lang='lat' dir='ltr'><strong>diabolum</strong></span> <span class='ocrx_word' id='word_1_763' title='bbox 2879 4038 2893 4086; x_wconf 90' lang='lat'><strong>;</strong></span> <span class='ocrx_word' id='word_1_764' title='bbox 2915 4022 2996 4075; x_wconf 91' lang='lat' dir='ltr'><strong>cui</strong></span> <span class='ocrx_word' id='word_1_765' title='bbox 3023 4032 3198 4077; x_wconf 89' lang='lat' dir='ltr'><strong>tamen</strong></span> <span class='ocrx_word' id='word_1_766' title='bbox 3219 4021 3368 4077; x_wconf 71' lang='lat' dir='ltr'><strong>Judte</strong></span> <span class='ocrx_word' id='word_1_767' title='bbox 3387 4023 3627 4091; x_wconf 82' lang='lat' dir='ltr'><strong>apostolo</strong></span> 
     </span>
    </p>
   </div>
   <div class='ocr_carea' id='block_1_101' title="bbox 2040 4114 3625 4186">
    <p class='ocr_par' dir='ltr' id='par_1_101' title="bbox 2040 4114 3625 4186">
     <span class='ocr_line' id='line_1_101' title="bbox 2040 4114 3625 4186; baseline 0.001 -18"><span class='ocrx_word' id='word_1_768' title='bbox 2040 4124 2225 4169; x_wconf 88' lang='lat' dir='ltr'><strong>sancto</strong></span> <span class='ocrx_word' id='word_1_769' title='bbox 2270 4115 2509 4186; x_wconf 90' lang='lat' dir='ltr'><strong>quisquis</strong></span> <span class='ocrx_word' id='word_1_770' title='bbox 2556 4114 2802 4170; x_wconf 91' lang='lat' dir='ltr'><strong>similiter</strong></span> <span class='ocrx_word' id='word_1_771' title='bbox 2849 4124 3028 4169; x_wconf 84' lang='lat' dir='ltr'><strong>mente</strong></span> <span class='ocrx_word' id='word_1_772' title='bbox 3075 4129 3249 4169; x_wconf 48' lang='lat' dir='ltr'><strong>caicus</strong></span> <span class='ocrx_word' id='word_1_773' title='bbox 3295 4115 3363 4170; x_wconf 90' lang='lat' dir='ltr'><strong>de</strong></span> <span class='ocrx_word' id='word_1_774' title='bbox 3404 4115 3625 4169; x_wconf 90' lang='lat' dir='ltr'><strong>critniuc</strong></span> 
     </span>
    </p>
   </div>
   <div class='ocr_carea' id='block_1_102' title="bbox 2039 4204 3627 4266">
    <p class='ocr_par' dir='ltr' id='par_1_102' title="bbox 2039 4204 3627 4266">
     <span class='ocr_line' id='line_1_102' title="bbox 2039 4204 3627 4266; baseline -0.001 -5"><span class='ocrx_word' id='word_1_775' title='bbox 2039 4206 2187 4261; x_wconf 70' lang='lat' dir='ltr'><strong>.ludze</strong></span> <span class='ocrx_word' id='word_1_776' title='bbox 2215 4205 2484 4260; x_wconf 89' lang='lat' dir='ltr'><strong>traditoris</strong></span> <span class='ocrx_word' id='word_1_777' title='bbox 2506 4206 2921 4260; x_wconf 89' lang='lat' dir='ltr'><strong>calumniaretur</strong></span> <span class='ocrx_word' id='word_1_778' title='bbox 2944 4247 2959 4266; x_wconf 83' lang='lat'><strong>,</strong></span> <span class='ocrx_word' id='word_1_779' title='bbox 2984 4221 3087 4259; x_wconf 89' lang='lat' dir='ltr'><strong>non</strong></span> <span class='ocrx_word' id='word_1_780' title='bbox 3114 4205 3213 4259; x_wconf 90' lang='lat' dir='ltr'><strong>nisi</strong></span> <span class='ocrx_word' id='word_1_781' title='bbox 3238 4206 3366 4259; x_wconf 83' lang='lat' dir='ltr'><strong>istOs</strong></span> <span class='ocrx_word' id='word_1_782' title='bbox 3390 4204 3627 4260; x_wconf 80' lang='lat' dir='ltr'><strong>imitare-</strong></span> 
     </span>
    </p>
   </div>
   <div class='ocr_carea' id='block_1_103' title="bbox 2041 4298 3628 4364">
    <p class='ocr_par' dir='ltr' id='par_1_103' title="bbox 2041 4298 3628 4364">
     <span class='ocr_line' id='line_1_103' title="bbox 2041 4298 3628 4364; baseline -0.001 -11"><span class='ocrx_word' id='word_1_783' title='bbox 2041 4309 2146 4353; x_wconf 91' lang='lat' dir='ltr'><strong>tur.</strong></span> <span class='ocrx_word' id='word_1_784' title='bbox 2175 4299 2289 4353; x_wconf 86' lang='lat' dir='ltr'><strong>Non</strong></span> <span class='ocrx_word' id='word_1_785' title='bbox 2312 4300 2453 4354; x_wconf 91' lang='lat' dir='ltr'><strong>enim</strong></span> <span class='ocrx_word' id='word_1_786' title='bbox 2484 4300 2672 4353; x_wconf 87' lang='lat' dir='ltr'><strong>mirutn</strong></span> <span class='ocrx_word' id='word_1_787' title='bbox 2696 4308 2809 4364; x_wconf 88' lang='lat' dir='ltr'><strong>est,</strong></span> <span class='ocrx_word' id='word_1_788' title='bbox 2840 4299 2883 4353; x_wconf 90' lang='lat' dir='ltr'><strong>si</strong></span> <span class='ocrx_word' id='word_1_789' title='bbox 2908 4299 3040 4353; x_wconf 88' lang='lat' dir='ltr'><strong>tales</strong></span> <span class='ocrx_word' id='word_1_790' title='bbox 3067 4299 3197 4353; x_wconf 69' lang='lat' dir='ltr'><strong>istos</strong></span> <span class='ocrx_word' id='word_1_791' title='bbox 3218 4298 3628 4355; x_wconf 86' lang='lat' dir='ltr'><strong>calumniatores</strong></span> 
     </span>
    </p>
   </div>
   <div class='ocr_carea' id='block_1_104' title="bbox 2041 4390 3623 4461">
    <p class='ocr_par' dir='ltr' id='par_1_104' title="bbox 2041 4390 3623 4461">
     <span class='ocr_line' id='line_1_104' title="bbox 2041 4390 3623 4461; baseline 0.002 -20"><span class='ocrx_word' id='word_1_792' title='bbox 2041 4398 2161 4460; x_wconf 89' lang='lat' dir='ltr'><strong>post</strong></span> <span class='ocrx_word' id='word_1_793' title='bbox 2190 4400 2294 4443; x_wconf 90' lang='lat' dir='ltr'><strong>tam</strong></span> <span class='ocrx_word' id='word_1_794' title='bbox 2322 4390 2536 4461; x_wconf 90' lang='lat' dir='ltr'><strong>longum</strong></span> <span class='ocrx_word' id='word_1_795' title='bbox 2564 4399 2773 4459; x_wconf 85' lang='lat' dir='ltr'><strong>tempus</strong></span> <span class='ocrx_word' id='word_1_796' title='bbox 2803 4390 2998 4459; x_wconf 89' lang='lat' dir='ltr'><strong>patitur</strong></span> <span class='ocrx_word' id='word_1_797' title='bbox 3022 4390 3347 4446; x_wconf 79' lang='lat' dir='ltr'><strong>existimatio</strong></span> <span class='ocrx_word' id='word_1_798' title='bbox 3374 4390 3623 4447; x_wconf 86' lang='lat' dir='ltr'><strong>Melcltia-</strong></span> 
     </span>
    </p>
   </div>
   <div class='ocr_carea' id='block_1_105' title="bbox 2039 4480 3625 4548">
    <p class='ocr_par' dir='ltr' id='par_1_105' title="bbox 2039 4480 3625 4548">
     <span class='ocr_line' id='line_1_105' title="bbox 2039 4480 3625 4548; baseline 0.003 -14"><span class='ocrx_word' id='word_1_799' title='bbox 2039 4482 2121 4535; x_wconf 88' lang='lat' dir='ltr'><strong>dis</strong></span> <span class='ocrx_word' id='word_1_800' title='bbox 2143 4481 2212 4535; x_wconf 92' lang='lat' dir='ltr'><strong>de</strong></span> <span class='ocrx_word' id='word_1_801' title='bbox 2239 4481 2446 4535; x_wconf 87' lang='lat' dir='ltr'><strong>duobus</strong></span> <span class='ocrx_word' id='word_1_802' title='bbox 2473 4480 2740 4536; x_wconf 86' lang='lat' dir='ltr'><strong>Cassianis</strong></span> <span class='ocrx_word' id='word_1_803' title='bbox 2757 4522 2772 4547; x_wconf 92' lang='lat'><strong>,</strong></span> <span class='ocrx_word' id='word_1_804' title='bbox 2805 4482 2885 4537; x_wconf 90' lang='lat' dir='ltr'><strong>vel</strong></span> <span class='ocrx_word' id='word_1_805' title='bbox 2919 4482 2988 4537; x_wconf 90' lang='lat' dir='ltr'><strong>de</strong></span> <span class='ocrx_word' id='word_1_806' title='bbox 3014 4482 3220 4537; x_wconf 86' lang='lat' dir='ltr'><strong>duobus</strong></span> <span class='ocrx_word' id='word_1_807' title='bbox 3247 4482 3586 4539; x_wconf 88' lang='lat' dir='ltr'><strong>Stratouibus</strong></span> <span class='ocrx_word' id='word_1_808' title='bbox 3611 4529 3625 4548; x_wconf 91' lang='lat'><strong>,</strong></span> 
     </span>
    </p>
   </div>
   <div class='ocr_carea' id='block_1_106' title="bbox 2038 4572 3627 4643">
    <p class='ocr_par' dir='ltr' id='par_1_106' title="bbox 2038 4572 3627 4643">
     <span class='ocr_line' id='line_1_106' title="bbox 2038 4572 3627 4643; baseline 0.002 -16"><span class='ocrx_word' id='word_1_809' title='bbox 2038 4574 2221 4641; x_wconf 89' lang='lat' dir='ltr'><strong>quales</strong></span> <span class='ocrx_word' id='word_1_810' title='bbox 2256 4573 2562 4643; x_wconf 86' lang='lat' dir='ltr'><strong>evangelica</strong></span> <span class='ocrx_word' id='word_1_811' title='bbox 2606 4572 2804 4628; x_wconf 85' lang='lat' dir='ltr'><strong>veritas</strong></span> <span class='ocrx_word' id='word_1_812' title='bbox 2845 4574 3041 4643; x_wconf 90' lang='lat' dir='ltr'><strong>patitur</strong></span> <span class='ocrx_word' id='word_1_813' title='bbox 3077 4574 3144 4630; x_wconf 91' lang='lat' dir='ltr'><strong>de</strong></span> <span class='ocrx_word' id='word_1_814' title='bbox 3170 4575 3377 4631; x_wconf 90' lang='lat' dir='ltr'><strong>duobus</strong></span> <span class='ocrx_word' id='word_1_815' title='bbox 3405 4576 3627 4632; x_wconf 86' lang='lat' dir='ltr'><strong>Herodi-</strong></span> 
     </span>
    </p>
   </div>
   <div class='ocr_carea' id='block_1_107' title="bbox 2041 4665 3629 4741">
    <p class='ocr_par' dir='ltr' id='par_1_107' title="bbox 2041 4665 3629 4741">
     <span class='ocr_line' id='line_1_107' title="bbox 2041 4665 3629 4741; baseline 0.004 -24"><span class='ocrx_word' id='word_1_816' title='bbox 2041 4665 2154 4717; x_wconf 89' lang='lat' dir='ltr'><strong>hus.</strong></span> <span class='ocrx_word' id='word_1_817' title='bbox 2204 4665 2332 4719; x_wconf 77' lang='lat' dir='ltr'><strong>Nam</strong></span> <span class='ocrx_word' id='word_1_818' title='bbox 2375 4665 2495 4734; x_wconf 89' lang='lat' dir='ltr'><strong>quia</strong></span> <span class='ocrx_word' id='word_1_819' title='bbox 2537 4682 2641 4719; x_wconf 88' lang='lat' dir='ltr'><strong>non</strong></span> <span class='ocrx_word' id='word_1_820' title='bbox 2672 4675 2757 4721; x_wconf 86' lang='lat' dir='ltr'><strong>est</strong></span> <span class='ocrx_word' id='word_1_821' title='bbox 2781 4682 3089 4737; x_wconf 82' lang='lat' dir='ltr'><strong>expressum</strong></span> <span class='ocrx_word' id='word_1_822' title='bbox 3119 4669 3236 4739; x_wconf 91' lang='lat' dir='ltr'><strong>quis</strong></span> <span class='ocrx_word' id='word_1_823' title='bbox 3265 4669 3503 4725; x_wconf 86' lang='lat' dir='ltr'><strong>Herodes</strong></span> <span class='ocrx_word' id='word_1_824' title='bbox 3534 4686 3629 4741; x_wconf 87' lang='lat' dir='ltr'><strong>pro</strong></span> 
     </span>
    </p>
   </div>
   <div class='ocr_carea' id='block_1_108' title="bbox 2038 4756 3709 4827">
    <p class='ocr_par' dir='ltr' id='par_1_108' title="bbox 2038 4756 3709 4827">
     <span class='ocr_line' id='line_1_108' title="bbox 2038 4756 3709 4827; baseline 0.003 -16"><span class='ocrx_word' id='word_1_825' title='bbox 2038 4756 2249 4811; x_wconf 84' lang='lat' dir='ltr'><strong>Christo</strong></span> <span class='ocrx_word' id='word_1_826' title='bbox 2280 4758 2467 4811; x_wconf 78' lang='lat' dir='ltr'><strong>occisis</strong></span> <span class='ocrx_word' id='word_1_827' title='bbox 2500 4756 2787 4812; x_wconf 78' lang='lat' dir='ltr'><strong>infantibus</strong></span> <span class='ocrx_word' id='word_1_828' title='bbox 2808 4758 3060 4813; x_wconf 88' lang='lat' dir='ltr'><strong>continuo</strong></span> <span class='ocrx_word' id='word_1_829' title='bbox 3088 4769 3327 4815; x_wconf 89' lang='lat' dir='ltr'><strong>ntortuus</strong></span> <span class='ocrx_word' id='word_1_830' title='bbox 3353 4760 3542 4827; x_wconf 84' lang='lat' dir='ltr'><strong>fuerit,</strong></span> <span class='ocrx_word' id='word_1_831' title='bbox 3574 4772 3630 4816; x_wconf 89' lang='lat' dir='ltr'><strong>et</strong></span> <span class='ocrx_word' id='word_1_832' title='bbox 3698 4806 3709 4816; x_wconf 90' lang='lat'><strong>.</strong></span> 
     </span>
    </p>
   </div>
   <div class='ocr_carea' id='block_1_109' title="bbox 2037 4850 3625 4921">
    <p class='ocr_par' dir='ltr' id='par_1_109' title="bbox 2037 4850 3625 4921">
     <span class='ocr_line' id='line_1_109' title="bbox 2037 4850 3625 4921; baseline 0.004 -18"><span class='ocrx_word' id='word_1_833' title='bbox 2037 4850 2156 4919; x_wconf 85' lang='lat' dir='ltr'><strong>quis</strong></span> <span class='ocrx_word' id='word_1_834' title='bbox 2200 4850 2438 4905; x_wconf 84' lang='lat' dir='ltr'><strong>Herodes</strong></span> <span class='ocrx_word' id='word_1_835' title='bbox 2476 4867 2597 4904; x_wconf 88' lang='lat' dir='ltr'><strong>cum</strong></span> <span class='ocrx_word' id='word_1_836' title='bbox 2643 4850 2812 4905; x_wconf 86' lang='lat' dir='ltr'><strong>Pilato</strong></span> <span class='ocrx_word' id='word_1_837' title='bbox 2854 4851 3132 4905; x_wconf 90' lang='lat' dir='ltr'><strong>Dominum</strong></span> <span class='ocrx_word' id='word_1_838' title='bbox 3177 4865 3487 4921; x_wconf 85' lang='lat' dir='ltr'><strong>persecutus</strong></span> <span class='ocrx_word' id='word_1_839' title='bbox 3516 4856 3625 4918; x_wconf 83' lang='lat' dir='ltr'><strong>sit;</strong></span> 
     </span>
    </p>
   </div>
   <div class='ocr_carea' id='block_1_110' title="bbox 2039 4941 3627 5015">
    <p class='ocr_par' dir='ltr' id='par_1_110' title="bbox 2039 4941 3627 5015">
     <span class='ocr_line' id='line_1_110' title="bbox 2039 4941 3627 5015; baseline 0.007 -24"><span class='ocrx_word' id='word_1_840' title='bbox 2039 4951 2283 5009; x_wconf 81' lang='lat' dir='ltr'><strong>putantes</strong></span> <span class='ocrx_word' id='word_1_841' title='bbox 2327 4958 2488 4996; x_wconf 91' lang='lat' dir='ltr'><strong>unum</strong></span> <span class='ocrx_word' id='word_1_842' title='bbox 2537 4941 2733 5009; x_wconf 89' lang='lat' dir='ltr'><strong>fuisse,</strong></span> <span class='ocrx_word' id='word_1_843' title='bbox 2783 4942 3039 5013; x_wconf 86' lang='lat' dir='ltr'><strong>objiciunt</strong></span> <span class='ocrx_word' id='word_1_844' title='bbox 3087 4943 3375 5015; x_wconf 82' lang='lat' dir='ltr'><strong>Evangelio</strong></span> <span class='ocrx_word' id='word_1_845' title='bbox 3424 4947 3627 5002; x_wconf 84' lang='lat' dir='ltr'><strong>crimen</strong></span> 
     </span>
    </p>
   </div>
   <div class='ocr_carea' id='block_1_111' title="bbox 2039 5032 3625 5103">
    <p class='ocr_par' dir='ltr' id='par_1_111' title="bbox 2039 5032 3625 5103">
     <span class='ocr_line' id='line_1_111' title="bbox 2039 5032 3625 5103; baseline 0.004 -17"><span class='ocrx_word' id='word_1_846' title='bbox 2039 5033 2278 5087; x_wconf 82' lang='lat' dir='ltr'><strong>falsitatis</strong></span> <span class='ocrx_word' id='word_1_847' title='bbox 2320 5050 2333 5088; x_wconf 92' lang='lat'>:</span> <span class='ocrx_word' id='word_1_848' title='bbox 2374 5034 2511 5088; x_wconf 91' lang='lat' dir='ltr'><strong>sicut</strong></span> <span class='ocrx_word' id='word_1_849' title='bbox 2553 5032 2639 5088; x_wconf 90' lang='lat' dir='ltr'><strong>isti</strong></span> <span class='ocrx_word' id='word_1_850' title='bbox 2680 5044 2924 5103; x_wconf 89' lang='lat' dir='ltr'><strong>putantes</strong></span> <span class='ocrx_word' id='word_1_851' title='bbox 2948 5052 3108 5090; x_wconf 89' lang='lat' dir='ltr'><strong>unum</strong></span> <span class='ocrx_word' id='word_1_852' title='bbox 3138 5035 3298 5092; x_wconf 82' lang='lat' dir='ltr'><strong>fuisse</strong></span> <span class='ocrx_word' id='word_1_853' title='bbox 3324 5039 3625 5094; x_wconf 87' lang='lat' dir='ltr'><strong>Stratonem</strong></span> 
     </span>
    </p>
   </div>
   <div class='ocr_carea' id='block_1_112' title="bbox 2038 5124 3628 5195">
    <p class='ocr_par' dir='ltr' id='par_1_112' title="bbox 2038 5124 3628 5195">
     <span class='ocr_line' id='line_1_112' title="bbox 2038 5124 3628 5195; baseline 0.004 -17"><span class='ocrx_word' id='word_1_854' title='bbox 2038 5125 2119 5179; x_wconf 85' lang='lat' dir='ltr'><strong>vel</strong></span> <span class='ocrx_word' id='word_1_855' title='bbox 2148 5124 2482 5193; x_wconf 86' lang='lat' dir='ltr'><strong>Cassianum,</strong></span> <span class='ocrx_word' id='word_1_856' title='bbox 2514 5124 2771 5195; x_wconf 85' lang='lat' dir='ltr'><strong>objiciunt</strong></span> <span class='ocrx_word' id='word_1_857' title='bbox 2799 5127 3074 5182; x_wconf 82' lang='lat' dir='ltr'><strong>Melchiadi</strong></span> <span class='ocrx_word' id='word_1_858' title='bbox 3104 5132 3363 5184; x_wconf 90' lang='lat' dir='ltr'><strong>maculam</strong></span> <span class='ocrx_word' id='word_1_859' title='bbox 3393 5130 3628 5184; x_wconf 81' lang='lat' dir='ltr'><strong>traditio-</strong></span> 
     </span>
    </p>
   </div>
   <div class='ocr_carea' id='block_1_113' title="bbox 2036 5217 3624 5296">
    <p class='ocr_par' dir='ltr' id='par_1_113' title="bbox 2036 5217 3624 5296">
     <span class='ocr_line' id='line_1_113' title="bbox 2036 5217 3624 5296; baseline 0.004 -24"><span class='ocrx_word' id='word_1_860' title='bbox 2036 5221 2140 5273; x_wconf 90' lang='lat' dir='ltr'><strong>nis.</strong></span> <span class='ocrx_word' id='word_1_861' title='bbox 2179 5218 2244 5273; x_wconf 87' lang='lat' dir='ltr'><strong>Et</strong></span> <span class='ocrx_word' id='word_1_862' title='bbox 2274 5228 2448 5274; x_wconf 90' lang='lat' dir='ltr'><strong>tamen</strong></span> <span class='ocrx_word' id='word_1_863' title='bbox 2477 5219 2551 5274; x_wconf 92' lang='lat' dir='ltr'><strong>illi</strong></span> <span class='ocrx_word' id='word_1_864' title='bbox 2579 5217 2905 5276; x_wconf 82' lang='lat' dir='ltr'><strong>tolerabilius</strong></span> <span class='ocrx_word' id='word_1_865' title='bbox 2931 5234 3140 5289; x_wconf 89' lang='lat' dir='ltr'><strong>errant,</strong></span> <span class='ocrx_word' id='word_1_866' title='bbox 3171 5224 3292 5296; x_wconf 89' lang='lat' dir='ltr'><strong>quia</strong></span> <span class='ocrx_word' id='word_1_867' title='bbox 3325 5240 3427 5279; x_wconf 93' lang='lat' dir='ltr'><strong>non</strong></span> <span class='ocrx_word' id='word_1_868' title='bbox 3454 5226 3624 5278; x_wconf 90' lang='lat' dir='ltr'><strong>solum</strong></span> 
     </span>
    </p>
   </div>
   <div class='ocr_carea' id='block_1_114' title="bbox 2039 5312 3626 5389">
    <p class='ocr_par' dir='ltr' id='par_1_114' title="bbox 2039 5312 3626 5389">
     <span class='ocr_line' id='line_1_114' title="bbox 2039 5312 3626 5389; baseline 0.004 -24"><span class='ocrx_word' id='word_1_869' title='bbox 2039 5326 2230 5365; x_wconf 91' lang='lat' dir='ltr'><strong>nomen</strong></span> <span class='ocrx_word' id='word_1_870' title='bbox 2257 5353 2272 5375; x_wconf 93' lang='lat'><strong>,</strong></span> <span class='ocrx_word' id='word_1_871' title='bbox 2299 5327 2482 5365; x_wconf 88' lang='lat' dir='ltr'><strong>verum</strong></span> <span class='ocrx_word' id='word_1_872' title='bbox 2508 5312 2665 5367; x_wconf 89' lang='lat' dir='ltr'><strong>etiam</strong></span> <span class='ocrx_word' id='word_1_873' title='bbox 2687 5312 2919 5384; x_wconf 84' lang='lat' dir='ltr'><strong>dignitas</strong></span> <span class='ocrx_word' id='word_1_874' title='bbox 2940 5327 3218 5382; x_wconf 89' lang='lat' dir='ltr'><strong>consonat,</strong></span> <span class='ocrx_word' id='word_1_875' title='bbox 3241 5327 3465 5389; x_wconf 89' lang='lat' dir='ltr'><strong>uterque</strong></span> <span class='ocrx_word' id='word_1_876' title='bbox 3485 5319 3626 5372; x_wconf 89' lang='lat' dir='ltr'><strong>cnim</strong></span> 
     </span>
    </p>
   </div>
   <div class='ocr_carea' id='block_1_115' title="bbox 2037 5403 3626 5479">
    <p class='ocr_par' dir='ltr' id='par_1_115' title="bbox 2037 5403 3626 5479">
     <span class='ocr_line' id='line_1_115' title="bbox 2037 5403 3626 5479; baseline 0.004 -22"><span class='ocrx_word' id='word_1_877' title='bbox 2037 5403 2229 5474; x_wconf 84' lang='lat' dir='ltr'><strong>legitur</strong></span> <span class='ocrx_word' id='word_1_878' title='bbox 2253 5420 2344 5458; x_wconf 76' lang='lat' dir='ltr'><strong>rex</strong></span> <span class='ocrx_word' id='word_1_879' title='bbox 2372 5403 2613 5460; x_wconf 83' lang='lat' dir='ltr'><strong>Herodes</strong></span> <span class='ocrx_word' id='word_1_880' title='bbox 2645 5423 2657 5459; x_wconf 89' lang='lat'><strong>:</strong></span> <span class='ocrx_word' id='word_1_881' title='bbox 2688 5404 2773 5460; x_wconf 91' lang='lat' dir='ltr'><strong>isti</strong></span> <span class='ocrx_word' id='word_1_882' title='bbox 2798 5418 2975 5462; x_wconf 90' lang='lat' dir='ltr'><strong>autem</strong></span> <span class='ocrx_word' id='word_1_883' title='bbox 2997 5408 3303 5479; x_wconf 82' lang='lat' dir='ltr'><strong>dignitatem</strong></span> <span class='ocrx_word' id='word_1_884' title='bbox 3330 5426 3626 5465; x_wconf 86' lang='lat' dir='ltr'><strong>consonare</strong></span> 
     </span>
    </p>
   </div>
   <div class='ocr_carea' id='block_1_116' title="bbox 2038 5496 3627 5568">
    <p class='ocr_par' dir='ltr' id='par_1_116' title="bbox 2038 5496 3627 5568">
     <span class='ocr_line' id='line_1_116' title="bbox 2038 5496 3627 5568; baseline 0.003 -19"><span class='ocrx_word' id='word_1_885' title='bbox 2038 5496 2243 5550; x_wconf 89' lang='lat' dir='ltr'><strong>mentiti</strong></span> <span class='ocrx_word' id='word_1_886' title='bbox 2271 5505 2412 5558; x_wconf 87' lang='lat' dir='ltr'><strong>sunt,</strong></span> <span class='ocrx_word' id='word_1_887' title='bbox 2435 5496 2557 5566; x_wconf 89' lang='lat' dir='ltr'><strong>quia</strong></span> <span class='ocrx_word' id='word_1_888' title='bbox 2584 5506 2837 5568; x_wconf 88' lang='lat' dir='ltr'><strong>utrosque</strong></span> <span class='ocrx_word' id='word_1_889' title='bbox 2854 5497 3018 5556; x_wconf 87' lang='lat' dir='ltr'><strong>fuisse</strong></span> <span class='ocrx_word' id='word_1_890' title='bbox 3036 5499 3289 5556; x_wconf 89' lang='lat' dir='ltr'><strong>diaconos</strong></span> <span class='ocrx_word' id='word_1_891' title='bbox 3307 5499 3451 5555; x_wconf 89' lang='lat' dir='ltr'><strong>nullo</strong></span> <span class='ocrx_word' id='word_1_892' title='bbox 3466 5499 3627 5555; x_wconf 89' lang='lat' dir='ltr'><strong>modo</strong></span> 
     </span>
    </p>
   </div>
   <div class='ocr_carea' id='block_1_117' title="bbox 2037 5585 2544 5658">
    <p class='ocr_par' dir='ltr' id='par_1_117' title="bbox 2037 5585 2544 5658">
     <span class='ocr_line' id='line_1_117' title="bbox 2037 5585 2544 5658; baseline 0.004 -17"><span class='ocrx_word' id='word_1_893' title='bbox 2037 5585 2213 5657; x_wconf 89' lang='lat' dir='ltr'><strong>legere</strong></span> <span class='ocrx_word' id='word_1_894' title='bbox 2241 5596 2544 5658; x_wconf 88' lang='lat' dir='ltr'><strong>potuerunt.</strong></span> 
     </span>
    </p>
   </div>
   <div class='ocr_carea' id='block_1_118' title="bbox 2100 5764 3625 5836">
    <p class='ocr_par' dir='ltr' id='par_1_118' title="bbox 2100 5764 3625 5836">
     <span class='ocr_line' id='line_1_118' title="bbox 2100 5764 3625 5836; baseline 0.008 -24"><span class='ocrx_word' id='word_1_895' title='bbox 2100 5764 2115 5794; x_wconf 86' lang='grc'>¹</span> <span class='ocrx_word' id='word_1_896' title='bbox 2150 5765 2454 5836; x_wconf 63' lang='grc' dir='ltr'><strong>ςοιςὺρξρῃδίς</strong></span> <span class='ocrx_word' id='word_1_897' title='bbox 2488 5774 2537 5817; x_wconf 90' lang='lat' dir='ltr'><strong>et</strong></span> <span class='ocrx_word' id='word_1_898' title='bbox 2575 5766 2881 5836; x_wconf 65' lang='lat' dir='ltr'><strong>ttichaelinus</strong></span> <span class='ocrx_word' id='word_1_899' title='bbox 2902 5779 2990 5823; x_wconf 82' lang='lat' dir='ltr'><strong>Mss</strong></span> <span class='ocrx_word' id='word_1_900' title='bbox 3013 5806 3026 5827; x_wconf 86' lang='lat'><strong>.</strong></span> <span class='ocrx_word' id='word_1_901' title='bbox 3046 5784 3183 5836; x_wconf 63' lang='lat' dir='ltr'><strong>quem</strong></span> <span class='ocrx_word' id='word_1_902' title='bbox 3202 5773 3399 5825; x_wconf 75' lang='lat' dir='ltr'><strong>&quot;mltum</strong></span> <span class='ocrx_word' id='word_1_903' title='bbox 3425 5787 3512 5836; x_wconf 81' lang='lat' dir='ltr'><strong>pro</strong></span> <span class='ocrx_word' id='word_1_904' title='bbox 3527 5787 3625 5824; x_wconf 33' lang='lat' dir='ltr'><strong>mae</strong></span> 
     </span>
    </p>
   </div>
   <div class='ocr_carea' id='block_1_119' title="bbox 2035 5824 3621 5938">
    <p class='ocr_par' dir='ltr' id='par_1_119' title="bbox 2035 5824 3621 5938">
     <span class='ocr_line' id='line_1_119' title="bbox 2035 5824 3621 5938; baseline 0.013 -66"><span class='ocrx_word' id='word_1_905' title='bbox 2035 5824 2336 5938; x_wconf 33' lang='lat' dir='ltr'><strong>agitabam.</strong></span> <span class='ocrx_word' id='word_1_906' title='bbox 2363 5830 2633 5890; x_wconf 83' lang='lat' dir='ltr'><strong>Becceusis,</strong></span> <span class='ocrx_word' id='word_1_907' title='bbox 2659 5832 2883 5896; x_wconf 79' lang='lat' dir='ltr'><strong>quodth</strong></span> <span class='ocrx_word' id='word_1_908' title='bbox 2906 5846 2998 5884; x_wconf 79' lang='lat' dir='ltr'><strong>non</strong></span> <span class='ocrx_word' id='word_1_909' title='bbox 3018 5824 3217 5888; x_wconf 65' lang='lat' dir='ltr'><strong>inultum</strong></span> <span class='ocrx_word' id='word_1_910' title='bbox 3236 5824 3323 5902; x_wconf 80' lang='lat' dir='ltr'><strong>pro</strong></span> <span class='ocrx_word' id='word_1_911' title='bbox 3346 5824 3517 5898; x_wconf 63' lang='grc' dir='ltr'><strong>νηιῴηο</strong></span> <span class='ocrx_word' id='word_1_912' title='bbox 3538 5835 3621 5886; x_wconf 60' lang='grc' dir='ltr'><strong>ιδεμ</strong></span> 
     </span>
    </p>
   </div>
  </div>
