4024 6196
376 335 482 393 665

442 449 666 508 CAPUT
700 448 832 504 XIV.
863 476 930 488 -—
963 446 1046 502 18.
1080 445 1266 502 Adhuc
1290 445 1406 500 dies
1430 453 1578 507 erat,
1609 440 1820 513 quando
1843 439 1957 493 Cir-

373 554 523 598 tense
561 542 840 596 concilium
871 581 886 604 ,
935 539 978 592 si
1011 549 1186 593 tamen
1213 538 1493 594 concilium
1523 534 1803 592 dicendum
1832 543 1914 585 est
1938 573 1952 597 ,

375 635 423 687 in
468 649 572 703 quo
615 632 697 684 vix
740 629 983 684 undecim
1019 630 1098 683 vel
1131 627 1408 682 duodecim
1437 626 1670 696 episc0pi
1697 625 1952 689 btet-unt;

374 723 511 777 unde
538 722 874 776 recitavimus
902 721 1182 775 traditores
1210 719 1371 774 fuisse
1399 718 1655 789 quosdam
1675 759 1690 781 ,
1719 718 1808 786 qui
1835 733 1954 769 cum

371 815 614 869 Secundo
636 795 1129 882 Tigisitano'contra
1156 814 1491 869 Caecilianum
1520 813 1810 865 sententias
1837 825 1958 878 pro-

373 908 638 973 tulerunt,
680 907 866 960 falsum
901 906 1136 961 volentes
1169 905 1471 968 ostendere,
1499 904 1748 959 dixerunt
1773 916 1956 973 perse-

371 999 596 1052 cutionis
624 1009 862 1066 tempore
892 1014 996 1053 non
1020 998 1253 1068 potuisse
1279 999 1330 1052 in
1353 999 1578 1067 aliquam
1601 997 1815 1050 domutn
1840 997 1956 1051 illos

358 1090 614 1163 onudecim
668 1091 750 1144 vel
794 1090 1072 1145 duodecim
1117 1090 1396 1158 episcopos
1435 1089 1744 1158 congregari
1774 1106 1787 1140 :
1819 1101 1871 1143 et
1899 1096 1957 1142 ιιι

371 1183 657 1252 probarent
701 1193 909 1254 tempus
958 1183 1121 1237 fuisse
1171 1183 1584 1251 persecutionis,
1627 1182 1966 1250 protulerunt,

372 1285 662 1346 martyrum
704 1285 850 1346 gesta
871 1315 886 1339 ,
929 1283 987 1328 ιιι
1020 1275 1205 1328 diebus
1246 1281 1301 1327 et
1325 1273 1632 1328 consulibus
1653 1273 1958 1328 considera-

371 1367 470 1430 tis,
522 1366 662 1436 quod
703 1379 908 1434 tempus
947 1365 1136 1431 fuerit,
1177 1374 1474 1433 appareret.
1507 1364 1636 1430 Quae
1664 1372 1954 1434 martyrum

369 1467 516 1526 gesta
541 1499 556 1522 ,
594 1468 776 1511 contra
805 1473 862 1511 se
891 1458 1034 1525 ipsos
1061 1457 1343 1525 protulisse
1368 1456 1597 1523 convicti
1622 1464 1763 1510 sunt.
1797 1455 1851 1508 ln
1879 1456 1957 1508 eis

369 1551 563 1620 quippe
606 1552 771 1620 gestis
800 1551 1192 1606 manifestatum
1220 1560 1300 1605 est
1330 1549 1422 1604 illo
1452 1559 1690 1618 tempore
1720 1564 1958 1617 persecu-

371 1643 528 1697 tionis
552 1642 868 1698 christianas
898 1643 1077 1713 plebes
1103 1633 1289 1698 selitas
1313 1643 1642 1712 congregari.
1674 1641 1821 1698 Unde
1836 1656 1958 1696 cnn-

369 1736 500 1790 stitit
526 1752 630 1790 non
658 1751 776 1791 esse
806 1736 1148 1802 incredibile,
1177 1736 1316 1806 quod
1347 1736 1506 1790 etiam
1539 1735 1611 1788 illi
1637 1735 1870 1804 episcopi
1902 1735 1955 1789 in

371 1827 626 1891 privatam
666 1826 885 1881 domum
921 1827 1164 1882 similiter
1187 1827 1499 1880 convenisse
1527 1825 1835 1896 legebantur
1857 1863 1872 1890 ,
1902 1837 1958 1880 ιιι

373 1917 511 1982 plebi
556 1933 674 1986 qua:
715 1926 949 1986 poterat,
983 1919 1122 1973 sicut
1150 1919 1314 1987 gestis
1339 1928 1629 1987 martyrum
1658 1917 1958 1970 contineba-

373 2020 487 2070 tur,
515 2011 674 2064 etiam
706 2010 1090 2078 persecutionis
1116 2019 1354 2078 tempore
1377 2010 1720 2079 congregari,
1752 2011 1956 2065 occulte

371 2099 706 2154 ordinaretur
737 2101 1017 2170 episcopus
1040 2142 1054 2166 ,
1091 2101 1176 2170 qui
1209 2111 1388 2170 posset
1416 2102 1513 2154 sibi
1542 2101 1698 2155 etiam
1732 2105 1844 2170 ipse
1868 2117 1958 2155 oc-

369 2191 509 2245 cnlte
543 2192 764 2246 cleriCos
789 2193 1034 2246 ordinare
1063 2191 1112 2245 in
1143 2201 1283 2245 tanta
1311 2192 1625 2247 necessitate
1649 2233 1662 2255 ,
1694 2191 1778 2244 ubi
1810 2202 1956 2246 antc-

372 2281 480 2334 rior
505 2281 784 2350 episc0pus
817 2299 934 2336 etnn
962 2283 1109 2338 clero
1138 2283 1340 2352 lapsus,
1371 2298 1466 2350 per
1490 2282 1770 2351 epistolam
1792 2283 1957 2350 ipsius

368 2371 632 2440 Secundi,
663 2391 780 2444 qua:
809 2375 876 2429 ab
903 2375 1020 2430 istis
1049 2375 1272 2444 allegata
1299 2384 1409 2438 est,
1440 2376 1851 2431 monstrabatur.
1876 2374 1956 2430 Ex

372 2467 452 2519 bis
496 2475 784 2536 martyrum
828 2467 990 2535 gestis
1017 2483 1136 2537 qum
1168 2468 1266 2537 ipsi
1296 2467 1666 2536 proferebant,
1698 2467 1954 2523 admoniti

369 2571 554 2610 sumus
591 2566 643 2610 et
682 2557 733 2610 in
768 2556 870 2610 alia
897 2565 1044 2626 gesta
1077 2568 1365 2627 martyrum
1397 2557 1710 2622 intendere;
1739 2568 1792 2611 et
1819 2559 1958 2612 inve-

371 2649 542 2702 nimus
561 2689 576 2714 ,
618 2656 673 2704 et
711 2648 940 2703 diximus
959 2690 973 2718 ,
1004 2647 1240 2705 fervente
1271 2658 1508 2719 tempore
1533 2650 1915 2720 persecutionis
1936 2687 1953 2715 ,

372 2748 427 2793 et
463 2739 719 2809 privatam
759 2739 975 2794 domum
996 2782 1010 2806 ,
1053 2741 1192 2809 quod
1225 2741 1297 2796 illi
1329 2742 1437 2796 fieri
1471 2741 1701 2810 potuisse
1731 2757 1954 2811 negave-

371 2840 505 2894 rant,
526 2831 921 2901 congregationi
961 2831 1385 2886 Christianorum
1415 2833 1576 2887 fuisse
1604 2847 1912 2887 concessam
1936 2871 1953 2897 ,

369 2933 422 2978 ot
463 2924 514 2977 in
545 2939 759 2979 carcere
791 2923 950 2978 fuisse
975 2933 1236 2995 martyres
1267 2924 1558 2996 baptizatos
1591 2943 1603 2978 :
1636 2934 1692 2977 ut
1720 2924 1959 2979 viderent

370 3027 525 3083 qnam
573 3029 678 3067 non
717 3023 860 3069 esset
892 3013 1199 3068 incredibile
1232 3024 1468 3083 tempore
1495 3015 1878 3083 persecutionis
1903 3015 1954 3067 in

372 3104 626 3172 privatam
651 3103 866 3157 domum
896 3119 1088 3172 paucos
1101 3104 1380 3174 episcopos
1398 3104 1727 3174 congregari,
1743 3105 1957 3174 quando

369 3205 424 3249 «ιι
452 3195 502 3248 in
532 3195 646 3263 ipso
672 3209 886 3248 carcere
915 3195 1322 3250 celebrabantur
1351 3195 1692 3250 Sacramenta
1724 3195 1954 3259 Christi,

372 3287 423 3341 in
473 3301 579 3354 quo
607 3285 792 3338 inclusi
823 3283 1066 3339 homines
1097 3286 1410 3340 tenebantur
1461 3302 1555 3354 pro
1610 3285 1709 3340 [ide
1738 3285 1955 3340 Christi.

371 3377 636 3443 Quantum
672 3391 766 3429 nos
803 3391 929 3445 ergo
957 3377 1255 3444 adjuvet-int
1280 3387 1424 3446 gesta
1457 3386 1750 3448 martyrum
1779 3375 1958 3445 profe-

374 3469 538 3522 rendo
565 3510 579 3533 ,
627 3469 743 3537 quis
784 3483 886 3521 non
927 3468 1140 3535 videat,
1188 3470 1275 3537 qui
1319 3485 1422 3522 non
1469 3470 1694 3523 similem
1749 3479 1958 3524 noctem

376 3558 534 3610 liabet
573 3558 624 3610 itt
663 3559 824 3612 corde
848 3597 861 3620 ,
906 3558 1114 3626 qualem
1160 3558 1235 3611 illi
1277 3558 1575 3626 habebant,
1610 3561 1698 3628 qui
1727 3560 1826 3614 hoc
1853 3576 1958 3614 non

375 3649 664 3702 videbant?

445 3741 668 3796 CAPUT
701 3739 814 3796 XV.
843 3773 912 3781 —
943 3741 1025 3796 19.
1058 3740 1156 3808 Qui
1185 3742 1342 3796 etiam
1368 3741 1488 3795 binc
1509 3743 1670 3810 gestis
1696 3743 1821 3812 ipsis
1842 3742 1960 3796 Cir-

377 3837 610 3890 tensibus
650 3835 1144 3901 calumniabantur,
1194 3835 1314 3904 quia
1358 3834 1427 3889 ibi
1477 3833 1588 3888 dies
1630 3844 1681 3888 et
1715 3835 1961 3889 consules

376 3925 715 3996 legebantur;
749 3935 801 3978 et
830 3925 1106 3995 exigebant
1136 3941 1165 3978 a
1196 3924 1348 3979 nobis
1372 3965 1386 3987 ,
1416 3935 1472 3979 ut
1502 3925 1675 3994 aliqua
1705 3926 1959 3980 ecclesia-

377 4018 507 4070 stica
547 4018 769 4070 concilia
804 4017 1160 4085 proferremns
1185 4057 1198 4081 ,
1233 4016 1317 4069 ubi
1350 4015 1464 4070 dics
1492 4018 1840 4070 recitarentur
1863 4057 1876 4082 ,
1910 4025 1964 4070 ct

377 4107 640 4162 consules.
685 4108 782 4177 Ipsi
825 4112 964 4162 enim
1007 4106 1422 4177 Cartltaginense
1459 4107 1738 4161 concilium
1769 4108 1962 4164 factum

377 4200 493 4255 sine
528 4199 616 4255 die
642 4211 693 4251 et
725 4200 940 4252 consule
969 4196 1324 4268 proferebant.
1357 4199 1608 4252 Dicebant
1633 4199 1773 4253 enim
1803 4201 1962 4254 etiam

379 4291 662 4346 concilium
708 4291 953 4360 Cypriani
991 4290 1236 4345 consules
1271 4307 1376 4346 non
1410 4291 1600 4346 habere
1633 4310 1645 4345 :
1677 4292 1760 4345 tibi
1789 4302 1962 4348 tamen

379 4382 570 4450 legitur
597 4380 746 4444 dies;
783 4381 830 4432 in
859 4381 949 4434 illo
978 4391 1151 4433 autem
1176 4380 1409 4449 ipsorum
1435 4382 1841 4453 Carthagincnsi
1868 4399 1966 4440 nec

379 4473 513 4527 dies.
561 4471 668 4526 Nos
711 4479 924 4537 autem,
956 4471 1096 4542 quod
1140 4473 1188 4526 itt
1219 4474 1461 4528 manibus
1487 4487 1638 4541 erat,
1669 4476 1963 4530 Romanum

378 4564 661 4619 concilium
701 4563 1040 4631 Mclcbiadis,
1083 4565 1218 4620 sicut
1257 4567 1383 4621 illud
1424 4568 1693 4636 Cirtense,
1735 4579 1787 4625 et
1824 4570 1962 4624 diem

380 4656 577 4712 habere
604 4655 1098 4712 demonstrabamus
1118 4669 1171 4712 et
1190 4659 1454 4713 consules.
1477 4659 1657 4732 Neque
1677 4662 1816 4716 enim
1842 4671 1966 4717 tunc

380 4747 447 4801 ad
494 4747 677 4801 horam
719 4746 932 4816 antiqua
978 4748 1191 4803 archiva
1238 4749 1590 4804 ecclesiastica
1640 4751 1964 4806 discutienda

383 4839 535 4896 nobis
584 4841 826 4907 fuerunt,
859 4841 996 4897 unde
1047 4841 1140 4896 ista
1194 4843 1523 4898 consuetudo
1547 4844 1704 4898 etiam
1729 4855 1963 4898 veterum

384 4933 545 4990 t‘nisse
576 4932 878 4989 doceretur.
911 4934 1019 4989 Nec
1049 4944 1222 4988 tamen
1253 4935 1437 4989 inanes
1465 4935 1542 4988 eis
1565 4936 1725 4990 etiam
1755 4952 1851 4990 nos
1873 4952 1964 4990 ca-

384 5025 610 5082 lumnias
637 5043 850 5082 movere
877 5028 1140 5082 voluimus
1163 5068 1178 5094 ,
1202 5043 1365 5097 quare
1395 5027 1446 5080 in
1474 5025 1722 5098 Cypriani
1743 5030 1967 5084 concilio

383 5122 497 5175 dies
528 5121 885 5186 inveniretur,
916 5120 966 5173 in
999 5119 1234 5188 ipsorum
1262 5129 1436 5173 autem
1464 5136 1568 5174 non
1601 5120 1924 5175 inveniretur
1951 5139 1963 5174 :

383 5213 501 5281 quia
549 5211 626 5265 illi
669 5227 830 5265 vanas
872 5224 1047 5263 moras
1085 5211 1334 5264 volebant
1364 5211 1633 5266 innectere
1659 5254 1674 5279 ,
1708 5228 1840 5282 quas
1873 5229 1967 5268 nos

383 5302 708 5356 conabamur
749 5311 1008 5356 avertere.
1053 5301 1184 5355 Nam
1228 5303 1384 5356 etiam
1427 5302 1528 5357 hoc
1565 5304 1874 5373 exigebant,
1915 5313 1971 5359 ut

381 5398 449 5448 de
479 5393 765 5464 Scripturis
791 5392 984 5446 sanctis
1002 5392 1404 5447 ostenderemus
1425 5394 1613 5448 alicubi
1639 5395 1752 5449 dies
1771 5405 1821 5450 et
1843 5412 1971 5449 con-

386 5485 528 5538 soles
568 5499 686 5538 esse
729 5483 1060 5552 conscriptos
1107 5502 1120 5537 :
1165 5485 1314 5553 quasi
1343 5485 1713 5554 episcoporum
1745 5486 1968 5540 concilia

387 5574 675 5642 Scripturis
725 5574 992 5628 canonicis
1040 5573 1325 5642 aliquando
1377 5574 1571 5628 fuerint
1617 5585 1966 5644 comparata;

389 5673 480 5714 aut
521 5675 735 5730 possent
779 5667 936 5720 etiam
981 5666 1078 5739 ipsi
1107 5666 1172 5720 de
1195 5665 1482 5736 Scripturis
1509 5669 1704 5724 sanctis
1730 5669 1969 5739 proferre

389 5753 696 5820 concilium,
741 5758 829 5812 ubi
867 5758 1102 5828 Apostoli
1127 5758 1333 5826 judices
1364 5759 1630 5828 sederint,
1665 5772 1714 5817 et
1745 5776 1961 5816 accusa-

1100 337 1188 389 AD
1228 329 1654 388 DONATISTAS
1681 325 1847 382 POST
1887 324 2390 394 εοιιτιτιοδιειι,
2433 328 2490 382 S.
2532 330 2898 386 AUGUSTINI

3543 342 3650 402 (ui-5

2051 447 2181 494 tum
2227 441 2459 512 aliquem
2501 444 2583 498 vel
2627 443 3028 510 damnaverint,
3077 451 3156 504 vel
3195 450 3558 512 ,nltsolverintu
3585 455 3656 510 Et

2064 539 2240 586 tamen
2280 535 2650 604 respondimus
2687 539 2766 593 eis
2787 580 2803 602 ,
2833 541 2993 594 etiam
3021 541 3312 610 Prophetas
3339 545 3501 600 libros
3527 562 3658 605 suos

2065 628 2376 693 pra-notatis
2411 637 2465 684 et
2489 629 2723 686 deﬁnitis
2751 634 3154 694 commendasse
3183 640 3530 706 temporibus,
3549 658 3656 702 quo

2062 731 2242 782 anno,
2293 719 2444 788 cujus
2489 723 2662 791 regis,
2713 734 2876 792 quoto
2921 741 3114 780 mense.
3146 729 3310 794 anni,
3361 743 3524 800 quoto
3568 734 3658 790 die

2061 808 2264 862 mensis
2305 809 2496 864 factum
2541 828 2701 880 super
2737 829 2830 867 eos
2875 813 3034 870 fuerit
3065 818 3284 872 verbum
3317 820 3521 876 Domini
3555 841 3570 875 :
3600 835 3660 879 ut

2060 901 2464 958 ostenderemus
2499 920 2658 974 quam
2695 906 2921 962 inaniter
2943 918 2999 962 et
3023 910 3350 966 calumniose
3372 912 3440 968 de
3464 912 3660 972 diebus

2059 1000 2114 1046 et
2158 995 2462 1052 consulibus
2511 999 2888 1066 episcopalium
2941 1002 3288 1057 conciliorum
3329 1008 3658 1073 qttwstiones

2061 1083 2374 1138 vanissimas
2411 1087 2723 1142 excitarent.
2757 1090 2897 1144 Fieri
2923 1091 3064 1145 enim
3097 1102 3307 1161 potest,
3333 1107 3390 1148 ut
3420 1096 3471 1150 in
3499 1099 3654 1152 codi-

2059 1172 2209 1227 cibus
2234 1174 2303 1228 sit
2322 1173 2420 1228 ista
2443 1177 2670 1232 varietas
2693 1219 2706 1240 .
2733 1179 2857 1232 dum
2885 1180 2974 1234 alii
2998 1182 3156 1234 etiam
3184 1181 3300 1240 dies
3320 1196 3374 1238 et
3397 1189 3652 1242 consules

2059 1263 2329 1333 diligentia
2377 1267 2578 1336 majore
2625 1269 2974 1336 describunt,
3023 1272 3112 1327 alii
3162 1283 3409 1345 tanquam
3459 1295 3653 1346 super-

2061 1352 2222 1408 ﬂuum
2273 1359 2701 1424 prattermittunt.
2748 1360 2898 1416 Sicut
2924 1362 3082 1416 etiam
3112 1363 3278 1419 codex
3309 1366 3377 1419 de
3405 1383 3510 1438 quo
3540 1371 3653 1437 pri-

2062 1464 2203 1502 munt
2249 1449 2471 1518 legimus
2505 1450 2762 1521 jndicinm
2789 1452 3138 1518 Constantini,
3172 1473 3278 1524 quo
3308 1457 3444 1513 inter
3475 1471 3655 1526 partes

2059 1542 2398 1598 Caecilianum
2446 1544 2822 1613 innocentem,
2865 1545 2982 1601 illos
3020 1556 3199 1602 autem
3227 1549 3652 1606 ealumniosissi-

2061 1649 2176 1686 mos
2227 1637 2614 1702 pronuntiavit,
2657 1636 2796 1691 diem
2839 1647 2894 1692 et
2936 1639 3206 1692 consulem
3251 1656 3355 1694 non
3383 1642 3650 1709 habebat;

2059 1725 2192 1778 alius
2211 1736 2390 1780 autem
2417 1742 2571 1794 quem
2597 1738 2780 1780 contra
2801 1742 2985 1782 eorum
3006 1729 3301 1784 calumnias
3321 1741 3500 1799 postea
3527 1750 3642 1801 pm-

2063 1817 2305 1880 tulimtts,
2339 1817 2581 1873 habebat.
2611 1818 2741 1886 Quia
2769 1819 2927 1873 etiam
2957 1821 3063 1876 illic
3091 1821 3499 1876 invidiosissime
3525 1840 3653 1892 pro-

2059 1910 2454 1978 clamaverant,
2501 1914 2641 1983 quod
2691 1914 3026 1982 imperatoris
3065 1916 3265 1970 litteras
3307 1918 3424 1970 sine
3465 1917 3554 1972 die
3596 1930 3653 1973 et

2059 2002 2278 2057 consule
2323 2004 2664 2060 recitavitnus
2697 2025 2712 2060 :
2742 2014 2798 2060 et
2823 2017 2999 2063 tamen
3028 2009 3186 2061 etiam
3220 2008 3317 2078 ipsi
3346 2010 3478 2063 alias
3503 2011 3650 2080 ejus-

2059 2091 2180 2147 dem
2226 2095 2557 2162 imperatoris
2597 2097 2799 2152 littems
2840 2098 2892 2151 in
2928 2115 3084 2152 causa
3113 2099 3304 2155 Felicis
3330 2101 3652 2158 ordinatoris

2059 2183 2354 2247 Caeciliani,
2385 2202 2520 2255 quas
2544 2189 2767 2243 mirabili
2789 2191 3028 2244 cazcitate
3055 2202 3238 2245 contra
3265 2207 3325 2247 se
3354 2195 3496 2262 ipsos
3519 2210 3656 2265 pro-

2061 2275 2327 2340 tulerunt,
2359 2277 2476 2332 sine
2500 2277 2588 2332 die
2615 2289 2668 2333 et
2692 2281 2911 2335 consule
2939 2281 3227 2336 recitarunt
3259 2301 3271 2335 :
3301 2299 3399 2337 nec
3419 2285 3499 2339 eis
3527 2287 3652 2340 inde

2059 2365 2253 2436 aliquid
2297 2367 2617 2436 objeeimns,
2660 2385 2728 2424 ne
2754 2371 2999 2426 similiter
3027 2381 3086 2424 ιιι
3113 2372 3248 2440 ipsi,
3284 2382 3519 2442 tempora
3552 2391 3650 2430 ne-

2058 2459 2292 2512 cessaria
2330 2461 2612 2528 superﬂnis
2654 2463 2828 2516 verbis
2869 2478 3275 2533 occuparemus.
3311 2465 3436 2520 ll:rc
3470 2478 3646 2521 autem

2060 2549 2219 2608 modo
2236 2549 2462 2605 dicimus
2487 2591 2502 2616 ,
2533 2561 2592 2606 ut
2617 2567 2714 2607 vos
2738 2555 2924 2610 saltem
2956 2555 3140 2609 oculos
3169 2557 3421 2624 aperiatis
3444 2597 3459 2623 ,
3488 2569 3539 2611 et
3570 2571 3650 2614 tc-

2059 2645 2284 2700 nebresa
2330 2656 2485 2700 nocte
2527 2649 2780 2712 θαι-θεῆς,
2825 2663 2982 2718 quam
3027 2650 3189 2703 vestri
3221 2650 3456 2719 episcopi
3491 2651 3656 2706 corde

2057 2737 2336 2804 gestabant
2360 2777 2374 2799 ,
2401 2739 2490 2807 qui
2519 2750 2830 2794 nocturnam
2857 2741 3182 2794 sententiam
3199 2742 3488 2810 cognitioni
3508 2742 3650 2811 judi-

2059 2830 2136 2882 cis
2174 2830 2522 2899 objecertmt,
2575 2845 2626 2887 et
2672 2833 2768 2901 ipsi
2815 2847 2906 2901 per
2948 2833 3088 2886 diem
3135 2833 3474 2886 interioribus
3502 2843 3650 2887 teuc—

2060 2920 2170 2975 bris
2214 2921 2431 2976 involuti
2477 2920 2702 2977 mirabili
2740 2924 2979 2978 cmeitate
3011 2933 3197 2977 contra
3237 2940 3294 2978 se
3335 2926 3473 2993 ipsos
3503 2932 3652 2977 tanta

2061 3010 2326 3065 dixerunt.

2129 3101 2353 3157 CAPUT
2394 3102 2531 3156 XVI.
2557 3133 2624 3142 —
2649 3103 2738 3157 20.
2770 3103 3042 3172 chuntnr
3079 3104 3211 3158 actis
3250 3103 3387 3172 apud
3425 3103 3652 3156 Cartha-

2061 3194 2198 3264 ginis
2229 3195 2590 3263 magistratum
2621 3209 2875 3263 expressa
2905 3195 3066 3247 verba
3089 3193 3360 3256 Primiani,
3389 3194 3475 3247 ubi
3496 3193 3647 3259 dicit,

2061 3287 2196 3356 quod
2223 3295 2454 3356 parentes
2479 3302 2653 3340 eorum
2676 3287 2836 3339 nostri
2861 3288 3082 3355 majores
3103 3286 3253 3339 variis
3280 3287 3470 3339 exsiliis
3497 3299 3652 3338 uexa-

2062 3387 2238 3430 cerunt
2267 3393 2287 3430 :
2311 3385 2367 3431 et
2395 3378 2447 3430 in
2465 3377 2765 3431 Collatione
2797 3377 3024 3446 probare
3073 3386 3352 3439 conantur,
3397 3392 3655 3430 accusan-

2065 3469 2204 3522 tibus
2251 3471 2541 3538 majoribus
2606 3472 2718 3525 suis
2779 3471 2846 3522 ab
2919 3470 3244 3538 lmperatore
3309 3470 3653 3525 Cmciliannm

2064 3561 2252 3615 exsilio
2276 3576 2397 3615 esse
2421 3561 2750 3615 damnatum.
2787 3561 2978 3615 Dicunt
3007 3562 3056 3614 in
3088 3562 3275 3616 litteris
3292 3563 3402 3615 suis
3422 3578 3652 3614 conmm-

2065 3654 2264 3707 nionem
2293 3670 2438 3707 suam
2474 3671 2580 3708 esse
2611 3652 2890 3707 Ecclesium
2920 3655 3158 3718 veritatis,
3199 3671 3311 3723 φατι»
3339 3655 3656 3722 persecutio-

2065 3763 2178 3798 nem
2207 3747 2414 3816 patitur,
2445 3763 2545 3800 non
2575 3763 2686 3815 qua:
2715 3747 2838 3814 facit
2861 3745 2948 3815 (In
2981 3746 3226 3801 Mandata
3247 3745 3652 3811 Donatistarum,

2066 3839 2204 3908 infra
2247 3841 2301 3892 in
2341 3840 2650 3909 Appendire)
2685 3849 2777 3894 :et
2801 3853 3063 3892 conantur
3088 3838 3370 3894 ostendere
3404 3837 3656 3892 Cmcilia-

2069 3946 2192 3983 ntun
2233 3929 2542 3984 damnatum
2565 3931 2766 3997 judicio
2817 3930 3157 4000 Imperatoris
3208 3929 3656 4000 persequentibus

2066 4022 2357 4091 majoribus
2381 4024 2511 4076 suis.
2545 4024 2607 4076 Et
2634 4023 2734 4076 boc
2763 4023 2944 4076 dicunt
2973 4022 3189 4085 factum,
3216 4037 3321 4075 non
3355 4036 3452 4091 per
3481 4021 3658 4074 Dona-

2071 4121 2178 4166 tum
2223 4111 2536 4176 Casensem,
2591 4113 2687 4168 sed
2735 4128 2829 4182 per
2880 4128 3000 4166 eum
3057 4129 3214 4181 quem
3281 4126 3391 4180 prie
3448 4111 3659 4164 catt-eris

2071 4205 2358 4274 praedicant
2433 4204 2692 4259 Donatum
2771 4203 3264 4273 Carthaginensetn.
3339 4202 3450 4258 lloc
3513 4201 3658 4254 enim

2069 4296 2282 4364 scriptis
2337 4296 2448 4348 suis
2522 4310 2618 4363 per
2688 4309 2814 4348 suos
2886 4295 3046 4348 modo
3115 4294 3317 4362 jactare
3373 4291 3658 4356 dicuntur,

2072 4389 2160 4442 ubi
2190 4388 2309 4442 victi
2344 4387 2573 4456 judicem
2598 4395 2872 4449 accusant,
2906 4388 3029 4456 quia
3062 4397 3275 4440 noctein
3305 4384 3482 4438 cordis
3510 4383 3659 4452 ipso-

2071 4496 2187 4533 rum
2241 4489 2496 4534 nocturna
2545 4481 2740 4531 veritas
2781 4478 3095 4532 confutavit.
3162 4477 3424 4530 Donatum
3473 4475 3657 4538 illum,

2072 4573 2242 4634 illum,
2291 4573 2526 4640 inquam,
2580 4570 2861 4632 Donatum,
2917 4583 3076 4638 quem
3123 4565 3374 4621 dixerunt
3413 4563 3662 4618 Ecclesia

2071 4662 2389 4733 Carthaginis
2411 4671 2758 4715 ornamentum
2785 4669 2831 4714 et
2855 4658 3163 4728 nurrtyriali:
3179 4658 3359 4728 gloria:
3377 4657 3560 4720 virum,
3579 4654 3662 4710 sic

2071 4753 2450 4808 Commendare
2470 4753 2772 4812 voluerunt,
2805 4757 2864 4804 ut
2882 4747 3143 4814 dicerent,
3174 4746 3309 4815 quod
3337 4745 3477 4815 apud
3501 4743 3664 4812 impo-

2073 4844 2255 4897 ratoris
2283 4841 2599 4898 Constantini
2625 4841 2982 4911 cognitionem,
3003 4839 3113 4908 ipse
3135 4854 3277 4891 reum
3308 4845 3356 4890 ct
3390 4835 3665 4889 auerterit

2072 4947 2118 4989 et
2147 4935 2412 4990 convicerit
2441 4934 2767 4989 Cacilianum
2789 4931 2881 5002 (in
2909 4930 3098 4986 Collat.
3133 4940 3271 5000 part.
3309 4929 3367 4992 2,
3394 4943 3514 4996 mp.
3543 4927 3660 4994 10).

2076 5027 2168 5082 llle
2193 5041 2320 5096 ergo
2342 5027 2420 5080 vir
2459 5026 2642 5096 gloriae
2669 5024 2989 5096 martyrialis
3033 5023 3171 5092 apud
3205 5020 3545 5091 Imperatoris
3569 5036 3667 5074 co-

2073 5119 2364 5188 gnitioitem
2407 5132 2556 5171 reum
2597 5116 2871 5170 constituit
2921 5123 2977 5168 et
3019 5113 3250 5168 asseruit
3292 5109 3666 5175 Caecilianum,

2075 5211 2327 5278 illamque
2373 5207 2726 5277 cognitionem
2758 5207 3022 5260 (ἑαιείιίηοί
3061 5206 3332 5259 damnatio
3373 5213 3666 5256 consecuta

2076 5314 2159 5358 est
2187 5321 2200 5356 :
2235 5303 2326 5358 illo
2352 5303 2465 5356 viro
2481 5302 2665 5371 gloria:
2693 5301 3018 5371 martyrialis
3035 5307 3318 5353 accusante
3335 5306 3390 5350 et
3409 5297 3668 5358 instante,

2075 5395 2390 5450 Caecilianus
2419 5392 2485 5446 ab
2509 5393 2829 5461 lmperatore
2841 5391 3125 5444 damnatus
3143 5399 3244 5442 est.
3271 5385 3426 5454 Quod
3446 5385 3670 5454 quidem

2077 5501 2175 5540 nos
2205 5485 2394 5540 falsum
2423 5500 2544 5539 esse
2568 5484 2915 5546 convicimus,
2938 5483 3026 5551 qui
3046 5481 3288 5550 ejusdem
3321 5480 3670 5548 imperatoris

2079 5579 2304 5639 litteras,
2333 5578 2524 5645 quibus
2565 5592 2624 5630 se
2666 5577 2805 5630 inter
2839 5585 3017 5643 partes
3053 5573 3267 5627 audisse
3305 5581 3359 5625 et
3389 5573 3670 5641 judicasse

2084 5679 2327 5733 testatur,
2363 5671 2447 5723 tibi
2476 5669 2762 5723 Cmciliano
2800 5668 3042 5722 absoluto
3077 5677 3236 5736 atque
3283 5677 3508 5736 purgato
3542 5667 3665 5720 illn-

2087 5779 2202 5818 rum
2238 5761 2527 5819 calumnias
2575 5760 2864 5816 detestatus
2913 5768 3012 5823 est,
3063 5759 3293 5830 prolatas
3336 5757 3399 5811 de
3449 5757 3673 5812 arcliivo
