4070 6200
343 323 449 384 665

342 446 553 518 publico
598 443 956 500 recitarimus.
986 442 1186 499 Contra
1227 455 1360 512 quas
1395 442 1614 497 omnino
1643 439 1768 510 quid
1808 457 1922 494 res-

345 537 664 608 ponderent,
699 536 828 589 nihil
855 536 1094 590 invenire
1126 543 1442 605 potuerunt,
1486 543 1540 588 et
1566 532 1634 587 ad
1677 547 1769 587 eas
1793 547 1926 586 con-

344 627 632 683 ﬁrmandos
651 637 837 682 contra
861 645 922 683 se
951 629 1093 696 ipsos
1119 629 1222 682 alia
1257 627 1612 697 protulerunt.
1643 625 1873 680 Proinde
1896 640 1926 678 a

343 719 638 788 majoribus
655 735 840 774 eorum
870 719 1021 788 apud
1040 717 1421 788 Imperatorem
1461 726 1764 772 accusatum
1795 731 1926 771 con-

342 813 479 866 stitit
518 811 895 874 Circilianum;
944 811 1253 866 damnatum
1295 821 1470 864 autent
1518 810 1924 875 non‘constitit,

341 902 449 956 imo
473 903 636 956 etiam
676 904 914 957 constitit
961 903 1286 956 absolutum.
1330 901 1436 956 Sed
1483 911 1657 955 tamen
1700 901 1783 954 vel
1831 914 1930 954 vos

340 993 518 1049 videte
565 1001 827 1063 quantum
865 993 1401 1062 adjuvcrintcansam
1431 1003 1665 1046 nostram
1694 990 1928 1060 episcopi

341 1086 528 1151 vestri,
553 1085 647 1154 qui
672 1084 742 1140 de
775 1085 864 1138 illa
893 1085 1176 1138 voluerunt
1218 1084 1380 1137 etiam
1417 1081 1650 1136 falsimte
1688 1081 1925 1151 gloriari.

341 1177 395 1231 Si
423 1177 568 1232 enim
599 1177 834 1231 Donatus
863 1176 954 1231 ille
978 1177 1059 1230 vir
1082 1175 1268 1244 gloria:
1304 1173 1792 1245 martyrialisapud
1815 1172 1927 1226 lm-

344 1267 989 1338 peraturiscognitioncm
1036 1283 1185 1320 reum
1226 1265 1454 1321 asseruit
1473 1265 1816 1320 Caecilianum
1836 1305 1852 1328 ,
1875 1271 1930 1319 et

344 1361 434 1413 illo
454 1361 570 1414 viro
597 1359 780 1428 gloria:
810 1359 1132 1429 martyrialis
1159 1369 1444 1414 accusante
1473 1367 1526 1411 et
1553 1357 1783 1410 instante
1805 1355 1927 1409 Cai-

341 1450 565 1504 cilianus
593 1449 662 1502 ab
703 1448 1026 1517 lmperatore
1074 1447 1355 1501 damnatus
1400 1456 1522 1511 est;
1570 1445 1930 1514 respondeant

343 1541 528 1605 vobis,
581 1540 796 1608 quando
845 1540 960 1594 haec
1000 1540 1313 1607 agebantur,
1370 1539 1489 1607 quis
1533 1549 1651 1593 erat
1706 1548 1924 1609 martyr,

343 1644 522 1686 utrum
545 1633 780 1688 Donatus
811 1631 903 1702 qui
940 1633 1209 1686 hominem
1237 1629 1375 1700 apud
1405 1629 1781 1698 Imperatorem
1811 1643 1930 1696 per-

343 1726 695 1796 sequebatur,
749 1739 817 1778 an
852 1723 1286 1792 Caecilianusqui
1335 1722 1427 1776 illo
1471 1729 1825 1791 persequente
1859 1721 1930 1774 ab

346 1818 672 1886 lmperatore
701 1815 1088 1871 damnabatur?
1120 1815 1216 1870 Ubi
1245 1823 1328 1869 est
1371 1828 1512 1868 nunc
1542 1813 1630 1867 illa
1656 1812 1926 1867 deﬁnitiva

344 1911 522 1978 regula
552 1911 806 1980 ipsorum,
831 1910 1232 1962 communionem
1259 1907 1483 1973 Donati,
1517 1923 1622 1960 esse
1646 1904 1928 1959 Ecclesium

342 2003 560 2055 veritatis
605 2018 718 2071 qua:
762 2003 1156 2068 persecutionem
1194 2001 1402 2068 patitur,
1457 2016 1558 2053 non
1597 2015 1712 2069 qua:
1758 1999 1881 2068 facit
1902 1999 1954 2051 7.

344 2092 482 2146 Ecce
511 2097 704 2161 patitur
731 2091 1046 2148 Caecilianus
1065 2133 1082 2158 ,
1129 2092 1364 2146 Donatus
1395 2091 1520 2145 facit
1551 2109 1565 2146 :
1592 2091 1714 2160 quis
1737 2104 1924 2144 eorum

341 2193 424 2237 est
450 2184 529 2238 vir
553 2184 736 2252 glorize
769 2184 1126 2255 tnartyrialis?

381 2303 386 2310 ο
412 2276 636 2332 CAPUT
661 2276 1014 2330 XVll.-—2l.
1045 2277 1340 2341 Attendite,
1368 2275 1646 2336 advertite,
1678 2274 1844 2329 nolite
1870 2273 1922 2327 in

336 2383 576 2422 errorem
604 2367 955 2436 perniciosum
986 2368 1162 2421 adhuc
1195 2381 1364 2436 usque
1401 2365 1604 2420 seduci.
1632 2365 1922 2419 Veritatem

334 2475 458 2526 qua:
481 2458 633 2511 vobis
656 2457 1042 2520 occultabatur,
1091 2459 1232 2510 Deus
1271 2456 1481 2526 aperire
1524 2456 1771 2524 dignatus
1803 2463 1920 2518 est;

336 2548 623 2602 falsitatem
657 2563 778 2617 quae
823 2547 976 2603 vobis
1019 2547 1412 2612 olTundebatur,
1461 2547 1600 2600 Deus
1644 2545 1923 2600 confutare

333 2640 582 2707 dignatus
620 2648 704 2693 est
735 2656 748 2692 :
777 2647 924 2692 tanto
953 2639 1072 2706 ejus
1099 2637 1360 2693 beneﬁcio
1387 2652 1556 2707 quare
1589 2636 1770 2690 adhuc.
1791 2636 1922 2690 est-is

336 2731 572 2799 ingrati?
615 2731 726 2784 Hoc
761 2741 862 2784 est.
888 2745 1100 2800 nempe,
1142 2730 1290 2799 quod.
1311 2731 1460 2783 vobis
1481 2744 1625 2797 smpe
1649 2729 1918 2795 dicebant,

337 2823 476 2883 unde
495 2824 674 2877 cordis
698 2824 860 2878 vestri
910 2824 1094 2878 oculos
1133 2832 1305 2877 astuta
1345 2821 1551 2876 fallacia
1577 2822 1876 2891 caligabunt
1903 2840 1918 2876 :

335 2924 388 2968 ct
411 2915 585 2969 adhuc
605 2916 766 2969 etiam
795 2915 1024 2970 convicti
1051 2915 1173 2969 inde
1189 2929 1246 2969 se
1258 2914 1480 2982 jactant,
1516 2913 1638 2967 inde
1661 2927 1758 2966 nos
1779 2913 1920 2967 lace-

337 3017 475 3069 rant,
503 3006 624 3074 quia
656 3021 754 3060 nos
779 3005 998 3060 facimus
1027 3006 1472 3076 persecutionem,
1499 3005 1596 3073 ipsi
1625 3005 1916 3073 patiuntur.

337 3096 451 3152 Hoc
471 3098 549 3152 eis
577 3097 830 3152 remansit
853 3097 1085 3152 .omniex
1106 3105 1256 3165 parte
1273 3096 1558 3165 superatis,
1589 3094 1730 3149 unde
1745 3094 1922 3149 adhuc

336 3188 558 3242 nebulas
579 3188 778 3243 faciant-
802 3189 1092 3256 imperitis,
1129 3188 1256 3242 hinc
1280 3203 1340 3242 se
1383 3188 1530 3256 quasi
1575 3187 1918 3243 ostendentes

334 3297 456 3335 esse
501 3280 785 3335 Ecclesium
828 3281 1074 3345 veritatis,
1113 3297 1226 3350 qua
1265 3281 1661 3350 persecutionem
1704 3281 1915 3350 patitur,

331 3390 434 3426 non
475 3375 618 3442 facit.
652 3372 768 3427 Non
807 3387 905 3426 vos
939 3387 1068 3443 ergo
1093 3373 1266 3427 adhuc
1304 3372 1489 3426 fallant
1511 3387 1526 3424 :
1551 3373 1652 3426 hoc
1678 3373 1756 3427 eis
1787 3373 1918 3428 faci-

329 3479 471 3526 mus,
505 3464 644 3533 quod
687 3464 922 3532 majores
959 3478 1102 3526 suos,
1138 3471 1193 3517 et
1231 3463 1402 3532 ipsum
1443 3478 1600 3533 quem
1632 3463 1921 3532 praedicant

329 3556 475 3607 velut
503 3555 821 3624 martyrialis
845 3553 1028 3621 gloria:
1056 3555 1263 3618 virum,
1288 3552 1574 3607 Caeciliano
1593 3553 1782 3608 fecisse
1805 3557 1918 3624 glo—

329 3647 554 3697 riantur.
584 3643 694 3697 Huc
711 3646 816 3712 egit
845 3644 935 3697 ille
960 3643 1097 3712 apud
1128 3644 1532 3713 Imperatorem,
1558 3656 1615 3698 ut
1643 3647 1918 3700 convictus

330 3736 646 3790 (laiciliauus
676 3735 813 3788 illius
835 3734 1036 3803 judicio
1056 3735 1402 3789 damnaretur
1426 3752 1440 3787 :
1471 3735 1572 3788 hoc
1599 3744 1651 3789 et
1677 3750 1775 3788 nos
1802 3737 1915 3804 egi-

329 3839 470 3890 mus,
500 3833 554 3878 ut
579 3824 663 3879 isti
689 3825 916 3879 convicti
947 3825 1136 3879 similia
1161 3833 1486 3893 paterentur.
1528 3823 1586 3877 Si
1605 3824 1745 3876 male
1771 3824 1914 3888 fecit,

328 3931 496 3991 quare
524 3917 628 3975 hoc
651 3917 729 3972 illi
758 3917 992 3973 Donatus
1018 3915 1278 3970 faciebat?
1308 3915 1363 3969 Si
1393 3923 1570 3968 autem
1598 3923 1744 3969 recte
1769 3915 1914 3980 fecit,

327 4026 496 4079 quare
516 4009 616 4065 hoc
635 4008 906 4064 Catholica
929 4007 1063 4077 parti
1081 4007 1271 4062 Donati
1294 4021 1400 4061 non
1426 4005 1618 4059 faciat?
1640 4006 1750 4059 lmo
1772 4016 1918 4062 recte

331 4104 445 4158 ﬁeri
487 4119 586 4157 nec
634 4103 710 4156 illi
751 4103 1030 4169 dubitant,
1075 4103 1165 4172 qui
1207 4101 1309 4156 hoc
1349 4098 1581 4170 majores
1608 4115 1753 4166 suos,
1783 4116 1918 4170 quos

329 4196 554 4250 multum
595 4195 830 4259 laudant,
879 4195 1072 4249 fecisse
1111 4195 1444 4264 gloriantur:
1473 4207 1573 4247 nec
1615 4207 1712 4246 nos
1760 4191 1917 4247 dubi-

333 4296 529 4353 tamus,
560 4288 648 4356 qui
676 4286 776 4341 hoc
801 4287 878 4340 eis
906 4301 1026 4341 esse
1049 4285 1346 4338 [aciendum
1373 4299 1574 4354 negare
1597 4299 1702 4339 non
1730 4300 1918 4354 possu-

332 4394 472 4443 mus,
517 4390 574 4431 ut
631 4379 746 4432 sine
783 4377 1042 4431 effusione
1086 4377 1391 4445 sanguinis,
1441 4376 1531 4446 qui
1579 4376 1754 4430 verbis
1811 4391 1914 4430 non

334 4468 702 4530 ctuendautur,
731 4469 903 4537 aliqua
933 4467 1208 4521 mitissima
1234 4483 1388 4535 ptena
1426 4467 1598 4537 legum
1620 4469 1917 4537 corripian-

335 4572 424 4615 tnr
462 4560 716 4630 inquieti:
745 4570 798 4612 et
826 4560 869 4612 si
899 4558 1036 4614 forte
1080 4558 1374 4626 Imperator
1413 4571 1689 4625 permotus
1723 4560 1917 4614 mentis

338 4651 610 4720 sacrilega:
639 4649 983 4721 pertinaciam
1017 4650 1262 4719 graviore
1293 4649 1554 4718 supplicio
1579 4651 1764 4704 statuit
1797 4665 1916 4706 esse

339 4743 702 4813 plectendum,
749 4744 931 4796 mitius
977 4751 1134 4810 agant
1172 4743 1414 4812 judices,
1463 4743 1652 4811 quibus
1705 4759 1918 4812 semper

338 4835 484 4890 licuit
528 4835 694 4889 lenire
737 4841 896 4903 atque
931 4834 1170 4888 emollire
1212 4833 1530 4888 sententiam
1564 4834 1663 4906 (α).
1700 4833 1916 4889 Interim

325 4941 458 4994 ergo
473 4925 717 4994 quamvis
741 4939 846 4978 non
873 4925 1038 4993 possit
1053 4925 1264 4979 ostendi
1291 4924 1632 4978 Caecilianum
1655 4926 1722 4980 ab
1745 4926 1918 4996 impe-

325 5021 508 5071 ratore
549 5016 900 5070 Constantino
942 5030 1066 5071 esse
1104 5015 1431 5079 damnatum,
1479 5030 1508 5068 a
1554 5015 1703 5070 vobis
1740 5025 1914 5071 tamen

324 5122 480 5159 error
508 5107 597 5162 ille
617 5107 858 5160 sublatus
885 5115 988 5171 est,
1017 5121 1122 5174 quo
1153 5105 1418 5174 putabatis
1441 5119 1558 5160 eam
1583 5120 1704 5160 esse
1732 5121 1912 5158 veram

327 5198 618 5253 licclcsiam
649 5214 768 5267 qua}
795 5196 1217 5266 persecutionem
1237 5196 1452 5264 patitur,
1474 5212 1578 5249 non
1601 5211 1720 5264 qurc
1749 5194 1912 5250 facit:

327 5291 454 5342 fecit
482 5289 624 5343 enim
653 5290 905 5352 Donatus,
932 5302 1120 5356 passus
1145 5296 1228 5340 est
1254 5285 1592 5342 Czecilianus.
1624 5287 1690 5341 Et
1720 5288 1762 5340 si
1796 5303 1917 5356 pcr-

327 5380 656 5432 sccutionem
681 5381 876 5446 patitur
899 5393 1017 5446 pars
1039 5378 1248 5437 Donati,
1276 5378 1469 5446 patitur
1489 5392 1612 5432 cum
1641 5378 1728 5432 illa
1751 5379 1911 5434 etiam

327 5485 454 5536 ναι-δ
483 5469 806 5532 Maximiani,
835 5485 993 5538 quam
1029 5479 1080 5522 et
1123 5468 1220 5536 ipsi
1255 5468 1452 5522 Christi
1480 5469 1774 5524 Ecclesium
1806 5487 1912 5525 non

324 5576 446 5614 esse
467 5562 799 5614 conﬁrmant.
829 5563 904 5615 Ac
931 5577 1024 5628 per
1064 5561 1162 5615 hoc
1201 5570 1255 5614 et
1283 5560 1459 5616 facere
1489 5564 1912 5631 persecutionem

329 5668 438 5706 non
465 5663 542 5707 est
576 5651 866 5721 iniquitatis
896 5653 1170 5716 indicium,
1191 5653 1311 5722 quia
1341 5663 1393 5706 et
1425 5653 1546 5707 boni
1575 5655 1767 5709 iaciunt
1799 5671 1910 5709 ma-

390 5789 462 5844 (α)
496 5788 608 5838 Vide
634 5787 875 5850 Augustini
903 5783 1149 5850 epistolam
1182 5785 1281 5846 159,
1310 5801 1353 5832 n.
1381 5785 1411 5833 9.

1759 327 1958 384 LIBER
1995 327 2200 386 υκιιε.

3514 345 3619 402 666

2041 441 2126 503 lis.
2156 451 2209 497 et
2227 443 2349 498 mali
2373 443 2529 500 bonis
2551 460 2567 501 :
2592 451 2646 502 et
2670 447 3230 517 patipersecutionem
3261 469 3367 510 non
3407 465 3491 511 est
3531 458 3617 526 ju~

2033 534 2192 589 stitiae
2223 535 2640 603 documentum,
2673 539 2798 607 quia
2825 553 2940 596 eam
2975 556 3081 598 non
3110 543 3209 597 soli
3239 544 3361 600 boni
3383 560 3482 616 pro
3506 549 3621 618 pia-

2036 634 2161 688 tate,
2194 627 2286 682 sed
2311 629 2434 682 tuali
2453 645 2558 698 pro
2582 630 2859 700 iniquitate
2886 634 3172 700 patiuntur.

2103 718 2193 772 22.
2236 720 2419 775 Restat
2460 737 2588 791 ergo
2631 723 2782 777 vobis
2824 740 3010 782 errore
3053 727 3277 796 depulso
3321 729 3615 795 Ecclesiam

2033 812 2226 867 Christi
2254 814 2436 870 videre
2473 831 2538 871 ac
2585 825 2768 873 tenere
2815 819 3165 886 Catholicam,
3209 838 3316 876 non
3360 834 3418 878 ut.
3458 826 3506 878 in
3552 841 3620 880 ea

2033 903 2237 972 eligatis
2265 906 2386 974 quia
2421 910 2844 976 persecutionem
2878 913 3094 980 patitur.
3123 913 3256 974 Cum
3278 916 3420 969 enim
3445 915 3616 970 dixis-

2033 1005 2114 1050 set
2158 996 2436 1064 Dominus,
2478 999 2624 1054 Beati
2649 1003 2733 1069 qut'
2778 1006 3173 1071 persecutionem
3211 1007 3511 1076 patiuntur;
3550 1025 3618 1062 ne

2032 1087 2157 1143 inde
2198 1103 2258 1145 se
2307 1091 2511 1160 jactent
2558 1092 2815 1159 haeretici,
2855 1095 3087 1159 addidit,
3124 1107 3326 1166 propter
3362 1098 3617 1167 justitiam

2034 1181 2248 1252 (Matth.
2289 1200 2345 1248 v,
2375 1185 2487 1255 i0).
2540 1185 2672 1239 Nam
2726 1197 2923 1256 quanta
2971 1188 3106 1242 mala
3153 1189 3348 1242 nostris
3395 1189 3617 1243 fecerint

2032 1273 2366 1328 furiosissimi
2397 1276 2581 1330 clerici
2607 1287 2662 1332 et
2686 1275 3160 1333 Circumcelliones
3189 1281 3355 1348 partis
3394 1279 3578 1334 Donati
3598 1323 3611 1340 .

2033 1364 2200 1418 nostis
2219 1373 2274 1418 et
2300 1380 2413 1419 vos.
2445 1366 2680 1421 Incensa:
2703 1378 2827 1423 sunt
2847 1369 3108 1434 ecclesiae,
3134 1371 3278 1425 missi
3300 1372 3353 1424 in
3375 1370 3616 1425 llmumas

2031 1455 2244 1510 codices
2288 1457 2477 1520 sancti,
2513 1459 2742 1514 incensae
2781 1461 2938 1513 etiam
2976 1462 3195 1530 privatae
3238 1462 3448 1521 domus.
3477 1464 3615 1531 rapti

2032 1543 2277 1598 homines
2314 1547 2381 1600 de
2430 1547 2644 1602 sedibus
2684 1549 2816 1614 suis,
2855 1559 2910 1604 et
2959 1551 3205 1604 munibus
3243 1567 3362 1619 qua:
3409 1551 3615 1605 inerant

2031 1635 2222 1690 ablatis
2248 1647 2340 1691 aut
2369 1639 2608 1707 perditis,
2639 1640 2742 1709 ipsi
2768 1641 2890 1695 ensi
2915 1682 2930 1707 ,
2961 1641 3162 1706 laniati,
3191 1641 3444 1696 exca‘cati
3472 1660 3484 1695 :
3514 1658 3615 1696 nec

2031 1729 2098 1783 ab
2124 1730 2412 1785 homicidio
2461 1734 2631 1800 potuit
2674 1733 2989 1803 temperari;
3035 1734 3282 1803 quamvis
3326 1736 3394 1788 sit
3436 1735 3615 1789 mitius

2032 1821 2157 1876 huic
2211 1823 2314 1877 luci
2359 1824 2707 1889 morientem,
2760 1842 2918 1895 quam
2971 1827 3126 1881 istam
3177 1828 3349 1881 lucem
3399 1828 3614 1882 auferre

2030 1915 2250 1968 viventi.
2276 1914 2503 1969 Ventum
2525 1927 2607 1970 est
2635 1917 2698 1968 ad
2725 1916 2990 1977 homines.
3019 1933 3121 1983 non
3147 1929 3202 1970 ut
3224 1919 3412 1972 retenti
3434 1919 3614 1988 aliquo

2030 2006 2370 2072 ducerentur,
2393 2008 2487 2062 sed
2519 2017 2722 2062 tantum
2753 2018 2808 2063 ut
2839 2012 2935 2064 ista
2957 2020 3284 2080 paterentur.
3310 2010 3415 2065 Nec
3433 2022 3607 2074 tamen

2031 2108 2240 2153 nostros
2264 2099 2384 2154 ideo
2404 2100 2772 2167 jnstiiicatnus,
2799 2103 2919 2170 quia
2949 2103 3045 2156 ista
3071 2105 3302 2172 perpessi
3331 2114 3486 2165 sunt;
3516 2104 3610 2159 sed

2029 2189 2150 2256 quia
2181 2205 2277 2257 pro
2319 2189 2608 2246 christiana
2647 2193 2894 2256 veritate,
2941 2210 3037 2262 pro
3078 2195 3274 2248 Christi
3319 2211 3470 2264 pace,
3514 2210 3610 2264 pro

2029 2278 2286 2333 Ecclesia:
2325 2281 2523 2335 unitate
2555 2284 2792 2350 perpessi
2837 2293 2980 2337 sunt.
3022 2283 3100 2337 illi
3141 2294 3320 2339 autem
3356 2286 3457 2340 sub
3501 2295 3605 2339 tant

2030 2369 2230 2434 multis,
2259 2371 2362 2426 sub
2383 2381 2487 2426 tant
2515 2373 2716 2427 severis
2743 2375 2964 2444 legibus,
2992 2386 3044 2429 et
3069 2377 3167 2430 Sub
3191 2387 3328 2430 tanta
3355 2377 3608 2432 Ecclesiae

2026 2460 2326 2524 catholicae,
2357 2478 2515 2530 quam
2563 2463 2816 2518 Dominus
2840 2465 2889 2519 ei
2933 2465 3132 2532 tribuit,
3171 2477 3448 2536 poteSIatc.
3478 2469 3606 2538 quid

2028 2552 2132 2606 tale
2161 2551 2463 2620 patiuntur?
2508 2554 2563 2607 Si
2607 2554 2820 2624 quando
2845 2556 2986 2610 enim
3033 2567 3203 2612 morte
3247 2559 3606 2624 mulctantur,

2025 2653 2117 2696 aut
2160 2645 2260 2712 ipsi
2305 2661 2364 2700 se
2403 2646 2674 2712 occidunt,
2721 2657 2814 2701 aut
2855 2663 3040 2704 eorum
3071 2659 3304 2704 cruenta:
3344 2651 3610 2704 violentia:

2025 2726 2148 2780 dum
2181 2729 2444 2783 resistitur
2473 2730 2810 2794 occiduntur,
2835 2747 2938 2785 non
2965 2748 3058 2800 pro
3086 2734 3462 2788 communione
3483 2749 3608 2803 par-

2028 2819 2094 2873 tis
2121 2819 2332 2885 Donati,
2365 2837 2464 2876 nec
2506 2837 2602 2890 pro
2643 2838 2828 2878 errore
2874 2825 3115 2894 sacrilegi
3162 2824 3482 2890 schismatis,
3511 2826 3604 2880 sed

2025 2927 2122 2981 pro
2165 2915 2517 2982 apertissimis
2555 2915 2876 2971 facinoribus
2901 2925 2955 2971 et
3000 2917 3293 2972 sceleribus
3323 2918 3454 2980 suis,
3486 2933 3605 2984 qua:

2023 3021 2174 3064 more
2211 3006 2476 3060 latronum
2521 3008 2735 3081 inuitaui
2790 3007 2968 3063 furore
3016 3016 3070 3063 et
3104 3008 3417 3081 crudelitate
3455 3024 3606 3062 com-

2023 3098 2256 3151 mittunt.
2286 3098 2390 3152 Pro
2410 3107 2558 3166 parte
2597 3109 2774 3154 autem
2819 3100 3003 3153 Donati
3030 3099 3112 3153 vix
3138 3099 3340 3168 aliquid
3371 3099 3475 3154 tale
3503 3115 3599 3167 pa-

2023 3188 2244 3251 tiuntur,
2289 3190 2446 3256 quale
2485 3190 2824 3244 Caecilianum
2868 3190 3072 3244 Donato
3115 3191 3346 3246 instante
3391 3205 3606 3260 passum

2024 3293 2143 3334 esse
2161 3280 2431 3334 dixerunt.

2093 3369 2182 3423 25.
2225 3371 2330 3423 Aut
2352 3385 2477 3440 ergo
2504 3371 2806 3437 persecutio
2832 3387 2937 3426 non
2965 3373 3140 3427 omnis
3173 3373 3364 3442 injusta
3394 3380 3493 3435 est,
3518 3380 3609 3426 aut

2023 3476 2127 3515 non
2150 3470 2232 3515 est
2255 3462 2555 3529 persecutio
2585 3461 2808 3516 dicenda
2831 3478 2951 3518 cum
2970 3463 3111 3532 justa
3132 3475 3232 3518 est.
3253 3464 3604 3534 Quapropter,

2021 3561 2113 3604 aut
2150 3552 2571 3620 persecutionem
2621 3569 2743 3622 pars
2790 3555 2975 3608 Donati
3023 3557 3217 3624 patitur
3253 3556 3474 3624 justam,
3517 3565 3611 3610 aut

2022 3643 2446 3710 persecutionem
2493 3659 2596 3698 non
2641 3645 2856 3713 patitur,
2897 3647 3018 3714 quia
3061 3648 3256 3714 patitur
3290 3648 3452 3715 juste.
3492 3646 3607 3702 Non

2020 3740 2196 3786 autem
2220 3731 2362 3800 juste
2380 3748 2568 3801 passus
2590 3743 2671 3787 est
2696 3736 3028 3799 Cmcilianus,
3057 3737 3177 3803 quia
3204 3741 3459 3791 innocens
3479 3753 3609 3806 pro-

2025 3821 2177 3875 batus
2207 3831 2260 3876 et
2283 3823 2558 3876 absolutus
2581 3832 2684 3877 est.
2719 3825 2869 3889 Quod
2901 3825 3114 3893 quidem
3159 3827 3229 3879 illi
3255 3836 3604 3895 negaverunt,

2021 3923 2075 3968 ct
2107 3915 2280 3982 potius
2300 3914 2372 3968 ab
2394 3913 2722 3983 lmpcratore
2761 3917 3070 3969 damnatum
3099 3931 3219 3971 esse
3257 3918 3527 3978 dixerunt.
3553 3929 3612 3972 et

2021 4006 2143 4060 ideo
2171 4007 2401 4074 majores
2438 4021 2564 4061 suos
2598 4008 2936 4076 maximeque
2974 4008 3271 4072 Donatum,
3301 4023 3329 4061 a
3369 4023 3428 4062 se
3463 4017 3606 4062 tanta

2024 4097 2401 4167 pratdicatione
2429 4098 2700 4152 laudatum
2721 4141 2735 4161 ,
2762 4097 3049 4154 Czrciliauo
3080 4100 3500 4169 persecutionem
3531 4099 3608 4156 fe-

2020 4190 2162 4246 cisse
2198 4189 2430 4245 coufessi
2478 4200 2622 4244 sunt.
2674 4189 2826 4245 Illum
2876 4200 3052 4246 autem
3096 4191 3398 4246 convictum
3446 4201 3607 4261 atque

2021 4282 2328 4338 damnatum
2365 4282 2592 4353 probare
2636 4283 2857 4339 minime
2897 4293 3182 4354 potuerunt
3223 4301 3236 4337 :
3275 4285 3383 4338 itno
3421 4285 3604 4351 etiam,

2021 4375 2162 4445 quod
2194 4389 2291 4429 nos
2317 4374 2644 4437 dicebamus,
2676 4391 2798 4428 eum
2823 4390 2943 4429 esse
2969 4375 3267 4429 absolutum
3297 4385 3452 4443 atque
3480 4391 3606 4444 pur-

2021 4477 2224 4538 gntum,
2243 4467 2342 4535 ipsi
2368 4483 2578 4536 quoque
2603 4468 2770 4522 multa
2801 4455 2984 4522 contra
3007 4483 3064 4522 se
3092 4468 3239 4536 ipsos
3265 4468 3490 4536 legendo
3513 4467 3608 4521 lir-

2023 4566 2254 4612 tnarunt.
2285 4557 2354 4611 Et
2385 4567 2560 4611 tamen
2589 4558 2815 4612 liberum
2843 4559 3119 4612 arbitrium
3147 4559 3244 4613 sibi
3269 4559 3336 4612 ab
3367 4560 3607 4626 Impera-

2022 4659 2139 4706 tore
2173 4663 2486 4704 concessum
2515 4664 2635 4703 esse
2675 4649 2899 4715 jactant.
2927 4649 3056 4702 Victi
3097 4659 3258 4719 atque
3296 4649 3524 4714 confusi,
3553 4650 3603 4704 id

2022 4743 2123 4799 sibi
2165 4744 2325 4798 etiam
2378 4757 2517 4796 nunc
2569 4741 2875 4811 ﬂagitabant
2925 4742 3121 4796 debere
3171 4742 3412 4808 concedi,
3463 4745 3604 4814 quod

2023 4835 2253 4904 majores
2281 4848 2465 4888 eorum
2489 4831 2774 4887 Caeciliano
2795 4849 2902 4886 non
2922 4833 3288 4888 concedebant
3311 4850 3324 4885 :
3345 4849 3501 4902 quem
3529 4834 3608 4889 sic

2022 4924 2161 4994 apud
2191 4923 2569 4992 Imperatorem
2616 4932 2956 4988 accusarunt,
2986 4938 3141 4992 quem
3173 4923 3280 4978 illis
3307 4925 3605 4978 accusatio-

2024 5016 2178 5070 nibus
2205 5016 2222 5046 ¹
2253 5014 2319 5069 ab
2344 5013 2671 5084 lmpcratore
2707 5014 3016 5068 damnatum
3059 5014 3145 5068 isti
3188 5014 3348 5068 etiam
3389 5013 3602 5068 mentiri

2023 5107 2323 5160 voluerunt.
2351 5105 2406 5160 Si
2429 5106 2674 5160 voluntas
2703 5105 2866 5159 libera
2891 5104 3172 5174 unicuique
3199 5103 3474 5159 tribuenda
3493 5115 3600 5167 est,

2022 5198 2307 5253 Caeciliano
2333 5196 2481 5265 prius
2501 5197 2840 5252 tribueretur.
2873 5194 2925 5250 Si
2946 5194 3058 5249 lucc
3086 5211 3189 5249 non
3213 5193 3414 5248 homini
3435 5191 3602 5262 judici

2024 5291 2373 5360 permittenda
2393 5330 2408 5354 ,
2439 5289 2533 5344 sed
2567 5290 2675 5344 Deo
2701 5290 2874 5357 potius
2903 5287 3213 5342 dimittenda
3245 5293 3390 5349 sunt,
3431 5285 3602 5340 (Ἀπεί-

2024 5383 2195 5435 liauus
2221 5380 2366 5449 prius
2391 5379 2529 5446 apud
2554 5377 2933 5446 Imperatorem
2961 5394 3066 5431 non
3094 5386 3457 5432 accusaretur.

2090 5470 2317 5526 CAPUT
2358 5468 2746 5524 XVIll.-—24.
2791 5468 3231 5539 Expergiscimini
3282 5465 3592 5535 aliquando,

2023 5581 2126 5618 non
2150 5579 2246 5617 vos
2268 5573 2528 5616 tartareus
2555 5562 2751 5631 obliget
2772 5576 3013 5625 somnus,
3051 5576 3153 5614 non
3195 5560 3246 5614 in
3278 5558 3596 5628 profundum

2023 5655 2262 5724 sacrilegi
2298 5655 2496 5708 erroris
2519 5652 2691 5706 adhuc
2726 5651 2884 5722 impia
2923 5649 3252 5707 consuetudo
3277 5650 3592 5720 dcutcrgat:

2090 5792 2102 5821 ¹
2141 5796 2294 5848 Forte,
2321 5783 2689 5836 accusatoribus.
