4024 6196
362 341 465 398 067

366 458 479 529 iam
529 464 822 512 consonate
872 451 1023 522 paci,
1064 450 1334 506 cohatrcte
1369 448 1577 514 unitati,
1626 442 1948 515 acquiescite

369 546 636 612 charitati,
665 545 838 602 cedite
862 543 1071 599 veritati
1100 561 1113 597 :
1137 541 1429 597 Ecclesiam
1466 538 1782 595 catholicam
1816 535 1950 589 inci-

372 640 605 707 pientem
642 637 710 691 ab
761 635 1055 691 Jerusalem
1092 633 1398 705 cognoscite
1441 642 1815 701 usquequaque
1849 626 1952 680 dif-

368 729 538 795 fundi,
588 727 673 782 cui
705 743 810 781 non
852 729 1211 782 communicat
1258 741 1379 795 pars
1414 722 1621 787 Donati,
1669 721 1751 775 cui
1790 733 1948 772 causa

372 835 476 874 non
528 820 838 891 praeiudicat
889 819 1179 874 Ca'ciliani.
1227 818 1408 871 Totics
1455 815 1599 870 enim
1654 822 1947 883 purgatus.

369 911 527 965 toties
576 910 872 976 absolutus,
922 910 1127 964 etiamsi
1180 924 1288 963 non
1338 917 1479 962 esset
1523 906 1812 967 innocens,
1860 916 1950 954 nec

373 1016 521 1056 causa
565 1016 733 1056 cause:
775 1000 1094 1072 prtejttdicat,
1141 1015 1231 1053 nec
1262 1013 1476 1068 persona
1532 1009 1777 1066 personas.
1826 991 1951 1045 llarc

371 1093 535 1149 verba
567 1110 661 1164 per
706 1096 892 1150 orbem
934 1103 1089 1148 terra:
1133 1093 1380 1146 universa
1404 1096 1654 1160 personat
1685 1084 1946 1146 Ecclesia,

367 1184 562 1239 clamat
599 1186 761 1239 etiam
803 1184 1102 1239 membrum
1150 1184 1289 1237 illius
1330 1182 1384 1236 in
1434 1180 1611 1237 Africa
1643 1177 1947 1233 :Tcstimo-

371 1275 516 1329 nium
548 1278 641 1330 Dei
672 1277 817 1339 novi,
854 1276 1124 1347 negotium
1153 1274 1418 1330 Caeciliani
1450 1288 1554 1326 non
1587 1271 1708 1325 novi
1740 1288 1755 1324 :
1786 1268 1949 1323 credo

368 1368 705 1423 innocentem
752 1384 779 1421 a
826 1370 1019 1423 vestris
1064 1368 1352 1438 majoribus
1401 1367 1739 1427 insectatum,
1790 1376 1949 1432 quem

370 1458 489 1526 lego
544 1460 701 1513 toties
738 1459 1037 1514 absolutum
1068 1458 1199 1513 :scd
1245 1458 1644 1527 qualiscumque
1690 1455 1757 1508 sit
1790 1467 1947 1507 causa

367 1547 697 1614 eius,caus:e
724 1563 857 1601 mete
892 1548 1021 1601 nihil
1063 1547 1397 1617 praeiudicat;
1441 1546 1840 1616 qualiscumque
1881 1542 1951 1596 sit

368 1652 594 1706 persona
620 1640 756 1707 ejus,
789 1654 1030 1708 persona:
1056 1655 1189 1694 mem
1210 1638 1342 1693 nihil
1370 1637 1695 1709 praeiudicat.
1719 1635 1830 1690 Vos
1850 1635 1949 1690 hoc

367 1729 572 1785 dixistis
593 1771 607 1796 ,
643 1746 739 1784 vos
768 1731 832 1784 ad
864 1731 963 1786 hoc
1004 1730 1393 1801 subscripsistis
1423 1746 1436 1782 :
1470 1728 1579 1782 Nec
1604 1744 1757 1782 causa
1784 1741 1951 1780 causa

366 1822 686 1891 prarjudicat,
708 1839 797 1875 nec
827 1840 1049 1892 persona
1074 1839 1324 1894 persontz.
1355 1822 1492 1877 Ecce
1519 1822 1771 1876 Dominus
1795 1819 1945 1882 dicit,

371 1909 472 1963 Per
486 1926 657 1965 onmes
679 1922 847 1981 gentes
873 1912 1226 1979 incipientibus
1242 1912 1303 1966 ab
1321 1912 1606 1966 Jerusalem
1636 1910 1782 1982 (Luc.
1799 1924 1946 1975 xnv,

367 2000 458 2073 Π)
492 2020 505 2057 :
533 2002 766 2057 divinam
798 2005 1072 2058 veritatem
1104 2004 1155 2058 in
1189 2020 1290 2058 una
1319 2003 1552 2059 Ecclesia
1576 2012 1873 2066 teneamus,
1896 2008 1952 2055 et

366 2094 624 2149 humanas
655 2095 774 2150 lites
795 2096 1079 2166 aliquando
1106 2097 1369 2150 finiamus.

437 2188 663 2244 CAPUT
708 2188 848 2243 XIX.
877 2219 947 2229 --
973 2189 1064 2244 9.5.
1112 2189 1378 2259 Numquid
1421 2189 1563 2242 enim
1609 2186 1772 2242 verba
1808 2187 1946 2251 ista,

364 2278 453 2333 tibi
476 2278 749 2347 dixerunt,
780 2297 870 2334 nec
896 2297 1102 2335 causam
1128 2296 1297 2335 causa:
1313 2322 1328 2345 ,
1357 2296 1447 2334 nec
1471 2294 1735 2349 personam
1761 2277 1950 2349 prttjtt-

364 2372 534 2425 dicare
575 2389 802 2442 persontz
824 2414 838 2439 ,
872 2374 983 2427 u‘lo
1028 2373 1188 2427 modo
1232 2380 1353 2443 post
1393 2373 1561 2438 ipsam
1599 2370 1948 2427 Collationem

364 2461 652 2518 defendere
693 2474 1017 2532 potuerunt,
1048 2479 1110 2519 ac
1141 2480 1245 2517 non
1287 2464 1465 2534 potius
1507 2479 1566 2518 se
1612 2462 1780 2517 multo
1824 2478 1947 2532 per-

366 2554 573 2623 plexius
604 2555 975 2623 implicaruut?
1003 2555 1093 2610 Sic
1121 2569 1349 2625 namque
1392 2554 1443 2608 in
1474 2553 1787 2624 quihusdam
1816 2554 1949 2607 scri-

366 2644 468 2713 ptis
493 2644 603 2698 suis
630 2646 788 2699 locuti
816 2656 939 2700 sunt
971 2663 983 2699 :
1012 2644 1232 2702 Causam
1259 2661 1427 2700 causa
1465 2655 1510 2699 et
1557 2660 1818 2714 personam
1845 2662 1948 2699 nou

367 2736 700 2807 pra'judicure
736 2752 996 2806 persome,
1026 2754 1057 2789 a
1096 2736 1238 2791 nobis
1260 2778 1274 2800 ,
1307 2736 1585 2806 inquiunt,
1618 2736 1805 2789 dictum
1845 2751 1949 2789 esse

367 2828 650 2881 memoriter
678 2829 975 2881 recensitnm
1017 2838 1089 2883 est
1116 2845 1135 2883 :
1168 2828 1255 2881 sed
1290 2828 1593 2898 alloquitttur
1628 2829 1642 2858 ¹
1676 2826 1817 2881 nobis
1847 2843 1949 2880 non

369 2918 693 2988 prctjudicari
717 2918 779 2972 ab
804 2919 867 2972 iis
890 2919 976 2988 qui
1012 2936 1043 2971 a
1072 2919 1212 2973 nobis
1247 2918 1324 2972 uel
1362 2918 1533 2989 rejecti
1567 2926 1719 2983 sunt,
1748 2918 1823 2971 vel
1849 2917 1948 2969 da-

366 3008 526 3060 mnati
543 3024 560 3069 ;
587 3008 621 3060 ii
643 3018 807 3071 autem
827 3009 913 3078 qui
930 3025 993 3062 cx
1009 3006 1265 3063 (ἕωτὶιὶΜὶ
1286 3008 1601 3061 ordinatione
1620 3006 1944 3074 descendunt,

365 3114 490 3165 quos
515 3098 578 3151 de
602 3101 967 3168 predecessors
1004 3101 1145 3169 origo
1176 3108 1405 3152 numerat
1433 3099 1500 3151 ad
1521 3108 1745 3162 reatum,
1775 3115 1949 3169 quem-

364 3187 639 3240 admodum
670 3205 770 3241 non
805 3188 997 3258 possint
1037 3189 1344 3242 ordinatoris
1381 3189 1461 3241 sui
1498 3188 1791 3241 criminibus
1816 3188 1947 3241 obli-

365 3280 497 3350 gari,
527 3295 640 3333 cum
670 3296 758 3348 per
781 3279 959 3333 seriem
991 3291 1255 3351 protensus
1286 3291 1605 3349 peccatorum
1632 3281 1769 3349 funis
1795 3298 1950 3351 quos-

365 3386 576 3439 cumque
613 3370 977 3425 communionis
1022 3372 1236 3427 vinxerit
1276 3373 1472 3426 vinculo
1496 3412 1511 3437 ,
1544 3389 1741 3426 necesse
1777 3382 1850 3426 est
1893 3382 1948 3427 ttt

367 3472 620 3517 consortes
649 3464 804 3532 faciat
842 3480 949 3517 esse
994 3466 1220 3534 peccati?
1255 3465 1299 3519 0
1342 3464 1473 3517 mira
1503 3463 1783 3518 defensio!
1817 3464 1946 3518 Tam

373 3555 597 3607 densum
630 3562 685 3607 ct
710 3562 918 3609 arctum
949 3565 1028 3608 est
1058 3556 1146 3608 ubi
1194 3556 1271 3607 eis
1295 3555 1633 3607 adhaeserunt
1660 3553 1857 3623 pedes,
1890 3563 1949 3608 ιιι.

364 3658 461 3698 eos
487 3644 718 3699 evellere
746 3652 1003 3698 conantes
1028 3686 1039 3703 .
1074 3645 1265 3698 frustra
1310 3652 1365 3699 ct
1392 3659 1579 3699 manus
1618 3653 1673 3699 et
1698 3654 1856 3714 caput
1884 3642 1950 3697 fi-

364 3747 511 3807 gant,
534 3746 587 3791 et
612 3738 663 3791 in
692 3736 880 3792 eodem
908 3737 1016 3791 luto
1038 3736 1345 3791 haesitantes
1371 3738 1569 3791 arctius
1591 3736 1947 3791 involvantur.

370 3830 447 3884 Ex
471 3831 549 3885 eis
578 3830 718 3885 enim
745 3843 880 3899 quos
901 3828 983 3883 vel
1011 3828 1263 3897 reiecisse
1288 3842 1368 3894 se,
1392 3828 1476 3882 vel
1496 3827 1778 3882 damnasse
1803 3842 1951 3880 com-

368 3930 689 3984 memorant,
724 3920 823 3975 hoc
853 3929 953 3985 est,
984 3936 1049 3975 ex
1080 3919 1499 3983 Maximiauistis,
1533 3935 1711 3974 secum
1753 3919 1951 3973 habent

369 4012 718 4075 Fclicianum,
742 4020 797 4065 et
816 4011 1182 4065 damnatorem
1212 4011 1486 4076 Primiani,
1510 4020 1565 4066 et
1589 4025 1619 4063 a
1646 4026 1704 4065 se
1730 4010 1951 4065 damna-

367 4112 479 4155 tum
510 4101 560 4155 in
591 4116 749 4155 causa
795 4099 1069 4154 Primiani.
1117 4099 1252 4167 Quid
1302 4109 1387 4154 est
1427 4100 1569 4170 quod
1615 4100 1796 4155 funem
1841 4109 1947 4155 tam

367 4193 579 4262 longum
604 4208 633 4246 a
663 4191 944 4247 Caeciliano
973 4206 1141 4261 usque
1169 4191 1234 4245 ad
1266 4194 1379 4246 lia‘c
1405 4201 1644 4261 tempora
1672 4192 1949 4246 catholica:

368 4285 619 4340 Ecclesia!
647 4284 919 4353 implicare
939 4283 1287 4346 contendunt,
1318 4294 1373 4338 et
1398 4295 1639 4339 catenam
1669 4299 1815 4339 suam
1840 4292 1947 4339 tam

368 4376 421 4428 in
448 4374 696 4443 proximo
723 4388 828 4427 non
854 4374 1169 4428 attendunt?
1198 4374 1459 4427 Prtcclara
1482 4375 1681 4445 quippe
1723 4374 1809 4428 illa
1845 4375 1949 4428 Ba-

368 4466 577 4535 gaitaua
602 4464 867 4519 sententia
888 4463 956 4517 de
980 4464 1300 4517 Maximiano
1328 4472 1382 4518 ct
1408 4465 1567 4519 sociis
1588 4465 1726 4535 ejus,
1747 4464 1946 4529 Trahit,

366 4557 535 4625 inquit
555 4596 569 4618 ,
599 4555 667 4607 ad
701 4556 1009 4609 consortium
1053 4556 1279 4609 criminis
1318 4556 1562 4625 plurimos
1588 4566 1765 4609 catena
1792 4556 1951 4609 sacri-

366 4652 504 4722 legii.
542 4650 843 4706 Felicianus
869 4666 1000 4722 ergo
1030 4652 1128 4705 ista
1159 4660 1344 4705 catena
1387 4650 1710 4705 trahebatur.
1744 4649 1800 4704 Si
1843 4649 1949 4704 illis

372 4759 477 4795 non
510 4740 817 4811 pratjudicat
842 4741 1139 4810 Feliciapus
1162 4782 1178 4807 ,
1209 4757 1374 4812 quare
1413 4740 1567 4794 nobis
1590 4740 1905 4794 Caecilianus
1923 4740 1949 4793 ἲ

367 4835 448 4887 Au
479 4833 613 4887 forte
645 4832 730 4887 ubi
761 4831 946 4887 volunt
967 4874 984 4899 ,
1016 4832 1324 4903 puniudicat
1348 4873 1361 4895 ,
1394 4830 1484 4884 ubi
1514 4839 1689 4885 autem
1720 4829 1903 4884 nolunt
1928 4871 1944 4897 ,

362 4940 541 4981 causa:
570 4941 676 4980 non
708 4925 1016 4995 pra-iudicat
1040 4940 1221 4990 causa,
1252 4934 1306 4978 et
1336 4938 1432 4993 pro
1462 4922 1678 4977 libidine
1710 4922 1946 4991 ipsorum

364 5016 561 5072 fortior
582 5026 667 5071 est
696 5016 835 5069 funis
879 5016 1129 5085 antiquus
1154 5056 1168 5081 ,
1196 5030 1353 5084 quam
1396 5028 1531 5067 nova
1574 5022 1759 5067 catena
1780 5012 1804 5065 ?
1829 5012 1946 5066 Non

365 5107 675 5179 pra‘iudicat
691 5106 1038 5161 Maximianus
1053 5105 1318 5160 Ft-liciano
1336 5120 1365 5157 a
1382 5120 1490 5174 quo
1503 5106 1522 5135 ³
1538 5104 1816 5159 damnatus
1833 5114 1909 5157 est
1930 5120 1944 5168 ;

365 5216 470 5253 non
497 5197 847 5270 prmiudicant
876 5196 1222 5250 Maximianus
1261 5206 1316 5251 et
1344 5194 1642 5249 Fclicianus
1677 5194 1947 5249 Primiano

362 5308 392 5347 a
420 5292 615 5362 quibus
640 5290 923 5346 damnatus
952 5298 1065 5354 est;
1108 5306 1213 5344 non
1247 5289 1560 5360 praeiudicat
1596 5288 1948 5343 Maximianus

361 5386 440 5438 eis
475 5382 565 5452 qui
608 5381 917 5436 dilationem
961 5390 1314 5452 acceperunt,
1347 5380 1540 5452 quibus
1572 5381 1623 5433 in
1666 5395 1775 5434 uno
1804 5379 1949 5433 schi-

362 5482 535 5530 smate
562 5474 794 5530 sociatus
824 5484 945 5537 est;
980 5489 1083 5527 non
1129 5473 1438 5544 pr‘J‘jtldiCttl
1482 5472 1781 5527 Felicianus
1810 5470 1947 5542 parti

366 5564 575 5631 Donati,
606 5580 636 5619 a
665 5580 767 5637 qua
808 5565 858 5620 in
896 5564 1084 5621 eodem
1132 5564 1334 5621 honore
1378 5574 1654 5637 susceptus
1697 5575 1777 5621 est
1804 5606 1817 5631 ,
1849 5580 1947 5620 nec

433 5730 447 5755 ι
490 5736 664 5776 (mines
685 5737 810 5786 uss.
830 5730 913 5780 sed
935 5730 999 5781 ad
1025 5730 1177 5781 locum
1204 5731 1349 5781 nobis.

435 5788 452 5815 '
481 5792 635 5846 Forte,
661 5803 767 5839 cum
786 5806 893 5853 quo.

1088 339 1178 393 AD
1217 331 1640 393 DONATISTAS
1669 328 1837 386 POST
1877 326 2378 393 COLI.ATIONEM,
2418 328 2474 384 S.
2520 329 2882 405 AUCUSTINI

3536 334 3644 389 διιε

2062 440 2360 510 Baptismus
2388 457 2546 512 quem
2577 443 2628 496 iu
2657 445 2917 513 sacrilego
2942 444 3228 501 schismate
3253 446 3421 508 dedit.
3450 448 3518 501 ibi
3546 449 3641 503 de-

2055 541 2287 587 structus
2313 542 2396 587 est
2423 550 2437 586 :
2465 542 2522 588 et
2549 532 2857 603 praeiudicat
2880 534 3199 589 Caecilianus
3225 545 3301 589 tut
3328 537 3642 593 christiani:

2053 622 2413 693 gentibus,qui
2430 625 2594 679 semel
2612 624 2893 679 damnatus
2909 635 2990 680 est
3006 626 3498 697 absens,quotnodo
3516 628 3634 685 Pri-

2056 716 2261 769 tnianus
2283 757 2299 781 ,
2327 726 2381 770 ct
2406 727 2487 770 ter
2512 718 2788 773 absolutus
2828 730 2911 774 est
2956 735 3193 790 przcscns
3230 720 3307 792 (a)
3326 764 3341 788 ,
3369 722 3639 793 quomodo

2055 822 2160 860 non
2208 807 2551 863 Primianus?
2604 810 2921 880 Przeiudicat
2969 812 3124 867 nobis
3172 814 3301 868 olim
3348 814 3636 871 defunctus

2056 897 2265 966 ignotus
2292 912 2306 949 :
2336 906 2390 953 et
2416 898 2530 953 istis
2554 914 2661 954 non
2690 900 2999 971 praeiudicat
3021 903 3196 967 vivus,
3223 918 3253 957 a
3275 905 3472 974 quibus
3498 905 3630 976 legi-

2055 1000 2139 1044 tur
2164 991 2322 1061 paulo
2364 1000 2487 1046 ante
2521 992 2806 1049 damnatus
2829 1035 2844 1059 ,
2885 1004 2941 1051 et
2966 996 3159 1065 quibus
3202 998 3444 1053 cernitur
3473 999 3637 1053 modo

2052 1081 2320 1135 sociatus?
2364 1081 2527 1138 Nobis
2569 1084 2853 1139 involvitur
2880 1086 3025 1142 funis
3051 1087 3321 1143 Cmciliani
3366 1105 3397 1143 a
3439 1091 3638 1160 quibus

2053 1171 2326 1241 ignoratur
2370 1191 2383 1226 :
2430 1185 2485 1229 et
2531 1176 2636 1230 illis
2679 1192 2783 1231 non
2829 1178 3115 1242 involvitur
3151 1190 3336 1236 catena
3382 1182 3634 1239 Feliciatti

2052 1279 2275 1333 quorum
2305 1265 2357 1319 in
2387 1280 2508 1320 eum
2538 1269 2797 1323 sententia
2838 1270 3093 1325 recitatur
3115 1314 3131 1333 ,
3164 1272 3251 1326 ubi
3290 1274 3402 1343 ipsa
3445 1284 3633 1328 catt-.na

2051 1353 2363 1409 damnatur?
2393 1355 2498 1409 Illis
2520 1357 2646 1411 licet
2666 1358 2869 1423 dicere,
2892 1360 3233 1430 Suscepimus
3252 1378 3387 1431 quos
3407 1363 3633 1417 damna-

2055 1445 2226 1498 vimus
2257 1461 2352 1514 pro
2380 1461 2508 1515 pace
2548 1447 2735 1502 Donati
2760 1489 2775 1514 ,
2808 1451 2931 1520 quia
2976 1466 3075 1506 nec
3100 1467 3260 1507 causa
3287 1469 3463 1508 caus-sc
3496 1471 3637 1522 prae-

2048 1537 2287 1607 iudicat,
2317 1555 2415 1594 nec
2453 1556 2679 1609 persona
2731 1557 2976 1612 personat
3026 1562 3040 1598 :
3090 1553 3147 1599 et
3193 1546 3345 1601 nobis
3376 1564 3478 1600 non
3513 1548 3639 1602 licet

2052 1628 2231 1683 dicere
2253 1668 2271 1695 ,
2303 1629 2526 1698 Propter
2551 1645 2646 1685 eos
2673 1646 2807 1701 quos
2844 1632 3138 1690 damnastis
3157 1677 3172 1699 ,
3204 1651 3308 1689 non
3336 1637 3639 1692 deserimus

2054 1733 2238 1788 pacem
2262 1717 2483 1784 Christi,
2513 1720 2635 1791 quia
2666 1738 2764 1777 nec
2788 1738 2948 1777 causa
2973 1739 3149 1779 causa:
3178 1726 3505 1795 prmjudicat,
3540 1744 3638 1782 nec

2053 1825 2277 1881 persona
2319 1815 2595 1882 personze?
2622 1813 2667 1869 Ο
2694 1814 2919 1870 ferream
2952 1816 3215 1873 frontem!
3260 1835 3293 1871 ο
3333 1820 3526 1874 furoris
3557 1830 3641 1875 te-

2053 1903 2278 1969 nebras,
2306 1914 2622 1961 nocturnam
2666 1909 2985 1963 sententiam
3008 1910 3172 1978 iudici
3202 1912 3516 1981 objicientcs
3536 1955 3550 1974 .
3581 1924 3638 1969 et

2053 1996 2107 2050 in
2136 1997 2217 2051 sui
2246 1997 2426 2052 cordis
2451 2008 2609 2054 nocte
2649 2000 2947 2069 palpantes,
2972 1999 3327 2067 oﬂ‘endentes,
3356 2003 3634 2071 cadentes,

2051 2100 2235 2145 contra
2265 2107 2363 2145 nos
2404 2091 2589 2147 rabide
2635 2092 2901 2164 litigantes
2924 2133 2942 2162 ,
2967 2102 3023 2149 et
3061 2110 3159 2165 pro
3186 2096 3342 2151 nobis
3369 2105 3513 2152 tanta
3550 2097 3636 2151 di-

2052 2190 2231 2237 centes
2253 2182 2266 2236 !

2119 2271 2346 2328 CAPUT
2384 2273 2504 2328 XX.
2550 2305 2620 2315 —
2656 2274 2747 2330 26.
2791 2274 3011 2347 Insuper
3052 2277 3228 2331 adhuc
3271 2279 3431 2333 etiam
3475 2279 3637 2335 modo

2051 2377 2475 2421 commemorare
2497 2365 2693 2420 audent
2725 2366 3029 2435 prephetica
3070 2379 3124 2421 et
3148 2369 3440 2436 apostolica
3473 2372 3633 2425 testi-

2053 2455 2251 2521 monia,
2275 2455 2467 2525 quibus
2493 2469 2591 2510 nos
2611 2456 2984 2511 universaliter
3027 2457 3080 2511 in
3112 2458 3198 2511 illa
3223 2457 3521 2515 Coll-alioue
3546 2476 3635 2515 re-

2050 2546 2382 2615 spondimus,
2411 2546 2756 2602 ostendentes
2783 2547 2928 2617 ipsos
2955 2548 3249 2617 Pr0pltetas
3277 2559 3490 2605 sanctos
3512 2567 3634 2606 cum

2053 2638 2247 2708 iniquis
2276 2638 2329 2693 in
2356 2653 2465 2694 uno
2491 2638 2710 2709 templo,
2740 2639 2841 2693 sub
2864 2638 3065 2694 eisdem
3093 2640 3479 2707 sacerdotibus,
3500 2643 3638 2697 inter

2051 2728 2236 2784 eadem
2262 2740 2591 2785 sacramenta
2613 2738 2874 2795 versatos,
2904 2745 3004 2786 nec
3033 2739 3210 2786 tamen
3240 2745 3270 2783 a
3299 2732 3454 2787 malis
3471 2733 3637 2789 fuisse

2053 2822 2282 2892 pollutos
2305 2839 2318 2875 :
2341 2823 2465 2893 quia
2487 2832 2746 2878 noverant
2770 2823 2911 2879 inter
2934 2835 3178 2879 sanctum
3204 2834 3260 2879 et
3279 2825 3632 2893 immundum,

2053 2928 2159 2966 non
2190 2913 2332 2967 sicut
2358 2912 2443 2967 isti
2467 2913 2706 2968 sentiunt
2728 2914 3080 2983 corporaliter
3113 2914 3363 2985 populum
3392 2915 3635 2971 dividen-

2050 3001 2120 3056 do
2141 3043 2156 3067 ,
2185 3002 2284 3057 scd
2312 2998 2449 3058 bene
2468 3002 2758 3072 iudicando
2783 3012 2838 3059 et
2878 3004 3015 3059 bene
3053 3005 3281 3060 vivendo
3303 3005 3633 3062 discernere.

2052 3091 2119 3147 Et
2149 3094 2251 3149 hoc
2277 3094 2393 3149 sine
2419 3095 2814 3151 intermissione
2853 3094 3160 3163 faciebant,
3195 3108 3253 3151 ut
3278 3097 3330 3152 in
3361 3098 3448 3153 illa
3475 3098 3640 3153 domo

2051 3200 2263 3255 magna,
2293 3186 2383 3241 ubi
2411 3196 2565 3241 crant
2585 3228 2601 3253 ,
2627 3187 2766 3242 sicut
2791 3187 2920 3243 dicit
2948 3188 3237 3258 Apostolus
3260 3231 3276 3255 ,
3302 3190 3405 3244 alia
3428 3206 3551 3245 vasa
3582 3192 3639 3246 in

2052 3276 2331 3341 honorem,
2357 3278 2459 3332 alia
2493 3279 2546 3333 in
2571 3280 2969 3351 coniumeliam,
2996 3288 3057 3336 se
3082 3280 3227 3351 ipsos
3251 3296 3281 3335 a
3306 3282 3499 3337 talibus
3520 3299 3639 3337 mo-

2052 3386 2167 3424 rum
2199 3368 2504 3425 diversitate
2531 3368 2849 3425 mundarent
2870 3411 2884 3435 ,
2917 3380 2973 3426 et
3017 3382 3201 3427 essent
3226 3387 3352 3426 vasa
3384 3374 3435 3426 in
3469 3373 3639 3428 houoo

2051 3475 2163 3513 rem
2191 3459 2340 3513 utilia
2371 3458 2594 3513 Domino
2619 3459 2685 3514 ad
2712 3475 2872 3516 omne
2900 3475 3036 3531 opus
3076 3462 3274 3516 bonum
3300 3478 3512 3533 semper
3539 3472 3638 3533 pa-

2051 3550 2249 3620 rata(ll
2271 3550 2399 3605 Tim.
2423 3550 2609 3621 n,2l).
2650 3551 2757 3607 Sed
2797 3552 2953 3619 bene,
2982 3553 3123 3623 quod
3146 3554 3243 3622 ipsi
3269 3569 3334 3608 ex
3356 3556 3535 3608 multis
3554 3566 3640 3610 te-

2051 3642 2458 3712 stimoniis,qute
2471 3643 2663 3699 litteris
2674 3645 2783 3698 suis
2799 3659 2901 3698 non
2916 3645 3263 3715 intelligentes
3276 3646 3639 3711 inseruerunt,

2051 3748 2183 3803 quas
2211 3736 2261 3787 in
2287 3732 2583 3789 Collatioue
2624 3734 2957 3803 protulerunt
2990 3744 3047 3789 et
3075 3735 3315 3806 legerunt
3337 3777 3351 3798 ,
3385 3746 3640 3806 tanquam

2056 3824 2376 3895 praecipuum
2393 3823 2460 3878 de
2477 3825 2670 3894 Aggrco
2691 3826 2945 3894 propheta
2962 3826 3321 3880 testimonium
3343 3827 3501 3881 modo
3521 3838 3645 3897 post

2052 3919 2403 3974 Collationcm
2432 3920 2555 3974 victi
2584 3928 3069 3973 commemorarunt
3103 3919 3299 3992 (Aggtci
3327 3920 3412 3990 ιι).
3447 3920 3503 3976 1η
3539 3922 3643 3977 isto

2053 4026 2181 4081 ergo
2222 4009 2478 4080 propheta
2526 4011 2694 4064 multo
2735 4009 3034 4065 evidentius
3079 4011 3224 4080 quod
3268 4012 3514 4065 volumus
3541 4012 3643 4068 de-

2056 4110 2433 4166 monstramus,
2456 4101 2580 4171 quia
2606 4117 2710 4155 non
2736 4102 3051 4172 conporalis,
3073 4102 3169 4157 sed
3193 4103 3485 4173 spiritualis
3508 4118 3642 4158 con-

2056 4202 2262 4258 tactus,
2294 4193 2384 4264 qui
2415 4192 2473 4246 fit
2521 4207 2616 4262 per
2656 4193 3101 4257 consensionem,
3151 4193 3264 4263 ipse
3307 4194 3495 4263 polluit
3539 4194 3644 4249 ho-

2053 4285 2227 4339 mines
2248 4325 2262 4349 ,
2285 4298 2510 4353 quorum
2536 4298 2751 4339 causam
2782 4298 2939 4337 unum
2969 4281 3096 4338 facit
3122 4283 3233 4354 ipsa
3262 4285 3567 4339 consensio.

2090 4372 2215 4431 ΕΠ.
2263 4376 2396 4431 Nam
2434 4376 2645 4447 quando
2692 4376 2883 4446 impios
2931 4376 3193 4431 Dominus
3236 4378 3396 4432 etiam
3443 4378 3641 4433 visibill

2055 4484 2211 4539 mena
2242 4470 2463 4538 perdere
2488 4468 2691 4534 voluit,
2722 4470 2835 4538 ipse
2859 4469 2927 4523 ab
2956 4469 3035 4522 cis
3071 4468 3246 4537 iustos
3273 4468 3642 4525 admonitione

2054 4561 2338 4628 separavit.
2369 4559 2519 4615 Sicut
2545 4558 2657 4615 Noe
2683 4574 2804 4614 cum
2828 4560 2991 4614 domo
3019 4576 3111 4613 sua
3138 4560 3205 4613 ab
3232 4560 3309 4614 eis
3335 4575 3471 4627 quos
3493 4560 3639 4613 dilu-

2052 4652 2141 4707 vio
2161 4650 2329 4705 fuerat
2345 4650 2646 4719 perditurus
2667 4651 2683 4717 (
2702 4648 2830 4704 Gen.
2861 4650 3071 4719 vt-vtu)
3101 4668 3114 4704 :
3140 4650 3276 4705 sicut
3306 4650 3441 4704 Loth
3463 4650 3535 4705 ab
3558 4651 3642 4707 eis

2052 4760 2188 4815 quos
2214 4747 2331 4815 igne
2355 4744 2525 4800 fuerat
2566 4755 2979 4815 consumpturus
3012 4744 3137 4815 (Id.
3168 4747 3296 4816 six)
3325 4764 3339 4798 :
3371 4746 3513 4802 sicut
3538 4762 3642 4816 po—

2053 4838 2236 4907 pulum
2274 4851 2426 4891 suum
2470 4853 2498 4890 a
2542 4852 2807 4909 synagoga
2849 4838 3052 4892 Abiron
3077 4878 3093 4902 ,
3120 4854 3279 4907 quam
3314 4855 3438 4892 mox
3466 4840 3645 4894 fuerat

2054 4930 2412 4983 exstincturus
2440 4926 2627 4997 (Nunt.
2673 4931 2808 4999 xvi).
2849 4928 2976 4983 Ideo
3012 4939 3068 4984 ct
3093 4931 3241 4984 illum
3280 4930 3373 5001 qui
3410 4947 3518 4987 non
3547 4933 3647 4985 ha-

2053 5020 2211 5075 bebat
2231 5028 2432 5075 vestem
2455 5021 2769 5090 nuptialem,
2795 5036 2901 5076 non
2928 5021 3003 5075 illi
3032 5022 3123 5092 qui
3147 5022 3520 5087 invitaveraut,
3543 5023 3642 5077 sed

2053 5111 2168 5181 ipse
2220 5110 2469 5166 dominus
2508 5111 2662 5180 cuius
2698 5122 2815 5167 erat
2850 5112 3191 5177 convivium,
3219 5113 3368 5182 ligari
3392 5114 3555 5184 iussit
3589 5125 3647 5170 et

2053 5202 2261 5273 proiici.
2289 5201 2473 5271 Neque
2497 5203 2639 5257 enim
2667 5211 2724 5258 et
2765 5202 2878 5271 ipse
2912 5203 3052 5257 sicut
3077 5203 3239 5272 piscis
3264 5204 3364 5258 sub
3391 5204 3645 5260 fluctibus

2053 5302 2188 5359 erat,
2210 5304 2265 5349 et
2292 5294 2370 5347 sic
2394 5294 2462 5347 ab
2490 5292 2879 5359 invitatoribus,
2904 5293 3175 5364 quomodo
3198 5309 3227 5347 a
3258 5295 3642 5363 piscatoribus.

2054 5385 2220 5440 videri
2249 5400 2356 5439 non
2392 5394 2619 5453 poterat.
2649 5384 2883 5440 Proinde
2904 5426 2918 5448 ,
2947 5401 3015 5439 ne
3042 5393 3320 5453 putaretur
3341 5424 3359 5451 ,
3388 5386 3530 5440 sicut
3556 5386 3642 5440 isti

2056 5486 2261 5548 potant,
2280 5476 2420 5547 quod
2440 5478 2584 5532 velut
2603 5492 2741 5532 unus
2770 5477 2821 5531 iu
2850 5477 3001 5531 turba
3028 5476 3254 5531 latenter
3277 5477 3647 5547 subrepsisset

2057 5568 2282 5639 ignaris;
2314 5567 2567 5622 continuo
2602 5568 2848 5623 dominus
2876 5568 2929 5621 in
2956 5566 3146 5622 eodem
3181 5567 3297 5638 ipso
3323 5582 3453 5634 uno,
3483 5582 3643 5634 quem
3722 5560 3723 5563 “

2120 5726 2190 5786 (a)
2224 5726 2395 5797 Jutlicia
2427 5724 2612 5777 netuani
2638 5724 2821 5776 concilii
2854 5732 2901 5774 ct
2938 5722 3227 5775 Arelatensis
3255 5732 3304 5775 ct
3340 5726 3643 5785 imperatum

2057 5795 2359 5843 (armamini.
