4070 6200
321 447 456 516 eos

353 588 524 657 ligatis
549 582 795 640 manibus
818 591 873 638 et
918 579 1144 652 pedibus
1184 578 1236 632 in
1267 575 1514 632 tenebras
1539 571 1836 628 exteriores
1864 583 1963 658 ex,

349 677 441 734 illo
465 676 712 732 convivio
735 674 926 745 projici
961 671 1154 743 jussit,
1185 671 1402 725 multam
1431 665 1740 723 societatem
1769 661 1936 716 malo-

351 786 471 826 rum
497 784 619 826 esse
645 765 1068 837 intelligendam,
1098 763 1241 819 inter
1263 775 1399 833 quos
1423 758 1700 830 pauciores
1724 755 1848 810 boni
1881 752 1934 807 in

347 861 596 916 convivio
637 859 906 914 dominico
951 859 1175 921 vivunt,
1220 851 1519 925 signiﬁcare
1560 865 1666 905 non
1707 845 1933 902 distulit.

348 952 480 1007 Nam
513 962 856 1020 posteaquam
885 949 1018 1004 dixit
1041 989 1056 1012 ,
1082 945 1265 1018 Ligate
1288 943 1365 998 illi
1395 957 1574 996 manus
1597 952 1646 994 et
1673 939 1821 1009 pedes
1843 979 1859 1004 ,
1890 947 1939 990 et

349 1044 581 1113 projicite
603 1059 718 1095 eum
740 1043 792 1094 in
816 1041 1043 1094 tenebras
1065 1037 1354 1098 exteriores,
1382 1035 1450 1088 ibi
1468 1033 1560 1086 erit
1584 1031 1732 1102 ﬂetus
1756 1038 1800 1083 et
1821 1028 1940 1082 stri-

348 1136 444 1189 dor
471 1135 692 1188 dentium
709 1151 731 1197 ,°
759 1133 1012 1188 continuo
1037 1129 1310 1198 subjunxit
1327 1170 1342 1191 ,
1379 1126 1532 1181 Multi
1553 1124 1684 1178 enim
1710 1131 1824 1176 sunt
1846 1138 1937 1174 ro-

347 1225 470 1289 cati,
501 1225 653 1295 pauci
681 1239 794 1277 vero
823 1221 962 1275 electi
989 1219 1214 1293 (Matth.
1252 1233 1368 1272 xxu
1392 1259 1406 1280 ,
1437 1213 1623 1284 1-14).
1656 1209 1939 1280 Quomodo

350 1316 452 1370 hoc
477 1332 656 1370 verum
687 1324 789 1380 est,
818 1330 938 1368 cum
968 1314 1142 1382 potius
1169 1325 1305 1365 tlllllS
1330 1324 1359 1363 e
1388 1305 1567 1362 multis
1593 1304 1779 1358 luisset
1812 1316 1938 1372 pro-

348 1408 520 1478 iectus
562 1407 612 1460 in
643 1405 891 1460 tenebras
937 1403 1233 1458 exteriores
1257 1441 1272 1464 ,
1308 1398 1408 1452 nisi
1447 1397 1568 1468 quia
1613 1395 1665 1449 in
1709 1395 1799 1448 illo
1833 1407 1939 1446 uno

348 1497 551 1567 grande
577 1510 771 1566 corpus
797 1494 1122 1566 ﬁgurabatur
1143 1490 1379 1548 omnium
1411 1489 1667 1542 malorum
1695 1493 1819 1539 ante
1845 1483 1940 1536 Do-

350 1590 482 1646 mini
517 1588 776 1660 judicium
821 1587 1064 1642 convivio
1109 1583 1380 1639 dominico
1423 1576 1849 1650 permixtorum?
1895 1577 1938 1630 Α

349 1682 543 1748 quibus
574 1694 634 1733 se
673 1677 798 1732 boni
823 1677 986 1732 corde
1028 1676 1239 1728 interim
1276 1688 1340 1728 ac
1381 1671 1619 1740 moribus
1645 1675 1896 1739 separant
1920 1707 1936 1730 ,

349 1773 510 1827 simul
543 1770 924 1824 manducantes
949 1778 1001 1822 et
1041 1767 1284 1820 bibentes
1310 1777 1508 1833 corpus
1534 1770 1589 1815 et
1628 1759 1938 1828 sanguinem

352 1862 584 1922 Domini,
609 1860 704 1915 sed
731 1875 852 1914 cum
882 1873 1069 1928 magna
1096 1855 1437 1911 distinctione
1464 1871 1476 1906 :
1504 1852 1624 1922 quia
1657 1851 1740 1904 isti
1773 1850 1823 1902 in
1853 1847 1942 1902 ho-

353 1971 485 2009 nore
510 1953 691 2025 sponsi
721 1953 888 2008 induti
915 1959 1041 2006 sunt
1069 1958 1216 2004 veste
1244 1946 1498 2017 nuptiali,
1526 1960 1632 1998 non
1671 1959 1764 1997 sua
1791 1958 1939 2012 qua:-

352 2059 532 2102 reutes
557 2087 572 2112 ,
601 2045 692 2100 sed
720 2061 837 2122 qtne
863 2043 990 2100 Jesu
1021 2041 1215 2098 Christi
1241 2059 1256 2106 ;
1291 2041 1362 2094 illi
1402 2049 1578 2094 autem
1611 2053 1715 2091 non
1742 2035 1943 2091 habent

351 2149 554 2194 vestem
580 2139 868 2208 nuptialem
893 2179 908 2204 ,
940 2137 1041 2191 hoc
1067 2145 1150 2190 est
1171 2177 1189 2203 ,
1222 2134 1530 2190 ﬁdissimam
1559 2133 1740 2202 sponsi
1767 2131 1944 2184 chari-

354 2240 516 2285 tatcm
539 2272 554 2295 ,
583 2244 678 2284 sua
709 2238 1010 2300 qumrcntes
1031 2269 1047 2295 ,
1076 2242 1181 2282 non
1206 2242 1326 2298 quae
1348 2225 1473 2281 Jesu
1499 2222 1716 2279 Christi.
1747 2223 1826 2276 Ac
1849 2235 1942 2291 per

357 2323 478 2387 hoc,
505 2322 748 2392 quamvis
787 2321 839 2374 in
864 2336 969 2375 uno
994 2320 1292 2388 eodemque
1326 2314 1592 2380 convivio,
1621 2314 1706 2368 isti
1734 2312 1942 2367 miscri-

352 2414 589 2468 cordiam
625 2413 949 2468 manducant
970 2453 986 2478 ,
1019 2411 1093 2466 illi
1127 2411 1384 2480 judicium
1417 2425 1432 2462 :
1459 2409 1582 2478 quia
1613 2407 1778 2476 ipsius
1806 2420 1940 2459 con-

353 2504 481 2558 vivii
522 2504 786 2558 Canticum
835 2513 954 2568 est,
984 2502 1124 2572 quod
1177 2511 1230 2554 et
1281 2514 1440 2570 supra
1485 2499 1937 2561 commemoravi,

355 2593 762 2647 Misericordth
787 2603 834 2647 et
851 2592 1111 2663 judicium
1149 2591 1362 2645 cantabo
1391 2589 1498 2654 tibi,
1529 2587 1743 2643 Domine
1770 2585 1940 2660 (Psal.

352 2686 554 2749 c,l).

423 2777 516 2832 28.
555 2775 664 2832 Nec
691 2776 812 2832 ideo
834 2783 1010 2832 tamen
1037 2775 1232 2830 dormit
1255 2773 1615 2830 ecclesiastica
1641 2771 1942 2842 disciplina,

357 2879 417 2923 ut
441 2869 695 2938 corripiat
721 2867 1004 2939 inquietos.
1035 2867 1220 2937 Neque
1249 2870 1391 2920 enim
1433 2881 1464 2919 a
1507 2864 1701 2935 populo
1732 2863 1824 2918 Dei
1853 2879 1942 2919 se-

358 2974 606 3030 paramus
627 3000 644 3025 ,
672 2974 807 3029 quos
833 2957 916 3014 vel
944 2957 1287 3029 degradando
1315 2957 1397 3012 vel
1427 2953 1944 3031 escon'tmunicando

353 3053 422 3108 ad
472 3051 810 3108 humiliorem
852 3051 1140 3122 penitendi
1185 3051 1359 3106 locum
1401 3049 1708 3119 redigimus.
1747 3049 1813 3103 Et
1856 3047 1946 3102 ubi

357 3143 462 3200 hoc
481 3143 656 3200 facere
679 3145 828 3214 pacis
852 3155 902 3198 et
929 3143 1326 3214 tranquillitatis
1358 3141 1614 3196 Ecclesia:
1641 3142 1809 3212 gratia
1835 3155 1942 3194 non

357 3237 739 3307 permittimur,
769 3253 874 3290 non
898 3249 1074 3291 tamen
1099 3235 1221 3290 ideo
1246 3235 1540 3290 Ecclesiam
1566 3233 1883 3304 negligimus
1900 3233 1942 3297 ¹;

355 3328 450 3384 sed
475 3330 764 3384 toleramus
785 3328 929 3397 quod
957 3327 1224 3391 nolumus,
1250 3337 1308 3382 ut
1331 3328 1704 3397 perveniamus
1727 3342 1832 3396 quo
1852 3341 1946 3379 vo-

357 3420 536 3476 lumus
557 3459 575 3482 .
602 3429 816 3474 utentes
858 3419 1062 3473 cautela
1109 3419 1359 3488 prarcepti
1390 3417 1644 3474 dominici
1668 3458 1685 3482 ,
1713 3434 1781 3472 ne
1822 3433 1944 3470 cum

353 3512 604 3567 volumus
631 3521 756 3566 ante
787 3520 996 3580 tempus
1020 3511 1272 3580 colligere
1315 3511 1516 3565 zizania
1541 3552 1556 3573 .
1585 3511 1740 3565 simul
1770 3510 1945 3566 eradi-

354 3616 542 3658 camus
603 3610 660 3657 et
721 3602 952 3656 triticum
1005 3600 1228 3672 (Matth.
1280 3599 1442 3667 xm).
1510 3600 1730 3657 Utentes
1783 3602 1943 3656 etiam

293 3747 296 3750 .
356 3691 604 3760 exemplo
629 3702 682 3746 et
703 3701 968 3761 praecepto
996 3691 1143 3746 beati
1160 3692 1430 3762 Cypriani,
1452 3692 1540 3762 qui
1568 3692 1800 3761 collegas
1819 3708 1946 3748 suos

361 3785 710 3850 feneratores,
743 3783 1096 3848 fraudatores,
1132 3795 1370 3854 raptores
1390 3825 1406 3848 ,
1443 3783 1588 3854 pacis
1615 3786 1947 3855 contempla-

358 3877 506 3932 tione
544 3876 758 3944 pertulit
800 3875 934 3930 tales
981 3875 1184 3947 (Serm.
1235 3877 1298 3928 de
1337 3874 1586 3946 Lapsis),
1618 3891 1717 3930 nec
1759 3892 1945 3932 eorum

360 3968 678 4039 contagione
705 3967 874 4023 lactus
917 3977 1002 4023 est
1047 3968 1188 4022 talis.
1220 3967 1372 4024 Unde
1415 3977 1468 4022 et
1497 3984 1596 4023 nos
1637 3969 1680 4022 si
1711 3970 1943 4025 triticum

361 4067 583 4122 stnnus,
630 4059 870 4128 ejusdem
917 4059 1055 4113 beati
1104 4059 1350 4129 martyris
1391 4059 1548 4115 verba
1596 4059 1946 4119 ﬁdentissime

360 4151 588 4207 dicimus
618 4170 632 4206 :
668 4153 786 4223 quia
829 4153 922 4207 etsi
949 4153 1180 4206 videntur
1206 4151 1258 4204 in
1303 4149 1531 4205 Ecclesia
1565 4169 1676 4207 esse
1707 4153 1906 4208 zizania
1927 4195 1944 4219 ,

360 4261 462 4300 non
491 4256 656 4300 tamen
680 4246 916 4313 impediri
943 4245 1084 4298 debet
1112 4253 1197 4297 aut
1224 4244 1370 4312 fides,
1392 4253 1481 4298 aut
1496 4245 1717 4299 charitas
1737 4257 1947 4311 nostra;

360 4347 416 4408 stt
442 4337 680 4407 quoniam
708 4337 906 4392 zizania
934 4337 984 4389 in
1006 4335 1235 4389 Ecclesia
1261 4336 1532 4398 cernimus,
1555 4336 1656 4407 ipsi
1679 4336 1744 4390 de
1772 4335 1950 4392 Eccle-

359 4429 438 4480 sia
462 4428 755 4482 recedamus
782 4427 989 4496 (Epist.
1033 4426 1102 4480 πά
1143 4425 1480 4498 Maximum).
1523 4427 1647 4482 llarc
1675 4428 1834 4483 verba
1860 4428 1950 4498 ju-

360 4521 597 4575 stissimc
619 4535 682 4575 ac
709 4520 948 4590 piissime
977 4520 1218 4575 dicerent
1262 4518 1494 4588 majores
1517 4519 1704 4584 nostri,
1739 4521 1948 4576 etiamsi

359 4610 702 4664 Caecilianum
733 4619 786 4663 et
814 4610 1021 4678 aliquos
1057 4610 1405 4679 cnepiscopos
1446 4608 1563 4680 ejus
1601 4610 1770 4666 malos
1796 4611 1947 4667 vide-

362 4712 502 4768 rent,
532 4717 666 4774 quos
696 4712 872 4758 tamen
898 4703 966 4757 ab
993 4703 1230 4756 Ecclesia
1274 4717 1523 4771 separare
1550 4718 1656 4757 non
1687 4712 1944 4772 possent,

362 4802 580 4862 propter
605 4793 724 4848 illos
745 4793 938 4862 quibus
981 4792 1104 4846 mali
1135 4792 1493 4848 demonstrari
1519 4808 1626 4847 non
1656 4803 1943 4862 poterant,

359 4892 416 4939 et
452 4899 547 4939 eos
593 4885 759 4939 bonos
804 4895 860 4939 et
898 4884 1211 4938 innocentes
1258 4882 1516 4953 putabant
1564 4901 1578 4937 :
1629 4883 1745 4939 haec
1787 4886 1947 4940 verba

360 4979 581 5032 numine
604 4976 863 5042 dicerent,
895 4976 996 5031 hoc
1021 4976 1240 5030 omnino
1264 4976 1528 5030 sentirent
1551 5017 1566 5039 ,
1593 4989 1662 5030 ne
1685 4990 1806 5031 cum
1836 4976 1948 5030 vel-

363 5068 474 5122 lent
499 5078 699 5124 temere
725 5068 930 5122 zizania
958 5082 1230 5139 separare,
1258 5067 1416 5123 simul
1438 5077 1493 5123 et
1517 5068 1748 5123 triticum
1773 5070 1948 5125 eradi-

359 5169 566 5214 carent.

429 5249 524 5305 29.
563 5249 714 5318 Quod
761 5265 890 5320 ergo
931 5249 1115 5319 jussus
1154 5259 1240 5305 est
1282 5249 1498 5320 quidam
1546 5250 1802 5321 propheta
1846 5267 1948 5308 nee

361 5355 552 5409 partem
581 5341 902 5396 manducare
925 5381 940 5405 ,
971 5356 1069 5395 nec
1111 5356 1302 5411 aquam
1351 5340 1536 5395 bibere
1577 5341 1630 5396 in
1669 5343 1940 5408 Samaria,

361 5445 470 5500 quo
497 5432 692 5485 missus
720 5430 892 5484 fuerat
932 5441 988 5484 ut
1013 5431 1308 5500 corriperet
1349 5446 1444 5486 eos
1475 5432 1563 5502 qui
1590 5447 1782 5488 vaccas
1807 5447 1942 5488 con-

357 5525 645 5578 stituerant
705 5523 1004 5578 adorandas
1063 5516 1213 5578 more
1260 5523 1520 5578 idolorum
1574 5524 1944 5595 Aigyptinrnm

365 5615 468 5687 (111
500 5615 632 5685 Reg.
663 5615 820 5685 xm);
851 5615 954 5670 hoc
979 5615 1199 5668 omnino
1228 5614 1403 5669 facere
1429 5615 1614 5670 debuit
1641 5616 1780 5686 quod
1810 5633 1946 5686 prcr-

361 5715 579 5777 eeperat
608 5707 864 5762 Dominus
887 5749 902 5773 ,
934 5707 1021 5761 cui
1067 5715 1192 5761 tunc
1219 5721 1285 5761 eo
1324 5707 1486 5762 modo
1527 5707 1646 5762 illos
1673 5710 1944 5778 corripere

426 5866 439 5896 ί
464 5866 728 5930 peccensis
750 5873 849 5922 \ts.,
869 5861 1088 5913 Ecclesia:
1111 5861 1410 5930 disciplinam
1429 5865 1702 5930 retinemus.
1719 5865 1802 5917 Alii
1820 5875 1906 5918 Mss
1929 5902 1943 5930 ,

361 5926 583 5984 tcclcsia:
609 5928 899 5988 refutamus;
923 5929 1095 5976 omissa
1122 5941 1164 5975 ιί
1180 5942 1256 5987 cc,
1281 5927 1603 5990 discut/imm.

1763 445 1970 504 LIBER
2009 445 2209 505 UNUS.

3525 462 3633 516 670

2043 568 2276 637 placuit,
2305 577 2363 624 ut
2406 569 2535 624 nihil
2581 569 2651 626 ibi
2680 572 3056 627 alimentorum
3090 581 3329 643 tangeret
3370 575 3627 644 propheta

2040 675 2199 728 quem
2228 659 2465 716 miserat.
2503 661 2685 732 Neque
2728 663 2871 717 enim
2917 664 2970 718 in
3003 662 3239 719 Ecclesia
3272 680 3376 720 non
3407 665 3459 720 llt
3497 683 3628 736 quo-

2043 751 2170 806 tidie
2194 791 2209 816 ,
2239 752 2452 822 quando
2491 768 2585 809 eos
2623 769 2757 824 quos
2798 755 2976 809 acrius
3017 755 3336 824 corripimus
3361 797 3376 819 ,
3422 757 3629 813 etiamsi

2043 842 2094 896 in
2121 858 2303 897 eorum
2335 845 2677 914 possessione
2706 859 2910 911 sumus,
2944 845 3074 899 nihil
3107 845 3178 900 ibi
3205 845 3346 916 apud
3375 861 3469 900 eos
3498 863 3630 904 con-

2045 935 2297 1004 tingimus
2319 977 2334 1000 ,
2368 943 2425 989 ut
2447 936 2680 990 sentiant
2705 948 2958 1006 quantum
2986 953 3171 992 eorum
3205 948 3420 1007 peccata
3451 938 3637 993 dolea-

2042 1042 2182 1084 mus.
2221 1025 2487 1096 Numquid
2531 1035 2709 1081 tamen
2757 1027 2881 1083 ideo
2922 1029 3082 1082 etiam
3131 1029 3302 1098 plebis
3341 1029 3588 1083 discissio
3614 1031 3632 1064 ⁸

2045 1118 2283 1173 facienda
2311 1128 2391 1173 est
2416 1160 2431 1182 ,
2459 1128 2517 1173 ut
2546 1119 2684 1173 sicut
2723 1120 2902 1174 mollis
2934 1119 3095 1174 herba
3137 1120 3425 1175 indiscrete
3453 1120 3632 1175 eradi-

2042 1219 2232 1264 ceutur
2258 1209 2451 1264 inlirtni
2473 1252 2490 1277 ,
2517 1211 2605 1283 qui
2637 1211 2706 1265 de
2747 1210 2998 1266 cordibus
3039 1210 3310 1265 hominum
3354 1220 3409 1266 et
3439 1211 3631 1283 igumis

2045 1302 2196 1357 factis
2220 1344 2235 1366 ,
2266 1303 2474 1356 etiamsi
2518 1303 2670 1356 nobis
2696 1303 2803 1357 sint
2833 1303 3041 1372 cognita
3069 1343 3082 1366 ,
3111 1301 3350 1370 judicare
3377 1319 3481 1356 non
3511 1316 3633 1372 pos-

2043 1395 2204 1448 Sunt?
2233 1394 2364 1448 Nam
2393 1394 2445 1448 in
2474 1395 2584 1461 ipsa
2610 1395 2846 1448 Samaria
2869 1404 2926 1449 et
2947 1393 3092 1447 Elias
3121 1403 3174 1446 et
3205 1393 3424 1446 Elismus
3442 1405 3592 1447 erant
3613 1433 3630 1458 ,

2043 1494 2097 1539 et
2127 1486 2170 1540 si
2201 1486 2296 1554 ipsi
2328 1486 2378 1539 in
2408 1485 2692 1540 solitudine
2716 1527 2731 1551 ,
2768 1499 2873 1538 non
2903 1494 3076 1539 tamen
3103 1484 3504 1539 devitandortm't
3543 1501 3599 1539 sa
3619 1515 3634 1526 -

2043 1588 2437 1632 cramentorum
2459 1592 2635 1642 causa,
2661 1577 2754 1632 sed
2778 1577 2897 1646 quia
2923 1576 3347 1646 persecutionem
3367 1577 3434 1630 ab
3457 1566 3634 1646 impiis

2043 1667 2258 1737 regibus
2297 1668 2650 1735 patiebantur.
2693 1666 2825 1722 Nam
2868 1667 2974 1722 illic
3003 1676 3192 1734 erant,
3223 1683 3326 1722 non
3366 1669 3547 1737 tttique
3579 1669 3632 1721 in

2043 1759 2348 1824 solitudine,
2373 1769 2638 1828 separata,
2656 1761 2900 1830 qumipse
2933 1759 3209 1829 ignorabat
3235 1759 3399 1824 Elias,
3427 1770 3630 1830 septem

2043 1851 2208 1904 millia
2240 1851 2471 1904 virorum
2498 1852 2587 1921 qui
2635 1867 2738 1905 non
2785 1861 3140 1905 curvaverant
3180 1867 3315 1918 genu
3355 1863 3478 1903 ante
3507 1851 3630 1907 llaal

2050 1939 2137 2011 (Ill
2158 1939 2283 2009 ch.
2303 1942 2443 2006 six).
2464 1941 2698 2010 Denique
2716 1942 2852 1994 inter
2875 1942 3169 2010 prmeipuos
3191 1949 3403 1993 sanctos
3421 1938 3634 1992 habitus

2045 2031 2259 2086 Samuel
2297 2042 2350 2085 et
2378 2033 2610 2101 graviter
2637 2031 2848 2086 Saulem
2893 2031 3182 2100 corripuit,
3214 2039 3266 2083 et
3295 2044 3414 2082 cum
3455 2043 3520 2083 eo
3556 2035 3634 2082 ta-

2043 2137 2166 2176 men
2191 2125 2258 2177 ad
2285 2121 2614 2177 otl‘erendum
2656 2122 2881 2176 Dumiuo
2911 2122 3230 2175 sacriﬁcium
3262 2122 3376 2174 sine
3407 2135 3634 2175 excusa-

2047 2213 2188 2267 tione
2217 2211 2523 2285 perrexit(l
2549 2213 2672 2284 Reg.
2703 2213 2798 2283 xv)
2821 2231 2832 2265 :
2855 2227 2952 2267 nec
2995 2222 3332 2281 peccatorum
3355 2212 3471 2279 ejus
3499 2227 3630 2265 con-

2047 2307 2256 2374 tagione
2285 2305 2518 2374 pollutus
2558 2314 2660 2370 est,
2689 2305 2781 2359 sed
2813 2305 3030 2360 omnino
3061 2304 3291 2358 mundus
3316 2305 3633 2358 meritorum

2044 2411 2262 2451 suorum
2288 2395 2696 2450 conservatione
2719 2394 3031 2464 permansit.

2116 2486 2203 2542 50.
2244 2484 2348 2541 Sed
2383 2484 2538 2540 istam
2567 2484 2721 2539 nobis
2762 2485 3110 2555 qnacsdonem
3138 2483 3380 2554 quamvis
3405 2483 3629 2540 eviden-
3712 2516 3718 2521 -

2047 2587 2130 2633 ter
2173 2589 2226 2634 et
2272 2579 2324 2633 in
2369 2576 2664 2633 Collatione
2701 2577 2944 2634 etmodo
2987 2578 3157 2632 soluta
3205 2579 3294 2645 sit,
3337 2579 3635 2633 evidentius

2045 2677 2224 2724 tamen
2254 2669 2423 2724 solvat
2446 2670 2690 2738 Aggmus,
2716 2667 2866 2737 cujus
2900 2668 3262 2722 testimonium
3290 2684 3400 2739 pra:
3423 2669 3636 2723 caeteris

2044 2759 2354 2830 elegerunt,
2387 2767 2443 2813 ut
2468 2758 2640 2813 solum
2666 2757 2841 2812 adhuc
2870 2773 2968 2828 pro
2994 2759 3242 2812 omnibus
3278 2759 3499 2826 jactent.
3533 2761 3636 2813 Ar-

2045 2851 2161 2919 guit
2189 2849 2446 2904 Dominus
2476 2864 2571 2918 per
2595 2851 2846 2919 Aggzcum
2885 2848 3199 2918 prophetam
3223 2889 3239 2914 ,
3269 2849 3521 2921 populum
3566 2865 3632 2904 ex

2047 2939 2334 3012 Babylonia
2387 2939 2691 3004 residuum,
2741 2939 2827 2993 ubi
2869 2939 3107 3009 captivus
3150 2940 3463 3004 tenebatur,
3495 2923 3666 3009 quod.

2049 3032 2265 3088 domum
2299 3031 2506 3086 Domini
2551 3031 2908 3102 negligerent,
2939 3040 2992 3087 et
3031 3046 3156 3088 suas
3197 3031 3385 3085 domos
3423 3033 3636 3086 exeole-

2047 3125 2209 3179 rent‘
2235 3141 2250 3190 ;
2282 3134 2335 3178 et
2361 3123 2490 3179 dicit
2532 3134 2812 3194 propterea
2844 3137 2903 3178 se
2934 3125 3083 3192 plaga
3124 3123 3419 3177 sterilitatis
3447 3139 3631 3177 eorum

2049 3217 2375 3287 percussisse
2423 3214 2713 3284 regionem.
2769 3214 2920 3271 Tunc
2957 3213 3252 3268 Zorobabel
3287 3213 3451 3267 Filius
3480 3213 3633 3268 Sala-

2051 3309 2176 3362 ihiel
2198 3350 2212 3371 ,
2245 3289 2305 3362 et
2335 3307 2490 3362 Jesus
2523 3308 2660 3361 ﬁlius
2688 3307 2951 3362 Joscdcch
2997 3307 3245 3362 sacerdos
3290 3323 3512 3377 magnus
3535 3349 3550 3372 ,
3583 3318 3637 3361 et

2049 3399 2224 3453 omnis
2250 3399 2339 3454 ille
2370 3399 2594 3468 pepulus
2623 3397 2877 3452 divinitus
2922 3397 3210 3466 inspiratus
3240 3396 3445 3465 operari
3474 3398 3635 3464 coepit

2049 3489 2101 3543 in
2132 3488 2291 3543 domo
2321 3488 2526 3542 Domini
2561 3489 2654 3543 Dei
2685 3489 2789 3542 sui.
2836 3488 2925 3542 Sic
2955 3489 3096 3543 enim
3143 3489 3327 3542 eadem
3363 3486 3634 3557 Scriptura

2046 3581 2218 3636 dicit:
2255 3580 2320 3634 Et
2360 3581 2616 3634 suscitavit
2659 3579 2907 3634 Dominus
2948 3581 3180 3650 spiritum
3221 3578 3499 3634 Zorobabel
3541 3579 3638 3648 ﬁlii

2048 3673 2302 3730 Salatltiel
2330 3691 2392 3727 ex
2421 3675 2550 3728 tribu
2573 3672 2733 3739 Juda,
2759 3683 2804 3727 et
2835 3672 3088 3744 Spiritum
3112 3671 3236 3726 Jesu
3266 3673 3361 3741 ﬁlii
3384 3671 3633 3726 Josedecli

2045 3767 2322 3820 sacerdotis
2350 3766 2538 3835 magni,
2572 3775 2618 3817 et
2642 3766 2878 3833 spiritum
2902 3765 3218 3817 residuorum
3245 3765 3405 3816 munis
3435 3763 3631 3832 populi,

2048 3866 2094 3909 et
2122 3856 2416 3907 introierunt
2446 3865 2490 3906 et
2518 3855 2768 3922 facicbant
2798 3871 2950 3921 Opera
2979 3855 3029 3906 in
3058 3854 3208 3905 domo
3233 3852 3437 3905 Domini
3477 3855 3639 3906 omni-

2050 3949 2264 4018 potentis
2292 3946 2384 3999 Dei
2413 3948 2511 4009 sui,
2534 3956 2713 4013 quarta
2743 3955 2789 3997 et
2816 3946 3047 3997 vicesima
3073 3945 3253 3996 ineitsis
3280 3945 3427 4009 sexti,
3457 3960 3639 3996 secun-

2049 4041 2114 4094 do
2145 4057 2277 4092 anno
2320 4037 2410 4091 sub
2441 4035 2602 4090 Dario
2649 4053 2782 4107 rege.
2834 4035 2972 4088 Ecce
3007 4045 3067 4115 (et
3105 4033 3219 4087 dies
3265 4045 3320 4088 et
3357 4033 3554 4088 mensis
3581 4043 3636 4088 et

2015 4141 2020 4150 ’
2048 4147 2220 4187 anuus
2245 4131 2266 4162 ⁸
2292 4130 2543 4185 delinitus
2570 4138 2671 4191 est,
2701 4126 2912 4198 quando
2952 4127 3282 4181 intraverunt
3309 4125 3372 4177 ad
3404 4139 3636 4193 aperan-

2049 4226 2176 4281 dum
2207 4225 2257 4280 in
2288 4224 2448 4278 domo
2479 4222 2591 4278 Dei.
2621 4221 2794 4276 Credo
2834 4221 2975 4291 qttod
3011 4219 3084 4273 illi
3114 4219 3232 4280 viri,
3262 4229 3314 4272 et
3346 4219 3430 4273 ille
3462 4234 3634 4287 popu-

2051 4317 2134 4371 lus
2160 4331 2386 4386 operaus
2417 4315 2468 4369 in
2497 4314 2658 4369 domo
2691 4312 2779 4366 Dei
2813 4327 2915 4366 non
2947 4320 3061 4367 erat
3102 4311 3446 4375 immundus;
3494 4325 3632 4379 pra!-

2048 4410 2232 4463 sertim
2276 4408 2396 4476 quia
2442 4406 2650 4460 dixerat
2676 4405 2722 4461 ei
2754 4404 3042 4468 Dominus,
3094 4403 3200 4474 Ego
3243 4401 3536 4466 vobiscum;
3581 4411 3636 4456 et

2049 4499 2397 4553 suscitavcrat
2438 4498 2682 4566 spiritum
2723 4512 2908 4550 eorum
2940 4494 3002 4548 ad
3051 4496 3188 4550 bene
3217 4493 3544 4563 operandum
3580 4495 3630 4547 in

2048 4589 2208 4644 domo
2253 4605 2367 4643 sua.
2418 4588 2655 4656 Denique
2699 4587 2873 4643 videte
2917 4585 3042 4657 quid
3087 4587 3357 4656 sequitur;
3398 4587 3642 4642 contexit”

2048 4681 2190 4736 enim
2221 4679 2410 4734 eadem
2442 4677 2713 4747 Scriptura
2756 4686 2809 4731 et
2845 4676 2973 4731 dicit
3002 4694 3014 4730 :
3049 4675 3276 4746 Septimo
3303 4693 3496 4741 mense,
3531 4693 3636 4730 una

2049 4783 2096 4828 et
2124 4771 2355 4826 vicesima
2382 4771 2584 4834 mensis,
2614 4770 2812 4823 locutus
2839 4777 2908 4822 est
2938 4769 3182 4822 Dominus
3209 4768 3259 4822 in
3286 4786 3438 4822 inanu
3460 4769 3635 4839 Agga’i

2050 4863 2307 4933 propheta:
2331 4861 2501 4914 dicens
2530 4861 2598 4911 ad
2631 4858 2911 4914 Zorobabel
2939 4859 3102 4929 ﬁlium
3128 4859 3382 4914 Salatltiel
3410 4877 3472 4913 ex
3501 4861 3634 4913 tribu

2046 4955 2206 5018 ⁸Ιιιιιιι,
2230 4964 2278 5006 et
2298 4953 2364 5005 ad
2377 4951 2555 5006 Jesum
2583 4949 3006 5014 ﬁliumJosedec/a
3033 4951 3340 5005 sacerdotem
3367 4968 3627 5023 magnum,

2048 5056 2094 5100 et
2120 5047 2188 5099 ad
2214 5062 2408 5099 onmem
2440 5043 2683 5115 populant
2713 5045 2966 5098 residuum
2986 5086 3001 5109 ,
3033 5043 3220 5108 dicens,
3255 5045 3381 5110 Quis
3404 5058 3470 5098 “ea:
3496 5045 3630 5098 vobis

2047 5140 2132 5209 qui
2161 5139 2281 5193 vidit
2309 5139 2512 5192 donmm
2540 5139 2670 5191 hanc
2700 5139 2751 5190 in
2793 5137 3022 5190 claritate
3045 5137 3135 5190 illa
3160 5154 3252 5190 sua
3281 5138 3533 5209 pristina?
3566 5134 3630 5190 Et

2046 5231 2297 5301 quomodo
2324 5229 2500 5283 videtis
2539 5246 2650 5283 eam
2679 5228 2862 5292 modo,
2899 5237 3137 5297 tanquam
3176 5245 3275 5282 non
3317 5229 3380 5280 sit
3421 5229 3472 5281 in
3504 5244 3629 5281 con-

2047 5332 2216 5394 spcctu
2243 5321 2442 5375 vestro?
2473 5319 2538 5373 Et
2569 5336 2701 5374 nunc
2729 5319 2962 5389 prrcvale.
2980 5318 3280 5385 Zarobabel,
3301 5319 3421 5372 dicit
3448 5317 3634 5372 Domi-

2048 5437 2178 5484 nus;
2205 5430 2250 5472 et
2277 5418 2493 5490 pranwle
2511 5460 2524 5482 ,
2548 5417 2673 5472 .Iesu
2703 5418 2779 5485 fili
2803 5415 3050 5469 Josedech
3075 5415 3309 5470 sacerdos
3340 5431 3553 5484 magne;
3585 5420 3634 5468 et

2049 5513 2378 5583 prmvalesce,
2406 5511 2567 5563 omnis
2612 5509 2794 5580 popule
2830 5519 3006 5568 terrm,
3042 5507 3162 5560 dicit
3185 5505 3429 5559 Dominus
3459 5505 3630 5558 omni-

2050 5614 2223 5674 potens
2239 5620 2260 5665 ,°
2289 5613 2334 5656 et
2357 5602 2565 5672 spiritus
2593 5619 2730 5654 meus
2755 5609 2928 5670 prtccst
2963 5602 3012 5653 iu
3040 5599 3202 5653 medio
3230 5607 3459 5652 vestrum.
3487 5595 3632 5653 Bono

2114 5805 2127 5836 ¹
2163 5806 2235 5855 sic
2258 5811 2361 5852 \tss.
2389 5810 2442 5853 At
2462 5810 2557 5851 Am.
2583 5809 2633 5851 et
2652 5808 2783 5856 Ima,
2809 5797 3049 5849 disces‘io.

2112 5867 2130 5896 ¹
2165 5867 2302 5921 Editi,
2325 5863 2624 5914 extollercnt.
2655 5871 2702 5912 At
2731 5870 2856 5918 35s.,
2881 5860 3171 5911 ca‘colerent.

2115 5928 2135 5960 ³
2169 5935 2214 5978 tn
2239 5935 2344 5978 uss.
2371 5927 2532 5990 deest,
2559 5935 2604 5978 ct
2627 5925 2800 5976 mensis
2822 5931 2866 5975 ct
2887 5935 3055 5973 curtus.
