  <div class='ocr_page' id='page_1' title='image "/cluster/home/n/w/nwhite01/storage/ocr_20150623/43/hvd.32044096580659/341.png"; bbox 0 0 4024 6196; ppageno 0'>
   <div class='ocr_carea' id='block_1_1' title="bbox 319 344 2937 424">
    <p class='ocr_par' dir='ltr' id='par_1_1' title="bbox 319 344 2937 424">
     <span class='ocr_line' id='line_1_1' title="bbox 319 344 2937 424; baseline -0.009 -2"><span class='ocrx_word' id='word_1_1' title='bbox 319 370 413 424; x_wconf 78' lang='grc'><strong>671</strong></span> <span class='ocrx_word' id='word_1_2' title='bbox 952 362 1221 417; x_wconf 72' lang='lat' dir='ltr'><strong>CONTRA</strong></span> <span class='ocrx_word' id='word_1_3' title='bbox 1268 354 1686 414; x_wconf 59' lang='lat' dir='ltr'><strong>DONATISTAS</strong></span> <span class='ocrx_word' id='word_1_4' title='bbox 1727 346 1893 403; x_wconf 79' lang='lat' dir='ltr'><strong>l‘UST</strong></span> <span class='ocrx_word' id='word_1_5' title='bbox 1934 345 2432 412; x_wconf 71' lang='lat' dir='ltr'><strong>COLLATIONEM,</strong></span> <span class='ocrx_word' id='word_1_6' title='bbox 2475 348 2531 403; x_wconf 89' lang='lat' dir='ltr'><strong>S.</strong></span> <span class='ocrx_word' id='word_1_7' title='bbox 2573 344 2937 403; x_wconf 76' lang='lat' dir='ltr'><strong>AUGUSTINI</strong></span> 
     </span>
    </p>
   </div>
   <div class='ocr_carea' id='block_1_2' title="bbox 309 466 1889 549">
    <p class='ocr_par' dir='ltr' id='par_1_2' title="bbox 309 466 1889 549">
     <span class='ocr_line' id='line_1_2' title="bbox 309 466 1889 549; baseline -0.014 -14"><span class='ocrx_word' id='word_1_8' title='bbox 309 489 479 535; x_wconf 77' lang='lat' dir='ltr'><strong>(mimo</strong></span> <span class='ocrx_word' id='word_1_9' title='bbox 509 492 679 544; x_wconf 81' lang='lat' dir='ltr'><strong>estote,</strong></span> <span class='ocrx_word' id='word_1_10' title='bbox 711 478 947 549; x_wconf 87' lang='lat' dir='ltr'><strong>quoniam</strong></span> <span class='ocrx_word' id='word_1_11' title='bbox 976 478 1084 530; x_wconf 69' lang='lat' dir='ltr'><strong>hazc</strong></span> <span class='ocrx_word' id='word_1_12' title='bbox 1112 475 1232 527; x_wconf 86' lang='lat' dir='ltr'><strong>dicit</strong></span> <span class='ocrx_word' id='word_1_13' title='bbox 1263 471 1511 525; x_wconf 75' lang='lat' dir='ltr'><strong>Dominus</strong></span> <span class='ocrx_word' id='word_1_14' title='bbox 1539 466 1889 534; x_wconf 84' lang='lat' dir='ltr'><strong>omnipotens:</strong></span> 
     </span>
    </p>
   </div>
   <div class='ocr_carea' id='block_1_3' title="bbox 312 560 1893 634">
    <p class='ocr_par' dir='ltr' id='par_1_3' title="bbox 312 560 1893 634">
     <span class='ocr_line' id='line_1_3' title="bbox 312 560 1893 634; baseline -0.016 -6"><span class='ocrx_word' id='word_1_15' title='bbox 312 574 490 628; x_wconf 75' lang='lat' dir='ltr'><strong>Adhuc</strong></span> <span class='ocrx_word' id='word_1_16' title='bbox 515 574 666 626; x_wconf 86' lang='lat' dir='ltr'><strong>semel</strong></span> <span class='ocrx_word' id='word_1_17' title='bbox 685 610 700 634; x_wconf 85' lang='lat'><strong>,</strong></span> <span class='ocrx_word' id='word_1_18' title='bbox 739 580 784 623; x_wconf 90' lang='lat' dir='ltr'><strong>et</strong></span> <span class='ocrx_word' id='word_1_19' title='bbox 813 566 1127 621; x_wconf 85' lang='lat' dir='ltr'><strong>commovebo</strong></span> <span class='ocrx_word' id='word_1_20' title='bbox 1159 564 1335 617; x_wconf 65' lang='lat' dir='ltr'><strong>caelum</strong></span> <span class='ocrx_word' id='word_1_21' title='bbox 1363 572 1407 615; x_wconf 88' lang='lat' dir='ltr'><strong>et</strong></span> <span class='ocrx_word' id='word_1_22' title='bbox 1438 571 1653 620; x_wconf 88' lang='lat' dir='ltr'><strong>terram,</strong></span> <span class='ocrx_word' id='word_1_23' title='bbox 1682 571 1820 609; x_wconf 90' lang='lat' dir='ltr'><strong>mare</strong></span> <span class='ocrx_word' id='word_1_24' title='bbox 1848 560 1893 605; x_wconf 89' lang='lat' dir='ltr'><strong>et</strong></span> 
     </span>
    </p>
   </div>
   <div class='ocr_carea' id='block_1_4' title="bbox 311 644 1891 727">
    <p class='ocr_par' dir='ltr' id='par_1_4' title="bbox 311 644 1891 727">
     <span class='ocr_line' id='line_1_4' title="bbox 311 644 1891 727; baseline -0.013 -11"><span class='ocrx_word' id='word_1_25' title='bbox 311 666 505 717; x_wconf 84' lang='lat' dir='ltr'><strong>aridam</strong></span> <span class='ocrx_word' id='word_1_26' title='bbox 527 705 541 726; x_wconf 87' lang='lat'><strong>,</strong></span> <span class='ocrx_word' id='word_1_27' title='bbox 573 672 619 715; x_wconf 85' lang='lat' dir='ltr'><strong>et</strong></span> <span class='ocrx_word' id='word_1_28' title='bbox 659 661 939 716; x_wconf 77' lang='lat' dir='ltr'><strong>concutiant</strong></span> <span class='ocrx_word' id='word_1_29' title='bbox 970 674 1139 712; x_wconf 85' lang='lat' dir='ltr'><strong>omnes</strong></span> <span class='ocrx_word' id='word_1_30' title='bbox 1171 665 1337 727; x_wconf 84' lang='lat' dir='ltr'><strong>gentes</strong></span> <span class='ocrx_word' id='word_1_31' title='bbox 1357 695 1369 709; x_wconf 91' lang='lat'><em>.</em></span> <span class='ocrx_word' id='word_1_32' title='bbox 1402 662 1445 705; x_wconf 90' lang='lat' dir='ltr'><strong>et</strong></span> <span class='ocrx_word' id='word_1_33' title='bbox 1488 649 1681 704; x_wconf 84' lang='lat' dir='ltr'><strong>venient</strong></span> <span class='ocrx_word' id='word_1_34' title='bbox 1722 644 1891 698; x_wconf 90' lang='lat' dir='ltr'><strong>omnia</strong></span> 
     </span>
    </p>
   </div>
   <div class='ocr_carea' id='block_1_5' title="bbox 314 738 1892 824">
    <p class='ocr_par' dir='ltr' id='par_1_5' title="bbox 314 738 1892 824">
     <span class='ocr_line' id='line_1_5' title="bbox 314 738 1892 824; baseline -0.012 -15"><span class='ocrx_word' id='word_1_35' title='bbox 314 758 471 809; x_wconf 86' lang='lat' dir='ltr'><strong>electa</strong></span> <span class='ocrx_word' id='word_1_36' title='bbox 500 754 742 824; x_wconf 84' lang='lat' dir='ltr'><strong>gentium,</strong></span> <span class='ocrx_word' id='word_1_37' title='bbox 772 762 817 805; x_wconf 87' lang='lat' dir='ltr'><strong>et</strong></span> <span class='ocrx_word' id='word_1_38' title='bbox 846 750 1062 821; x_wconf 82' lang='lat' dir='ltr'><strong>implebo</strong></span> <span class='ocrx_word' id='word_1_39' title='bbox 1089 749 1294 801; x_wconf 88' lang='lat' dir='ltr'><strong>domum</strong></span> <span class='ocrx_word' id='word_1_40' title='bbox 1322 746 1471 810; x_wconf 88' lang='lat' dir='ltr'><strong>hanc,</strong></span> <span class='ocrx_word' id='word_1_41' title='bbox 1500 744 1618 795; x_wconf 80' lang='lat' dir='ltr'><strong>dicit</strong></span> <span class='ocrx_word' id='word_1_42' title='bbox 1644 738 1892 793; x_wconf 88' lang='lat' dir='ltr'><strong>Dominus</strong></span> 
     </span>
    </p>
   </div>
   <div class='ocr_carea' id='block_1_6' title="bbox 312 832 1891 914">
    <p class='ocr_par' dir='ltr' id='par_1_6' title="bbox 312 832 1891 914">
     <span class='ocr_line' id='line_1_6' title="bbox 312 832 1891 914; baseline -0.011 -15"><span class='ocrx_word' id='word_1_43' title='bbox 312 838 625 914; x_wconf 84' lang='lat' dir='ltr'><strong>onmipotens</strong></span> <span class='ocrx_word' id='word_1_44' title='bbox 654 861 670 898; x_wconf 90' lang='lat'><strong><em>:</em></strong></span> <span class='ocrx_word' id='word_1_45' title='bbox 698 853 749 898; x_wconf 88' lang='lat' dir='ltr'><strong>et</strong></span> <span class='ocrx_word' id='word_1_46' title='bbox 774 851 963 898; x_wconf 80' lang='lat' dir='ltr'><strong>ca-tera</strong></span> <span class='ocrx_word' id='word_1_47' title='bbox 992 857 1109 911; x_wconf 72' lang='lat' dir='ltr'><strong>qua:</strong></span> <span class='ocrx_word' id='word_1_48' title='bbox 1136 837 1355 900; x_wconf 90' lang='lat' dir='ltr'><strong>addidit,</strong></span> <span class='ocrx_word' id='word_1_49' title='bbox 1387 836 1544 889; x_wconf 88' lang='lat' dir='ltr'><strong>etiam</strong></span> <span class='ocrx_word' id='word_1_50' title='bbox 1575 832 1743 885; x_wconf 80' lang='lat' dir='ltr'><strong>futura</strong></span> <span class='ocrx_word' id='word_1_51' title='bbox 1770 843 1891 898; x_wconf 87' lang='lat' dir='ltr'><strong>pro-</strong></span> 
     </span>
    </p>
   </div>
   <div class='ocr_carea' id='block_1_7' title="bbox 313 919 1891 1006">
    <p class='ocr_par' dir='ltr' id='par_1_7' title="bbox 313 919 1891 1006">
     <span class='ocr_line' id='line_1_7' title="bbox 313 919 1891 1006; baseline -0.01 -19"><span class='ocrx_word' id='word_1_52' title='bbox 313 938 573 1006; x_wconf 83' lang='lat' dir='ltr'><strong>phetans;</strong></span> <span class='ocrx_word' id='word_1_53' title='bbox 609 952 724 1005; x_wconf 70' lang='lat' dir='ltr'><strong>qum</strong></span> <span class='ocrx_word' id='word_1_54' title='bbox 749 934 815 988; x_wconf 88' lang='lat' dir='ltr'><strong>de</strong></span> <span class='ocrx_word' id='word_1_55' title='bbox 846 933 1048 987; x_wconf 85' lang='lat' dir='ltr'><strong>Domini</strong></span> <span class='ocrx_word' id='word_1_56' title='bbox 1077 931 1242 984; x_wconf 89' lang='lat' dir='ltr'><strong>nostri</strong></span> <span class='ocrx_word' id='word_1_57' title='bbox 1272 928 1393 982; x_wconf 86' lang='lat' dir='ltr'><strong>Jesu</strong></span> <span class='ocrx_word' id='word_1_58' title='bbox 1415 924 1609 979; x_wconf 88' lang='lat' dir='ltr'><strong>Christi</strong></span> <span class='ocrx_word' id='word_1_59' title='bbox 1641 919 1891 990; x_wconf 82' lang='lat' dir='ltr'><strong>tempori-</strong></span> 
     </span>
    </p>
   </div>
   <div class='ocr_carea' id='block_1_8' title="bbox 314 1013 1891 1095">
    <p class='ocr_par' dir='ltr' id='par_1_8' title="bbox 314 1013 1891 1095">
     <span class='ocr_line' id='line_1_8' title="bbox 314 1013 1891 1095; baseline -0.01 -16"><span class='ocrx_word' id='word_1_60' title='bbox 314 1031 410 1081; x_wconf 87' lang='lat' dir='ltr'><strong>bus</strong></span> <span class='ocrx_word' id='word_1_61' title='bbox 440 1029 633 1081; x_wconf 87' lang='lat' dir='ltr'><strong>rectius</strong></span> <span class='ocrx_word' id='word_1_62' title='bbox 664 1026 878 1095; x_wconf 76' lang='lat' dir='ltr'><strong>intelligi</strong></span> <span class='ocrx_word' id='word_1_63' title='bbox 909 1026 1100 1086; x_wconf 85' lang='lat' dir='ltr'><strong>solent,</strong></span> <span class='ocrx_word' id='word_1_64' title='bbox 1130 1021 1279 1089; x_wconf 86' lang='lat' dir='ltr'><strong>cujus</strong></span> <span class='ocrx_word' id='word_1_65' title='bbox 1309 1019 1533 1089; x_wconf 90' lang='lat' dir='ltr'><strong>populus</strong></span> <span class='ocrx_word' id='word_1_66' title='bbox 1559 1013 1891 1069; x_wconf 57' lang='lat' dir='ltr'><strong>verissimum</strong></span> 
     </span>
    </p>
   </div>
   <div class='ocr_carea' id='block_1_9' title="bbox 312 1101 1893 1181">
    <p class='ocr_par' dir='ltr' id='par_1_9' title="bbox 312 1101 1893 1181">
     <span class='ocr_line' id='line_1_9' title="bbox 312 1101 1893 1181; baseline -0.011 -10"><span class='ocrx_word' id='word_1_67' title='bbox 312 1128 365 1171; x_wconf 91' lang='lat' dir='ltr'><strong>et</strong></span> <span class='ocrx_word' id='word_1_68' title='bbox 406 1117 801 1172; x_wconf 86' lang='lat' dir='ltr'><strong>sanctissimum</strong></span> <span class='ocrx_word' id='word_1_69' title='bbox 851 1124 932 1168; x_wconf 90' lang='lat' dir='ltr'><strong>est</strong></span> <span class='ocrx_word' id='word_1_70' title='bbox 964 1113 1215 1181; x_wconf 91' lang='lat' dir='ltr'><strong>templum</strong></span> <span class='ocrx_word' id='word_1_71' title='bbox 1248 1111 1369 1172; x_wconf 89' lang='lat' dir='ltr'><strong>Dei,</strong></span> <span class='ocrx_word' id='word_1_72' title='bbox 1402 1123 1504 1161; x_wconf 88' lang='lat' dir='ltr'><strong>non</strong></span> <span class='ocrx_word' id='word_1_73' title='bbox 1537 1106 1694 1160; x_wconf 82' lang='lat' dir='ltr'><strong>etiam</strong></span> <span class='ocrx_word' id='word_1_74' title='bbox 1726 1103 1776 1155; x_wconf 91' lang='lat' dir='ltr'><strong>in</strong></span> <span class='ocrx_word' id='word_1_75' title='bbox 1816 1101 1893 1155; x_wconf 85' lang='lat' dir='ltr'><strong>eis</strong></span> 
     </span>
    </p>
   </div>
   <div class='ocr_carea' id='block_1_10' title="bbox 311 1195 1893 1279">
    <p class='ocr_par' dir='ltr' id='par_1_10' title="bbox 311 1195 1893 1279">
     <span class='ocr_line' id='line_1_10' title="bbox 311 1195 1893 1279; baseline -0.013 -15"><span class='ocrx_word' id='word_1_76' title='bbox 311 1211 400 1279; x_wconf 90' lang='lat' dir='ltr'><strong>qui</strong></span> <span class='ocrx_word' id='word_1_77' title='bbox 448 1209 694 1278; x_wconf 92' lang='lat' dir='ltr'><strong>permixti</strong></span> <span class='ocrx_word' id='word_1_78' title='bbox 737 1208 1061 1268; x_wconf 86' lang='lat' dir='ltr'><strong>tolerantur,</strong></span> <span class='ocrx_word' id='word_1_79' title='bbox 1094 1202 1187 1257; x_wconf 89' lang='lat' dir='ltr'><strong>sed</strong></span> <span class='ocrx_word' id='word_1_80' title='bbox 1238 1202 1290 1255; x_wconf 90' lang='lat' dir='ltr'><strong>in</strong></span> <span class='ocrx_word' id='word_1_81' title='bbox 1322 1201 1400 1254; x_wconf 89' lang='lat' dir='ltr'><strong>eis</strong></span> <span class='ocrx_word' id='word_1_82' title='bbox 1444 1198 1571 1251; x_wconf 90' lang='lat' dir='ltr'><strong>solis</strong></span> <span class='ocrx_word' id='word_1_83' title='bbox 1615 1195 1703 1264; x_wconf 87' lang='lat' dir='ltr'><strong>qui</strong></span> <span class='ocrx_word' id='word_1_84' title='bbox 1754 1207 1893 1246; x_wconf 84' lang='lat' dir='ltr'><strong>nunc</strong></span> 
     </span>
    </p>
   </div>
   <div class='ocr_carea' id='block_1_11' title="bbox 317 1289 1891 1359">
    <p class='ocr_par' dir='ltr' id='par_1_11' title="bbox 317 1289 1891 1359">
     <span class='ocr_line' id='line_1_11' title="bbox 317 1289 1891 1359; baseline -0.011 -7"><span class='ocrx_word' id='word_1_85' title='bbox 317 1301 526 1353; x_wconf 88' lang='lat' dir='ltr'><strong>interim</strong></span> <span class='ocrx_word' id='word_1_86' title='bbox 558 1316 585 1350; x_wconf 70' lang='grc' dir='ltr'><strong>ιι</strong></span> <span class='ocrx_word' id='word_1_87' title='bbox 621 1298 814 1351; x_wconf 87' lang='lat' dir='ltr'><strong>talibus</strong></span> <span class='ocrx_word' id='word_1_88' title='bbox 846 1298 978 1349; x_wconf 87' lang='lat' dir='ltr'><strong>bene</strong></span> <span class='ocrx_word' id='word_1_89' title='bbox 1003 1291 1234 1349; x_wconf 75' lang='lat' dir='ltr'><strong>vivendo</strong></span> <span class='ocrx_word' id='word_1_90' title='bbox 1263 1289 1606 1359; x_wconf 81' lang='lat' dir='ltr'><strong>spiritualiter</strong></span> <span class='ocrx_word' id='word_1_91' title='bbox 1636 1299 1891 1353; x_wconf 86' lang='lat' dir='ltr'><strong>separan-</strong></span> 
     </span>
    </p>
   </div>
   <div class='ocr_carea' id='block_1_12' title="bbox 319 1376 1888 1460">
    <p class='ocr_par' dir='ltr' id='par_1_12' title="bbox 319 1376 1888 1460">
     <span class='ocr_line' id='line_1_12' title="bbox 319 1376 1888 1460; baseline -0.011 -16"><span class='ocrx_word' id='word_1_92' title='bbox 319 1405 436 1456; x_wconf 85' lang='lat' dir='ltr'><strong>tur,</strong></span> <span class='ocrx_word' id='word_1_93' title='bbox 486 1399 604 1460; x_wconf 90' lang='lat' dir='ltr'><strong>post</strong></span> <span class='ocrx_word' id='word_1_94' title='bbox 648 1404 774 1443; x_wconf 75' lang='lat' dir='ltr'><strong>vero</strong></span> <span class='ocrx_word' id='word_1_95' title='bbox 818 1389 976 1441; x_wconf 89' lang='lat' dir='ltr'><strong>etiam</strong></span> <span class='ocrx_word' id='word_1_96' title='bbox 1022 1384 1368 1454; x_wconf 92' lang='lat' dir='ltr'><strong>corporaliter</strong></span> <span class='ocrx_word' id='word_1_97' title='bbox 1416 1376 1695 1448; x_wconf 86' lang='lat' dir='ltr'><strong>separandi</strong></span> <span class='ocrx_word' id='word_1_98' title='bbox 1746 1384 1888 1429; x_wconf 89' lang='lat' dir='ltr'><strong>sunt.</strong></span> 
     </span>
    </p>
   </div>
   <div class='ocr_carea' id='block_1_13' title="bbox 326 1470 1894 1546">
    <p class='ocr_par' dir='ltr' id='par_1_13' title="bbox 326 1470 1894 1546">
     <span class='ocr_line' id='line_1_13' title="bbox 326 1470 1894 1546; baseline -0.011 -13"><span class='ocrx_word' id='word_1_99' title='bbox 326 1487 698 1537; x_wconf 71' lang='lat' dir='ltr'><strong>Verumtamen</strong></span> <span class='ocrx_word' id='word_1_100' title='bbox 731 1480 874 1532; x_wconf 90' lang='lat' dir='ltr'><strong>illum</strong></span> <span class='ocrx_word' id='word_1_101' title='bbox 908 1478 1178 1546; x_wconf 80' lang='lat' dir='ltr'><strong>populum,</strong></span> <span class='ocrx_word' id='word_1_102' title='bbox 1212 1474 1293 1527; x_wconf 92' lang='lat' dir='ltr'><strong>eui</strong></span> <span class='ocrx_word' id='word_1_103' title='bbox 1328 1470 1601 1541; x_wconf 81' lang='lat' dir='ltr'><strong>prephetia</strong></span> <span class='ocrx_word' id='word_1_104' title='bbox 1632 1470 1728 1521; x_wconf 88' lang='lat' dir='ltr'><strong>ista</strong></span> <span class='ocrx_word' id='word_1_105' title='bbox 1760 1482 1894 1536; x_wconf 71' lang='lat' dir='ltr'><strong>prze-</strong></span> 
     </span>
    </p>
   </div>
   <div class='ocr_carea' id='block_1_14' title="bbox 321 1559 1891 1638">
    <p class='ocr_par' dir='ltr' id='par_1_14' title="bbox 321 1559 1891 1638">
     <span class='ocr_line' id='line_1_14' title="bbox 321 1559 1891 1638; baseline -0.011 -11"><span class='ocrx_word' id='word_1_106' title='bbox 321 1576 556 1627; x_wconf 88' lang='lat' dir='ltr'><strong>nuntiata</strong></span> <span class='ocrx_word' id='word_1_107' title='bbox 603 1580 703 1635; x_wconf 89' lang='lat' dir='ltr'><strong>est,</strong></span> <span class='ocrx_word' id='word_1_108' title='bbox 751 1579 801 1622; x_wconf 89' lang='lat' dir='ltr'><strong>et</strong></span> <span class='ocrx_word' id='word_1_109' title='bbox 848 1568 936 1638; x_wconf 90' lang='lat' dir='ltr'><strong>qui</strong></span> <span class='ocrx_word' id='word_1_110' title='bbox 980 1579 1103 1621; x_wconf 84' lang='lat' dir='ltr'><strong>lllllC</strong></span> <span class='ocrx_word' id='word_1_111' title='bbox 1146 1564 1463 1634; x_wconf 87' lang='lat' dir='ltr'><strong>Operabatur</strong></span> <span class='ocrx_word' id='word_1_112' title='bbox 1503 1562 1552 1614; x_wconf 91' lang='lat' dir='ltr'><strong>in</strong></span> <span class='ocrx_word' id='word_1_113' title='bbox 1586 1560 1743 1613; x_wconf 82' lang='lat' dir='ltr'><strong>domo</strong></span> <span class='ocrx_word' id='word_1_114' title='bbox 1778 1559 1891 1618; x_wconf 80' lang='lat' dir='ltr'><strong>Dei,</strong></span> 
     </span>
    </p>
   </div>
   <div class='ocr_carea' id='block_1_15' title="bbox 320 1650 1897 1725">
    <p class='ocr_par' dir='ltr' id='par_1_15' title="bbox 320 1650 1897 1725">
     <span class='ocr_line' id='line_1_15' title="bbox 320 1650 1897 1725; baseline -0.011 -8"><span class='ocrx_word' id='word_1_115' title='bbox 320 1667 407 1719; x_wconf 89' lang='lat' dir='ltr'><strong>ubi</strong></span> <span class='ocrx_word' id='word_1_116' title='bbox 438 1672 591 1719; x_wconf 87' lang='lat' dir='ltr'><strong>erant</strong></span> <span class='ocrx_word' id='word_1_117' title='bbox 632 1674 684 1716; x_wconf 90' lang='lat' dir='ltr'><strong>et</strong></span> <span class='ocrx_word' id='word_1_118' title='bbox 729 1662 800 1715; x_wconf 88' lang='lat' dir='ltr'><strong>illi</strong></span> <span class='ocrx_word' id='word_1_119' title='bbox 833 1662 958 1725; x_wconf 91' lang='lat' dir='ltr'><strong>duo,</strong></span> <span class='ocrx_word' id='word_1_120' title='bbox 1005 1655 1299 1711; x_wconf 83' lang='lat' dir='ltr'><strong>Zorobabel</strong></span> <span class='ocrx_word' id='word_1_121' title='bbox 1351 1654 1487 1707; x_wconf 79' lang='lat' dir='ltr'><strong>[ilius</strong></span> <span class='ocrx_word' id='word_1_122' title='bbox 1534 1650 1804 1713; x_wconf 84' lang='lat' dir='ltr'><strong>Salathiel,</strong></span> <span class='ocrx_word' id='word_1_123' title='bbox 1844 1657 1897 1701; x_wconf 87' lang='lat' dir='ltr'><strong>et</strong></span> 
     </span>
    </p>
   </div>
   <div class='ocr_carea' id='block_1_16' title="bbox 319 1745 1899 1819">
    <p class='ocr_par' dir='ltr' id='par_1_16' title="bbox 319 1745 1899 1819">
     <span class='ocr_line' id='line_1_16' title="bbox 319 1745 1899 1819; baseline -0.013 -7"><span class='ocrx_word' id='word_1_124' title='bbox 319 1759 474 1812; x_wconf 86' lang='lat' dir='ltr'><strong>.lesus</strong></span> <span class='ocrx_word' id='word_1_125' title='bbox 520 1756 655 1809; x_wconf 84' lang='lat' dir='ltr'><strong>ﬁlius</strong></span> <span class='ocrx_word' id='word_1_126' title='bbox 704 1751 962 1808; x_wconf 85' lang='lat' dir='ltr'><strong>Josedeeh</strong></span> <span class='ocrx_word' id='word_1_127' title='bbox 990 1793 1003 1814; x_wconf 89' lang='lat'><strong>,</strong></span> <span class='ocrx_word' id='word_1_128' title='bbox 1055 1746 1322 1819; x_wconf 90' lang='lat' dir='ltr'><strong>quomodo</strong></span> <span class='ocrx_word' id='word_1_129' title='bbox 1366 1746 1434 1799; x_wconf 91' lang='lat' dir='ltr'><strong>sit</strong></span> <span class='ocrx_word' id='word_1_130' title='bbox 1483 1745 1799 1798; x_wconf 76' lang='lat' dir='ltr'><strong>exhortatus</strong></span> <span class='ocrx_word' id='word_1_131' title='bbox 1844 1748 1899 1793; x_wconf 86' lang='lat' dir='ltr'><strong>et</strong></span> 
     </span>
    </p>
   </div>
   <div class='ocr_carea' id='block_1_17' title="bbox 320 1828 1899 1905">
    <p class='ocr_par' dir='ltr' id='par_1_17' title="bbox 320 1828 1899 1905">
     <span class='ocr_line' id='line_1_17' title="bbox 320 1828 1899 1905; baseline -0.011 -8"><span class='ocrx_word' id='word_1_132' title='bbox 320 1845 720 1901; x_wconf 67' lang='lat' dir='ltr'><strong>eomtm&#39;ndatns</strong></span> <span class='ocrx_word' id='word_1_133' title='bbox 751 1858 777 1895; x_wconf 88' lang='lat' dir='ltr'><strong>a</strong></span> <span class='ocrx_word' id='word_1_134' title='bbox 809 1842 1033 1895; x_wconf 88' lang='lat' dir='ltr'><strong>Domino</strong></span> <span class='ocrx_word' id='word_1_135' title='bbox 1055 1882 1068 1905; x_wconf 89' lang='lat'><strong>,</strong></span> <span class='ocrx_word' id='word_1_136' title='bbox 1097 1839 1226 1892; x_wconf 87' lang='lat' dir='ltr'><strong>satis</strong></span> <span class='ocrx_word' id='word_1_137' title='bbox 1252 1837 1301 1889; x_wconf 91' lang='lat' dir='ltr'><strong>in</strong></span> <span class='ocrx_word' id='word_1_138' title='bbox 1334 1842 1581 1905; x_wconf 90' lang='lat' dir='ltr'><strong>promptu</strong></span> <span class='ocrx_word' id='word_1_139' title='bbox 1609 1842 1689 1885; x_wconf 61' lang='lat' dir='ltr'><strong>est</strong></span> <span class='ocrx_word' id='word_1_140' title='bbox 1719 1828 1899 1883; x_wconf 79' lang='lat' dir='ltr'><strong>videre</strong></span> 
     </span>
    </p>
   </div>
   <div class='ocr_carea' id='block_1_18' title="bbox 324 1918 1900 2000">
    <p class='ocr_par' dir='ltr' id='par_1_18' title="bbox 324 1918 1900 2000">
     <span class='ocr_line' id='line_1_18' title="bbox 324 1918 1900 2000; baseline -0.01 -12"><span class='ocrx_word' id='word_1_141' title='bbox 324 1940 371 1990; x_wconf 83' lang='lat' dir='ltr'><strong>in</strong></span> <span class='ocrx_word' id='word_1_142' title='bbox 408 1936 487 1991; x_wconf 83' lang='lat' dir='ltr'><strong>Itis</strong></span> <span class='ocrx_word' id='word_1_143' title='bbox 510 1935 683 1987; x_wconf 80' lang='lat' dir='ltr'><strong>verbis</strong></span> <span class='ocrx_word' id='word_1_144' title='bbox 712 1932 1012 2000; x_wconf 65' lang='lat' dir='ltr'><strong>PrOphetat,</strong></span> <span class='ocrx_word' id='word_1_145' title='bbox 1042 1946 1159 1999; x_wconf 69' lang='lat' dir='ltr'><strong>qua:</strong></span> <span class='ocrx_word' id='word_1_146' title='bbox 1188 1928 1324 1982; x_wconf 83' lang='lat' dir='ltr'><strong>sicut</strong></span> <span class='ocrx_word' id='word_1_147' title='bbox 1348 1926 1487 1979; x_wconf 78' lang='lat' dir='ltr'><strong>dicta</strong></span> <span class='ocrx_word' id='word_1_148' title='bbox 1511 1932 1651 1983; x_wconf 89' lang='lat' dir='ltr'><strong>sunt,</strong></span> <span class='ocrx_word' id='word_1_149' title='bbox 1676 1918 1900 1976; x_wconf 85' lang='lat' dir='ltr'><strong>inserui-</strong></span> 
     </span>
    </p>
   </div>
   <div class='ocr_carea' id='block_1_19' title="bbox 322 2012 1898 2098">
    <p class='ocr_par' dir='ltr' id='par_1_19' title="bbox 322 2012 1898 2098">
     <span class='ocr_line' id='line_1_19' title="bbox 322 2012 1898 2098; baseline -0.011 -17"><span class='ocrx_word' id='word_1_150' title='bbox 322 2042 455 2081; x_wconf 89' lang='lat' dir='ltr'><strong>mus.</strong></span> <span class='ocrx_word' id='word_1_151' title='bbox 493 2024 878 2098; x_wconf 78' lang='lat' dir='ltr'><strong>Numquidnam</strong></span> <span class='ocrx_word' id='word_1_152' title='bbox 910 2038 1037 2091; x_wconf 80' lang='lat' dir='ltr'><strong>ergo</strong></span> <span class='ocrx_word' id='word_1_153' title='bbox 1084 2021 1239 2073; x_wconf 88' lang='lat' dir='ltr'><strong>istum</strong></span> <span class='ocrx_word' id='word_1_154' title='bbox 1286 2018 1535 2086; x_wconf 86' lang='lat' dir='ltr'><strong>populum</strong></span> <span class='ocrx_word' id='word_1_155' title='bbox 1570 2012 1898 2066; x_wconf 84' lang='lat' dir='ltr'><strong>immundum</strong></span> 
     </span>
    </p>
   </div>
   <div class='ocr_carea' id='block_1_20' title="bbox 324 2108 1903 2188">
    <p class='ocr_par' dir='ltr' id='par_1_20' title="bbox 324 2108 1903 2188">
     <span class='ocr_line' id='line_1_20' title="bbox 324 2108 1903 2188; baseline -0.009 -14"><span class='ocrx_word' id='word_1_156' title='bbox 324 2135 605 2188; x_wconf 76' lang='lat' dir='ltr'><strong>possumus</strong></span> <span class='ocrx_word' id='word_1_157' title='bbox 632 2120 830 2180; x_wconf 89' lang='lat' dir='ltr'><strong>dicere,</strong></span> <span class='ocrx_word' id='word_1_158' title='bbox 856 2117 920 2169; x_wconf 91' lang='lat' dir='ltr'><strong>ad</strong></span> <span class='ocrx_word' id='word_1_159' title='bbox 948 2131 1103 2185; x_wconf 85' lang='lat' dir='ltr'><strong>quem</strong></span> <span class='ocrx_word' id='word_1_160' title='bbox 1134 2115 1174 2166; x_wconf 92' lang='lat' dir='ltr'><strong>si</strong></span> <span class='ocrx_word' id='word_1_161' title='bbox 1207 2113 1325 2183; x_wconf 84' lang='lat' dir='ltr'><strong>quis</strong></span> <span class='ocrx_word' id='word_1_162' title='bbox 1348 2111 1634 2165; x_wconf 83' lang='lat' dir='ltr'><strong>accesserit</strong></span> <span class='ocrx_word' id='word_1_163' title='bbox 1662 2108 1903 2177; x_wconf 83' lang='lat' dir='ltr'><strong>inquina-</strong></span> 
     </span>
    </p>
   </div>
   <div class='ocr_carea' id='block_1_21' title="bbox 326 2197 1899 2280">
    <p class='ocr_par' dir='ltr' id='par_1_21' title="bbox 326 2197 1899 2280">
     <span class='ocr_line' id='line_1_21' title="bbox 326 2197 1899 2280; baseline -0.01 -15"><span class='ocrx_word' id='word_1_164' title='bbox 326 2214 483 2277; x_wconf 86' lang='lat' dir='ltr'><strong>bitur,</strong></span> <span class='ocrx_word' id='word_1_165' title='bbox 509 2213 589 2265; x_wconf 90' lang='lat' dir='ltr'><strong>cui</strong></span> <span class='ocrx_word' id='word_1_166' title='bbox 625 2212 815 2280; x_wconf 80' lang='lat' dir='ltr'><strong>pupnlo</strong></span> <span class='ocrx_word' id='word_1_167' title='bbox 846 2209 1057 2271; x_wconf 90' lang='lat' dir='ltr'><strong>dicitur,</strong></span> <span class='ocrx_word' id='word_1_168' title='bbox 1090 2207 1153 2259; x_wconf 76' lang='lat' dir='ltr'><strong>Et</strong></span> <span class='ocrx_word' id='word_1_169' title='bbox 1183 2222 1315 2257; x_wconf 87' lang='lat' dir='ltr'><strong>nunc</strong></span> <span class='ocrx_word' id='word_1_170' title='bbox 1342 2201 1577 2272; x_wconf 71' lang='lat' dir='ltr'><strong>prtevale,</strong></span> <span class='ocrx_word' id='word_1_171' title='bbox 1602 2197 1899 2263; x_wconf 87' lang='lat' dir='ltr'><strong>Zorobabcl,</strong></span> 
     </span>
    </p>
   </div>
   <div class='ocr_carea' id='block_1_22' title="bbox 324 2290 1902 2367">
    <p class='ocr_par' dir='ltr' id='par_1_22' title="bbox 324 2290 1902 2367">
     <span class='ocr_line' id='line_1_22' title="bbox 324 2290 1902 2367; baseline -0.009 -13"><span class='ocrx_word' id='word_1_172' title='bbox 324 2304 442 2355; x_wconf 75' lang='lat' dir='ltr'><strong>dicit</strong></span> <span class='ocrx_word' id='word_1_173' title='bbox 478 2302 758 2366; x_wconf 77' lang='lat' dir='ltr'><strong>Dominus;</strong></span> <span class='ocrx_word' id='word_1_174' title='bbox 788 2309 832 2353; x_wconf 89' lang='lat' dir='ltr'><strong>el</strong></span> <span class='ocrx_word' id='word_1_175' title='bbox 864 2298 1079 2367; x_wconf 51' lang='lat' dir='ltr'><strong>prarvale</strong></span> <span class='ocrx_word' id='word_1_176' title='bbox 1097 2339 1112 2362; x_wconf 90' lang='lat'><strong>,</strong></span> <span class='ocrx_word' id='word_1_177' title='bbox 1141 2294 1265 2349; x_wconf 84' lang='lat' dir='ltr'><strong>Jcsu</strong></span> <span class='ocrx_word' id='word_1_178' title='bbox 1295 2295 1370 2363; x_wconf 78' lang='lat' dir='ltr'><strong>[ili</strong></span> <span class='ocrx_word' id='word_1_179' title='bbox 1397 2291 1643 2346; x_wconf 68' lang='lat' dir='ltr'><strong>Iosedech</strong></span> <span class='ocrx_word' id='word_1_180' title='bbox 1671 2290 1902 2345; x_wconf 76' lang='lat' dir='ltr'><strong>sacerdos</strong></span> 
     </span>
    </p>
   </div>
   <div class='ocr_carea' id='block_1_23' title="bbox 324 2378 1902 2468">
    <p class='ocr_par' dir='ltr' id='par_1_23' title="bbox 324 2378 1902 2468">
     <span class='ocr_line' id='line_1_23' title="bbox 324 2378 1902 2468; baseline -0.01 -20"><span class='ocrx_word' id='word_1_181' title='bbox 324 2411 537 2466; x_wconf 86' lang='lat' dir='ltr'><strong>magne;</strong></span> <span class='ocrx_word' id='word_1_182' title='bbox 577 2404 621 2447; x_wconf 86' lang='lat' dir='ltr'><strong>et</strong></span> <span class='ocrx_word' id='word_1_183' title='bbox 660 2393 987 2468; x_wconf 68' lang='lat' dir='ltr'><strong>prteealesce,</strong></span> <span class='ocrx_word' id='word_1_184' title='bbox 1018 2389 1177 2440; x_wconf 87' lang='lat' dir='ltr'><strong>omnis</strong></span> <span class='ocrx_word' id='word_1_185' title='bbox 1208 2386 1391 2457; x_wconf 86' lang='lat' dir='ltr'><strong>popule</strong></span> <span class='ocrx_word' id='word_1_186' title='bbox 1436 2394 1613 2444; x_wconf 65' lang='lat' dir='ltr'><strong>terrae,</strong></span> <span class='ocrx_word' id='word_1_187' title='bbox 1646 2380 1765 2434; x_wconf 82' lang='lat' dir='ltr'><strong><em>dicit</em></strong></span> <span class='ocrx_word' id='word_1_188' title='bbox 1799 2378 1902 2432; x_wconf 81' lang='lat' dir='ltr'><strong>Do-</strong></span> 
     </span>
    </p>
   </div>
   <div class='ocr_carea' id='block_1_24' title="bbox 325 2470 1903 2552">
    <p class='ocr_par' dir='ltr' id='par_1_24' title="bbox 325 2470 1903 2552">
     <span class='ocr_line' id='line_1_24' title="bbox 325 2470 1903 2552; baseline -0.01 -14"><span class='ocrx_word' id='word_1_189' title='bbox 325 2488 488 2539; x_wconf 82' lang='lat' dir='ltr'><strong>minus</strong></span> <span class='ocrx_word' id='word_1_190' title='bbox 529 2485 879 2552; x_wconf 81' lang='lat' dir='ltr'><strong>omnipotens;</strong></span> <span class='ocrx_word' id='word_1_191' title='bbox 925 2495 968 2533; x_wconf 88' lang='lat' dir='ltr'><strong>et</strong></span> <span class='ocrx_word' id='word_1_192' title='bbox 1012 2480 1216 2549; x_wconf 81' lang='lat' dir='ltr'><strong>spiritus</strong></span> <span class='ocrx_word' id='word_1_193' title='bbox 1260 2493 1395 2528; x_wconf 87' lang='lat' dir='ltr'><strong>meus</strong></span> <span class='ocrx_word' id='word_1_194' title='bbox 1439 2483 1619 2545; x_wconf 76' lang='lat' dir='ltr'><strong>prmest</strong></span> <span class='ocrx_word' id='word_1_195' title='bbox 1658 2472 1708 2525; x_wconf 92' lang='lat' dir='ltr'><strong>in</strong></span> <span class='ocrx_word' id='word_1_196' title='bbox 1741 2470 1903 2523; x_wconf 85' lang='lat' dir='ltr'><strong>medio</strong></span> 
     </span>
    </p>
   </div>
   <div class='ocr_carea' id='block_1_25' title="bbox 326 2565 1903 2641">
    <p class='ocr_par' dir='ltr' id='par_1_25' title="bbox 326 2565 1903 2641">
     <span class='ocr_line' id='line_1_25' title="bbox 326 2565 1903 2641; baseline -0.008 -14"><span class='ocrx_word' id='word_1_197' title='bbox 326 2586 539 2629; x_wconf 69' lang='lat' dir='ltr'><strong>vestrum</strong></span> <span class='ocrx_word' id='word_1_198' title='bbox 562 2575 587 2626; x_wconf 73' lang='grc' dir='ltr'><strong>ζ)</strong></span> <span class='ocrx_word' id='word_1_199' title='bbox 634 2574 763 2641; x_wconf 85' lang='lat' dir='ltr'><strong>Quis</strong></span> <span class='ocrx_word' id='word_1_200' title='bbox 791 2570 1222 2625; x_wconf 89' lang='lat' dir='ltr'><strong>dementissimus</strong></span> <span class='ocrx_word' id='word_1_201' title='bbox 1250 2566 1442 2619; x_wconf 89' lang='lat' dir='ltr'><strong>dixerit</strong></span> <span class='ocrx_word' id='word_1_202' title='bbox 1472 2565 1628 2617; x_wconf 80' lang='lat' dir='ltr'><strong>istum</strong></span> <span class='ocrx_word' id='word_1_203' title='bbox 1661 2577 1779 2616; x_wconf 85' lang='lat' dir='ltr'><strong>esse</strong></span> <span class='ocrx_word' id='word_1_204' title='bbox 1808 2575 1903 2629; x_wconf 90' lang='lat' dir='ltr'><strong>po-</strong></span> 
     </span>
    </p>
   </div>
   <div class='ocr_carea' id='block_1_26' title="bbox 330 2652 1815 2739">
    <p class='ocr_par' dir='ltr' id='par_1_26' title="bbox 330 2652 1815 2739">
     <span class='ocr_line' id='line_1_26' title="bbox 330 2652 1815 2739; baseline -0.009 -21"><span class='ocrx_word' id='word_1_205' title='bbox 330 2669 533 2739; x_wconf 89' lang='lat' dir='ltr'><strong>pulum,</strong></span> <span class='ocrx_word' id='word_1_206' title='bbox 564 2667 628 2720; x_wconf 90' lang='lat' dir='ltr'><strong>ad</strong></span> <span class='ocrx_word' id='word_1_207' title='bbox 659 2681 815 2736; x_wconf 84' lang='lat' dir='ltr'><strong>quem</strong></span> <span class='ocrx_word' id='word_1_208' title='bbox 843 2664 886 2718; x_wconf 86' lang='lat' dir='ltr'><strong>si</strong></span> <span class='ocrx_word' id='word_1_209' title='bbox 914 2663 1032 2733; x_wconf 89' lang='lat' dir='ltr'><strong>quis</strong></span> <span class='ocrx_word' id='word_1_210' title='bbox 1055 2658 1361 2722; x_wconf 87' lang='lat' dir='ltr'><strong>accesserit,</strong></span> <span class='ocrx_word' id='word_1_211' title='bbox 1392 2652 1815 2726; x_wconf 88' lang='lat' dir='ltr'><strong>iniquinabitur?</strong></span> 
     </span>
    </p>
   </div>
   <div class='ocr_carea' id='block_1_27' title="bbox 399 2744 1904 2825">
    <p class='ocr_par' dir='ltr' id='par_1_27' title="bbox 399 2744 1904 2825">
     <span class='ocr_line' id='line_1_27' title="bbox 399 2744 1904 2825; baseline -0.012 -11"><span class='ocrx_word' id='word_1_212' title='bbox 399 2760 487 2814; x_wconf 79' lang='lat' dir='ltr'><strong>5i.</strong></span> <span class='ocrx_word' id='word_1_213' title='bbox 530 2757 675 2811; x_wconf 82' lang='lat' dir='ltr'><strong>Nunc</strong></span> <span class='ocrx_word' id='word_1_214' title='bbox 718 2770 845 2825; x_wconf 81' lang='lat' dir='ltr'><strong>ergo</strong></span> <span class='ocrx_word' id='word_1_215' title='bbox 884 2753 1137 2807; x_wconf 89' lang='lat' dir='ltr'><strong>attendite</strong></span> <span class='ocrx_word' id='word_1_216' title='bbox 1181 2750 1305 2821; x_wconf 86' lang='lat' dir='ltr'><strong>quid</strong></span> <span class='ocrx_word' id='word_1_217' title='bbox 1340 2757 1456 2817; x_wconf 91' lang='lat' dir='ltr'><strong>post</strong></span> <span class='ocrx_word' id='word_1_218' title='bbox 1503 2747 1643 2800; x_wconf 86' lang='lat' dir='ltr'><strong>illam</strong></span> <span class='ocrx_word' id='word_1_219' title='bbox 1674 2744 1904 2815; x_wconf 86' lang='lat' dir='ltr'><strong>prophe-</strong></span> 
     </span>
    </p>
   </div>
   <div class='ocr_carea' id='block_1_28' title="bbox 328 2838 1907 2919">
    <p class='ocr_par' dir='ltr' id='par_1_28' title="bbox 328 2838 1907 2919">
     <span class='ocr_line' id='line_1_28' title="bbox 328 2838 1907 2919; baseline -0.009 -16"><span class='ocrx_word' id='word_1_220' title='bbox 328 2854 479 2913; x_wconf 87' lang='lat' dir='ltr'><strong>tiam,</strong></span> <span class='ocrx_word' id='word_1_221' title='bbox 506 2866 623 2919; x_wconf 80' lang='lat' dir='ltr'><strong>qua:</strong></span> <span class='ocrx_word' id='word_1_222' title='bbox 650 2848 773 2903; x_wconf 86' lang='lat' dir='ltr'><strong><em>huic</em></strong></span> <span class='ocrx_word' id='word_1_223' title='bbox 804 2846 999 2918; x_wconf 86' lang='lat' dir='ltr'><strong>populo</strong></span> <span class='ocrx_word' id='word_1_224' title='bbox 1028 2844 1094 2898; x_wconf 92' lang='lat' dir='ltr'><strong>de</strong></span> <span class='ocrx_word' id='word_1_225' title='bbox 1119 2842 1315 2897; x_wconf 85' lang='lat' dir='ltr'><strong>Christi</strong></span> <span class='ocrx_word' id='word_1_226' title='bbox 1348 2838 1674 2907; x_wconf 84' lang='lat' dir='ltr'><strong>temporibus</strong></span> <span class='ocrx_word' id='word_1_227' title='bbox 1704 2852 1907 2890; x_wconf 89' lang='lat' dir='ltr'><strong>annun-</strong></span> 
     </span>
    </p>
   </div>
   <div class='ocr_carea' id='block_1_29' title="bbox 328 2928 1908 3009">
    <p class='ocr_par' dir='ltr' id='par_1_29' title="bbox 328 2928 1908 3009">
     <span class='ocr_line' id='line_1_29' title="bbox 328 2928 1908 3009; baseline -0.01 -14"><span class='ocrx_word' id='word_1_228' title='bbox 328 2944 449 2996; x_wconf 88' lang='lat' dir='ltr'><strong>tiata</strong></span> <span class='ocrx_word' id='word_1_229' title='bbox 494 2950 609 3003; x_wconf 87' lang='lat' dir='ltr'><strong>est,</strong></span> <span class='ocrx_word' id='word_1_230' title='bbox 653 2946 1039 3009; x_wconf 80' lang='lat' dir='ltr'><strong>consequenter</strong></span> <span class='ocrx_word' id='word_1_231' title='bbox 1085 2935 1356 3003; x_wconf 79' lang='lat' dir='ltr'><strong>Scriptura</strong></span> <span class='ocrx_word' id='word_1_232' title='bbox 1401 2939 1671 2986; x_wconf 86' lang='lat' dir='ltr'><strong>conlexal.</strong></span> <span class='ocrx_word' id='word_1_233' title='bbox 1715 2928 1908 2993; x_wconf 84' lang='lat' dir='ltr'><strong>Quarta</strong></span> 
     </span>
    </p>
   </div>
   <div class='ocr_carea' id='block_1_30' title="bbox 327 3019 1905 3089">
    <p class='ocr_par' dir='ltr' id='par_1_30' title="bbox 327 3019 1905 3089">
     <span class='ocr_line' id='line_1_30' title="bbox 327 3019 1905 3089; baseline -0.009 -4"><span class='ocrx_word' id='word_1_234' title='bbox 327 3045 371 3085; x_wconf 74' lang='lat' dir='ltr'><strong>et</strong></span> <span class='ocrx_word' id='word_1_235' title='bbox 411 3033 643 3085; x_wconf 82' lang='lat' dir='ltr'><strong>vicesima</strong></span> <span class='ocrx_word' id='word_1_236' title='bbox 668 3030 787 3084; x_wconf 87' lang='lat' dir='ltr'><strong>noni</strong></span> <span class='ocrx_word' id='word_1_237' title='bbox 828 3029 1010 3081; x_wconf 83' lang='lat' dir='ltr'><strong>mensis</strong></span> <span class='ocrx_word' id='word_1_238' title='bbox 1047 3042 1180 3078; x_wconf 90' lang='lat' dir='ltr'><strong>anno</strong></span> <span class='ocrx_word' id='word_1_239' title='bbox 1219 3023 1438 3077; x_wconf 88' lang='lat' dir='ltr'><strong>secundo</strong></span> <span class='ocrx_word' id='word_1_240' title='bbox 1467 3023 1556 3075; x_wconf 85' lang='lat' dir='ltr'><strong>sub</strong></span> <span class='ocrx_word' id='word_1_241' title='bbox 1584 3019 1743 3072; x_wconf 89' lang='lat' dir='ltr'><strong>Dario</strong></span> <span class='ocrx_word' id='word_1_242' title='bbox 1772 3035 1905 3089; x_wconf 84' lang='lat' dir='ltr'><strong>rege,</strong></span> 
     </span>
    </p>
   </div>
   <div class='ocr_carea' id='block_1_31' title="bbox 329 3112 1905 3195">
    <p class='ocr_par' dir='ltr' id='par_1_31' title="bbox 329 3112 1905 3195">
     <span class='ocr_line' id='line_1_31' title="bbox 329 3112 1905 3195; baseline -0.01 -18"><span class='ocrx_word' id='word_1_243' title='bbox 329 3131 520 3195; x_wconf 76' lang='lat' dir='ltr'><strong>factum</strong></span> <span class='ocrx_word' id='word_1_244' title='bbox 568 3132 637 3177; x_wconf 89' lang='lat' dir='ltr'><strong>est</strong></span> <span class='ocrx_word' id='word_1_245' title='bbox 685 3123 883 3175; x_wconf 84' lang='lat' dir='ltr'><strong>verbum</strong></span> <span class='ocrx_word' id='word_1_246' title='bbox 933 3119 1138 3171; x_wconf 82' lang='lat' dir='ltr'><strong>Domini</strong></span> <span class='ocrx_word' id='word_1_247' title='bbox 1186 3117 1253 3169; x_wconf 85' lang='lat' dir='ltr'><strong>ad</strong></span> <span class='ocrx_word' id='word_1_248' title='bbox 1298 3116 1539 3185; x_wconf 75' lang='lat' dir='ltr'><strong>Aggteum</strong></span> <span class='ocrx_word' id='word_1_249' title='bbox 1589 3112 1905 3181; x_wconf 86' lang='lat' dir='ltr'><strong>praphetam,</strong></span> 
     </span>
    </p>
   </div>
   <div class='ocr_carea' id='block_1_32' title="bbox 330 3203 1910 3277">
    <p class='ocr_par' dir='ltr' id='par_1_32' title="bbox 330 3203 1910 3277">
     <span class='ocr_line' id='line_1_32' title="bbox 330 3203 1910 3277; baseline -0.009 -8"><span class='ocrx_word' id='word_1_250' title='bbox 330 3220 500 3271; x_wconf 89' lang='lat' dir='ltr'><strong>dicens</strong></span> <span class='ocrx_word' id='word_1_251' title='bbox 541 3232 559 3269; x_wconf 89' lang='lat'><em>:</em></span> <span class='ocrx_word' id='word_1_252' title='bbox 607 3214 729 3268; x_wconf 77' lang='lat' dir='ltr'><strong>Iitec</strong></span> <span class='ocrx_word' id='word_1_253' title='bbox 775 3213 893 3265; x_wconf 86' lang='lat' dir='ltr'><strong>dicit</strong></span> <span class='ocrx_word' id='word_1_254' title='bbox 948 3211 1191 3263; x_wconf 84' lang='lat' dir='ltr'><strong>Dominus</strong></span> <span class='ocrx_word' id='word_1_255' title='bbox 1242 3208 1593 3277; x_wconf 87' lang='lat' dir='ltr'><strong>onmipotens,</strong></span> <span class='ocrx_word' id='word_1_256' title='bbox 1645 3203 1910 3273; x_wconf 84' lang='lat' dir='ltr'><strong>Interroga</strong></span> 
     </span>
    </p>
   </div>
   <div class='ocr_carea' id='block_1_33' title="bbox 330 3299 1912 3378">
    <p class='ocr_par' dir='ltr' id='par_1_33' title="bbox 330 3299 1912 3378">
     <span class='ocr_line' id='line_1_33' title="bbox 330 3299 1912 3378; baseline -0.009 -14"><span class='ocrx_word' id='word_1_257' title='bbox 330 3309 610 3364; x_wconf 82' lang='lat' dir='ltr'><strong>sacerdotes</strong></span> <span class='ocrx_word' id='word_1_258' title='bbox 640 3309 834 3378; x_wconf 90' lang='lat' dir='ltr'><strong>legem,</strong></span> <span class='ocrx_word' id='word_1_259' title='bbox 865 3306 1033 3360; x_wconf 89' lang='lat' dir='ltr'><strong>dicens</strong></span> <span class='ocrx_word' id='word_1_260' title='bbox 1062 3322 1079 3358; x_wconf 83' lang='lat'><em>:</em></span> <span class='ocrx_word' id='word_1_261' title='bbox 1111 3303 1170 3357; x_wconf 87' lang='lat' dir='ltr'><strong>Si</strong></span> <span class='ocrx_word' id='word_1_262' title='bbox 1210 3300 1477 3370; x_wconf 83' lang='lat' dir='ltr'><strong>sumpserit</strong></span> <span class='ocrx_word' id='word_1_263' title='bbox 1523 3299 1671 3351; x_wconf 89' lang='lat' dir='ltr'><strong>homo</strong></span> <span class='ocrx_word' id='word_1_264' title='bbox 1712 3313 1912 3349; x_wconf 89' lang='lat' dir='ltr'><strong>carnem</strong></span> 
     </span>
    </p>
   </div>
   <div class='ocr_carea' id='block_1_34' title="bbox 330 3391 1913 3469">
    <p class='ocr_par' dir='ltr' id='par_1_34' title="bbox 330 3391 1913 3469">
     <span class='ocr_line' id='line_1_34' title="bbox 330 3391 1913 3469; baseline -0.008 -14"><span class='ocrx_word' id='word_1_265' title='bbox 330 3401 693 3469; x_wconf 77' lang='lat' dir='ltr'><strong>sanctiﬁcatum</strong></span> <span class='ocrx_word' id='word_1_266' title='bbox 719 3400 771 3451; x_wconf 88' lang='lat' dir='ltr'><strong>in</strong></span> <span class='ocrx_word' id='word_1_267' title='bbox 797 3415 990 3452; x_wconf 87' lang='lat' dir='ltr'><strong>summa</strong></span> <span class='ocrx_word' id='word_1_268' title='bbox 1016 3395 1294 3449; x_wconf 86' lang='lat' dir='ltr'><strong>vestimenti</strong></span> <span class='ocrx_word' id='word_1_269' title='bbox 1324 3394 1425 3455; x_wconf 89' lang='lat' dir='ltr'><strong>sui,</strong></span> <span class='ocrx_word' id='word_1_270' title='bbox 1457 3401 1501 3444; x_wconf 87' lang='lat' dir='ltr'><strong>et</strong></span> <span class='ocrx_word' id='word_1_271' title='bbox 1529 3391 1748 3461; x_wconf 83' lang='lat' dir='ltr'><strong>attigerit</strong></span> <span class='ocrx_word' id='word_1_272' title='bbox 1774 3406 1913 3469; x_wconf 83' lang='lat' dir='ltr'><strong>sum-</strong></span> 
     </span>
    </p>
   </div>
   <div class='ocr_carea' id='block_1_35' title="bbox 332 3466 1910 3557">
    <p class='ocr_par' dir='ltr' id='par_1_35' title="bbox 332 3481 1910 3557">
     <span class='ocr_line' id='line_1_35' title="bbox 332 3481 1910 3557; baseline -0.007 -15"><span class='ocrx_word' id='word_1_273' title='bbox 332 3508 467 3544; x_wconf 88' lang='lat' dir='ltr'><strong>mum</strong></span> <span class='ocrx_word' id='word_1_274' title='bbox 492 3489 766 3543; x_wconf 72' lang='lat' dir='ltr'><strong>vestimenti</strong></span> <span class='ocrx_word' id='word_1_275' title='bbox 789 3490 896 3557; x_wconf 86' lang='lat' dir='ltr'><strong>ejus</strong></span> <span class='ocrx_word' id='word_1_276' title='bbox 921 3503 1125 3557; x_wconf 84' lang='lat' dir='ltr'><strong>panem,</strong></span> <span class='ocrx_word' id='word_1_277' title='bbox 1150 3495 1235 3537; x_wconf 89' lang='lat' dir='ltr'><strong>aut</strong></span> <span class='ocrx_word' id='word_1_278' title='bbox 1262 3484 1592 3552; x_wconf 82' lang='lat' dir='ltr'><strong>pulmentum,</strong></span> <span class='ocrx_word' id='word_1_279' title='bbox 1614 3489 1701 3533; x_wconf 86' lang='lat' dir='ltr'><strong>aut</strong></span> <span class='ocrx_word' id='word_1_280' title='bbox 1722 3481 1910 3543; x_wconf 84' lang='lat' dir='ltr'><strong>vinum,</strong></span> 
     </span>
    </p>
   </div>
   <div class='ocr_carea' id='block_1_36' title="bbox 332 3570 1916 3641">
    <p class='ocr_par' dir='ltr' id='par_1_36' title="bbox 332 3570 1916 3641">
     <span class='ocr_line' id='line_1_36' title="bbox 332 3570 1916 3641; baseline -0.007 -10"><span class='ocrx_word' id='word_1_281' title='bbox 332 3589 419 3632; x_wconf 86' lang='lat' dir='ltr'><strong>aut</strong></span> <span class='ocrx_word' id='word_1_282' title='bbox 449 3594 647 3632; x_wconf 86' lang='lat' dir='ltr'><strong>onmem</strong></span> <span class='ocrx_word' id='word_1_283' title='bbox 675 3594 870 3641; x_wconf 84' lang='lat' dir='ltr'><strong>escam,</strong></span> <span class='ocrx_word' id='word_1_284' title='bbox 902 3578 943 3629; x_wconf 87' lang='lat' dir='ltr'><strong>si</strong></span> <span class='ocrx_word' id='word_1_285' title='bbox 981 3573 1416 3640; x_wconf 77' lang='lat' dir='ltr'><strong>sancti/imbitur?</strong></span> <span class='ocrx_word' id='word_1_286' title='bbox 1460 3570 1525 3623; x_wconf 85' lang='lat' dir='ltr'><strong>Et</strong></span> <span class='ocrx_word' id='word_1_287' title='bbox 1556 3570 1916 3639; x_wconf 83' lang='lat' dir='ltr'><strong>responderunt</strong></span> 
     </span>
    </p>
   </div>
   <div class='ocr_carea' id='block_1_37' title="bbox 333 3659 1916 3731">
    <p class='ocr_par' dir='ltr' id='par_1_37' title="bbox 333 3659 1916 3731">
     <span class='ocr_line' id='line_1_37' title="bbox 333 3659 1916 3731; baseline -0.009 -8"><span class='ocrx_word' id='word_1_288' title='bbox 333 3669 615 3723; x_wconf 77' lang='lat' dir='ltr'><strong>sacerdotes</strong></span> <span class='ocrx_word' id='word_1_289' title='bbox 642 3678 687 3720; x_wconf 87' lang='lat' dir='ltr'><strong>et</strong></span> <span class='ocrx_word' id='word_1_290' title='bbox 716 3667 972 3729; x_wconf 71' lang='lat' dir='ltr'><strong>dixerunt,</strong></span> <span class='ocrx_word' id='word_1_291' title='bbox 1006 3664 1145 3717; x_wconf 85' lang='lat' dir='ltr'><strong>Non.</strong></span> <span class='ocrx_word' id='word_1_292' title='bbox 1176 3661 1243 3714; x_wconf 84' lang='lat' dir='ltr'><strong>Et</strong></span> <span class='ocrx_word' id='word_1_293' title='bbox 1275 3663 1402 3714; x_wconf 77' lang='lat' dir='ltr'><strong>dixit</strong></span> <span class='ocrx_word' id='word_1_294' title='bbox 1426 3661 1641 3731; x_wconf 70' lang='lat' dir='ltr'><strong>Aggaens</strong></span> <span class='ocrx_word' id='word_1_295' title='bbox 1669 3675 1687 3713; x_wconf 91' lang='lat'><strong><em>:</em></strong></span> <span class='ocrx_word' id='word_1_296' title='bbox 1718 3659 1777 3713; x_wconf 88' lang='lat' dir='ltr'><strong>Si</strong></span> <span class='ocrx_word' id='word_1_297' title='bbox 1807 3659 1916 3710; x_wconf 88' lang='lat' dir='ltr'><strong>teti-</strong></span> 
     </span>
    </p>
   </div>
   <div class='ocr_carea' id='block_1_38' title="bbox 336 3748 1914 3831">
    <p class='ocr_par' dir='ltr' id='par_1_38' title="bbox 336 3748 1914 3831">
     <span class='ocr_line' id='line_1_38' title="bbox 336 3748 1914 3831; baseline -0.007 -19"><span class='ocrx_word' id='word_1_298' title='bbox 336 3762 460 3831; x_wconf 81' lang='lat' dir='ltr'><strong>gerit</strong></span> <span class='ocrx_word' id='word_1_299' title='bbox 497 3760 782 3829; x_wconf 81' lang='lat' dir='ltr'><strong>inquinatus</strong></span> <span class='ocrx_word' id='word_1_300' title='bbox 811 3758 861 3810; x_wconf 89' lang='lat' dir='ltr'><strong>in</strong></span> <span class='ocrx_word' id='word_1_301' title='bbox 890 3757 1061 3809; x_wconf 89' lang='lat' dir='ltr'><strong>anima</strong></span> <span class='ocrx_word' id='word_1_302' title='bbox 1100 3752 1293 3822; x_wconf 87' lang='lat' dir='ltr'><strong>aliquid</strong></span> <span class='ocrx_word' id='word_1_303' title='bbox 1323 3754 1521 3817; x_wconf 90' lang='lat' dir='ltr'><strong>horum,</strong></span> <span class='ocrx_word' id='word_1_304' title='bbox 1554 3751 1597 3803; x_wconf 88' lang='lat' dir='ltr'><strong>si</strong></span> <span class='ocrx_word' id='word_1_305' title='bbox 1626 3748 1914 3818; x_wconf 88' lang='lat' dir='ltr'><strong>inquinabi-</strong></span> 
     </span>
    </p>
   </div>
   <div class='ocr_carea' id='block_1_39' title="bbox 335 3840 1915 3919">
    <p class='ocr_par' dir='ltr' id='par_1_39' title="bbox 335 3840 1915 3919">
     <span class='ocr_line' id='line_1_39' title="bbox 335 3840 1915 3919; baseline -0.008 -15"><span class='ocrx_word' id='word_1_306' title='bbox 335 3852 462 3905; x_wconf 88' lang='lat' dir='ltr'><strong>tnr?</strong></span> <span class='ocrx_word' id='word_1_307' title='bbox 506 3849 571 3903; x_wconf 85' lang='lat' dir='ltr'><strong>Et</strong></span> <span class='ocrx_word' id='word_1_308' title='bbox 603 3849 966 3919; x_wconf 82' lang='lat' dir='ltr'><strong>responderunt</strong></span> <span class='ocrx_word' id='word_1_309' title='bbox 1012 3845 1294 3899; x_wconf 87' lang='lat' dir='ltr'><strong>sacerdotes</strong></span> <span class='ocrx_word' id='word_1_310' title='bbox 1340 3852 1387 3895; x_wconf 88' lang='lat' dir='ltr'><strong>et</strong></span> <span class='ocrx_word' id='word_1_311' title='bbox 1429 3843 1699 3903; x_wconf 74' lang='lat' dir='ltr'><strong>dixerunt,</strong></span> <span class='ocrx_word' id='word_1_312' title='bbox 1734 3840 1915 3907; x_wconf 88' lang='lat' dir='ltr'><strong>Inqui-</strong></span> 
     </span>
    </p>
   </div>
   <div class='ocr_carea' id='block_1_40' title="bbox 337 3934 1918 4011">
    <p class='ocr_par' dir='ltr' id='par_1_40' title="bbox 337 3934 1918 4011">
     <span class='ocr_line' id='line_1_40' title="bbox 337 3934 1918 4011; baseline -0.008 -12"><span class='ocrx_word' id='word_1_313' title='bbox 337 3948 555 3999; x_wconf 89' lang='lat' dir='ltr'><strong>nabitur.</strong></span> <span class='ocrx_word' id='word_1_314' title='bbox 593 3943 658 3997; x_wconf 75' lang='lat' dir='ltr'><strong>Et</strong></span> <span class='ocrx_word' id='word_1_315' title='bbox 685 3941 939 4011; x_wconf 86' lang='lat' dir='ltr'><strong>respondit</strong></span> <span class='ocrx_word' id='word_1_316' title='bbox 965 3941 1181 4011; x_wconf 60' lang='lat' dir='ltr'><strong>Aggatus</strong></span> <span class='ocrx_word' id='word_1_317' title='bbox 1208 3948 1252 3991; x_wconf 91' lang='lat' dir='ltr'><strong>et</strong></span> <span class='ocrx_word' id='word_1_318' title='bbox 1280 3937 1439 3997; x_wconf 75' lang='lat' dir='ltr'><strong>dixit,</strong></span> <span class='ocrx_word' id='word_1_319' title='bbox 1475 3934 1564 3989; x_wconf 89' lang='lat' dir='ltr'><strong>Sic</strong></span> <span class='ocrx_word' id='word_1_320' title='bbox 1591 3934 1807 4004; x_wconf 86' lang='lat' dir='ltr'><strong>populus</strong></span> <span class='ocrx_word' id='word_1_321' title='bbox 1837 3934 1918 3986; x_wconf 87' lang='lat' dir='ltr'><strong>hic</strong></span> 
     </span>
    </p>
   </div>
   <div class='ocr_carea' id='block_1_41' title="bbox 337 4023 1915 4106">
    <p class='ocr_par' dir='ltr' id='par_1_41' title="bbox 337 4023 1915 4106">
     <span class='ocr_line' id='line_1_41' title="bbox 337 4023 1915 4106; baseline -0.01 -16"><span class='ocrx_word' id='word_1_322' title='bbox 337 4049 382 4090; x_wconf 88' lang='lat' dir='ltr'><strong>et</strong></span> <span class='ocrx_word' id='word_1_323' title='bbox 413 4052 532 4106; x_wconf 82' lang='lat' dir='ltr'><strong>gens</strong></span> <span class='ocrx_word' id='word_1_324' title='bbox 560 4036 664 4087; x_wconf 75' lang='lat' dir='ltr'><strong>lucc</strong></span> <span class='ocrx_word' id='word_1_325' title='bbox 705 4034 755 4086; x_wconf 88' lang='lat' dir='ltr'><strong>in</strong></span> <span class='ocrx_word' id='word_1_326' title='bbox 796 4041 1062 4101; x_wconf 87' lang='lat' dir='ltr'><strong>conspectu</strong></span> <span class='ocrx_word' id='word_1_327' title='bbox 1093 4045 1202 4081; x_wconf 89' lang='lat' dir='ltr'><strong>meo</strong></span> <span class='ocrx_word' id='word_1_328' title='bbox 1222 4069 1236 4089; x_wconf 93' lang='lat'><strong>,</strong></span> <span class='ocrx_word' id='word_1_329' title='bbox 1267 4026 1387 4079; x_wconf 80' lang='lat' dir='ltr'><strong>dicit</strong></span> <span class='ocrx_word' id='word_1_330' title='bbox 1415 4025 1660 4077; x_wconf 83' lang='lat' dir='ltr'><strong>Dominus</strong></span> <span class='ocrx_word' id='word_1_331' title='bbox 1680 4065 1695 4090; x_wconf 93' lang='lat'><strong>,</strong></span> <span class='ocrx_word' id='word_1_332' title='bbox 1727 4033 1769 4075; x_wconf 87' lang='lat' dir='ltr'><strong>et</strong></span> <span class='ocrx_word' id='word_1_333' title='bbox 1800 4023 1871 4075; x_wconf 87' lang='lat' dir='ltr'><strong>sic</strong></span> <span class='ocrx_word' id='word_1_334' title='bbox 1900 4024 1915 4054; x_wconf 82' lang='grc'>¹</span> 
     </span>
    </p>
   </div>
   <div class='ocr_carea' id='block_1_42' title="bbox 337 4114 1915 4199">
    <p class='ocr_par' dir='ltr' id='par_1_42' title="bbox 337 4114 1915 4199">
     <span class='ocr_line' id='line_1_42' title="bbox 337 4114 1915 4199; baseline -0.01 -18"><span class='ocrx_word' id='word_1_335' title='bbox 337 4144 487 4199; x_wconf 76' lang='lat' dir='ltr'><strong>opera</strong></span> <span class='ocrx_word' id='word_1_336' title='bbox 516 4141 755 4179; x_wconf 87' lang='lat' dir='ltr'><strong>manuum</strong></span> <span class='ocrx_word' id='word_1_337' title='bbox 796 4125 1054 4192; x_wconf 84' lang='lat' dir='ltr'><strong>ipsorum;</strong></span> <span class='ocrx_word' id='word_1_338' title='bbox 1086 4131 1131 4173; x_wconf 74' lang='lat' dir='ltr'><strong>et</strong></span> <span class='ocrx_word' id='word_1_339' title='bbox 1171 4120 1468 4189; x_wconf 77' lang='lat' dir='ltr'><strong>quicumque</strong></span> <span class='ocrx_word' id='word_1_340' title='bbox 1510 4116 1768 4169; x_wconf 84' lang='lat' dir='ltr'><strong>accesserit</strong></span> <span class='ocrx_word' id='word_1_341' title='bbox 1805 4114 1915 4180; x_wconf 85' lang='lat' dir='ltr'><strong>illo,</strong></span> 
     </span>
    </p>
   </div>
   <div class='ocr_carea' id='block_1_43' title="bbox 338 4210 1920 4286">
    <p class='ocr_par' dir='ltr' id='par_1_43' title="bbox 338 4210 1920 4286">
     <span class='ocr_line' id='line_1_43' title="bbox 338 4210 1920 4286; baseline -0.006 -15"><span class='ocrx_word' id='word_1_342' title='bbox 338 4219 714 4286; x_wconf 72' lang='lat' dir='ltr'><strong>inquinahitur,</strong></span> <span class='ocrx_word' id='word_1_343' title='bbox 748 4224 953 4286; x_wconf 78' lang='lat' dir='ltr'><strong>propter</strong></span> <span class='ocrx_word' id='word_1_344' title='bbox 996 4214 1409 4282; x_wconf 80' lang='lat' dir='ltr'><strong>prwsumptiones</strong></span> <span class='ocrx_word' id='word_1_345' title='bbox 1448 4226 1617 4264; x_wconf 87' lang='lat' dir='ltr'><strong>eorum</strong></span> <span class='ocrx_word' id='word_1_346' title='bbox 1648 4210 1920 4261; x_wconf 85' lang='lat' dir='ltr'><strong>matutinas</strong></span> 
     </span>
    </p>
   </div>
   <div class='ocr_carea' id='block_1_44' title="bbox 341 4303 1921 4381">
    <p class='ocr_par' dir='ltr' id='par_1_44' title="bbox 341 4303 1921 4381">
     <span class='ocr_line' id='line_1_44' title="bbox 341 4303 1921 4381; baseline -0.005 -19"><span class='ocrx_word' id='word_1_347' title='bbox 341 4330 371 4362; x_wconf 80' lang='grc' dir='ltr'><strong>ιι</strong></span> <span class='ocrx_word' id='word_1_348' title='bbox 402 4311 530 4381; x_wconf 76' lang='lat' dir='ltr'><strong>facie</strong></span> <span class='ocrx_word' id='word_1_349' title='bbox 571 4309 801 4363; x_wconf 89' lang='lat' dir='ltr'><strong>laborum</strong></span> <span class='ocrx_word' id='word_1_350' title='bbox 840 4323 1080 4368; x_wconf 87' lang='lat' dir='ltr'><strong>suorum,</strong></span> <span class='ocrx_word' id='word_1_351' title='bbox 1121 4314 1166 4357; x_wconf 89' lang='lat' dir='ltr'><strong>et</strong></span> <span class='ocrx_word' id='word_1_352' title='bbox 1211 4305 1326 4357; x_wconf 89' lang='lat' dir='ltr'><strong>odio</strong></span> <span class='ocrx_word' id='word_1_353' title='bbox 1372 4303 1624 4356; x_wconf 80' lang='lat' dir='ltr'><strong>habebatis</strong></span> <span class='ocrx_word' id='word_1_354' title='bbox 1668 4304 1721 4356; x_wconf 88' lang='lat' dir='ltr'><strong>in</strong></span> <span class='ocrx_word' id='word_1_355' title='bbox 1766 4305 1921 4371; x_wconf 87' lang='lat' dir='ltr'><strong>portis</strong></span> 
     </span>
    </p>
   </div>
   <div class='ocr_carea' id='block_1_45' title="bbox 338 4394 1925 4471">
    <p class='ocr_par' dir='ltr' id='par_1_45' title="bbox 338 4394 1925 4471">
     <span class='ocr_line' id='line_1_45' title="bbox 338 4394 1925 4471; baseline -0.005 -18"><span class='ocrx_word' id='word_1_356' title='bbox 338 4410 623 4471; x_wconf 84' lang='lat' dir='ltr'><strong>arguentes.</strong></span> <span class='ocrx_word' id='word_1_357' title='bbox 670 4398 798 4467; x_wconf 84' lang='lat' dir='ltr'><strong>Quis</strong></span> <span class='ocrx_word' id='word_1_358' title='bbox 837 4405 919 4451; x_wconf 91' lang='lat' dir='ltr'><strong>est</strong></span> <span class='ocrx_word' id='word_1_359' title='bbox 959 4397 1059 4449; x_wconf 80' lang='lat' dir='ltr'><strong>iste</strong></span> <span class='ocrx_word' id='word_1_360' title='bbox 1102 4395 1329 4463; x_wconf 87' lang='lat' dir='ltr'><strong>populus</strong></span> <span class='ocrx_word' id='word_1_361' title='bbox 1358 4404 1462 4447; x_wconf 89' lang='lat' dir='ltr'><strong>tam</strong></span> <span class='ocrx_word' id='word_1_362' title='bbox 1497 4394 1833 4457; x_wconf 85' lang='lat' dir='ltr'><strong>immundus,</strong></span> <span class='ocrx_word' id='word_1_363' title='bbox 1864 4402 1925 4446; x_wconf 85' lang='grc' dir='ltr'><strong>ιιι</strong></span> 
     </span>
    </p>
   </div>
   <div class='ocr_carea' id='block_1_46' title="bbox 340 4485 1922 4561">
    <p class='ocr_par' dir='ltr' id='par_1_46' title="bbox 340 4485 1922 4561">
     <span class='ocr_line' id='line_1_46' title="bbox 340 4485 1922 4561; baseline -0.003 -17"><span class='ocrx_word' id='word_1_364' title='bbox 340 4492 580 4561; x_wconf 82' lang='lat' dir='ltr'><strong>quisquis</strong></span> <span class='ocrx_word' id='word_1_365' title='bbox 632 4491 722 4544; x_wconf 90' lang='lat' dir='ltr'><strong>illo</strong></span> <span class='ocrx_word' id='word_1_366' title='bbox 768 4489 1089 4552; x_wconf 88' lang='lat' dir='ltr'><strong>accesserit,</strong></span> <span class='ocrx_word' id='word_1_367' title='bbox 1136 4486 1477 4556; x_wconf 89' lang='lat' dir='ltr'><strong>inquinetur?</strong></span> <span class='ocrx_word' id='word_1_368' title='bbox 1520 4485 1783 4555; x_wconf 77' lang='lat' dir='ltr'><strong>Numquid</strong></span> <span class='ocrx_word' id='word_1_369' title='bbox 1833 4486 1922 4539; x_wconf 93' lang='lat' dir='ltr'><strong>ille</strong></span> 
     </span>
    </p>
   </div>
   <div class='ocr_carea' id='block_1_47' title="bbox 341 4578 1924 4649">
    <p class='ocr_par' dir='ltr' id='par_1_47' title="bbox 341 4578 1924 4649">
     <span class='ocr_line' id='line_1_47' title="bbox 341 4578 1924 4649; baseline -0.004 -12"><span class='ocrx_word' id='word_1_370' title='bbox 341 4585 426 4637; x_wconf 92' lang='lat' dir='ltr'><strong>cui</strong></span> <span class='ocrx_word' id='word_1_371' title='bbox 456 4584 652 4637; x_wconf 89' lang='lat' dir='ltr'><strong>dictum</strong></span> <span class='ocrx_word' id='word_1_372' title='bbox 684 4590 797 4646; x_wconf 87' lang='lat' dir='ltr'><strong>est,</strong></span> <span class='ocrx_word' id='word_1_373' title='bbox 827 4578 1156 4643; x_wconf 72' lang='lat' dir='ltr'><strong>Prwvalesce,</strong></span> <span class='ocrx_word' id='word_1_374' title='bbox 1189 4589 1234 4632; x_wconf 89' lang='lat' dir='ltr'><strong>et</strong></span> <span class='ocrx_word' id='word_1_375' title='bbox 1272 4579 1476 4649; x_wconf 78' lang='lat' dir='ltr'><strong>spiritus</strong></span> <span class='ocrx_word' id='word_1_376' title='bbox 1502 4595 1641 4631; x_wconf 87' lang='lat' dir='ltr'><strong>meus</strong></span> <span class='ocrx_word' id='word_1_377' title='bbox 1681 4578 1730 4631; x_wconf 91' lang='lat' dir='ltr'><strong>in</strong></span> <span class='ocrx_word' id='word_1_378' title='bbox 1761 4578 1924 4630; x_wconf 85' lang='lat' dir='ltr'><strong>medio</strong></span> 
     </span>
    </p>
   </div>
   <div class='ocr_carea' id='block_1_48' title="bbox 341 4670 1925 4739">
    <p class='ocr_par' dir='ltr' id='par_1_48' title="bbox 341 4670 1925 4739">
     <span class='ocr_line' id='line_1_48' title="bbox 341 4670 1925 4739; baseline -0.002 -13"><span class='ocrx_word' id='word_1_379' title='bbox 341 4676 599 4729; x_wconf 78' lang='lat' dir='ltr'><strong>vestrum?</strong></span> <span class='ocrx_word' id='word_1_380' title='bbox 644 4674 796 4729; x_wconf 80' lang='lat' dir='ltr'><strong>Absit</strong></span> <span class='ocrx_word' id='word_1_381' title='bbox 828 4682 881 4726; x_wconf 91' lang='lat' dir='ltr'><strong>ut</strong></span> <span class='ocrx_word' id='word_1_382' title='bbox 929 4672 1015 4726; x_wconf 88' lang='lat' dir='ltr'><strong>ille</strong></span> <span class='ocrx_word' id='word_1_383' title='bbox 1064 4673 1149 4724; x_wconf 87' lang='lat' dir='ltr'><strong>sit.</strong></span> <span class='ocrx_word' id='word_1_384' title='bbox 1202 4672 1316 4725; x_wconf 88' lang='lat' dir='ltr'><strong>Duo</strong></span> <span class='ocrx_word' id='word_1_385' title='bbox 1362 4670 1518 4739; x_wconf 79' lang='lat' dir='ltr'><strong>igitur</strong></span> <span class='ocrx_word' id='word_1_386' title='bbox 1564 4679 1713 4724; x_wconf 82' lang='lat' dir='ltr'><strong>erant</strong></span> <span class='ocrx_word' id='word_1_387' title='bbox 1743 4684 1755 4723; x_wconf 91' lang='lat'>:</span> <span class='ocrx_word' id='word_1_388' title='bbox 1790 4685 1925 4723; x_wconf 88' lang='lat' dir='ltr'><strong>unus</strong></span> 
     </span>
    </p>
   </div>
   <div class='ocr_carea' id='block_1_49' title="bbox 345 4759 1927 4831">
    <p class='ocr_par' dir='ltr' id='par_1_49' title="bbox 345 4759 1927 4831">
     <span class='ocr_line' id='line_1_49' title="bbox 345 4759 1927 4831; baseline -0.004 -13"><span class='ocrx_word' id='word_1_389' title='bbox 345 4764 668 4826; x_wconf 86' lang='lat' dir='ltr'><strong>inunundus,</strong></span> <span class='ocrx_word' id='word_1_390' title='bbox 716 4773 768 4818; x_wconf 90' lang='lat' dir='ltr'><strong>et</strong></span> <span class='ocrx_word' id='word_1_391' title='bbox 808 4764 940 4817; x_wconf 82' lang='lat' dir='ltr'><strong>alter</strong></span> <span class='ocrx_word' id='word_1_392' title='bbox 983 4763 1069 4831; x_wconf 89' lang='lat' dir='ltr'><strong>qui</strong></span> <span class='ocrx_word' id='word_1_393' title='bbox 1118 4762 1183 4815; x_wconf 87' lang='lat' dir='ltr'><strong>ad</strong></span> <span class='ocrx_word' id='word_1_394' title='bbox 1234 4760 1565 4814; x_wconf 87' lang='lat' dir='ltr'><strong>immundum</strong></span> <span class='ocrx_word' id='word_1_395' title='bbox 1615 4759 1927 4829; x_wconf 87' lang='lat' dir='ltr'><strong>prohibetur</strong></span> 
     </span>
    </p>
   </div>
   <div class='ocr_carea' id='block_1_50' title="bbox 343 4850 1924 4923">
    <p class='ocr_par' dir='ltr' id='par_1_50' title="bbox 343 4850 1924 4923">
     <span class='ocr_line' id='line_1_50' title="bbox 343 4850 1924 4923; baseline -0.003 -16"><span class='ocrx_word' id='word_1_396' title='bbox 343 4855 618 4919; x_wconf 89' lang='lat' dir='ltr'><strong>accedere,</strong></span> <span class='ocrx_word' id='word_1_397' title='bbox 650 4854 737 4923; x_wconf 88' lang='lat' dir='ltr'><strong>qui</strong></span> <span class='ocrx_word' id='word_1_398' title='bbox 770 4854 1150 4909; x_wconf 86' lang='lat' dir='ltr'><strong>exhortabatur</strong></span> <span class='ocrx_word' id='word_1_399' title='bbox 1182 4852 1585 4921; x_wconf 79' lang='lat' dir='ltr'><strong>pr;evalescere,</strong></span> <span class='ocrx_word' id='word_1_400' title='bbox 1616 4851 1735 4919; x_wconf 86' lang='lat' dir='ltr'><strong>quia</strong></span> <span class='ocrx_word' id='word_1_401' title='bbox 1764 4850 1924 4919; x_wconf 90' lang='lat' dir='ltr'><strong>spiri-</strong></span> 
     </span>
    </p>
   </div>
   <div class='ocr_carea' id='block_1_51' title="bbox 345 4942 1923 5011">
    <p class='ocr_par' dir='ltr' id='par_1_51' title="bbox 345 4942 1923 5011">
     <span class='ocr_line' id='line_1_51' title="bbox 345 4942 1923 5011; baseline -0.008 -7"><span class='ocrx_word' id='word_1_402' title='bbox 345 4961 428 5004; x_wconf 89' lang='lat' dir='ltr'><strong>tus</strong></span> <span class='ocrx_word' id='word_1_403' title='bbox 459 4949 547 5002; x_wconf 76' lang='lat' dir='ltr'><strong>Dei</strong></span> <span class='ocrx_word' id='word_1_404' title='bbox 592 4961 707 5003; x_wconf 87' lang='lat' dir='ltr'><strong>erat</strong></span> <span class='ocrx_word' id='word_1_405' title='bbox 751 4950 802 5002; x_wconf 92' lang='lat' dir='ltr'><strong>in</strong></span> <span class='ocrx_word' id='word_1_406' title='bbox 852 4947 1028 5002; x_wconf 88' lang='lat' dir='ltr'><strong>medio</strong></span> <span class='ocrx_word' id='word_1_407' title='bbox 1076 4960 1282 5001; x_wconf 87' lang='lat' dir='ltr'><strong>eorum.</strong></span> <span class='ocrx_word' id='word_1_408' title='bbox 1333 4944 1387 4998; x_wconf 88' lang='lat' dir='ltr'><strong>Si</strong></span> <span class='ocrx_word' id='word_1_409' title='bbox 1432 4958 1558 5011; x_wconf 79' lang='lat' dir='ltr'><strong>ergo</strong></span> <span class='ocrx_word' id='word_1_410' title='bbox 1605 4942 1710 4995; x_wconf 91' lang='lat' dir='ltr'><strong>duo</strong></span> <span class='ocrx_word' id='word_1_411' title='bbox 1751 4951 1923 5007; x_wconf 77' lang='lat' dir='ltr'><strong>erant,</strong></span> 
     </span>
    </p>
   </div>
   <div class='ocr_carea' id='block_1_52' title="bbox 346 5034 1924 5107">
    <p class='ocr_par' dir='ltr' id='par_1_52' title="bbox 346 5034 1924 5107">
     <span class='ocr_line' id='line_1_52' title="bbox 346 5034 1924 5107; baseline -0.005 -14"><span class='ocrx_word' id='word_1_412' title='bbox 346 5040 696 5096; x_wconf 81' lang='lat' dir='ltr'><strong>ostendantur</strong></span> <span class='ocrx_word' id='word_1_413' title='bbox 722 5050 776 5094; x_wconf 89' lang='lat' dir='ltr'><strong>et</strong></span> <span class='ocrx_word' id='word_1_414' title='bbox 805 5038 909 5093; x_wconf 90' lang='lat' dir='ltr'><strong>duo</strong></span> <span class='ocrx_word' id='word_1_415' title='bbox 939 5038 1170 5107; x_wconf 89' lang='lat' dir='ltr'><strong>templa,</strong></span> <span class='ocrx_word' id='word_1_416' title='bbox 1204 5052 1364 5089; x_wconf 88' lang='lat' dir='ltr'><strong>unum</strong></span> <span class='ocrx_word' id='word_1_417' title='bbox 1395 5050 1500 5104; x_wconf 90' lang='lat' dir='ltr'><strong>quo</strong></span> <span class='ocrx_word' id='word_1_418' title='bbox 1531 5034 1627 5087; x_wconf 84' lang='lat' dir='ltr'><strong>iste</strong></span> <span class='ocrx_word' id='word_1_419' title='bbox 1652 5074 1667 5097; x_wconf 93' lang='lat'><strong>,</strong></span> <span class='ocrx_word' id='word_1_420' title='bbox 1702 5034 1924 5086; x_wconf 85' lang='lat' dir='ltr'><strong>alterum</strong></span> 
     </span>
    </p>
   </div>
   <div class='ocr_carea' id='block_1_53' title="bbox 347 5123 1925 5200">
    <p class='ocr_par' dir='ltr' id='par_1_53' title="bbox 347 5123 1925 5200">
     <span class='ocr_line' id='line_1_53' title="bbox 347 5123 1925 5200; baseline -0.005 -17"><span class='ocrx_word' id='word_1_421' title='bbox 347 5150 451 5200; x_wconf 83' lang='lat' dir='ltr'><strong>quo</strong></span> <span class='ocrx_word' id='word_1_422' title='bbox 485 5131 573 5185; x_wconf 91' lang='lat' dir='ltr'><strong>ille</strong></span> <span class='ocrx_word' id='word_1_423' title='bbox 616 5129 1049 5200; x_wconf 82' lang='lat' dir='ltr'><strong>ingrediebatur:</strong></span> <span class='ocrx_word' id='word_1_424' title='bbox 1084 5126 1428 5180; x_wconf 89' lang='lat' dir='ltr'><strong>ostendantur</strong></span> <span class='ocrx_word' id='word_1_425' title='bbox 1474 5132 1528 5177; x_wconf 91' lang='lat' dir='ltr'><strong>et</strong></span> <span class='ocrx_word' id='word_1_426' title='bbox 1569 5124 1753 5176; x_wconf 82' lang='lat' dir='ltr'><strong>altaria</strong></span> <span class='ocrx_word' id='word_1_427' title='bbox 1799 5123 1925 5187; x_wconf 87' lang='lat' dir='ltr'><strong>duo,</strong></span> 
     </span>
    </p>
   </div>
   <div class='ocr_carea' id='block_1_54' title="bbox 350 5214 1928 5291">
    <p class='ocr_par' dir='ltr' id='par_1_54' title="bbox 350 5214 1928 5291">
     <span class='ocr_line' id='line_1_54' title="bbox 350 5214 1928 5291; baseline -0.006 -18"><span class='ocrx_word' id='word_1_428' title='bbox 350 5238 512 5275; x_wconf 77' lang='lat' dir='ltr'><strong>unum</strong></span> <span class='ocrx_word' id='word_1_429' title='bbox 556 5222 607 5274; x_wconf 91' lang='lat' dir='ltr'><strong>in</strong></span> <span class='ocrx_word' id='word_1_430' title='bbox 637 5237 742 5291; x_wconf 91' lang='lat' dir='ltr'><strong>quo</strong></span> <span class='ocrx_word' id='word_1_431' title='bbox 771 5221 871 5274; x_wconf 89' lang='lat' dir='ltr'><strong>iste</strong></span> <span class='ocrx_word' id='word_1_432' title='bbox 890 5260 905 5281; x_wconf 92' lang='lat'><strong>,</strong></span> <span class='ocrx_word' id='word_1_433' title='bbox 932 5219 1157 5272; x_wconf 87' lang='lat' dir='ltr'><strong>alterum</strong></span> <span class='ocrx_word' id='word_1_434' title='bbox 1190 5218 1241 5270; x_wconf 92' lang='lat' dir='ltr'><strong>in</strong></span> <span class='ocrx_word' id='word_1_435' title='bbox 1267 5231 1371 5286; x_wconf 90' lang='lat' dir='ltr'><strong>quo</strong></span> <span class='ocrx_word' id='word_1_436' title='bbox 1412 5216 1497 5269; x_wconf 90' lang='lat' dir='ltr'><strong>ille</strong></span> <span class='ocrx_word' id='word_1_437' title='bbox 1526 5215 1766 5268; x_wconf 83' lang='lat' dir='ltr'><strong>victimas</strong></span> <span class='ocrx_word' id='word_1_438' title='bbox 1795 5214 1928 5265; x_wconf 80' lang='lat' dir='ltr'><strong>oll‘e-</strong></span> 
     </span>
    </p>
   </div>
   <div class='ocr_carea' id='block_1_55' title="bbox 350 5305 1929 5374">
    <p class='ocr_par' dir='ltr' id='par_1_55' title="bbox 350 5305 1929 5374">
     <span class='ocr_line' id='line_1_55' title="bbox 350 5305 1929 5374; baseline -0.004 -9"><span class='ocrx_word' id='word_1_439' title='bbox 350 5314 497 5365; x_wconf 78' lang='lat' dir='ltr'><strong>rebat</strong></span> <span class='ocrx_word' id='word_1_440' title='bbox 529 5330 540 5364; x_wconf 91' lang='lat'>:</span> <span class='ocrx_word' id='word_1_441' title='bbox 574 5311 923 5365; x_wconf 88' lang='lat' dir='ltr'><strong>ostendantur</strong></span> <span class='ocrx_word' id='word_1_442' title='bbox 949 5318 1001 5363; x_wconf 84' lang='lat' dir='ltr'><strong>et</strong></span> <span class='ocrx_word' id='word_1_443' title='bbox 1029 5306 1353 5374; x_wconf 81' lang='lat' dir='ltr'><strong>sacerdotes,</strong></span> <span class='ocrx_word' id='word_1_444' title='bbox 1388 5306 1542 5374; x_wconf 85' lang='lat' dir='ltr'><strong>hujus</strong></span> <span class='ocrx_word' id='word_1_445' title='bbox 1568 5305 1675 5369; x_wconf 86' lang='lat' dir='ltr'><strong>alii,</strong></span> <span class='ocrx_word' id='word_1_446' title='bbox 1707 5314 1761 5358; x_wconf 85' lang='lat' dir='ltr'><strong>et</strong></span> <span class='ocrx_word' id='word_1_447' title='bbox 1792 5305 1929 5358; x_wconf 82' lang='lat' dir='ltr'><strong>illius</strong></span> 
     </span>
    </p>
   </div>
   <div class='ocr_carea' id='block_1_56' title="bbox 351 5396 1934 5470">
    <p class='ocr_par' dir='ltr' id='par_1_56' title="bbox 351 5396 1934 5470">
     <span class='ocr_line' id='line_1_56' title="bbox 351 5396 1934 5470; baseline -0.004 -17"><span class='ocrx_word' id='word_1_448' title='bbox 351 5402 457 5463; x_wconf 89' lang='lat' dir='ltr'><strong>alii,</strong></span> <span class='ocrx_word' id='word_1_449' title='bbox 491 5417 577 5470; x_wconf 91' lang='lat' dir='ltr'><strong>qm</strong></span> <span class='ocrx_word' id='word_1_450' title='bbox 608 5415 704 5468; x_wconf 90' lang='lat' dir='ltr'><strong>pro</strong></span> <span class='ocrx_word' id='word_1_451' title='bbox 741 5414 838 5454; x_wconf 91' lang='lat' dir='ltr'><strong>suo</strong></span> <span class='ocrx_word' id='word_1_452' title='bbox 868 5402 1090 5470; x_wconf 90' lang='lat' dir='ltr'><strong>quisque</strong></span> <span class='ocrx_word' id='word_1_453' title='bbox 1121 5398 1315 5468; x_wconf 88' lang='lat' dir='ltr'><strong>popqu</strong></span> <span class='ocrx_word' id='word_1_454' title='bbox 1354 5397 1635 5467; x_wconf 84' lang='lat' dir='ltr'><strong>separatim</strong></span> <span class='ocrx_word' id='word_1_455' title='bbox 1665 5396 1934 5450; x_wconf 75' lang='lat' dir='ltr'><strong>sacriﬁca-</strong></span> 
     </span>
    </p>
   </div>
   <div class='ocr_carea' id='block_1_57' title="bbox 353 5487 1931 5563">
    <p class='ocr_par' dir='ltr' id='par_1_57' title="bbox 353 5487 1931 5563">
     <span class='ocr_line' id='line_1_57' title="bbox 353 5487 1931 5563; baseline -0.004 -19"><span class='ocrx_word' id='word_1_456' title='bbox 353 5494 496 5547; x_wconf 87' lang='lat' dir='ltr'><strong>bant.</strong></span> <span class='ocrx_word' id='word_1_457' title='bbox 528 5494 582 5548; x_wconf 89' lang='lat' dir='ltr'><strong>Si</strong></span> <span class='ocrx_word' id='word_1_458' title='bbox 627 5502 802 5547; x_wconf 89' lang='lat' dir='ltr'><strong>autem</strong></span> <span class='ocrx_word' id='word_1_459' title='bbox 844 5492 1083 5563; x_wconf 87' lang='lat' dir='ltr'><strong>quisquis</strong></span> <span class='ocrx_word' id='word_1_460' title='bbox 1129 5492 1229 5545; x_wconf 88' lang='lat' dir='ltr'><strong>hoc</strong></span> <span class='ocrx_word' id='word_1_461' title='bbox 1269 5490 1533 5543; x_wconf 77' lang='lat' dir='ltr'><strong>afﬁrmare</strong></span> <span class='ocrx_word' id='word_1_462' title='bbox 1562 5497 1816 5548; x_wconf 76' lang='lat' dir='ltr'><strong>conatur,</strong></span> <span class='ocrx_word' id='word_1_463' title='bbox 1849 5487 1931 5539; x_wconf 80' lang='lat' dir='ltr'><strong>in-</strong></span> 
     </span>
    </p>
   </div>
   <div class='ocr_carea' id='block_1_58' title="bbox 356 5578 1933 5652">
    <p class='ocr_par' dir='ltr' id='par_1_58' title="bbox 356 5578 1933 5652">
     <span class='ocr_line' id='line_1_58' title="bbox 356 5578 1933 5652; baseline -0.004 -17"><span class='ocrx_word' id='word_1_464' title='bbox 356 5586 493 5637; x_wconf 75' lang='lat' dir='ltr'><strong>Sanit</strong></span> <span class='ocrx_word' id='word_1_465' title='bbox 529 5602 540 5635; x_wconf 90' lang='lat'><strong>:</strong></span> <span class='ocrx_word' id='word_1_466' title='bbox 577 5586 652 5637; x_wconf 85' lang='lat' dir='ltr'><strong>sic</strong></span> <span class='ocrx_word' id='word_1_467' title='bbox 676 5592 827 5639; x_wconf 88' lang='lat' dir='ltr'><strong>erant</strong></span> <span class='ocrx_word' id='word_1_468' title='bbox 857 5583 940 5637; x_wconf 86' lang='lat' dir='ltr'><strong>isti</strong></span> <span class='ocrx_word' id='word_1_469' title='bbox 969 5584 1075 5637; x_wconf 89' lang='lat' dir='ltr'><strong>duo</strong></span> <span class='ocrx_word' id='word_1_470' title='bbox 1119 5582 1296 5652; x_wconf 88' lang='lat' dir='ltr'><strong>populi</strong></span> <span class='ocrx_word' id='word_1_471' title='bbox 1337 5581 1389 5634; x_wconf 87' lang='lat' dir='ltr'><strong>in</strong></span> <span class='ocrx_word' id='word_1_472' title='bbox 1421 5596 1527 5632; x_wconf 90' lang='lat' dir='ltr'><strong>uno</strong></span> <span class='ocrx_word' id='word_1_473' title='bbox 1557 5579 1751 5648; x_wconf 88' lang='lat' dir='ltr'><strong>populo</strong></span> <span class='ocrx_word' id='word_1_474' title='bbox 1778 5621 1790 5640; x_wconf 89' lang='lat'><strong>,</strong></span> <span class='ocrx_word' id='word_1_475' title='bbox 1837 5578 1933 5629; x_wconf 85' lang='lat' dir='ltr'><strong>sub</strong></span> 
     </span>
    </p>
   </div>
   <div class='ocr_carea' id='block_1_59' title="bbox 354 5670 1929 5745">
    <p class='ocr_par' dir='ltr' id='par_1_59' title="bbox 354 5670 1929 5745">
     <span class='ocr_line' id='line_1_59' title="bbox 354 5670 1929 5745; baseline -0.004 -16"><span class='ocrx_word' id='word_1_476' title='bbox 354 5692 459 5727; x_wconf 83' lang='lat' dir='ltr'><strong>uno</strong></span> <span class='ocrx_word' id='word_1_477' title='bbox 506 5677 781 5731; x_wconf 82' lang='lat' dir='ltr'><strong>sacerdote</strong></span> <span class='ocrx_word' id='word_1_478' title='bbox 831 5692 1054 5745; x_wconf 76' lang='lat' dir='ltr'><strong>magno,</strong></span> <span class='ocrx_word' id='word_1_479' title='bbox 1107 5670 1269 5728; x_wconf 76' lang='lat' dir='ltr'><strong>unu&#39;ln</strong></span> <span class='ocrx_word' id='word_1_480' title='bbox 1316 5672 1573 5742; x_wconf 84' lang='lat' dir='ltr'><strong>templum</strong></span> <span class='ocrx_word' id='word_1_481' title='bbox 1630 5672 1929 5731; x_wconf 82' lang='lat' dir='ltr'><strong>intrantes;</strong></span> 
     </span>
    </p>
   </div>
   <div class='ocr_carea' id='block_1_60' title="bbox 417 5778 1240 5846">
    <p class='ocr_par' dir='ltr' id='par_1_60' title="bbox 417 5778 1240 5846">
     <span class='ocr_line' id='line_1_60' title="bbox 417 5778 1240 5846; baseline 0.005 -17"><span class='ocrx_word' id='word_1_482' title='bbox 417 5785 432 5816; x_wconf 78' lang='grc' dir='ltr'><strong>ι</strong></span> <span class='ocrx_word' id='word_1_483' title='bbox 470 5785 605 5841; x_wconf 70' lang='lat' dir='ltr'><strong>utin,</strong></span> <span class='ocrx_word' id='word_1_484' title='bbox 633 5792 668 5832; x_wconf 80' lang='lat' dir='ltr'><strong>et</strong></span> <span class='ocrx_word' id='word_1_485' title='bbox 691 5787 828 5837; x_wconf 79' lang='lat' dir='ltr'><strong>sicut.</strong></span> <span class='ocrx_word' id='word_1_486' title='bbox 857 5794 909 5835; x_wconf 78' lang='grc' dir='ltr'>Αι</span> <span class='ocrx_word' id='word_1_487' title='bbox 933 5794 1057 5846; x_wconf 65' lang='lat' dir='ltr'><strong>uss,</strong></span> <span class='ocrx_word' id='word_1_488' title='bbox 1081 5791 1126 5835; x_wconf 87' lang='lat' dir='ltr'><strong>et</strong></span> <span class='ocrx_word' id='word_1_489' title='bbox 1150 5778 1240 5833; x_wconf 85' lang='lat' dir='ltr'><strong>sic.</strong></span> 
     </span>
    </p>
   </div>
   <div class='ocr_carea' id='block_1_61' title="bbox 3478 341 3581 397">
    <p class='ocr_par' dir='ltr' id='par_1_61' title="bbox 3478 341 3581 397">
     <span class='ocr_line' id='line_1_61' title="bbox 3478 341 3581 397; baseline -0.019 0"><span class='ocrx_word' id='word_1_490' title='bbox 3478 341 3581 397; x_wconf 74' lang='lat'><strong>672</strong></span> 
     </span>
    </p>
   </div>
   <div class='ocr_carea' id='block_1_62' title="bbox 2001 455 3580 531">
    <p class='ocr_par' dir='ltr' id='par_1_62' title="bbox 2001 455 3580 531">
     <span class='ocr_line' id='line_1_62' title="bbox 2001 455 3580 531; baseline 0.002 -23"><span class='ocrx_word' id='word_1_491' title='bbox 2001 459 2135 531; x_wconf 89' lang='lat' dir='ltr'><strong>sicut</strong></span> <span class='ocrx_word' id='word_1_492' title='bbox 2162 466 2311 508; x_wconf 84' lang='lat' dir='ltr'><strong>erant</strong></span> <span class='ocrx_word' id='word_1_493' title='bbox 2336 458 2491 510; x_wconf 86' lang='lat' dir='ltr'><strong>etiam</strong></span> <span class='ocrx_word' id='word_1_494' title='bbox 2525 460 2624 515; x_wconf 89' lang='lat' dir='ltr'><strong>sub</strong></span> <span class='ocrx_word' id='word_1_495' title='bbox 2649 475 2752 513; x_wconf 89' lang='lat' dir='ltr'><strong>uno</strong></span> <span class='ocrx_word' id='word_1_496' title='bbox 2776 458 2956 528; x_wconf 82' lang='lat' dir='ltr'><strong>Moyse</strong></span> <span class='ocrx_word' id='word_1_497' title='bbox 2981 455 3195 525; x_wconf 88' lang='lat' dir='ltr'><strong>quidam</strong></span> <span class='ocrx_word' id='word_1_498' title='bbox 3226 456 3388 508; x_wconf 89' lang='lat' dir='ltr'><strong>Deum</strong></span> <span class='ocrx_word' id='word_1_499' title='bbox 3416 460 3580 511; x_wconf 72' lang='lat' dir='ltr'><strong>alleu-</strong></span> 
     </span>
    </p>
   </div>
   <div class='ocr_carea' id='block_1_63' title="bbox 1999 547 3581 618">
    <p class='ocr_par' dir='ltr' id='par_1_63' title="bbox 1999 547 3581 618">
     <span class='ocr_line' id='line_1_63' title="bbox 1999 547 3581 618; baseline 0.001 -17"><span class='ocrx_word' id='word_1_500' title='bbox 1999 550 2214 610; x_wconf 78' lang='lat' dir='ltr'><strong>dentos,</strong></span> <span class='ocrx_word' id='word_1_501' title='bbox 2247 547 2461 615; x_wconf 80' lang='lat' dir='ltr'><strong>quidam</strong></span> <span class='ocrx_word' id='word_1_502' title='bbox 2493 549 2601 602; x_wconf 88' lang='lat' dir='ltr'><strong>Deo</strong></span> <span class='ocrx_word' id='word_1_503' title='bbox 2633 551 2902 618; x_wconf 76' lang='lat' dir='ltr'><strong>placentes</strong></span> <span class='ocrx_word' id='word_1_504' title='bbox 2924 590 2937 611; x_wconf 93' lang='lat'><strong>,</strong></span> <span class='ocrx_word' id='word_1_505' title='bbox 2980 548 3046 601; x_wconf 87' lang='lat' dir='ltr'><strong>de</strong></span> <span class='ocrx_word' id='word_1_506' title='bbox 3073 547 3263 614; x_wconf 85' lang='lat' dir='ltr'><strong>quibus</strong></span> <span class='ocrx_word' id='word_1_507' title='bbox 3300 548 3581 612; x_wconf 74' lang='lat' dir='ltr'><strong>Apostolus</strong></span> 
     </span>
    </p>
   </div>
   <div class='ocr_carea' id='block_1_64' title="bbox 1999 635 3609 707">
    <p class='ocr_par' dir='ltr' id='par_1_64' title="bbox 1999 635 3609 707">
     <span class='ocr_line' id='line_1_64' title="bbox 1999 635 3609 707; baseline -0.002 -14"><span class='ocrx_word' id='word_1_508' title='bbox 1999 641 2146 703; x_wconf 80' lang='lat' dir='ltr'><strong>dicit,</strong></span> <span class='ocrx_word' id='word_1_509' title='bbox 2173 638 2294 691; x_wconf 69' lang='lat' dir='ltr'><strong>Non</strong></span> <span class='ocrx_word' id='word_1_510' title='bbox 2320 641 2369 691; x_wconf 86' lang='lat' dir='ltr'><strong>in</strong></span> <span class='ocrx_word' id='word_1_511' title='bbox 2396 640 2623 693; x_wconf 88' lang='lat' dir='ltr'><strong>onmibus</strong></span> <span class='ocrx_word' id='word_1_512' title='bbox 2655 640 2755 692; x_wconf 77' lang='lat' dir='ltr'><strong>illis</strong></span> <span class='ocrx_word' id='word_1_513' title='bbox 2785 639 3147 706; x_wconf 85' lang='lat' dir='ltr'><strong>beneplacitnm</strong></span> <span class='ocrx_word' id='word_1_514' title='bbox 3174 647 3246 690; x_wconf 89' lang='lat' dir='ltr'><strong>est</strong></span> <span class='ocrx_word' id='word_1_515' title='bbox 3270 635 3375 690; x_wconf 85' lang='lat' dir='ltr'><strong>Deo</strong></span> <span class='ocrx_word' id='word_1_516' title='bbox 3399 637 3439 707; x_wconf 88' lang='grc' dir='ltr'><strong>(Ι</strong></span> <span class='ocrx_word' id='word_1_517' title='bbox 3462 638 3609 691; x_wconf 51' lang='lat' dir='ltr'><strong>Corn</strong></span> 
     </span>
    </p>
   </div>
   <div class='ocr_carea' id='block_1_65' title="bbox 2002 728 3584 803">
    <p class='ocr_par' dir='ltr' id='par_1_65' title="bbox 2002 728 3584 803">
     <span class='ocr_line' id='line_1_65' title="bbox 2002 728 3584 803; baseline -0.003 -18"><span class='ocrx_word' id='word_1_518' title='bbox 2002 749 2053 796; x_wconf 69' lang='grc' dir='ltr'><strong>Χ,</strong></span> <span class='ocrx_word' id='word_1_519' title='bbox 2083 734 2158 803; x_wconf 86' lang='grc'><strong>5).</strong></span> <span class='ocrx_word' id='word_1_520' title='bbox 2190 731 2371 800; x_wconf 83' lang='lat' dir='ltr'><strong>Neque</strong></span> <span class='ocrx_word' id='word_1_521' title='bbox 2400 734 2538 784; x_wconf 85' lang='lat' dir='ltr'><strong>enim</strong></span> <span class='ocrx_word' id='word_1_522' title='bbox 2568 733 2659 791; x_wconf 84' lang='lat' dir='ltr'><strong>ait,</strong></span> <span class='ocrx_word' id='word_1_523' title='bbox 2688 732 2740 784; x_wconf 93' lang='lat' dir='ltr'><strong>ln</strong></span> <span class='ocrx_word' id='word_1_524' title='bbox 2769 732 3016 784; x_wconf 86' lang='lat' dir='ltr'><strong>omnibus</strong></span> <span class='ocrx_word' id='word_1_525' title='bbox 3049 728 3153 782; x_wconf 87' lang='lat' dir='ltr'><strong>illis</strong></span> <span class='ocrx_word' id='word_1_526' title='bbox 3182 745 3285 781; x_wconf 89' lang='lat' dir='ltr'><strong>non</strong></span> <span class='ocrx_word' id='word_1_527' title='bbox 3315 739 3393 781; x_wconf 84' lang='lat' dir='ltr'><strong>est</strong></span> <span class='ocrx_word' id='word_1_528' title='bbox 3424 730 3584 781; x_wconf 68' lang='lat' dir='ltr'><strong>bene-</strong></span> 
     </span>
    </p>
   </div>
   <div class='ocr_carea' id='block_1_66' title="bbox 2001 820 3580 891">
    <p class='ocr_par' dir='ltr' id='par_1_66' title="bbox 2001 820 3580 891">
     <span class='ocr_line' id='line_1_66' title="bbox 2001 820 3580 891; baseline 0.002 -17"><span class='ocrx_word' id='word_1_529' title='bbox 2001 824 2251 891; x_wconf 89' lang='lat' dir='ltr'><strong>placitum</strong></span> <span class='ocrx_word' id='word_1_530' title='bbox 2298 825 2437 884; x_wconf 83' lang='lat' dir='ltr'><strong>Deo,</strong></span> <span class='ocrx_word' id='word_1_531' title='bbox 2486 834 2736 890; x_wconf 88' lang='lat' dir='ltr'><strong>tanquam</strong></span> <span class='ocrx_word' id='word_1_532' title='bbox 2784 832 2972 875; x_wconf 80' lang='lat' dir='ltr'><strong>mnnes</strong></span> <span class='ocrx_word' id='word_1_533' title='bbox 3020 820 3393 888; x_wconf 76' lang='lat' dir='ltr'><strong>displicuerint</strong></span> <span class='ocrx_word' id='word_1_534' title='bbox 3438 822 3580 877; x_wconf 83' lang='lat' dir='ltr'><strong>lleo;</strong></span> 
     </span>
    </p>
   </div>
   <div class='ocr_carea' id='block_1_67' title="bbox 2000 913 3586 979">
    <p class='ocr_par' dir='ltr' id='par_1_67' title="bbox 2000 913 3586 979">
     <span class='ocr_line' id='line_1_67' title="bbox 2000 913 3586 979; baseline 0 -12"><span class='ocrx_word' id='word_1_535' title='bbox 2000 914 2092 968; x_wconf 81' lang='lat' dir='ltr'><strong>sed</strong></span> <span class='ocrx_word' id='word_1_536' title='bbox 2125 916 2233 978; x_wconf 88' lang='lat' dir='ltr'><strong>ait,</strong></span> <span class='ocrx_word' id='word_1_537' title='bbox 2265 913 2383 966; x_wconf 79' lang='lat' dir='ltr'><strong>Non</strong></span> <span class='ocrx_word' id='word_1_538' title='bbox 2426 914 2477 966; x_wconf 89' lang='lat' dir='ltr'><strong>in</strong></span> <span class='ocrx_word' id='word_1_539' title='bbox 2518 915 2745 967; x_wconf 87' lang='lat' dir='ltr'><strong>omnibus</strong></span> <span class='ocrx_word' id='word_1_540' title='bbox 2785 914 2887 965; x_wconf 84' lang='lat' dir='ltr'><strong>illis</strong></span> <span class='ocrx_word' id='word_1_541' title='bbox 2917 914 3286 979; x_wconf 82' lang='lat' dir='ltr'><strong>beneplacitum</strong></span> <span class='ocrx_word' id='word_1_542' title='bbox 3327 924 3399 967; x_wconf 85' lang='lat' dir='ltr'><strong>est</strong></span> <span class='ocrx_word' id='word_1_543' title='bbox 3437 913 3586 967; x_wconf 81' lang='lat' dir='ltr'><strong>Deo:</strong></span> 
     </span>
    </p>
   </div>
   <div class='ocr_carea' id='block_1_68' title="bbox 2000 1003 3587 1074">
    <p class='ocr_par' dir='ltr' id='par_1_68' title="bbox 2000 1003 3587 1074">
     <span class='ocr_line' id='line_1_68' title="bbox 2000 1003 3587 1074; baseline -0.001 -17"><span class='ocrx_word' id='word_1_544' title='bbox 2000 1020 2127 1074; x_wconf 82' lang='lat' dir='ltr'><strong>ergo</strong></span> <span class='ocrx_word' id='word_1_545' title='bbox 2172 1006 2220 1057; x_wconf 92' lang='lat' dir='ltr'><strong>in</strong></span> <span class='ocrx_word' id='word_1_546' title='bbox 2250 1004 2598 1073; x_wconf 84' lang='lat' dir='ltr'><strong>quibusdam,</strong></span> <span class='ocrx_word' id='word_1_547' title='bbox 2631 1020 2733 1056; x_wconf 90' lang='lat' dir='ltr'><strong>non</strong></span> <span class='ocrx_word' id='word_1_548' title='bbox 2781 1004 2830 1055; x_wconf 92' lang='lat' dir='ltr'><strong>in</strong></span> <span class='ocrx_word' id='word_1_549' title='bbox 2876 1003 3142 1055; x_wconf 85' lang='lat' dir='ltr'><strong>otnnibus.</strong></span> <span class='ocrx_word' id='word_1_550' title='bbox 3180 1004 3243 1056; x_wconf 87' lang='lat' dir='ltr'><strong>Et</strong></span> <span class='ocrx_word' id='word_1_551' title='bbox 3271 1018 3459 1056; x_wconf 82' lang='lat' dir='ltr'><strong>omnes</strong></span> <span class='ocrx_word' id='word_1_552' title='bbox 3489 1006 3587 1056; x_wconf 84' lang='lat' dir='ltr'><strong>sub</strong></span> 
     </span>
    </p>
   </div>
   <div class='ocr_carea' id='block_1_69' title="bbox 2000 1096 3586 1162">
    <p class='ocr_par' dir='ltr' id='par_1_69' title="bbox 2000 1096 3586 1162">
     <span class='ocr_line' id='line_1_69' title="bbox 2000 1096 3586 1162; baseline 0 -13"><span class='ocrx_word' id='word_1_553' title='bbox 2000 1098 2199 1150; x_wconf 86' lang='lat' dir='ltr'><strong>eisdem</strong></span> <span class='ocrx_word' id='word_1_554' title='bbox 2232 1096 2599 1151; x_wconf 87' lang='lat' dir='ltr'><strong>sacerdotibus</strong></span> <span class='ocrx_word' id='word_1_555' title='bbox 2643 1106 2794 1149; x_wconf 81' lang='lat' dir='ltr'><strong>erant</strong></span> <span class='ocrx_word' id='word_1_556' title='bbox 2838 1097 2888 1149; x_wconf 91' lang='lat' dir='ltr'><strong>in</strong></span> <span class='ocrx_word' id='word_1_557' title='bbox 2935 1112 3038 1149; x_wconf 90' lang='lat' dir='ltr'><strong>uno</strong></span> <span class='ocrx_word' id='word_1_558' title='bbox 3086 1096 3380 1162; x_wconf 80' lang='lat' dir='ltr'><strong>eodemque</strong></span> <span class='ocrx_word' id='word_1_559' title='bbox 3412 1096 3586 1149; x_wconf 51' lang='lat' dir='ltr'><strong>taber-</strong></span> 
     </span>
    </p>
   </div>
   <div class='ocr_carea' id='block_1_70' title="bbox 2004 1186 3585 1255">
    <p class='ocr_par' dir='ltr' id='par_1_70' title="bbox 2004 1186 3585 1255">
     <span class='ocr_line' id='line_1_70' title="bbox 2004 1186 3585 1255; baseline 0.001 -15"><span class='ocrx_word' id='word_1_560' title='bbox 2004 1190 2227 1246; x_wconf 82' lang='lat' dir='ltr'><strong>uaculo,</strong></span> <span class='ocrx_word' id='word_1_561' title='bbox 2258 1188 2309 1241; x_wconf 91' lang='lat' dir='ltr'><strong>in</strong></span> <span class='ocrx_word' id='word_1_562' title='bbox 2355 1203 2461 1241; x_wconf 91' lang='lat' dir='ltr'><strong>uno</strong></span> <span class='ocrx_word' id='word_1_563' title='bbox 2491 1187 2787 1255; x_wconf 88' lang='lat' dir='ltr'><strong>eodemque</strong></span> <span class='ocrx_word' id='word_1_564' title='bbox 2816 1187 2968 1239; x_wconf 85' lang='lat' dir='ltr'><strong>altari</strong></span> <span class='ocrx_word' id='word_1_565' title='bbox 3012 1186 3215 1241; x_wconf 84' lang='lat' dir='ltr'><strong>hostias</strong></span> <span class='ocrx_word' id='word_1_566' title='bbox 3244 1187 3537 1240; x_wconf 76' lang='lat' dir='ltr'><strong>ollerebant</strong></span> <span class='ocrx_word' id='word_1_567' title='bbox 3573 1206 3585 1241; x_wconf 89' lang='lat'><strong>:</strong></span> 
     </span>
    </p>
   </div>
   <div class='ocr_carea' id='block_1_71' title="bbox 2002 1276 3587 1347">
    <p class='ocr_par' dir='ltr' id='par_1_71' title="bbox 2002 1276 3587 1347">
     <span class='ocr_line' id='line_1_71' title="bbox 2002 1276 3587 1347; baseline -0.001 -17"><span class='ocrx_word' id='word_1_568' title='bbox 2002 1287 2055 1332; x_wconf 86' lang='lat' dir='ltr'><strong>et</strong></span> <span class='ocrx_word' id='word_1_569' title='bbox 2086 1287 2262 1330; x_wconf 82' lang='lat' dir='ltr'><strong>t:unen</strong></span> <span class='ocrx_word' id='word_1_570' title='bbox 2308 1277 2771 1347; x_wconf 81' lang='lat' dir='ltr'><strong>distinguebantur</strong></span> <span class='ocrx_word' id='word_1_571' title='bbox 2816 1276 3000 1339; x_wconf 83' lang='lat' dir='ltr'><strong>faelis,</strong></span> <span class='ocrx_word' id='word_1_572' title='bbox 3035 1292 3138 1329; x_wconf 90' lang='lat' dir='ltr'><strong>non</strong></span> <span class='ocrx_word' id='word_1_573' title='bbox 3169 1276 3339 1334; x_wconf 82' lang='lat' dir='ltr'><strong>locis:</strong></span> <span class='ocrx_word' id='word_1_574' title='bbox 3386 1277 3587 1338; x_wconf 85' lang='lat' dir='ltr'><strong>animo,</strong></span> 
     </span>
    </p>
   </div>
   <div class='ocr_carea' id='block_1_72' title="bbox 2003 1368 3588 1439">
    <p class='ocr_par' dir='ltr' id='par_1_72' title="bbox 2003 1368 3588 1439">
     <span class='ocr_line' id='line_1_72' title="bbox 2003 1368 3588 1439; baseline 0.001 -18"><span class='ocrx_word' id='word_1_575' title='bbox 2003 1386 2110 1422; x_wconf 87' lang='lat' dir='ltr'><strong>non</strong></span> <span class='ocrx_word' id='word_1_576' title='bbox 2143 1369 2375 1439; x_wconf 85' lang='lat' dir='ltr'><strong>templo;</strong></span> <span class='ocrx_word' id='word_1_577' title='bbox 2411 1370 2670 1435; x_wconf 86' lang='lat' dir='ltr'><strong>moribus,</strong></span> <span class='ocrx_word' id='word_1_578' title='bbox 2701 1386 2803 1422; x_wconf 90' lang='lat' dir='ltr'><strong>non</strong></span> <span class='ocrx_word' id='word_1_579' title='bbox 2831 1370 3104 1423; x_wconf 88' lang='lat' dir='ltr'><strong>altaribus.</strong></span> <span class='ocrx_word' id='word_1_580' title='bbox 3133 1368 3219 1423; x_wconf 86' lang='lat' dir='ltr'><strong>Sic</strong></span> <span class='ocrx_word' id='word_1_581' title='bbox 3246 1370 3334 1422; x_wconf 85' lang='lat' dir='ltr'><strong>alii</strong></span> <span class='ocrx_word' id='word_1_582' title='bbox 3363 1369 3427 1422; x_wconf 86' lang='lat' dir='ltr'><strong>ad</strong></span> <span class='ocrx_word' id='word_1_583' title='bbox 3454 1371 3588 1422; x_wconf 81' lang='lat' dir='ltr'><strong>alios</strong></span> 
     </span>
    </p>
   </div>
   <div class='ocr_carea' id='block_1_73' title="bbox 2004 1459 3586 1526">
    <p class='ocr_par' dir='ltr' id='par_1_73' title="bbox 2004 1459 3586 1526">
     <span class='ocr_line' id='line_1_73' title="bbox 2004 1459 3586 1526; baseline 0 -13"><span class='ocrx_word' id='word_1_584' title='bbox 2004 1475 2106 1513; x_wconf 89' lang='lat' dir='ltr'><strong>non</strong></span> <span class='ocrx_word' id='word_1_585' title='bbox 2151 1460 2506 1524; x_wconf 87' lang='lat' dir='ltr'><strong>accedebant,</strong></span> <span class='ocrx_word' id='word_1_586' title='bbox 2553 1476 2619 1514; x_wconf 88' lang='lat' dir='ltr'><strong>ne</strong></span> <span class='ocrx_word' id='word_1_587' title='bbox 2658 1459 2723 1512; x_wconf 86' lang='lat' dir='ltr'><strong>ab</strong></span> <span class='ocrx_word' id='word_1_588' title='bbox 2764 1460 2841 1513; x_wconf 92' lang='lat' dir='ltr'><strong>eis</strong></span> <span class='ocrx_word' id='word_1_589' title='bbox 2876 1459 3276 1526; x_wconf 86' lang='lat' dir='ltr'><strong>inquinarentur</strong></span> <span class='ocrx_word' id='word_1_590' title='bbox 3312 1478 3323 1514; x_wconf 93' lang='lat'>:</span> <span class='ocrx_word' id='word_1_591' title='bbox 3357 1459 3456 1513; x_wconf 87' lang='lat' dir='ltr'><strong>hoc</strong></span> <span class='ocrx_word' id='word_1_592' title='bbox 3483 1470 3586 1524; x_wconf 87' lang='lat' dir='ltr'><strong>est,</strong></span> 
     </span>
    </p>
   </div>
   <div class='ocr_carea' id='block_1_74' title="bbox 2002 1549 3590 1619">
    <p class='ocr_par' dir='ltr' id='par_1_74' title="bbox 2002 1549 3590 1619">
     <span class='ocr_line' id='line_1_74' title="bbox 2002 1549 3590 1619; baseline -0.001 -17"><span class='ocrx_word' id='word_1_593' title='bbox 2002 1565 2188 1602; x_wconf 92' lang='lat' dir='ltr'><strong>eorum</strong></span> <span class='ocrx_word' id='word_1_594' title='bbox 2235 1549 2388 1602; x_wconf 78' lang='lat' dir='ltr'><strong>malis</strong></span> <span class='ocrx_word' id='word_1_595' title='bbox 2433 1549 2585 1603; x_wconf 80' lang='lat' dir='ltr'><strong>factis</strong></span> <span class='ocrx_word' id='word_1_596' title='bbox 2634 1565 2739 1602; x_wconf 89' lang='lat' dir='ltr'><strong>non</strong></span> <span class='ocrx_word' id='word_1_597' title='bbox 2789 1550 3230 1611; x_wconf 85' lang='lat' dir='ltr'><strong>consentiebant,</strong></span> <span class='ocrx_word' id='word_1_598' title='bbox 3281 1566 3347 1603; x_wconf 90' lang='lat' dir='ltr'><strong>ne</strong></span> <span class='ocrx_word' id='word_1_599' title='bbox 3396 1552 3590 1619; x_wconf 74' lang='lat' dir='ltr'><strong>pariter</strong></span> 
     </span>
    </p>
   </div>
   <div class='ocr_carea' id='block_1_75' title="bbox 2003 1641 3590 1713">
    <p class='ocr_par' dir='ltr' id='par_1_75' title="bbox 2003 1641 3590 1713">
     <span class='ocr_line' id='line_1_75' title="bbox 2003 1641 3590 1713; baseline 0 -17"><span class='ocrx_word' id='word_1_600' title='bbox 2003 1643 2402 1696; x_wconf 81' lang='lat' dir='ltr'><strong>damnarentur.</strong></span> <span class='ocrx_word' id='word_1_601' title='bbox 2438 1642 2550 1695; x_wconf 78' lang='lat' dir='ltr'><strong>Non</strong></span> <span class='ocrx_word' id='word_1_602' title='bbox 2582 1643 2724 1696; x_wconf 86' lang='lat' dir='ltr'><strong>enim</strong></span> <span class='ocrx_word' id='word_1_603' title='bbox 2752 1651 2805 1696; x_wconf 89' lang='lat' dir='ltr'><strong>et</strong></span> <span class='ocrx_word' id='word_1_604' title='bbox 2835 1642 2953 1694; x_wconf 80' lang='lat' dir='ltr'><strong>illos</strong></span> <span class='ocrx_word' id='word_1_605' title='bbox 2985 1643 3151 1694; x_wconf 84' lang='lat' dir='ltr'><strong>tnalos</strong></span> <span class='ocrx_word' id='word_1_606' title='bbox 3182 1641 3389 1713; x_wconf 71' lang='lat' dir='ltr'><strong>Moyses</strong></span> <span class='ocrx_word' id='word_1_607' title='bbox 3417 1652 3590 1696; x_wconf 80' lang='lat' dir='ltr'><strong>tantus</strong></span> 
     </span>
    </p>
   </div>
   <div class='ocr_carea' id='block_1_76' title="bbox 2006 1734 3586 1803">
    <p class='ocr_par' dir='ltr' id='par_1_76' title="bbox 2006 1734 3586 1803">
     <span class='ocr_line' id='line_1_76' title="bbox 2006 1734 3586 1803; baseline 0.001 -19"><span class='ocrx_word' id='word_1_608' title='bbox 2006 1735 2260 1803; x_wconf 82' lang='lat' dir='ltr'><strong>propheta</strong></span> <span class='ocrx_word' id='word_1_609' title='bbox 2295 1734 2584 1797; x_wconf 81' lang='lat' dir='ltr'><strong>nesciebat,</strong></span> <span class='ocrx_word' id='word_1_610' title='bbox 2628 1749 2848 1802; x_wconf 84' lang='lat' dir='ltr'><strong>quorum</strong></span> <span class='ocrx_word' id='word_1_611' title='bbox 2894 1734 3049 1801; x_wconf 86' lang='lat' dir='ltr'><strong>impia</strong></span> <span class='ocrx_word' id='word_1_612' title='bbox 3083 1748 3349 1785; x_wconf 87' lang='lat' dir='ltr'><strong>murmura</strong></span> <span class='ocrx_word' id='word_1_613' title='bbox 3381 1742 3431 1785; x_wconf 88' lang='lat' dir='ltr'><strong>et</strong></span> <span class='ocrx_word' id='word_1_614' title='bbox 3466 1735 3586 1787; x_wconf 70' lang='lat' dir='ltr'><strong>hur—</strong></span> 
     </span>
    </p>
   </div>
   <div class='ocr_carea' id='block_1_77' title="bbox 2005 1822 3590 1894">
    <p class='ocr_par' dir='ltr' id='par_1_77' title="bbox 2005 1822 3590 1894">
     <span class='ocr_line' id='line_1_77' title="bbox 2005 1822 3590 1894; baseline -0.002 -14"><span class='ocrx_word' id='word_1_615' title='bbox 2005 1826 2197 1880; x_wconf 88' lang='lat' dir='ltr'><strong>rendas</strong></span> <span class='ocrx_word' id='word_1_616' title='bbox 2227 1825 2609 1879; x_wconf 87' lang='lat' dir='ltr'><strong>amaritudines</strong></span> <span class='ocrx_word' id='word_1_617' title='bbox 2655 1824 2888 1894; x_wconf 78' lang='lat' dir='ltr'><strong>quotidie</strong></span> <span class='ocrx_word' id='word_1_618' title='bbox 2935 1823 3245 1878; x_wconf 71' lang='lat' dir='ltr'><strong>sufferebat.</strong></span> <span class='ocrx_word' id='word_1_619' title='bbox 3278 1822 3383 1877; x_wconf 88' lang='lat' dir='ltr'><strong>Sed</strong></span> <span class='ocrx_word' id='word_1_620' title='bbox 3432 1828 3590 1877; x_wconf 87' lang='lat' dir='ltr'><strong>istum</strong></span> 
     </span>
    </p>
   </div>
   <div class='ocr_carea' id='block_1_78' title="bbox 2006 1912 3588 1985">
    <p class='ocr_par' dir='ltr' id='par_1_78' title="bbox 2006 1912 3588 1985">
     <span class='ocr_line' id='line_1_78' title="bbox 2006 1912 3588 1985; baseline -0.001 -16"><span class='ocrx_word' id='word_1_621' title='bbox 2006 1917 2241 1971; x_wconf 84' lang='lat' dir='ltr'><strong>nescisse</strong></span> <span class='ocrx_word' id='word_1_622' title='bbox 2273 1916 2526 1971; x_wconf 77' lang='lat' dir='ltr'><strong>faciamus</strong></span> <span class='ocrx_word' id='word_1_623' title='bbox 2561 1935 2573 1969; x_wconf 90' lang='lat'><strong>:</strong></span> <span class='ocrx_word' id='word_1_624' title='bbox 2609 1916 2862 1985; x_wconf 85' lang='lat' dir='ltr'><strong>mtmquid</strong></span> <span class='ocrx_word' id='word_1_625' title='bbox 2908 1926 2961 1968; x_wconf 88' lang='lat' dir='ltr'><strong>et</strong></span> <span class='ocrx_word' id='word_1_626' title='bbox 2989 1912 3205 1969; x_wconf 72' lang='lat' dir='ltr'><strong>Samuel</strong></span> <span class='ocrx_word' id='word_1_627' title='bbox 3239 1915 3453 1969; x_wconf 76' lang='lat' dir='ltr'><strong>Saﬁlem</strong></span> <span class='ocrx_word' id='word_1_628' title='bbox 3497 1933 3588 1967; x_wconf 85' lang='lat' dir='ltr'><strong>ne—</strong></span> 
     </span>
    </p>
   </div>
   <div class='ocr_carea' id='block_1_79' title="bbox 2006 2006 3590 2075">
    <p class='ocr_par' dir='ltr' id='par_1_79' title="bbox 2006 2006 3590 2075">
     <span class='ocr_line' id='line_1_79' title="bbox 2006 2006 3590 2075; baseline -0.001 -16"><span class='ocrx_word' id='word_1_629' title='bbox 2006 2006 2238 2068; x_wconf 85' lang='lat' dir='ltr'><strong>sciebat,</strong></span> <span class='ocrx_word' id='word_1_630' title='bbox 2270 2022 2426 2074; x_wconf 88' lang='lat' dir='ltr'><strong>quem</strong></span> <span class='ocrx_word' id='word_1_631' title='bbox 2464 2022 2556 2074; x_wconf 87' lang='lat' dir='ltr'><strong>per</strong></span> <span class='ocrx_word' id='word_1_632' title='bbox 2585 2022 2646 2060; x_wconf 86' lang='lat' dir='ltr'><strong>os</strong></span> <span class='ocrx_word' id='word_1_633' title='bbox 2676 2007 2791 2075; x_wconf 85' lang='lat' dir='ltr'><strong>ejus</strong></span> <span class='ocrx_word' id='word_1_634' title='bbox 2836 2016 3031 2059; x_wconf 74' lang='lat' dir='ltr'><strong>:eterna</strong></span> <span class='ocrx_word' id='word_1_635' title='bbox 3067 2007 3327 2059; x_wconf 85' lang='lat' dir='ltr'><strong>sententia</strong></span> <span class='ocrx_word' id='word_1_636' title='bbox 3371 2006 3590 2059; x_wconf 89' lang='lat' dir='ltr'><strong>damna-</strong></span> 
     </span>
    </p>
   </div>
   <div class='ocr_carea' id='block_1_80' title="bbox 2005 2094 3592 2164">
    <p class='ocr_par' dir='ltr' id='par_1_80' title="bbox 2005 2094 3592 2164">
     <span class='ocr_line' id='line_1_80' title="bbox 2005 2094 3592 2164; baseline 0.001 -17"><span class='ocrx_word' id='word_1_637' title='bbox 2005 2103 2156 2148; x_wconf 83' lang='lat' dir='ltr'><strong>verat</strong></span> <span class='ocrx_word' id='word_1_638' title='bbox 2186 2096 2321 2150; x_wconf 84' lang='lat' dir='ltr'><strong>Deus</strong></span> <span class='ocrx_word' id='word_1_639' title='bbox 2342 2097 2366 2149; x_wconf 86' lang='lat'><strong>?</strong></span> <span class='ocrx_word' id='word_1_640' title='bbox 2390 2094 2769 2149; x_wconf 72' lang='lat' dir='ltr'><strong>Verumtamen</strong></span> <span class='ocrx_word' id='word_1_641' title='bbox 2798 2106 2851 2149; x_wconf 85' lang='lat' dir='ltr'><strong>et</strong></span> <span class='ocrx_word' id='word_1_642' title='bbox 2884 2095 3052 2164; x_wconf 74' lang='lat' dir='ltr'><strong>ipsum</strong></span> <span class='ocrx_word' id='word_1_643' title='bbox 3086 2102 3140 2148; x_wconf 84' lang='lat' dir='ltr'><strong>et</strong></span> <span class='ocrx_word' id='word_1_644' title='bbox 3166 2104 3405 2149; x_wconf 87' lang='lat' dir='ltr'><strong>sanctum</strong></span> <span class='ocrx_word' id='word_1_645' title='bbox 3433 2096 3592 2148; x_wconf 73' lang='lat' dir='ltr'><strong>David</strong></span> 
     </span>
    </p>
   </div>
   <div class='ocr_carea' id='block_1_81' title="bbox 2007 2186 3595 2246">
    <p class='ocr_par' dir='ltr' id='par_1_81' title="bbox 2007 2186 3595 2246">
     <span class='ocr_line' id='line_1_81' title="bbox 2007 2186 3595 2246; baseline 0 -7"><span class='ocrx_word' id='word_1_646' title='bbox 2007 2202 2169 2240; x_wconf 87' lang='lat' dir='ltr'><strong>unum</strong></span> <span class='ocrx_word' id='word_1_647' title='bbox 2196 2187 2286 2240; x_wconf 88' lang='lat' dir='ltr'><strong>Dei</strong></span> <span class='ocrx_word' id='word_1_648' title='bbox 2320 2186 2717 2241; x_wconf 83' lang='lat' dir='ltr'><strong>tabernaculum</strong></span> <span class='ocrx_word' id='word_1_649' title='bbox 2748 2187 3023 2246; x_wconf 85' lang='lat' dir='ltr'><strong>intrantes,</strong></span> <span class='ocrx_word' id='word_1_650' title='bbox 3054 2186 3193 2238; x_wconf 89' lang='lat' dir='ltr'><strong>inter</strong></span> <span class='ocrx_word' id='word_1_651' title='bbox 3220 2186 3406 2239; x_wconf 85' lang='lat' dir='ltr'><strong>eadem</strong></span> <span class='ocrx_word' id='word_1_652' title='bbox 3433 2186 3595 2239; x_wconf 79' lang='lat' dir='ltr'><strong>sacri-</strong></span> 
     </span>
    </p>
   </div>
   <div class='ocr_carea' id='block_1_82' title="bbox 2009 2274 3594 2344">
    <p class='ocr_par' dir='ltr' id='par_1_82' title="bbox 2009 2274 3594 2344">
     <span class='ocr_line' id='line_1_82' title="bbox 2009 2274 3594 2344; baseline -0.001 -15"><span class='ocrx_word' id='word_1_653' title='bbox 2009 2275 2123 2330; x_wconf 85' lang='lat' dir='ltr'><strong>licia</strong></span> <span class='ocrx_word' id='word_1_654' title='bbox 2149 2275 2356 2329; x_wconf 78' lang='lat' dir='ltr'><strong>videbat</strong></span> <span class='ocrx_word' id='word_1_655' title='bbox 2380 2293 2393 2340; x_wconf 92' lang='lat'><strong>;</strong></span> <span class='ocrx_word' id='word_1_656' title='bbox 2418 2276 2509 2329; x_wconf 84' lang='lat' dir='ltr'><strong>sed</strong></span> <span class='ocrx_word' id='word_1_657' title='bbox 2538 2276 2787 2330; x_wconf 90' lang='lat' dir='ltr'><strong>distincte</strong></span> <span class='ocrx_word' id='word_1_658' title='bbox 2814 2276 2992 2344; x_wconf 86' lang='lat' dir='ltr'><strong>utique</strong></span> <span class='ocrx_word' id='word_1_659' title='bbox 3009 2275 3236 2336; x_wconf 79' lang='lat' dir='ltr'><strong>videbat,</strong></span> <span class='ocrx_word' id='word_1_660' title='bbox 3262 2276 3383 2343; x_wconf 80' lang='lat' dir='ltr'><strong>quia</strong></span> <span class='ocrx_word' id='word_1_661' title='bbox 3410 2274 3594 2328; x_wconf 60' lang='lat' dir='ltr'><strong>distin.</strong></span> 
     </span>
    </p>
   </div>
   <div class='ocr_carea' id='block_1_83' title="bbox 2008 2369 3592 2432">
    <p class='ocr_par' dir='ltr' id='par_1_83' title="bbox 2008 2369 3592 2432">
     <span class='ocr_line' id='line_1_83' title="bbox 2008 2369 3592 2432; baseline -0.003 -9"><span class='ocrx_word' id='word_1_662' title='bbox 2008 2379 2124 2424; x_wconf 91' lang='lat' dir='ltr'><strong>ctos</strong></span> <span class='ocrx_word' id='word_1_663' title='bbox 2146 2369 2396 2432; x_wconf 72' lang='lat' dir='ltr'><strong>videbat;</strong></span> <span class='ocrx_word' id='word_1_664' title='bbox 2442 2377 2495 2422; x_wconf 89' lang='lat' dir='ltr'><strong>et</strong></span> <span class='ocrx_word' id='word_1_665' title='bbox 2541 2384 2702 2423; x_wconf 88' lang='lat' dir='ltr'><strong>unum</strong></span> <span class='ocrx_word' id='word_1_666' title='bbox 2732 2384 2917 2423; x_wconf 90' lang='lat' dir='ltr'><strong>eorum</strong></span> <span class='ocrx_word' id='word_1_667' title='bbox 2968 2369 3020 2421; x_wconf 91' lang='lat' dir='ltr'><strong>in</strong></span> <span class='ocrx_word' id='word_1_668' title='bbox 3061 2378 3318 2421; x_wconf 77' lang='lat' dir='ltr'><strong>:rternum</strong></span> <span class='ocrx_word' id='word_1_669' title='bbox 3364 2369 3592 2432; x_wconf 83' lang='lat' dir='ltr'><strong>amabat,</strong></span> 
     </span>
    </p>
   </div>
   <div class='ocr_carea' id='block_1_84' title="bbox 2008 2457 3597 2528">
    <p class='ocr_par' dir='ltr' id='par_1_84' title="bbox 2008 2457 3597 2528">
     <span class='ocr_line' id='line_1_84' title="bbox 2008 2457 3597 2528; baseline -0.001 -17"><span class='ocrx_word' id='word_1_670' title='bbox 2008 2460 2166 2511; x_wconf 89' lang='lat' dir='ltr'><strong>alium</strong></span> <span class='ocrx_word' id='word_1_671' title='bbox 2195 2474 2290 2528; x_wconf 89' lang='lat' dir='ltr'><strong>pro</strong></span> <span class='ocrx_word' id='word_1_672' title='bbox 2322 2467 2560 2527; x_wconf 86' lang='lat' dir='ltr'><strong>tempore</strong></span> <span class='ocrx_word' id='word_1_673' title='bbox 2593 2457 2878 2511; x_wconf 87' lang='lat' dir='ltr'><strong>tolerabat.</strong></span> <span class='ocrx_word' id='word_1_674' title='bbox 2921 2457 3009 2512; x_wconf 90' lang='lat' dir='ltr'><strong>Sic</strong></span> <span class='ocrx_word' id='word_1_675' title='bbox 3038 2468 3091 2511; x_wconf 87' lang='lat' dir='ltr'><strong>et</strong></span> <span class='ocrx_word' id='word_1_676' title='bbox 3123 2458 3347 2527; x_wconf 66' lang='lat' dir='ltr'><strong>Agga&#39;us</strong></span> <span class='ocrx_word' id='word_1_677' title='bbox 3380 2468 3597 2510; x_wconf 71' lang='lat' dir='ltr'><strong>noverat</strong></span> 
     </span>
    </p>
   </div>
   <div class='ocr_carea' id='block_1_85' title="bbox 2011 2547 3593 2617">
    <p class='ocr_par' dir='ltr' id='par_1_85' title="bbox 2011 2547 3593 2617">
     <span class='ocr_line' id='line_1_85' title="bbox 2011 2547 3593 2617; baseline -0.001 -16"><span class='ocrx_word' id='word_1_678' title='bbox 2011 2549 2060 2601; x_wconf 93' lang='lat' dir='ltr'><strong>in</strong></span> <span class='ocrx_word' id='word_1_679' title='bbox 2089 2563 2196 2601; x_wconf 90' lang='lat' dir='ltr'><strong>uno</strong></span> <span class='ocrx_word' id='word_1_680' title='bbox 2220 2548 2414 2616; x_wconf 89' lang='lat' dir='ltr'><strong>populo</strong></span> <span class='ocrx_word' id='word_1_681' title='bbox 2437 2547 2569 2601; x_wconf 89' lang='lat' dir='ltr'><strong>duos</strong></span> <span class='ocrx_word' id='word_1_682' title='bbox 2594 2549 2817 2617; x_wconf 89' lang='lat' dir='ltr'><strong>populos</strong></span> <span class='ocrx_word' id='word_1_683' title='bbox 2842 2564 3005 2601; x_wconf 89' lang='lat' dir='ltr'><strong>unum</strong></span> <span class='ocrx_word' id='word_1_684' title='bbox 3032 2549 3284 2616; x_wconf 89' lang='lat' dir='ltr'><strong>templum</strong></span> <span class='ocrx_word' id='word_1_685' title='bbox 3313 2550 3593 2609; x_wconf 76' lang='lat' dir='ltr'><strong>intrantes,</strong></span> 
     </span>
    </p>
   </div>
   <div class='ocr_carea' id='block_1_86' title="bbox 2010 2638 3598 2706">
    <p class='ocr_par' dir='ltr' id='par_1_86' title="bbox 2010 2638 3598 2706">
     <span class='ocr_line' id='line_1_86' title="bbox 2010 2638 3598 2706; baseline -0.002 -15"><span class='ocrx_word' id='word_1_686' title='bbox 2010 2638 2110 2691; x_wconf 91' lang='lat' dir='ltr'><strong>sub</strong></span> <span class='ocrx_word' id='word_1_687' title='bbox 2136 2652 2242 2691; x_wconf 90' lang='lat' dir='ltr'><strong>uno</strong></span> <span class='ocrx_word' id='word_1_688' title='bbox 2265 2652 2455 2706; x_wconf 84' lang='lat' dir='ltr'><strong>magno</strong></span> <span class='ocrx_word' id='word_1_689' title='bbox 2486 2638 2764 2692; x_wconf 88' lang='lat' dir='ltr'><strong>sacerdote</strong></span> <span class='ocrx_word' id='word_1_690' title='bbox 2784 2638 3021 2692; x_wconf 80' lang='lat' dir='ltr'><strong>viventes</strong></span> <span class='ocrx_word' id='word_1_691' title='bbox 3045 2654 3058 2702; x_wconf 91' lang='lat'><strong>;</strong></span> <span class='ocrx_word' id='word_1_692' title='bbox 3092 2648 3144 2690; x_wconf 89' lang='lat' dir='ltr'><strong>et</strong></span> <span class='ocrx_word' id='word_1_693' title='bbox 3169 2640 3393 2690; x_wconf 89' lang='lat' dir='ltr'><strong>alterum</strong></span> <span class='ocrx_word' id='word_1_694' title='bbox 3421 2646 3598 2691; x_wconf 79' lang='lat' dir='ltr'><strong>osten-</strong></span> 
     </span>
    </p>
   </div>
   <div class='ocr_carea' id='block_1_87' title="bbox 2010 2727 3597 2791">
    <p class='ocr_par' dir='ltr' id='par_1_87' title="bbox 2010 2727 3597 2791">
     <span class='ocr_line' id='line_1_87' title="bbox 2010 2727 3597 2791; baseline -0.001 -10"><span class='ocrx_word' id='word_1_695' title='bbox 2010 2727 2167 2782; x_wconf 81' lang='lat' dir='ltr'><strong>debat</strong></span> <span class='ocrx_word' id='word_1_696' title='bbox 2199 2727 2526 2781; x_wconf 87' lang='lat' dir='ltr'><strong>immuudum</strong></span> <span class='ocrx_word' id='word_1_697' title='bbox 2549 2768 2562 2791; x_wconf 93' lang='lat'><strong>,</strong></span> <span class='ocrx_word' id='word_1_698' title='bbox 2594 2728 2819 2781; x_wconf 89' lang='lat' dir='ltr'><strong>alterum</strong></span> <span class='ocrx_word' id='word_1_699' title='bbox 2863 2728 2926 2781; x_wconf 87' lang='lat' dir='ltr'><strong>ad</strong></span> <span class='ocrx_word' id='word_1_700' title='bbox 2979 2727 3308 2781; x_wconf 90' lang='lat' dir='ltr'><strong>immundum</strong></span> <span class='ocrx_word' id='word_1_701' title='bbox 3340 2727 3597 2781; x_wconf 87' lang='lat' dir='ltr'><strong>accedere</strong></span> 
     </span>
    </p>
   </div>
   <div class='ocr_carea' id='block_1_88' title="bbox 2012 2818 3596 2890">
    <p class='ocr_par' dir='ltr' id='par_1_88' title="bbox 2012 2818 3596 2890">
     <span class='ocr_line' id='line_1_88' title="bbox 2012 2818 3596 2890; baseline -0.002 -16"><span class='ocrx_word' id='word_1_702' title='bbox 2012 2820 2327 2890; x_wconf 87' lang='lat' dir='ltr'><strong>prohibebat</strong></span> <span class='ocrx_word' id='word_1_703' title='bbox 2373 2837 2386 2874; x_wconf 88' lang='lat'><strong>:</strong></span> <span class='ocrx_word' id='word_1_704' title='bbox 2431 2830 2486 2875; x_wconf 87' lang='lat' dir='ltr'><strong>et</strong></span> <span class='ocrx_word' id='word_1_705' title='bbox 2534 2831 2708 2874; x_wconf 88' lang='lat' dir='ltr'><strong>tamen</strong></span> <span class='ocrx_word' id='word_1_706' title='bbox 2740 2836 2840 2873; x_wconf 88' lang='lat' dir='ltr'><strong>nec</strong></span> <span class='ocrx_word' id='word_1_707' title='bbox 2890 2820 3009 2873; x_wconf 89' lang='lat' dir='ltr'><strong>illos</strong></span> <span class='ocrx_word' id='word_1_708' title='bbox 3060 2836 3157 2873; x_wconf 90' lang='lat' dir='ltr'><strong>nec</strong></span> <span class='ocrx_word' id='word_1_709' title='bbox 3202 2835 3262 2873; x_wconf 85' lang='lat' dir='ltr'><strong>se</strong></span> <span class='ocrx_word' id='word_1_710' title='bbox 3313 2819 3481 2886; x_wconf 88' lang='lat' dir='ltr'><strong>ipsum</strong></span> <span class='ocrx_word' id='word_1_711' title='bbox 3528 2818 3596 2871; x_wconf 89' lang='lat' dir='ltr'><strong>ab</strong></span> 
     </span>
    </p>
   </div>
   <div class='ocr_carea' id='block_1_89' title="bbox 2013 2910 3595 2980">
    <p class='ocr_par' dir='ltr' id='par_1_89' title="bbox 2013 2910 3595 2980">
     <span class='ocr_line' id='line_1_89' title="bbox 2013 2910 3595 2980; baseline -0.004 -15"><span class='ocrx_word' id='word_1_712' title='bbox 2013 2911 2198 2965; x_wconf 87' lang='lat' dir='ltr'><strong>eodem</strong></span> <span class='ocrx_word' id='word_1_713' title='bbox 2225 2911 2503 2980; x_wconf 87' lang='lat' dir='ltr'><strong>templo.et</strong></span> <span class='ocrx_word' id='word_1_714' title='bbox 2524 2911 2589 2963; x_wconf 89' lang='lat' dir='ltr'><strong>ab</strong></span> <span class='ocrx_word' id='word_1_715' title='bbox 2620 2910 2821 2964; x_wconf 86' lang='lat' dir='ltr'><strong>eisdem</strong></span> <span class='ocrx_word' id='word_1_716' title='bbox 2846 2911 3098 2964; x_wconf 70' lang='lat' dir='ltr'><strong>altaribUs</strong></span> <span class='ocrx_word' id='word_1_717' title='bbox 3125 2911 3423 2978; x_wconf 73' lang='lat' dir='ltr'><strong>separabat.</strong></span> <span class='ocrx_word' id='word_1_718' title='bbox 3457 2910 3595 2978; x_wconf 72' lang='lat' dir='ltr'><strong>Ergo</strong></span> 
     </span>
    </p>
   </div>
   <div class='ocr_carea' id='block_1_90' title="bbox 2014 3000 3599 3069">
    <p class='ocr_par' dir='ltr' id='par_1_90' title="bbox 2014 3000 3599 3069">
     <span class='ocr_line' id='line_1_90' title="bbox 2014 3000 3599 3069; baseline -0.002 -15"><span class='ocrx_word' id='word_1_719' title='bbox 2014 3002 2341 3069; x_wconf 84' lang='lat' dir='ltr'><strong>Spiritualetn</strong></span> <span class='ocrx_word' id='word_1_720' title='bbox 2397 3000 2716 3068; x_wconf 83' lang='lat' dir='ltr'><strong>prohibebat</strong></span> <span class='ocrx_word' id='word_1_721' title='bbox 2761 3016 3034 3053; x_wconf 75' lang='lat' dir='ltr'><strong>accessum</strong></span> <span class='ocrx_word' id='word_1_722' title='bbox 3084 3002 3599 3067; x_wconf 83' lang='lat' dir='ltr'><strong>consensionemque</strong></span> 
     </span>
    </p>
   </div>
   <div class='ocr_carea' id='block_1_91' title="bbox 2013 3092 3599 3162">
    <p class='ocr_par' dir='ltr' id='par_1_91' title="bbox 2013 3092 3599 3162">
     <span class='ocr_line' id='line_1_91' title="bbox 2013 3092 3599 3162; baseline -0.003 -15"><span class='ocrx_word' id='word_1_723' title='bbox 2013 3093 2275 3147; x_wconf 82' lang='lat' dir='ltr'><strong>laetorum</strong></span> <span class='ocrx_word' id='word_1_724' title='bbox 2306 3111 2317 3144; x_wconf 90' lang='lat'>:</span> <span class='ocrx_word' id='word_1_725' title='bbox 2350 3094 2487 3162; x_wconf 86' lang='lat' dir='ltr'><strong>quod</strong></span> <span class='ocrx_word' id='word_1_726' title='bbox 2519 3102 2573 3147; x_wconf 90' lang='lat' dir='ltr'><strong>et</strong></span> <span class='ocrx_word' id='word_1_727' title='bbox 2604 3094 2715 3161; x_wconf 87' lang='lat' dir='ltr'><strong>ipsa</strong></span> <span class='ocrx_word' id='word_1_728' title='bbox 2749 3093 2905 3147; x_wconf 70' lang='lat' dir='ltr'><strong>verba</strong></span> <span class='ocrx_word' id='word_1_729' title='bbox 2937 3094 3204 3157; x_wconf 85' lang='lat' dir='ltr'><strong>clamant,</strong></span> <span class='ocrx_word' id='word_1_730' title='bbox 3235 3093 3278 3145; x_wconf 82' lang='lat' dir='ltr'><strong>si</strong></span> <span class='ocrx_word' id='word_1_731' title='bbox 3316 3108 3473 3145; x_wconf 87' lang='lat' dir='ltr'><strong>aures</strong></span> <span class='ocrx_word' id='word_1_732' title='bbox 3502 3092 3599 3144; x_wconf 88' lang='lat' dir='ltr'><strong>ad-</strong></span> 
     </span>
    </p>
   </div>
   <div class='ocr_carea' id='block_1_92' title="bbox 2014 3186 3631 3256">
    <p class='ocr_par' dir='ltr' id='par_1_92' title="bbox 2014 3186 3631 3256">
     <span class='ocr_line' id='line_1_92' title="bbox 2014 3186 3631 3256; baseline -0.001 -16"><span class='ocrx_word' id='word_1_733' title='bbox 2014 3189 2143 3251; x_wconf 75' lang='lat' dir='ltr'><strong>sint,</strong></span> <span class='ocrx_word' id='word_1_734' title='bbox 2167 3203 2298 3256; x_wconf 90' lang='lat' dir='ltr'><strong>quas</strong></span> <span class='ocrx_word' id='word_1_735' title='bbox 2320 3187 2629 3241; x_wconf 87' lang='lat' dir='ltr'><strong>animositas</strong></span> <span class='ocrx_word' id='word_1_736' title='bbox 2654 3186 2847 3241; x_wconf 77' lang='lat' dir='ltr'><strong>furiosa</strong></span> <span class='ocrx_word' id='word_1_737' title='bbox 2873 3201 2978 3239; x_wconf 89' lang='lat' dir='ltr'><strong>non</strong></span> <span class='ocrx_word' id='word_1_738' title='bbox 3006 3186 3215 3240; x_wconf 86' lang='lat' dir='ltr'><strong>claudat</strong></span> <span class='ocrx_word' id='word_1_739' title='bbox 3236 3186 3324 3237; x_wconf 88' lang='lat' dir='ltr'><strong>aut</strong></span> <span class='ocrx_word' id='word_1_740' title='bbox 3349 3186 3599 3253; x_wconf 77' lang='lat' dir='ltr'><strong>strepitus</strong></span> <span class='ocrx_word' id='word_1_741' title='bbox 3628 3224 3631 3229; x_wconf 71' lang='lat'>.</span> 
     </span>
    </p>
   </div>
   <div class='ocr_carea' id='block_1_93' title="bbox 2014 3260 3593 3348">
    <p class='ocr_par' dir='ltr' id='par_1_93' title="bbox 2014 3260 3593 3348">
     <span class='ocr_line' id='line_1_93' title="bbox 2014 3260 3593 3348; baseline -0.001 -17"><span class='ocrx_word' id='word_1_742' title='bbox 2014 3281 2179 3333; x_wconf 60' lang='lat' dir='ltr'><strong>variae</strong></span> <span class='ocrx_word' id='word_1_743' title='bbox 2206 3260 2592 3333; x_wconf 56' lang='lat' dir='ltr'><strong>’contentionis</strong></span> <span class='ocrx_word' id='word_1_744' title='bbox 2645 3278 2917 3348; x_wconf 87' lang='lat' dir='ltr'><strong>impediat.</strong></span> <span class='ocrx_word' id='word_1_745' title='bbox 2976 3279 3057 3332; x_wconf 80' lang='lat' dir='ltr'><strong>Ait</strong></span> <span class='ocrx_word' id='word_1_746' title='bbox 3116 3280 3258 3332; x_wconf 88' lang='lat' dir='ltr'><strong>enim</strong></span> <span class='ocrx_word' id='word_1_747' title='bbox 3312 3278 3593 3346; x_wconf 78' lang='lat' dir='ltr'><strong>Propheta,</strong></span> 
     </span>
    </p>
   </div>
   <div class='ocr_carea' id='block_1_94' title="bbox 2020 3368 3601 3439">
    <p class='ocr_par' dir='ltr' id='par_1_94' title="bbox 2020 3368 3601 3439">
     <span class='ocr_line' id='line_1_94' title="bbox 2020 3368 3601 3439; baseline -0.002 -16"><span class='ocrx_word' id='word_1_748' title='bbox 2020 3370 2198 3423; x_wconf 85' lang='lat' dir='ltr'><strong>Omnis</strong></span> <span class='ocrx_word' id='word_1_749' title='bbox 2223 3370 2309 3439; x_wconf 87' lang='lat' dir='ltr'><strong>qui</strong></span> <span class='ocrx_word' id='word_1_750' title='bbox 2349 3370 2611 3423; x_wconf 83' lang='lat' dir='ltr'><strong>accesserit</strong></span> <span class='ocrx_word' id='word_1_751' title='bbox 2640 3368 2749 3433; x_wconf 87' lang='lat' dir='ltr'><strong>illo,</strong></span> <span class='ocrx_word' id='word_1_752' title='bbox 2785 3369 3143 3438; x_wconf 85' lang='lat' dir='ltr'><strong>inquinabitur.</strong></span> <span class='ocrx_word' id='word_1_753' title='bbox 3175 3368 3369 3421; x_wconf 82' lang='lat' dir='ltr'><strong>Vitium</strong></span> <span class='ocrx_word' id='word_1_754' title='bbox 3400 3368 3601 3421; x_wconf 79' lang='lat' dir='ltr'><strong>notavit</strong></span> 
     </span>
    </p>
   </div>
   <div class='ocr_carea' id='block_1_95' title="bbox 2017 3458 3601 3530">
    <p class='ocr_par' dir='ltr' id='par_1_95' title="bbox 2017 3458 3601 3530">
     <span class='ocr_line' id='line_1_95' title="bbox 2017 3458 3601 3530; baseline 0.001 -19"><span class='ocrx_word' id='word_1_755' title='bbox 2017 3474 2123 3530; x_wconf 85' lang='lat' dir='ltr'><strong>quo</strong></span> <span class='ocrx_word' id='word_1_756' title='bbox 2165 3460 2346 3514; x_wconf 90' lang='lat' dir='ltr'><strong>accedi</strong></span> <span class='ocrx_word' id='word_1_757' title='bbox 2393 3460 2699 3529; x_wconf 81' lang='lat' dir='ltr'><strong>prohibuit,</strong></span> <span class='ocrx_word' id='word_1_758' title='bbox 2744 3474 2849 3513; x_wconf 88' lang='lat' dir='ltr'><strong>non</strong></span> <span class='ocrx_word' id='word_1_759' title='bbox 2895 3459 3140 3513; x_wconf 85' lang='lat' dir='ltr'><strong>homines</strong></span> <span class='ocrx_word' id='word_1_760' title='bbox 3184 3459 3252 3512; x_wconf 91' lang='lat' dir='ltr'><strong>ab</strong></span> <span class='ocrx_word' id='word_1_761' title='bbox 3297 3458 3601 3512; x_wconf 86' lang='lat' dir='ltr'><strong>hominibus</strong></span> 
     </span>
    </p>
   </div>
   <div class='ocr_carea' id='block_1_96' title="bbox 2018 3549 3601 3619">
    <p class='ocr_par' dir='ltr' id='par_1_96' title="bbox 2018 3549 3601 3619">
     <span class='ocr_line' id='line_1_96' title="bbox 2018 3549 3601 3619; baseline 0 -16"><span class='ocrx_word' id='word_1_762' title='bbox 2018 3550 2283 3619; x_wconf 86' lang='lat' dir='ltr'><strong>corporali</strong></span> <span class='ocrx_word' id='word_1_763' title='bbox 2328 3550 2687 3618; x_wconf 86' lang='lat' dir='ltr'><strong>disjunctione</strong></span> <span class='ocrx_word' id='word_1_764' title='bbox 2728 3550 2963 3603; x_wconf 87' lang='lat' dir='ltr'><strong>seclusit.</strong></span> <span class='ocrx_word' id='word_1_765' title='bbox 3003 3549 3289 3604; x_wconf 87' lang='lat' dir='ltr'><strong>Acceditur</strong></span> <span class='ocrx_word' id='word_1_766' title='bbox 3325 3560 3503 3604; x_wconf 89' lang='lat' dir='ltr'><strong>autem</strong></span> <span class='ocrx_word' id='word_1_767' title='bbox 3534 3549 3601 3603; x_wconf 87' lang='lat' dir='ltr'><strong>ad</strong></span> 
     </span>
    </p>
   </div>
   <div class='ocr_carea' id='block_1_97' title="bbox 2019 3642 3190 3712">
    <p class='ocr_par' dir='ltr' id='par_1_97' title="bbox 2019 3642 3190 3712">
     <span class='ocr_line' id='line_1_97' title="bbox 2019 3642 3190 3712; baseline -0.001 -18"><span class='ocrx_word' id='word_1_768' title='bbox 2019 3642 2203 3696; x_wconf 71' lang='lat' dir='ltr'><strong>vitium</strong></span> <span class='ocrx_word' id='word_1_769' title='bbox 2232 3642 2613 3712; x_wconf 81' lang='lat' dir='ltr'><strong>eormptionis,</strong></span> <span class='ocrx_word' id='word_1_770' title='bbox 2646 3642 2775 3695; x_wconf 85' lang='lat' dir='ltr'><strong>vitio</strong></span> <span class='ocrx_word' id='word_1_771' title='bbox 2804 3642 3190 3696; x_wconf 84' lang='lat' dir='ltr'><strong>consensionis.</strong></span> 
     </span>
    </p>
   </div>
   <div class='ocr_carea' id='block_1_98' title="bbox 2092 3731 3600 3803">
    <p class='ocr_par' dir='ltr' id='par_1_98' title="bbox 2092 3731 3600 3803">
     <span class='ocr_line' id='line_1_98' title="bbox 2092 3731 3600 3803; baseline -0.001 -16"><span class='ocrx_word' id='word_1_772' title='bbox 2092 3733 2181 3787; x_wconf 67' lang='grc'><strong>52.</strong></span> <span class='ocrx_word' id='word_1_773' title='bbox 2226 3733 2301 3787; x_wconf 84' lang='lat' dir='ltr'><strong>Ac</strong></span> <span class='ocrx_word' id='word_1_774' title='bbox 2329 3749 2394 3787; x_wconf 89' lang='lat' dir='ltr'><strong>ne</strong></span> <span class='ocrx_word' id='word_1_775' title='bbox 2434 3736 2712 3803; x_wconf 87' lang='lat' dir='ltr'><strong>quisquam</strong></span> <span class='ocrx_word' id='word_1_776' title='bbox 2758 3733 2958 3787; x_wconf 85' lang='lat' dir='ltr'><strong>diceret</strong></span> <span class='ocrx_word' id='word_1_777' title='bbox 2979 3774 2992 3796; x_wconf 89' lang='lat'><strong>,</strong></span> <span class='ocrx_word' id='word_1_778' title='bbox 3026 3735 3169 3786; x_wconf 91' lang='lat' dir='ltr'><strong>illum</strong></span> <span class='ocrx_word' id='word_1_779' title='bbox 3200 3731 3444 3802; x_wconf 87' lang='lat' dir='ltr'><strong>populum</strong></span> <span class='ocrx_word' id='word_1_780' title='bbox 3467 3775 3480 3796; x_wconf 92' lang='lat'><strong>,</strong></span> <span class='ocrx_word' id='word_1_781' title='bbox 3514 3733 3600 3788; x_wconf 85' lang='lat' dir='ltr'><strong>cui</strong></span> 
     </span>
    </p>
   </div>
   <div class='ocr_carea' id='block_1_99' title="bbox 2022 3824 3605 3895">
    <p class='ocr_par' dir='ltr' id='par_1_99' title="bbox 2022 3824 3605 3895">
     <span class='ocr_line' id='line_1_99' title="bbox 2022 3824 3605 3895; baseline -0.001 -17"><span class='ocrx_word' id='word_1_782' title='bbox 2022 3827 2193 3895; x_wconf 84' lang='lat' dir='ltr'><strong>primo</strong></span> <span class='ocrx_word' id='word_1_783' title='bbox 2223 3826 2420 3879; x_wconf 89' lang='lat' dir='ltr'><strong>dictum</strong></span> <span class='ocrx_word' id='word_1_784' title='bbox 2447 3836 2547 3889; x_wconf 88' lang='lat' dir='ltr'><strong>est,</strong></span> <span class='ocrx_word' id='word_1_785' title='bbox 2581 3824 2925 3890; x_wconf 69' lang='lat' dir='ltr'><strong>Pra&#39;ualesce,</strong></span> <span class='ocrx_word' id='word_1_786' title='bbox 2953 3826 3203 3894; x_wconf 83' lang='lat' dir='ltr'><strong>queniam</strong></span> <span class='ocrx_word' id='word_1_787' title='bbox 3231 3826 3437 3893; x_wconf 82' lang='lat' dir='ltr'><strong>spiritus</strong></span> <span class='ocrx_word' id='word_1_788' title='bbox 3467 3841 3605 3878; x_wconf 85' lang='lat' dir='ltr'><strong>meus</strong></span> 
     </span>
    </p>
   </div>
   <div class='ocr_carea' id='block_1_100' title="bbox 2024 3915 3606 3986">
    <p class='ocr_par' dir='ltr' id='par_1_100' title="bbox 2024 3915 3606 3986">
     <span class='ocr_line' id='line_1_100' title="bbox 2024 3915 3606 3986; baseline 0 -17"><span class='ocrx_word' id='word_1_789' title='bbox 2024 3926 2201 3986; x_wconf 58' lang='lat' dir='ltr'><strong>praeest</strong></span> <span class='ocrx_word' id='word_1_790' title='bbox 2237 3920 2289 3970; x_wconf 84' lang='lat' dir='ltr'><strong>in</strong></span> <span class='ocrx_word' id='word_1_791' title='bbox 2334 3918 2498 3970; x_wconf 85' lang='lat' dir='ltr'><strong>medio</strong></span> <span class='ocrx_word' id='word_1_792' title='bbox 2523 3927 2780 3981; x_wconf 79' lang='lat' dir='ltr'><strong>vestrum,-</strong></span> <span class='ocrx_word' id='word_1_793' title='bbox 2821 3918 3006 3986; x_wconf 86' lang='lat' dir='ltr'><strong>paucis</strong></span> <span class='ocrx_word' id='word_1_794' title='bbox 3050 3917 3377 3985; x_wconf 88' lang='lat' dir='ltr'><strong>interpositis</strong></span> <span class='ocrx_word' id='word_1_795' title='bbox 3416 3915 3606 3970; x_wconf 82' lang='lat' dir='ltr'><strong>diebus</strong></span> 
     </span>
    </p>
   </div>
   <div class='ocr_carea' id='block_1_101' title="bbox 2024 4000 3607 4075">
    <p class='ocr_par' dir='ltr' id='par_1_101' title="bbox 2024 4000 3607 4075">
     <span class='ocr_line' id='line_1_101' title="bbox 2024 4000 3607 4075; baseline -0.004 -11"><span class='ocrx_word' id='word_1_796' title='bbox 2024 4011 2077 4064; x_wconf 89' lang='lat' dir='ltr'><strong>in</strong></span> <span class='ocrx_word' id='word_1_797' title='bbox 2108 4009 2345 4064; x_wconf 81' lang='lat' dir='ltr'><strong>deterius</strong></span> <span class='ocrx_word' id='word_1_798' title='bbox 2386 4017 2792 4075; x_wconf 85' lang='lat' dir='ltr'><strong>commutatum,</strong></span> <span class='ocrx_word' id='word_1_799' title='bbox 2833 4019 2890 4062; x_wconf 88' lang='lat' dir='ltr'><strong>ut</strong></span> <span class='ocrx_word' id='word_1_800' title='bbox 2930 4008 3115 4063; x_wconf 83' lang='lat' dir='ltr'><strong>audire</strong></span> <span class='ocrx_word' id='word_1_801' title='bbox 3156 4000 3486 4070; x_wconf 76' lang='lat' dir='ltr'><strong>mereretur,</strong></span> <span class='ocrx_word' id='word_1_802' title='bbox 3520 4007 3607 4060; x_wconf 84' lang='lat' dir='ltr'><strong>Sic</strong></span> 
     </span>
    </p>
   </div>
   <div class='ocr_carea' id='block_1_102' title="bbox 2024 4099 3607 4173">
    <p class='ocr_par' dir='ltr' id='par_1_102' title="bbox 2024 4099 3607 4173">
     <span class='ocr_line' id='line_1_102' title="bbox 2024 4099 3607 4173; baseline -0.004 -17"><span class='ocrx_word' id='word_1_803' title='bbox 2024 4102 2243 4173; x_wconf 84' lang='lat' dir='ltr'><strong>populus</strong></span> <span class='ocrx_word' id='word_1_804' title='bbox 2268 4102 2362 4154; x_wconf 78' lang='lat' dir='ltr'><strong>istc</strong></span> <span class='ocrx_word' id='word_1_805' title='bbox 2386 4108 2431 4154; x_wconf 90' lang='lat' dir='ltr'><strong>et</strong></span> <span class='ocrx_word' id='word_1_806' title='bbox 2460 4117 2579 4170; x_wconf 85' lang='lat' dir='ltr'><strong>gens</strong></span> <span class='ocrx_word' id='word_1_807' title='bbox 2608 4101 2705 4153; x_wconf 87' lang='lat' dir='ltr'><strong>ista</strong></span> <span class='ocrx_word' id='word_1_808' title='bbox 2727 4142 2738 4164; x_wconf 91' lang='lat'><strong>,</strong></span> <span class='ocrx_word' id='word_1_809' title='bbox 2773 4100 2935 4153; x_wconf 87' lang='lat' dir='ltr'><strong>omnis</strong></span> <span class='ocrx_word' id='word_1_810' title='bbox 2963 4100 3047 4169; x_wconf 80' lang='lat' dir='ltr'><strong>qui</strong></span> <span class='ocrx_word' id='word_1_811' title='bbox 3073 4100 3334 4153; x_wconf 80' lang='lat' dir='ltr'><strong>accesserit</strong></span> <span class='ocrx_word' id='word_1_812' title='bbox 3374 4099 3493 4159; x_wconf 86' lang='lat' dir='ltr'><strong>illo,</strong></span> <span class='ocrx_word' id='word_1_813' title='bbox 3526 4099 3607 4150; x_wconf 80' lang='lat' dir='ltr'><strong>in—</strong></span> 
     </span>
    </p>
   </div>
   <div class='ocr_carea' id='block_1_103' title="bbox 2024 4190 3611 4263">
    <p class='ocr_par' dir='ltr' id='par_1_103' title="bbox 2024 4190 3611 4263">
     <span class='ocr_line' id='line_1_103' title="bbox 2024 4190 3611 4263; baseline -0.003 -17"><span class='ocrx_word' id='word_1_814' title='bbox 2024 4193 2342 4263; x_wconf 86' lang='lat' dir='ltr'><strong>quinabitur;</strong></span> <span class='ocrx_word' id='word_1_815' title='bbox 2380 4191 2495 4246; x_wconf 88' lang='lat' dir='ltr'><strong>dies</strong></span> <span class='ocrx_word' id='word_1_816' title='bbox 2533 4191 2676 4245; x_wconf 88' lang='lat' dir='ltr'><strong>enim</strong></span> <span class='ocrx_word' id='word_1_817' title='bbox 2708 4190 2874 4245; x_wconf 83' lang='lat' dir='ltr'><strong>ferme</strong></span> <span class='ocrx_word' id='word_1_818' title='bbox 2921 4192 3203 4258; x_wconf 84' lang='lat' dir='ltr'><strong>nonaginta</strong></span> <span class='ocrx_word' id='word_1_819' title='bbox 3231 4196 3611 4258; x_wconf 85' lang='lat' dir='ltr'><strong>computantur</strong></span> 
     </span>
    </p>
   </div>
   <div class='ocr_carea' id='block_1_104' title="bbox 2026 4283 3611 4352">
    <p class='ocr_par' dir='ltr' id='par_1_104' title="bbox 2026 4283 3611 4352">
     <span class='ocr_line' id='line_1_104' title="bbox 2026 4283 3611 4352; baseline -0.003 -14"><span class='ocrx_word' id='word_1_820' title='bbox 2026 4287 2164 4339; x_wconf 85' lang='lat' dir='ltr'><strong>inter</strong></span> <span class='ocrx_word' id='word_1_821' title='bbox 2186 4284 2347 4339; x_wconf 82' lang='lat' dir='ltr'><strong>verba</strong></span> <span class='ocrx_word' id='word_1_822' title='bbox 2375 4284 2462 4339; x_wconf 90' lang='lat' dir='ltr'><strong>illa</strong></span> <span class='ocrx_word' id='word_1_823' title='bbox 2492 4299 2610 4352; x_wconf 71' lang='lat' dir='ltr'><strong>qua:</strong></span> <span class='ocrx_word' id='word_1_824' title='bbox 2640 4284 2773 4336; x_wconf 88' lang='lat' dir='ltr'><strong>bona</strong></span> <span class='ocrx_word' id='word_1_825' title='bbox 2813 4284 2863 4335; x_wconf 90' lang='lat' dir='ltr'><strong>in</strong></span> <span class='ocrx_word' id='word_1_826' title='bbox 2891 4284 3167 4351; x_wconf 76' lang='lat' dir='ltr'><strong>populum,</strong></span> <span class='ocrx_word' id='word_1_827' title='bbox 3194 4283 3331 4337; x_wconf 88' lang='lat' dir='ltr'><strong>dicta</strong></span> <span class='ocrx_word' id='word_1_828' title='bbox 3363 4293 3485 4335; x_wconf 90' lang='lat' dir='ltr'><strong>sunt</strong></span> <span class='ocrx_word' id='word_1_829' title='bbox 3512 4326 3524 4344; x_wconf 87' lang='lat'><strong>,</strong></span> <span class='ocrx_word' id='word_1_830' title='bbox 3557 4291 3611 4335; x_wconf 89' lang='lat' dir='ltr'><strong>et</strong></span> 
     </span>
    </p>
   </div>
   <div class='ocr_carea' id='block_1_105' title="bbox 2028 4373 3610 4443">
    <p class='ocr_par' dir='ltr' id='par_1_105' title="bbox 2028 4373 3610 4443">
     <span class='ocr_line' id='line_1_105' title="bbox 2028 4373 3610 4443; baseline -0.001 -16"><span class='ocrx_word' id='word_1_831' title='bbox 2028 4376 2125 4429; x_wconf 86' lang='lat' dir='ltr'><strong>ista</strong></span> <span class='ocrx_word' id='word_1_832' title='bbox 2156 4376 2347 4443; x_wconf 88' lang='lat' dir='ltr'><strong>quibus</strong></span> <span class='ocrx_word' id='word_1_833' title='bbox 2391 4375 2509 4442; x_wconf 86' lang='lat' dir='ltr'><strong>ejus</strong></span> <span class='ocrx_word' id='word_1_834' title='bbox 2548 4373 2880 4427; x_wconf 86' lang='lat' dir='ltr'><strong>immunditia</strong></span> <span class='ocrx_word' id='word_1_835' title='bbox 2909 4373 3121 4428; x_wconf 66' lang='lat' dir='ltr'><strong>Vitanda</strong></span> <span class='ocrx_word' id='word_1_836' title='bbox 3163 4373 3469 4443; x_wconf 67' lang='lat' dir='ltr'><strong>praecipitur</strong></span> <span class='ocrx_word' id='word_1_837' title='bbox 3500 4391 3509 4423; x_wconf 92' lang='lat'>:</span> <span class='ocrx_word' id='word_1_838' title='bbox 3544 4387 3610 4425; x_wconf 88' lang='lat' dir='ltr'><strong>ne</strong></span> 
     </span>
    </p>
   </div>
   <div class='ocr_carea' id='block_1_106' title="bbox 2027 4463 3611 4535">
    <p class='ocr_par' dir='ltr' id='par_1_106' title="bbox 2027 4463 3611 4535">
     <span class='ocr_line' id='line_1_106' title="bbox 2027 4463 3611 4535; baseline -0.001 -18"><span class='ocrx_word' id='word_1_839' title='bbox 2027 4467 2146 4535; x_wconf 82' lang='lat' dir='ltr'><strong>quis</strong></span> <span class='ocrx_word' id='word_1_840' title='bbox 2169 4480 2299 4533; x_wconf 77' lang='lat' dir='ltr'><strong>ergo</strong></span> <span class='ocrx_word' id='word_1_841' title='bbox 2326 4464 2425 4518; x_wconf 86' lang='lat' dir='ltr'><strong>hoc</strong></span> <span class='ocrx_word' id='word_1_842' title='bbox 2459 4473 2702 4533; x_wconf 85' lang='lat' dir='ltr'><strong>putaret,</strong></span> <span class='ocrx_word' id='word_1_843' title='bbox 2735 4463 2930 4517; x_wconf 89' lang='lat' dir='ltr'><strong>bonum</strong></span> <span class='ocrx_word' id='word_1_844' title='bbox 2962 4465 3107 4518; x_wconf 89' lang='lat' dir='ltr'><strong>illum</strong></span> <span class='ocrx_word' id='word_1_845' title='bbox 3138 4464 3391 4533; x_wconf 77' lang='lat' dir='ltr'><strong>pupulum</strong></span> <span class='ocrx_word' id='word_1_846' title='bbox 3424 4478 3611 4532; x_wconf 85' lang='lat' dir='ltr'><strong>quam-</strong></span> 
     </span>
    </p>
   </div>
   <div class='ocr_carea' id='block_1_107' title="bbox 2027 4555 3610 4624">
    <p class='ocr_par' dir='ltr' id='par_1_107' title="bbox 2027 4555 3610 4624">
     <span class='ocr_line' id='line_1_107' title="bbox 2027 4555 3610 4624; baseline -0.001 -16"><span class='ocrx_word' id='word_1_847' title='bbox 2027 4558 2108 4610; x_wconf 81' lang='lat' dir='ltr'><strong>vis</strong></span> <span class='ocrx_word' id='word_1_848' title='bbox 2159 4558 2258 4610; x_wconf 89' lang='lat' dir='ltr'><strong>hoc</strong></span> <span class='ocrx_word' id='word_1_849' title='bbox 2310 4571 2472 4623; x_wconf 86' lang='lat' dir='ltr'><strong>parvo</strong></span> <span class='ocrx_word' id='word_1_850' title='bbox 2521 4556 2775 4624; x_wconf 69' lang='lat' dir='ltr'><strong>temporis</strong></span> <span class='ocrx_word' id='word_1_851' title='bbox 2833 4555 3116 4609; x_wconf 80' lang='lat' dir='ltr'><strong>intervallo</strong></span> <span class='ocrx_word' id='word_1_852' title='bbox 3164 4564 3269 4608; x_wconf 90' lang='lat' dir='ltr'><strong>tam</strong></span> <span class='ocrx_word' id='word_1_853' title='bbox 3320 4556 3610 4623; x_wconf 84' lang='lat' dir='ltr'><strong>pessimum</strong></span> 
     </span>
    </p>
   </div>
   <div class='ocr_carea' id='block_1_108' title="bbox 2029 4645 3628 4715">
    <p class='ocr_par' dir='ltr' id='par_1_108' title="bbox 2029 4645 3628 4715">
     <span class='ocr_line' id='line_1_108' title="bbox 2029 4645 3628 4715; baseline -0.003 -13"><span class='ocrx_word' id='word_1_854' title='bbox 2029 4649 2298 4709; x_wconf 71' lang='lat' dir='ltr'><strong>allectum,</strong></span> <span class='ocrx_word' id='word_1_855' title='bbox 2328 4648 2506 4701; x_wconf 82' lang='lat' dir='ltr'><strong>videte</strong></span> <span class='ocrx_word' id='word_1_856' title='bbox 2528 4647 2653 4715; x_wconf 88' lang='lat' dir='ltr'><strong>quid</strong></span> <span class='ocrx_word' id='word_1_857' title='bbox 2681 4648 2940 4715; x_wconf 86' lang='lat' dir='ltr'><strong>sequitur,</strong></span> <span class='ocrx_word' id='word_1_858' title='bbox 2969 4647 3226 4700; x_wconf 89' lang='lat' dir='ltr'><strong>attendite</strong></span> <span class='ocrx_word' id='word_1_859' title='bbox 3255 4646 3378 4714; x_wconf 84' lang='lat' dir='ltr'><strong>quid</strong></span> <span class='ocrx_word' id='word_1_860' title='bbox 3406 4645 3628 4700; x_wconf 66' lang='lat' dir='ltr'><strong>dicatur‘</strong></span> 
     </span>
    </p>
   </div>
   <div class='ocr_carea' id='block_1_109' title="bbox 2030 4737 3609 4809">
    <p class='ocr_par' dir='ltr' id='par_1_109' title="bbox 2030 4737 3609 4809">
     <span class='ocr_line' id='line_1_109' title="bbox 2030 4737 3609 4809; baseline -0.004 -17"><span class='ocrx_word' id='word_1_861' title='bbox 2030 4755 2095 4792; x_wconf 87' lang='lat' dir='ltr'><strong>eo</strong></span> <span class='ocrx_word' id='word_1_862' title='bbox 2124 4740 2238 4809; x_wconf 84' lang='lat' dir='ltr'><strong>ipso</strong></span> <span class='ocrx_word' id='word_1_863' title='bbox 2265 4738 2372 4801; x_wconf 86' lang='lat' dir='ltr'><strong>die,</strong></span> <span class='ocrx_word' id='word_1_864' title='bbox 2405 4737 2505 4791; x_wconf 88' lang='lat' dir='ltr'><strong>hoc</strong></span> <span class='ocrx_word' id='word_1_865' title='bbox 2529 4746 2612 4791; x_wconf 87' lang='lat' dir='ltr'><strong>est</strong></span> <span class='ocrx_word' id='word_1_866' title='bbox 2638 4737 2885 4791; x_wconf 70' lang='lat' dir='ltr'><strong>vicesima</strong></span> <span class='ocrx_word' id='word_1_867' title='bbox 2921 4748 2977 4790; x_wconf 90' lang='lat' dir='ltr'><strong>et</strong></span> <span class='ocrx_word' id='word_1_868' title='bbox 3018 4747 3204 4807; x_wconf 84' lang='lat' dir='ltr'><strong>quarta</strong></span> <span class='ocrx_word' id='word_1_869' title='bbox 3234 4737 3360 4790; x_wconf 92' lang='lat' dir='ltr'><strong>noni</strong></span> <span class='ocrx_word' id='word_1_870' title='bbox 3391 4737 3609 4796; x_wconf 81' lang='lat' dir='ltr'><strong>mensis.</strong></span> 
     </span>
    </p>
   </div>
   <div class='ocr_carea' id='block_1_110' title="bbox 2032 4828 3611 4899">
    <p class='ocr_par' dir='ltr' id='par_1_110' title="bbox 2032 4828 3611 4899">
     <span class='ocr_line' id='line_1_110' title="bbox 2032 4828 3611 4899; baseline -0.003 -17"><span class='ocrx_word' id='word_1_871' title='bbox 2032 4846 2139 4899; x_wconf 89' lang='lat' dir='ltr'><strong>quo</strong></span> <span class='ocrx_word' id='word_1_872' title='bbox 2179 4830 2267 4883; x_wconf 90' lang='lat' dir='ltr'><strong>die</strong></span> <span class='ocrx_word' id='word_1_873' title='bbox 2311 4828 2508 4883; x_wconf 82' lang='lat' dir='ltr'><strong>dictum</strong></span> <span class='ocrx_word' id='word_1_874' title='bbox 2554 4836 2670 4894; x_wconf 86' lang='lat' dir='ltr'><strong>est,</strong></span> <span class='ocrx_word' id='word_1_875' title='bbox 2722 4830 2811 4883; x_wconf 79' lang='lat' dir='ltr'><strong>Sic</strong></span> <span class='ocrx_word' id='word_1_876' title='bbox 2840 4828 3057 4898; x_wconf 80' lang='lat' dir='ltr'><strong>populus</strong></span> <span class='ocrx_word' id='word_1_877' title='bbox 3104 4830 3196 4881; x_wconf 84' lang='lat' dir='ltr'><strong>iste</strong></span> <span class='ocrx_word' id='word_1_878' title='bbox 3238 4839 3286 4880; x_wconf 88' lang='lat' dir='ltr'><strong>et</strong></span> <span class='ocrx_word' id='word_1_879' title='bbox 3330 4845 3451 4898; x_wconf 82' lang='lat' dir='ltr'><strong>gens</strong></span> <span class='ocrx_word' id='word_1_880' title='bbox 3494 4828 3611 4890; x_wconf 82' lang='lat' dir='ltr'><strong>ista,</strong></span> 
     </span>
    </p>
   </div>
   <div class='ocr_carea' id='block_1_111' title="bbox 2032 4917 3616 4989">
    <p class='ocr_par' dir='ltr' id='par_1_111' title="bbox 2032 4917 3616 4989">
     <span class='ocr_line' id='line_1_111' title="bbox 2032 4917 3616 4989; baseline -0.003 -16"><span class='ocrx_word' id='word_1_881' title='bbox 2032 4922 2193 4975; x_wconf 88' lang='lat' dir='ltr'><strong>omnis</strong></span> <span class='ocrx_word' id='word_1_882' title='bbox 2220 4922 2308 4989; x_wconf 86' lang='lat' dir='ltr'><strong>qui</strong></span> <span class='ocrx_word' id='word_1_883' title='bbox 2335 4920 2594 4973; x_wconf 85' lang='lat' dir='ltr'><strong>accesserit</strong></span> <span class='ocrx_word' id='word_1_884' title='bbox 2631 4919 2721 4972; x_wconf 89' lang='lat' dir='ltr'><strong>illo</strong></span> <span class='ocrx_word' id='word_1_885' title='bbox 2742 4959 2755 4980; x_wconf 88' lang='lat'><strong>,</strong></span> <span class='ocrx_word' id='word_1_886' title='bbox 2784 4919 3150 4989; x_wconf 84' lang='lat' dir='ltr'><strong>inquinabitnr.</strong></span> <span class='ocrx_word' id='word_1_887' title='bbox 3181 4917 3311 4972; x_wconf 87' lang='lat' dir='ltr'><strong>Cum</strong></span> <span class='ocrx_word' id='word_1_888' title='bbox 3343 4919 3486 4971; x_wconf 87' lang='lat' dir='ltr'><strong>enim</strong></span> <span class='ocrx_word' id='word_1_889' title='bbox 3517 4918 3616 4969; x_wconf 90' lang='lat' dir='ltr'><strong>hoc</strong></span> 
     </span>
    </p>
   </div>
   <div class='ocr_carea' id='block_1_112' title="bbox 2033 5012 3617 5076">
    <p class='ocr_par' dir='ltr' id='par_1_112' title="bbox 2033 5012 3617 5076">
     <span class='ocr_line' id='line_1_112' title="bbox 2033 5012 3617 5076; baseline -0.004 -11"><span class='ocrx_word' id='word_1_890' title='bbox 2033 5014 2273 5076; x_wconf 85' lang='lat' dir='ltr'><strong>dixisset,</strong></span> <span class='ocrx_word' id='word_1_891' title='bbox 2329 5020 2382 5064; x_wconf 88' lang='lat' dir='ltr'><strong>et</strong></span> <span class='ocrx_word' id='word_1_892' title='bbox 2428 5012 2565 5063; x_wconf 86' lang='lat' dir='ltr'><strong>mala</strong></span> <span class='ocrx_word' id='word_1_893' title='bbox 2611 5024 2796 5067; x_wconf 86' lang='lat' dir='ltr'><strong>eorum</strong></span> <span class='ocrx_word' id='word_1_894' title='bbox 2844 5017 3337 5069; x_wconf 85' lang='lat' dir='ltr'><strong>commemorasset,</strong></span> <span class='ocrx_word' id='word_1_895' title='bbox 3388 5023 3617 5075; x_wconf 85' lang='lat' dir='ltr'><strong>quorum</strong></span> 
     </span>
    </p>
   </div>
   <div class='ocr_carea' id='block_1_113' title="bbox 2034 5100 3619 5162">
    <p class='ocr_par' dir='ltr' id='par_1_113' title="bbox 2034 5100 3619 5162">
     <span class='ocr_line' id='line_1_113' title="bbox 2034 5100 3619 5162; baseline -0.004 -6"><span class='ocrx_word' id='word_1_896' title='bbox 2034 5106 2226 5157; x_wconf 86' lang='lat' dir='ltr'><strong>merito</strong></span> <span class='ocrx_word' id='word_1_897' title='bbox 2265 5102 2758 5156; x_wconf 87' lang='lat' dir='ltr'><strong>demonstrareutur</strong></span> <span class='ocrx_word' id='word_1_898' title='bbox 2799 5100 3089 5162; x_wconf 88' lang='lat' dir='ltr'><strong>inunundi,</strong></span> <span class='ocrx_word' id='word_1_899' title='bbox 3124 5100 3327 5155; x_wconf 87' lang='lat' dir='ltr'><strong>addens</strong></span> <span class='ocrx_word' id='word_1_900' title='bbox 3363 5103 3522 5153; x_wconf 79' lang='lat' dir='ltr'><strong>et&#39;am</strong></span> <span class='ocrx_word' id='word_1_901' title='bbox 3566 5110 3619 5150; x_wconf 82' lang='lat' dir='ltr'><strong>et</strong></span> 
     </span>
    </p>
   </div>
   <div class='ocr_carea' id='block_1_114' title="bbox 2035 5192 3620 5263">
    <p class='ocr_par' dir='ltr' id='par_1_114' title="bbox 2035 5192 3620 5263">
     <span class='ocr_line' id='line_1_114' title="bbox 2035 5192 3620 5263; baseline -0.006 -14"><span class='ocrx_word' id='word_1_902' title='bbox 2035 5196 2251 5259; x_wconf 87' lang='lat' dir='ltr'><strong>dicens,</strong></span> <span class='ocrx_word' id='word_1_903' title='bbox 2288 5194 2420 5246; x_wconf 82' lang='lat' dir='ltr'><strong>Odia</strong></span> <span class='ocrx_word' id='word_1_904' title='bbox 2461 5192 2716 5246; x_wconf 81' lang='lat' dir='ltr'><strong>habebatis</strong></span> <span class='ocrx_word' id='word_1_905' title='bbox 2744 5193 2795 5245; x_wconf 84' lang='lat' dir='ltr'><strong>in</strong></span> <span class='ocrx_word' id='word_1_906' title='bbox 2826 5193 2986 5260; x_wconf 87' lang='lat' dir='ltr'><strong>portis</strong></span> <span class='ocrx_word' id='word_1_907' title='bbox 3028 5202 3292 5263; x_wconf 75' lang='lat' dir='ltr'><strong>arguentes</strong></span> <span class='ocrx_word' id='word_1_908' title='bbox 3318 5207 3337 5243; x_wconf 93' lang='lat'><em>:</em></span> <span class='ocrx_word' id='word_1_909' title='bbox 3364 5192 3620 5245; x_wconf 76' lang='lat' dir='ltr'><strong>contitmo</strong></span> 
     </span>
    </p>
   </div>
   <div class='ocr_carea' id='block_1_115' title="bbox 2035 5282 3621 5355">
    <p class='ocr_par' dir='ltr' id='par_1_115' title="bbox 2035 5282 3621 5355">
     <span class='ocr_line' id='line_1_115' title="bbox 2035 5282 3621 5355; baseline -0.004 -15"><span class='ocrx_word' id='word_1_910' title='bbox 2035 5285 2334 5355; x_wconf 70' lang='lat' dir='ltr'><strong>subiunxit,</strong></span> <span class='ocrx_word' id='word_1_911' title='bbox 2368 5282 2435 5335; x_wconf 82' lang='lat' dir='ltr'><strong>Et</strong></span> <span class='ocrx_word' id='word_1_912' title='bbox 2458 5299 2588 5336; x_wconf 89' lang='lat' dir='ltr'><strong>nunc</strong></span> <span class='ocrx_word' id='word_1_913' title='bbox 2619 5283 2786 5351; x_wconf 84' lang='lat' dir='ltr'><strong>ponite</strong></span> <span class='ocrx_word' id='word_1_914' title='bbox 2808 5284 2859 5334; x_wconf 89' lang='lat' dir='ltr'><strong>in</strong></span> <span class='ocrx_word' id='word_1_915' title='bbox 2884 5282 3119 5335; x_wconf 80' lang='lat' dir='ltr'><strong>cordibus</strong></span> <span class='ocrx_word' id='word_1_916' title='bbox 3154 5282 3328 5335; x_wconf 71' lang='lat' dir='ltr'><strong>vestris</strong></span> <span class='ocrx_word' id='word_1_917' title='bbox 3361 5298 3393 5333; x_wconf 88' lang='lat' dir='ltr'><strong>a</strong></span> <span class='ocrx_word' id='word_1_918' title='bbox 3417 5283 3499 5333; x_wconf 82' lang='lat' dir='ltr'><strong>die</strong></span> <span class='ocrx_word' id='word_1_919' title='bbox 3527 5282 3621 5333; x_wconf 79' lang='lat' dir='ltr'><strong>hoc</strong></span> 
     </span>
    </p>
   </div>
   <div class='ocr_carea' id='block_1_116' title="bbox 2037 5374 3622 5445">
    <p class='ocr_par' dir='ltr' id='par_1_116' title="bbox 2037 5374 3622 5445">
     <span class='ocr_line' id='line_1_116' title="bbox 2037 5374 3622 5445; baseline -0.004 -13"><span class='ocrx_word' id='word_1_920' title='bbox 2037 5388 2081 5432; x_wconf 90' lang='lat' dir='ltr'><strong>et</strong></span> <span class='ocrx_word' id='word_1_921' title='bbox 2119 5393 2294 5445; x_wconf 82' lang='lat' dir='ltr'><strong>supra,</strong></span> <span class='ocrx_word' id='word_1_922' title='bbox 2335 5379 2623 5443; x_wconf 76' lang='lat' dir='ltr'><strong>priusquam</strong></span> <span class='ocrx_word' id='word_1_923' title='bbox 2664 5384 2930 5445; x_wconf 79' lang='lat' dir='ltr'><strong>poneretur</strong></span> <span class='ocrx_word' id='word_1_924' title='bbox 2967 5375 3097 5442; x_wconf 85' lang='lat' dir='ltr'><strong>lapis</strong></span> <span class='ocrx_word' id='word_1_925' title='bbox 3134 5391 3283 5443; x_wconf 71' lang='lat' dir='ltr'><strong>super</strong></span> <span class='ocrx_word' id='word_1_926' title='bbox 3317 5375 3539 5443; x_wconf 69' lang='lat' dir='ltr'><strong>lapidem</strong></span> <span class='ocrx_word' id='word_1_927' title='bbox 3568 5374 3622 5425; x_wconf 80' lang='lat' dir='ltr'><strong>in</strong></span> 
     </span>
    </p>
   </div>
   <div class='ocr_carea' id='block_1_117' title="bbox 2039 5465 3621 5536">
    <p class='ocr_par' dir='ltr' id='par_1_117' title="bbox 2039 5465 3621 5536">
     <span class='ocr_line' id='line_1_117' title="bbox 2039 5465 3621 5536; baseline -0.003 -15"><span class='ocrx_word' id='word_1_928' title='bbox 2039 5470 2222 5536; x_wconf 78' lang='lat' dir='ltr'><strong>templo</strong></span> <span class='ocrx_word' id='word_1_929' title='bbox 2254 5467 2497 5529; x_wconf 85' lang='lat' dir='ltr'><strong>Domini;</strong></span> <span class='ocrx_word' id='word_1_930' title='bbox 2539 5468 2623 5535; x_wconf 86' lang='lat' dir='ltr'><strong>qui</strong></span> <span class='ocrx_word' id='word_1_931' title='bbox 2664 5469 2815 5519; x_wconf 82' lang='lat' dir='ltr'><strong>eratis</strong></span> <span class='ocrx_word' id='word_1_932' title='bbox 2850 5482 2965 5519; x_wconf 85' lang='lat' dir='ltr'><strong>cum</strong></span> <span class='ocrx_word' id='word_1_933' title='bbox 3004 5465 3270 5518; x_wconf 72' lang='lat' dir='ltr'><strong>mittebatis</strong></span> <span class='ocrx_word' id='word_1_934' title='bbox 3303 5465 3355 5516; x_wconf 87' lang='lat' dir='ltr'><strong>in</strong></span> <span class='ocrx_word' id='word_1_935' title='bbox 3395 5465 3621 5534; x_wconf 78' lang='lat' dir='ltr'><strong>capsella</strong></span> 
     </span>
    </p>
   </div>
   <div class='ocr_carea' id='block_1_118' title="bbox 2040 5558 3621 5628">
    <p class='ocr_par' dir='ltr' id='par_1_118' title="bbox 2040 5558 3621 5628">
     <span class='ocr_line' id='line_1_118' title="bbox 2040 5558 3621 5628; baseline -0.002 -17"><span class='ocrx_word' id='word_1_936' title='bbox 2040 5561 2215 5628; x_wconf 82' lang='lat' dir='ltr'><strong>riginti</strong></span> <span class='ocrx_word' id='word_1_937' title='bbox 2242 5568 2351 5611; x_wconf 90' lang='lat' dir='ltr'><strong>sata</strong></span> <span class='ocrx_word' id='word_1_938' title='bbox 2379 5558 2552 5610; x_wconf 78' lang='lat' dir='ltr'><strong>hordei</strong></span> <span class='ocrx_word' id='word_1_939' title='bbox 2574 5600 2585 5621; x_wconf 82' lang='lat'><strong>,</strong></span> <span class='ocrx_word' id='word_1_940' title='bbox 2617 5568 2664 5611; x_wconf 88' lang='lat' dir='ltr'><strong>et</strong></span> <span class='ocrx_word' id='word_1_941' title='bbox 2696 5558 2877 5623; x_wconf 79' lang='lat' dir='ltr'><strong>ﬁebant</strong></span> <span class='ocrx_word' id='word_1_942' title='bbox 2907 5558 3075 5609; x_wconf 84' lang='lat' dir='ltr'><strong>decem</strong></span> <span class='ocrx_word' id='word_1_943' title='bbox 3102 5566 3211 5609; x_wconf 87' lang='lat' dir='ltr'><strong>sata</strong></span> <span class='ocrx_word' id='word_1_944' title='bbox 3235 5597 3249 5616; x_wconf 86' lang='lat'><strong>,</strong></span> <span class='ocrx_word' id='word_1_945' title='bbox 3283 5567 3329 5608; x_wconf 87' lang='lat' dir='ltr'><strong>et</strong></span> <span class='ocrx_word' id='word_1_946' title='bbox 3358 5558 3621 5608; x_wconf 76' lang='lat' dir='ltr'><strong>intrahens</strong></span> 
     </span>
    </p>
   </div>
   <div class='ocr_carea' id='block_1_119' title="bbox 2042 5648 3622 5717">
    <p class='ocr_par' dir='ltr' id='par_1_119' title="bbox 2042 5648 3622 5717">
     <span class='ocr_line' id='line_1_119' title="bbox 2042 5648 3622 5717; baseline -0.003 -16"><span class='ocrx_word' id='word_1_947' title='bbox 2042 5652 2091 5703; x_wconf 90' lang='lat' dir='ltr'><strong>in</strong></span> <span class='ocrx_word' id='word_1_948' title='bbox 2120 5651 2343 5704; x_wconf 85' lang='lat' dir='ltr'><strong>torcular</strong></span> <span class='ocrx_word' id='word_1_949' title='bbox 2367 5649 2636 5702; x_wconf 65' lang='lat' dir='ltr'><strong>exhaurire</strong></span> <span class='ocrx_word' id='word_1_950' title='bbox 2658 5650 3020 5717; x_wconf 79' lang='lat' dir='ltr'><strong>quinquaginta</strong></span> <span class='ocrx_word' id='word_1_951' title='bbox 3045 5648 3338 5714; x_wconf 80' lang='lat' dir='ltr'><strong>amphoras,</strong></span> <span class='ocrx_word' id='word_1_952' title='bbox 3366 5658 3409 5698; x_wconf 82' lang='lat' dir='ltr'><strong>et</strong></span> <span class='ocrx_word' id='word_1_953' title='bbox 3437 5648 3622 5714; x_wconf 75' lang='lat' dir='ltr'><strong>ﬁebant</strong></span> 
     </span>
    </p>
   </div>
   <div class='ocr_carea' id='block_1_120' title="bbox 2044 5738 3619 5812">
    <p class='ocr_par' dir='ltr' id='par_1_120' title="bbox 2044 5738 3619 5812">
     <span class='ocr_line' id='line_1_120' title="bbox 2044 5738 3619 5812; baseline -0.004 -16"><span class='ocrx_word' id='word_1_954' title='bbox 2044 5744 2233 5812; x_wconf 83' lang='lat' dir='ltr'><strong>riginti.</strong></span> <span class='ocrx_word' id='word_1_955' title='bbox 2267 5740 2501 5795; x_wconf 79' lang='lat' dir='ltr'><strong>Percussi</strong></span> <span class='ocrx_word' id='word_1_956' title='bbox 2533 5759 2614 5795; x_wconf 85' lang='lat' dir='ltr'><strong>ros</strong></span> <span class='ocrx_word' id='word_1_957' title='bbox 2655 5741 3040 5809; x_wconf 70' lang='lat' dir='ltr'><strong>infecunditate,</strong></span> <span class='ocrx_word' id='word_1_958' title='bbox 3072 5747 3114 5792; x_wconf 84' lang='lat' dir='ltr'><strong>et</strong></span> <span class='ocrx_word' id='word_1_959' title='bbox 3143 5738 3273 5792; x_wconf 82' lang='lat' dir='ltr'><strong>uenti</strong></span> <span class='ocrx_word' id='word_1_960' title='bbox 3301 5738 3619 5807; x_wconf 76' lang='lat' dir='ltr'><strong>corruptione</strong></span> 
     </span>
    </p>
   </div>
  </div>
