4024 6196
317 349 418 404 673

313 477 356 520 ιι
389 461 638 533 grandine
665 458 834 512 omnia
872 470 1026 524 opera
1051 463 1233 518 vestra,
1277 461 1330 507 et
1373 466 1473 505 non
1511 452 1630 504 estis
1671 448 1892 502 conversi

315 557 379 608 ad
407 568 517 616 me,
548 549 668 604 dicit
702 546 970 601 Dominus.
999 543 1301 601 Constituite
1345 543 1498 612 igitur
1537 540 1692 594 corda
1731 548 1896 592 vestra

315 663 345 698 a
369 644 450 696 die
475 643 568 694 hoc
596 648 644 694 et
668 639 922 707 deinceps,
937 653 982 688 .a
1006 645 1186 706 quarta
1211 643 1259 688 et
1283 634 1513 687 vicesima
1540 631 1663 685 noni
1689 629 1892 692 mensis,

317 749 412 790 sta
442 733 522 787 die
547 747 650 804 qua
684 729 958 801 fundatum
986 736 1059 780 est
1085 727 1345 793 templum
1379 723 1587 778 Domini
1607 763 1623 788 ,
1652 723 1822 794 ponite
1845 720 1899 772 in

312 826 544 882 cordibus
573 824 748 878 uestris
770 863 786 887 ,
829 821 874 877 si
902 820 1068 877 adhuc
1095 827 1419 890 oognoscetur
1455 817 1509 870 in
1547 832 1704 880 area,
1743 824 1831 866 aut
1856 811 1899 867 si

314 919 425 973 uitis
443 941 471 984 ,ν
493 924 579 969 aut
618 914 808 967 malum
827 952 842 977 ,
883 920 969 965 aut
999 911 1124 978 licus
1144 950 1158 970 ,
1183 919 1274 964 aut
1295 908 1493 962 amulum
1522 917 1790 976 granatum
1811 946 1826 966 ,
1852 915 1899 958 et

315 1011 453 1079 ligna
480 1007 702 1074 olea’qtte
731 1019 832 1058 non
861 1005 1085 1072 fecerunt
1114 999 1334 1067 fructum
1353 1038 1368 1062 ,
1405 1013 1436 1049 a
1460 996 1544 1050 die
1570 997 1666 1049 hoc
1693 994 1900 1049 benedi-

314 1118 424 1154 cam
452 1098 647 1171 (Δίιαωὶ
675 1114 689 1151 ι
715 1105 763 1150 et
790 1095 870 1165 tt).
914 1095 1051 1150 Ecce
1080 1094 1196 1160 ipso
1219 1091 1306 1146 die
1331 1091 1490 1146 etiam
1517 1087 1759 1144 benedici
1791 1102 1904 1140 me-

317 1202 556 1247 ruerunt.
606 1187 914 1244 Benedictio
939 1201 1067 1256 ergo
1110 1184 1226 1240 haec
1271 1191 1398 1252 puto
1438 1180 1582 1250 quod
1611 1196 1714 1234 non
1743 1179 1904 1248 perti-

319 1296 442 1338 ucat
486 1282 552 1336 ad
603 1281 757 1344 illos,
808 1279 874 1332 ad
922 1292 1148 1347 quorum
1208 1274 1597 1328 immunditiam
1661 1270 1906 1341 prohibet

317 1374 534 1438 accedi,
565 1373 658 1426 sed
683 1370 748 1424 ad
782 1371 902 1424 illos
930 1369 1100 1422 bonos
1125 1366 1214 1435 qui
1249 1365 1597 1434 prohibentur
1621 1360 1902 1417 accudere.

321 1467 374 1520 lu
403 1481 511 1519 uno
538 1479 667 1532 ergo
694 1463 906 1518 luerunt
928 1470 981 1514 et
1007 1458 1250 1528 permixti
1279 1465 1332 1511 et
1355 1454 1585 1524 separati
1613 1471 1627 1506 :
1657 1451 1904 1521 permixti

318 1557 534 1627 quidem
581 1552 847 1621 corporali
897 1559 1062 1611 tactu,
1109 1547 1340 1616 separati
1387 1555 1568 1599 autem
1615 1543 1906 1597 voluntatis

301 1649 590 1702 ~abscvssu.
621 1645 724 1700 Sed
766 1657 914 1697 more
954 1656 1052 1695 suo
1079 1639 1351 1710 Scriptura
1393 1638 1624 1706 loquitur
1643 1676 1657 1701 ,
1686 1649 1805 1704 qua:
1831 1634 1908 1687 sic

317 1741 494 1808 arguit
532 1737 742 1800 malos,
783 1744 1032 1803 tanquam
1089 1747 1277 1785 omnes
1322 1732 1376 1784 in
1423 1745 1488 1784 eo
1541 1727 1737 1797 populo
1783 1726 1907 1779 mali

319 1833 426 1885 sint
454 1839 546 1894 ;et
588 1829 666 1883 sic
709 1828 1016 1883 consolatur
1065 1825 1266 1887 honos,
1316 1833 1564 1891 tanquam
1608 1834 1795 1873 omnes
1837 1819 1906 1872 ihi

323 1924 458 1976 tales
496 1921 621 1974 sint.
665 1919 767 1974 Pro
809 1917 960 1970 nobis
1000 1930 1128 1986 ergo
1156 1913 1389 1982 episc0pi
1422 1911 1622 1974 vestri,
1653 1910 1814 1964 etiam
1857 1909 1907 1960 in

322 2031 389 2066 co
423 2009 565 2082 quod
607 2021 723 2078 post
744 2006 1095 2062 Collationem
1122 2004 1244 2057 victi
1280 2002 1561 2070 scripsisse
1589 2001 1606 2031 ³
1639 1999 1906 2063 dicuntur,

317 2104 501 2172 Aggzei
533 2101 864 2170 prophetiat‘u
911 2104 1232 2168 posuerunt,
1259 2093 1402 2148 unde
1445 2106 1542 2145 nos
1579 2105 1909 2149 commemo-

319 2202 507 2248 rat'cut
533 2191 838 2246 evidentius
879 2188 1107 2258 probare
1145 2185 1287 2256 quod
1319 2185 1545 2238 dicimus
1569 2224 1584 2248 ,
1615 2182 1737 2251 quia
1767 2188 1821 2234 et
1857 2181 1908 2234 in

317 2301 429 2341 uno
463 2285 672 2354 pepulo,
703 2285 754 2337 in
779 2299 885 2335 uno
913 2280 1130 2350 templo,
1162 2279 1263 2333 sub
1286 2276 1489 2332 eisdem
1517 2273 1909 2338 sacerdotibus,

315 2379 462 2433 inter
487 2375 675 2430 eadem
715 2381 1070 2434 sacramenta,
1104 2368 1409 2423 hominibus
1448 2365 1696 2420 dissimili
1728 2364 1916 2417 volun-

316 2479 432 2524 tate
463 2465 760 2519 viventibus
782 2476 835 2517 et
863 2462 1088 2515 diversis
1118 2459 1353 2512 moribus
1379 2466 1434 2511 et
1459 2453 1905 2523 discrepantibus,

315 2573 424 2614 nec
469 2572 641 2615 causa:
684 2568 883 2621 causa,
915 2566 1016 2606 nec.
1058 2564 1302 2620 persona:
1343 2555 1520 2617 potest
1563 2543 1913 2615 praeiudicare

315 2665 575 2721 persona.

392 2737 620 2794 CAPUT
651 2734 791 2791 XXI.
818 2763 890 2774 —
913 2732 1000 2788 53.
1030 2729 1164 2786 lllud
1192 2730 1353 2784 etiam
1393 2725 1535 2796 quod
1578 2740 1642 2780 ex
1671 2723 1911 2790 Apostoli

317 2830 584 2900 Epistula,
611 2827 828 2896 scriptis
851 2825 962 2878 suis
987 2825 1147 2877 etiam
1176 2820 1335 2874 modo
1354 2825 1797 2880 commemorant,
1827 2815 1925 2868 ubi

313 2923 432 2986 ait,
464 2918 639 2972 Nolite
670 2919 854 2988 jngunt
892 2915 1074 2968 ducere
1117 2927 1234 2964 cum
1271 2907 1558 2978 inﬁdelibus
1582 2922 1601 2959 :
1632 2921 1745 2969 qua:
1783 2905 1917 2957 enim

311 3009 645 3082 participulio
675 3009 776 3062 luci
803 3006 869 3058 ad
895 3004 1121 3058 tenebras
1153 3001 1217 3072 (ll
1243 3001 1358 3054 Cor.
1384 3014 1456 3064 \'t,
1487 2998 1619 3068 ii)?
1644 3006 1698 3050 et
1723 3005 1914 3050 cauerat

317 3121 444 3176 quae
481 3118 642 3172 supra
682 3097 1223 3154 commemoravimus
1242 3135 1258 3156 ,
1288 3104 1340 3148 et
1365 3091 1634 3162 quomodo
1665 3099 1808 3144 recte
1837 3088 1920 3141 in»

319 3196 726 3264 tciligerentur,
754 3189 1118 3252 ostendimus,
1146 3185 1273 3255 quid
1317 3183 1460 3237 aliud
1501 3190 1698 3251 agunt,
1732 3181 1831 3234 nisi
1863 3188 1920 3233 ut

282 3353 290 3359 _
321 3303 428 3342 nos
455 3290 876 3340 commemorent
915 3280 1107 3349 quibus
1149 3279 1252 3332 hoc
1290 3275 1578 3346 Apostolus
1610 3271 1919 3342 scripserit?

319 3379 386 3434 In
415 3380 604 3432 eodem
635 3375 831 3443 quippe
869 3373 982 3439 ipso
1016 3368 1213 3440 pepulo
1242 3365 1639 3421 Corinthiorum
1667 3362 1804 3433 qttod
1835 3362 1919 3415 di-

317 3471 502 3523 cimus
529 3467 990 3525 demonstremus;
1024 3476 1090 3514 ne
1119 3461 1252 3513 forte
1277 3457 1601 3513 arbitrentur
1625 3453 1922 3522 Propheta-

321 3577 452 3617 rum
483 3557 847 3614 tantummodo
871 3557 1036 3616 moris
1066 3555 1246 3620 fuisse,
1275 3561 1328 3607 et
1357 3568 1461 3605 non
1489 3551 1558 3606 ad
1580 3549 1712 3603 Novi
1740 3549 1781 3604 Τ
1785 3558 1925 3603 csta-

322 3651 498 3706 ιῐιυιιιί
520 3691 534 3712 ,
563 3647 654 3702 scd
695 3648 760 3700 ad
791 3645 996 3701 Veteris
1025 3642 1462 3698 consuetudinem
1509 3641 1802 3710 pertinere,
1847 3640 1925 3693 sic

322 3757 557 3812 arguere
589 3738 1069 3808 rcprchensibtlcs,
1105 3733 1256 3804 quasi
1302 3746 1490 3788 otnncs
1531 3731 1582 3784 in
1624 3744 1690 3782 eo
1733 3730 1924 3797 populo

324 3841 657 3904 arguantur;
689 3838 741 3883 ct
769 3829 847 3882 sic
875 3827 1068 3894 alloqui
1097 3823 1390 3877 laudabiles
1411 3861 1425 3884 ,
1456 3820 1606 3890 quasi
1637 3835 1825 3872 otnncs
1855 3819 1923 3871 ibi

331 3926 640 3980 laudt'nlttr.
672 3921 811 3974 Ecce
837 3927 890 3972 et
915 3917 980 3973 ad
1006 3915 1312 3972 Corinthios
1335 3914 1413 3966 sic
1441 3913 1725 3980 Apostolus
1756 3909 1927 3978 IOqui-

328 4030 423 4072 tur
451 4035 464 4070 :
493 4017 689 4070 Paulus
717 4021 922 4067 vocatus
959 4008 1216 4077 apostolus
1241 4004 1426 4061 Christi
1455 4003 1580 4056 .lesu
1620 4019 1710 4073 per
1747 4004 1928 4056 volnu-

330 4126 490 4168 tatem
524 4112 615 4165 Dei
637 4153 652 4176 ,
697 4120 743 4164 et
786 4108 1056 4164 Sosthenes
1101 4110 1285 4177 frater,
1321 4104 1561 4158 Ecclesia'
1586 4103 1681 4156 Dei
1719 4117 1833 4170 qua:
1857 4113 1928 4154 est

330 4203 570 4258 Corinthi
593 4245 604 4264 ,
634 4199 963 4268 sancti/icatis
991 4199 1042 4251 in
1073 4195 1269 4252 Christo
1297 4194 1422 4249 Jesu
1440 4235 1456 4260 ,
1497 4195 1682 4247 vocatis
1718 4193 1926 4256 sanctis,

333 4313 458 4350 cum
497 4295 725 4347 euntibus
767 4292 851 4360 qui
887 4294 1120 4344 invocant
1151 4305 1329 4343 nomen
1364 4286 1572 4342 Domini
1610 4287 1766 4339 nostri
1805 4283 1930 4337 Jesu

334 4388 531 4443 Christi
561 4391 610 4440 in
639 4387 775 4440 omni
805 4386 914 4439 loco
954 4386 1177 4451 ipsorum
1212 4391 1260 4435 et
1289 4391 1457 4435 nostro
1488 4397 1506 4434 .'
1531 4379 1695 4450 gratia
1723 4378 1857 4432 vobis
1883 4387 1932 4431 et

335 4497 448 4552 pas:
473 4497 503 4530 a
529 4478 632 4531 Deo
661 4478 814 4530 Patre
838 4485 1004 4530 nostro
1031 4484 1077 4528 et
1099 4474 1316 4528 Domino
1339 4472 1462 4526 .Irsu
1483 4470 1708 4526 Christo;
1730 4469 1932 4524 Gratias

335 4587 442 4641 ago
475 4568 579 4622 Dec
609 4585 716 4621 meo
745 4584 940 4636 semper
968 4582 1058 4636 pro
1089 4565 1228 4617 vobis
1247 4606 1258 4627 ,
1291 4564 1341 4616 in
1369 4562 1532 4632 gratia
1557 4560 1654 4615 Dei
1677 4577 1790 4631 qua:
1813 4564 1934 4613 data

338 4673 416 4716 cst
458 4661 592 4715 vobis
616 4662 669 4714 in
697 4660 894 4713 Christo
919 4658 952 4711 ,Ι
960 4675 1076 4720 esu,
1103 4657 1221 4720 auia
1265 4658 1316 4709 in
1357 4654 1585 4708 omnibus
1611 4654 1785 4708 divites
1813 4652 1935 4721 {acti

340 4755 465 4807 estis
489 4754 541 4806 in
571 4753 681 4816 illo,
715 4752 765 4804 in
792 4751 926 4804 ontni
953 4750 1099 4802 verbo
1128 4759 1173 4802 et
1199 4748 1250 4800 in
1277 4747 1414 4800 omni
1436 4747 1680 4809 scientia;
1708 4746 1835 4800 sicut
1865 4753 1938 4798 tc-

341 4845 636 4898 stinionium
663 4841 849 4896 Christi
877 4841 1230 4909 conﬁrmatum
1259 4848 1331 4892 est
1357 4838 1409 4891 in
1435 4838 1571 4890 vobis
1590 4876 1606 4902 ,
1635 4837 1708 4889 ita
1733 4846 1788 4890 ut
1813 4837 1938 4894 nihil

343 4938 486 4991 vobis
515 4937 642 4989 desit
675 4937 726 4989 in
770 4935 879 4987 ulla
905 4933 1087 5004 gratia.
1121 4930 1251 4998 Quis
1281 4931 1395 4983 haec
1423 4929 1646 4983 audiens
1674 4928 1856 4980 credat
1885 4927 1936 4981 in

348 5028 588 5082 Ecclesia
612 5024 1004 5081 Corinthiorum
1030 5037 1148 5076 esse
1172 5021 1379 5090 aliquos
1404 5019 1681 5089 reprobos,
1705 5017 1941 5086 quando-

345 5118 568 5186 quidem
597 5116 752 5171 verba
785 5116 882 5169 ista
910 5115 986 5168 sic
1013 5120 1204 5169 sonant
1223 5153 1238 5177 ,
1260 5111 1406 5165 velut
1434 5110 1498 5164 ad
1525 5124 1717 5164 omnes
1741 5109 1940 5163 directa

346 5215 424 5264 sit
463 5210 560 5263 ista
591 5207 861 5262 laudatio?
892 5207 958 5260 Et
996 5215 1170 5259 tamen
1205 5203 1362 5273 paulo
1392 5211 1510 5272 post
1535 5201 1696 5266 dicit,
1727 5201 1943 5254 Obsecro

345 5310 547 5364 autem,
573 5299 758 5360 fratres
777 5337 792 5362 ,
823 5306 878 5348 ut
903 5296 1122 5364 idipsum
1140 5293 1318 5348 dicatis
1343 5308 1534 5358 omnes,
1558 5302 1603 5346 et
1635 5308 1734 5345 non
1764 5292 1863 5345 sint
1890 5291 1944 5346 in

350 5389 495 5442 nobis
519 5388 813 5440 schismata.
843 5385 1048 5440 Rursus
1080 5393 1327 5452 tanquam
1359 5383 1410 5435 in
1443 5382 1543 5436 hoc
1573 5381 1842 5436 horrendo
1870 5381 1948 5434 vi-

356 5481 435 5534 tio
468 5479 606 5533 velut
637 5492 822 5534 omnes
845 5490 1074 5546 arguens
1102 5482 1262 5545 atque
1303 5475 1617 5543 increpans,
1649 5473 1810 5538 dicit,
1852 5473 1947 5526 Di-

427 5660 460 5726 ξ
480 5657 617 5726 editi,
640 5655 976 5726 subscripsisse
997 5666 1013 5726 ,ς
1022 5666 1085 5726 ac
1108 5650 1249 5714 paulo
1269 5651 1532 5726 [estnunde
1549 5656 1947 5726 commemorant,

357 5724 414 5828 ﬁt
449 5711 835 5780 intra,'diecrsis
892 5711 1121 5768 moribus
1153 5711 1497 5775 separmttibus.
1551 5712 1844 5775 castigantur
1887 5723 1951 5760 ex

389 5790 481 5828 ss.
1551 5814 1556 5818 .
1703 5792 1707 5795 -

1727 331 1926 389 LIBER
1968 329 2167 390 UNUS.

3485 343 3588 399 674

2003 447 2138 500 uisus
2165 459 2238 502 est
2273 447 2545 506 Christus?
2590 452 2850 525 Numquid
2878 456 3074 511 Paulus
3103 459 3373 527 cruciﬁxus
3400 472 3474 514 cu
3501 478 3592 531 pro

2003 539 2180 593 vobis?
2205 552 2290 594 aut
2315 543 2368 595 in
2395 546 2599 597 nomine
2625 544 2777 599 Pauli
2805 547 3048 615 baptizati
3073 551 3225 603 estis?
3255 551 3386 605 Puto
3416 561 3590 606 autem

2005 644 2099 683 eos
2122 632 2211 700 qui
2241 633 2291 685 in
2317 648 2382 687 eo
2413 634 2611 702 populo
2637 636 2914 703 dicebant,
2948 637 3058 708 Ego
3088 653 3196 694 sunt
3228 639 3453 706 Christi;
3489 659 3594 696 non

2003 720 2220 777 duxisse
2247 723 2430 794 iugum
2460 739 2580 779 cum
2611 729 2689 780 cis
2715 728 2800 793 qui
2830 729 3102 795 dici-bant,
3137 729 3243 801 Ego
3277 747 3390 785 sum
3421 731 3593 792 Pauli.

2004 829 2097 885 ego
2121 824 2287 868 autem
2321 813 2522 886 Apollo,
2553 833 2644 888 ego
2671 833 2785 872 vero
2809 819 2993 891 Cap/ia:
3021 821 3063 896 (l
3092 821 3208 877 Cor.
3240 839 3285 889 ι,
3319 825 3470 889 1-15)
3500 841 3512 876 :
3545 837 3594 878 ct

2006 912 2184 960 tamen
2209 918 2398 962 omnes
2441 907 2506 961 ad
2545 923 2705 962 unmn
2737 911 2904 966 altare
2933 912 3290 978 accedebant,
3324 923 3376 969 et
3408 916 3592 970 eadem

1999 997 2348 1053 Sacramenta
2395 1001 2886 1066 comntunicabant,
2935 1004 3022 1073 qui
3071 1005 3255 1059 eadem
3309 1005 3433 1060 vitia
3490 1021 3595 1060 non

2007 1093 2493 1147 communicabant.
2531 1094 2620 1148 llis
2650 1096 2790 1148 cuitu
2818 1096 3108 1150 Corinthiis
3146 1099 3304 1152 etiam
3349 1098 3473 1153 illud
3515 1099 3597 1152 di-

2007 1192 2150 1236 ctum
2181 1192 2260 1237 est
2283 1226 2297 1248 ,
2334 1184 2432 1250 Qui
2459 1185 2731 1238 manducat
2759 1196 2804 1239 et
2831 1186 2950 1239 bibit
2976 1187 3200 1258 indigne,
3227 1189 3479 1258 judicium
3506 1191 3600 1244 sibi

2008 1274 2283 1327 manducnt
2309 1284 2355 1358 et
2384 1275 2504 1328 bibit
2545 1274 2654 1344 (Id.
2686 1291 2738 1329 χι
2758 1317 2771 1340 ,
2799 1276 2914 1345 9-9).
2942 1277 3075 1342 Quid
3108 1283 3250 1332 enim
3281 1279 3420 1332 aliud
3452 1285 3601 1348 Apo-

2010 1367 2179 1420 smlus
2211 1367 2310 1419 nisi
2353 1368 2484 1421 istos
2522 1368 2834 1437 vaniloquos
2864 1371 3160 1438 cogitabat,
3191 1381 3247 1425 ιιι
3274 1371 3320 1425 ei
3355 1387 3458 1426 non
3489 1371 3597 1426 suf-

2009 1458 2196 1512 ﬁceret
2215 1459 2414 1525 dicere,
2433 1461 2685 1529 judicium
2711 1462 2980 1515 manduca!
3000 1475 3045 1515 et
3066 1455 3206 1530 bibit,
3238 1465 3334 1518 nisi
3360 1466 3597 1530 adderet,

2010 1549 2105 1602 sibi
2130 1565 2149 1602 :
2176 1566 2242 1604 ne
2271 1551 2370 1604 hoc
2397 1553 2553 1604 ctiam
2581 1551 2645 1604 ad
2677 1553 2792 1606 illos
2821 1555 3127 1620 pertineret,
3154 1555 3241 1624 qui
3266 1556 3462 1624 pariter
3483 1559 3600 1625 qui-

2011 1640 2154 1699 dem.
2189 1642 2281 1695 sed
2313 1658 2417 1696 non
2445 1643 2701 1711 judicium
2731 1643 3160 1698 manducabant?

2085 1733 2174 1787 54.
2217 1731 2275 1786 ln
2309 1734 2437 1802 ipsis
2461 1734 2619 1788 etiam
2647 1734 2934 1789 Corinthiis
2964 1737 3034 1788 ibi
3065 1745 3217 1790 erant
3246 1739 3332 1807 qui
3361 1754 3464 1792 non
3488 1755 3604 1794 cre-

2011 1821 2211 1876 debant
2255 1825 2698 1878 resurrectionem
2747 1837 3111 1892 mortuorum,
3158 1843 3275 1896 qua:
3321 1829 3604 1898 singularis

2009 1913 2147 1968 iich
2175 1923 2257 1967 est
2276 1914 2698 1968 Christianorttttt
2722 1934 2735 1978 ;
2768 1917 2906 1984 quod
2937 1918 3012 1970 eis
3039 1917 3104 1970 ita
3137 1918 3260 1972 dicit
3285 1921 3600 1986 Apostolus:

2015 2002 2076 2056 Si
2105 2013 2270 2056 autem
2291 2003 2528 2057 Christus
2572 2007 2878 2073 prtctlicntur
2921 2008 3054 2076 quod
3096 2009 3365 2062 resurrexit
3405 2027 3435 2062 a
3474 2027 3608 2064 mor-

2014 2095 2146 2157 tuis,
2175 2096 2424 2163 quomodo
2455 2096 2626 2148 dicunt
2657 2098 2863 2169 quidam
2892 2099 2943 2150 in
2975 2099 3110 2151 vobis
3152 2101 3269 2168 quia
3309 2103 3606 2154 resurrectio

2012 2194 2328 2238 mortuorum
2355 2202 2453 2239 non
2476 2196 2546 2238 est
2564 2187 2590 2239 γ
2615 2187 2725 2240 Non
2749 2175 2902 2253 dixit,
2935 2187 2986 2238 In
3015 2187 3114 2240 hac
3135 2198 3297 2254 terra,
3324 2189 3408 2242 vel
3432 2192 3484 2243 in
3509 2190 3609 2244 hoc

2016 2276 2250 2338 mundo;
2279 2277 2370 2330 sed
2392 2318 2405 2340 ,
2445 2277 2497 2329 in
2527 2277 2694 2343 vobis,
2728 2278 2915 2346 inquit.
2949 2277 3132 2347 Neque
3161 2279 3302 2332 enim
3337 2293 3513 2350 posset
3541 2282 3609 2335 de

2017 2368 2218 2422 Christi
2265 2369 2659 2422 resurrectione
2706 2369 3087 2437 prabscribere,
3134 2370 3231 2445 nisi
3272 2370 3380 2436 jam
3429 2373 3608 2441 utique

2015 2459 2364 2523 Christianis,
2398 2460 2588 2528 quibus
2619 2460 2686 2514 de
2719 2461 2828 2530 ipsa
2871 2462 3263 2515 resurrectione
3297 2462 3491 2516 Christi
3531 2462 3611 2516 di-

2014 2551 2110 2615 cit,
2141 2550 2230 2606 Sic
2257 2551 2613 2621 prtcdicantus,
2648 2561 2693 2604 et
2717 2553 2790 2604 sic
2815 2552 3097 2605 credidistis
3125 2550 3235 2619 (Id.
3261 2567 3348 2615 xv,
3380 2552 3466 2619 12,
3497 2554 3607 2624 ll).

2016 2641 2168 2696 Nunc
2213 2642 2550 2695 attendamus
2600 2642 2760 2695 verba
2808 2642 2931 2706 illa,
2983 2642 3176 2711 quibus
3215 2643 3609 2711 Corinthiorum

2019 2731 2316 2785 Ecclesium
2347 2733 2398 2784 in
2432 2732 2684 2800 Epistolzc
2715 2733 2974 2801 principio
3003 2733 3079 2786 sic
3111 2732 3322 2799 laudat,
3358 2742 3414 2786 ut
3449 2710 3608 2794 dicat.

2015 2823 2225 2877 Gratias
2261 2839 2359 2893 ago
2399 2823 2510 2876 Deo
2549 2839 2656 2877 meo
2695 2839 2891 2892 semper
2932 2840 3022 2892 pro
3051 2823 3218 2890 vobis,
3246 2824 3300 2876 in
3326 2824 3492 2894 gratia
3520 2823 3614 2878 Dei

2019 2931 2135 2986 qua!
2161 2916 2281 2968 data
2311 2924 2380 2970 est
2405 2915 2543 2968 vobis
2568 2916 2621 2969 in
2647 2916 2844 2970 Christo
2870 2916 2997 2969 .lesu
3015 2960 3028 2981 ,
3062 2917 3181 2988 quia
3203 2916 3257 2970 in
3279 2919 3512 2971 omnibus
3537 2919 3615 2971 die

2017 3007 2143 3060 cites
2169 3007 2288 3075 facti
2314 3006 2429 3059 estis
2445 3006 2502 3058 in
2522 3006 2630 3070 illo,
2657 3006 2710 3058 in
2732 3007 2870 3059 omni
2895 3007 3039 3059 verba
3064 3007 3182 3060 etin
3205 3008 3343 3060 omni
3362 3008 3611 3070 scientia:

2018 3099 2151 3151 sicut
2179 3097 2516 3150 testimonium
2544 3097 2726 3150 Christi
2763 3099 3117 3164 conﬁrmatum
3155 3110 3228 3152 cst
3260 3099 3313 3152 in
3345 3098 3513 3165 vobis,
3543 3099 3616 3152 ita

2019 3197 2078 3245 ut
2103 3191 2232 3244 nihil
2257 3190 2394 3243 vobis
2422 3189 2548 3244 desit
2587 3191 2640 3243 in
2668 3190 2774 3244 ulla
2803 3192 2985 3260 gratia.
3016 3190 3154 3245 Ecce
3181 3192 3258 3244 sic
3284 3201 3434 3245 erant
3463 3192 3613 3246 dilati

2025 3286 2077 3340 in
2105 3286 2320 3339 Christo
2349 3287 2402 3340 in
2429 3287 2572 3340 omni
2601 3286 2762 3341 verbo
2805 3295 2858 3341 et
2888 3287 2939 3338 in
2969 3286 3112 3340 omni
3148 3287 3366 3341 scientia
3389 3289 3507 3352 ,ιω
3539 3287 3618 3342 eis

2019 3377 2157 3430 nihil
2186 3377 2368 3432 deerat
2399 3378 2450 3431 in
2479 3378 2580 3431 ulla
2608 3378 2796 3446 gratia,
2823 3386 2878 3430 ut
2904 3378 2955 3430 in
2987 3377 3092 3432 illis
3115 3386 3298 3432 essent
3321 3378 3408 3446 qui
3440 3392 3619 3432 resur-

2025 3473 2318 3525 rectionem
2367 3480 2699 3525 mortuorum
2737 3459 2913 3524 adhuc
2958 3484 3125 3539 usque
3169 3485 3273 3522 non
3316 3467 3616 3523 crederent.

2020 3561 2366 3616 Puto-autem
2397 3561 2537 3632 quod
2569 3562 2652 3616 is'ti
2683 3552 2874 3632 quibus
2904 3560 3034 3614 nihil
3068 3559 3251 3614 deerat
3289 3560 3346 3613 in‘
3367 3559 3471 3613 ulla
3502 3573 3619 3630 gra-

2025 3654 2099 3708 tia
2121 3695 2135 3720 ,
2165 3668 2270 3706 non
2313 3652 2578 3707 ducebant
2620 3652 2801 3720 jugqu
2843 3659 2968 3704 ‘cum
3009 3650 3089 3705 eis
3114 3653 3200 3718 qui
3232 3657 3624 3703 resurrecturos

2031 3755 2272 3797 mortuos
2319 3757 2426 3796 non
2471 3742 2778 3795 credebant.
2815 3743 2952 3795 Ecce
2981 3740 3251 3809 quomodo
3289 3755 3398 3793 non
3425 3740 3622 3794 ducunt

2017 3835 2208 3902 jugum
2256 3847 2379 3885 cum
2425 3831 2764 3893 inﬁdelibus;
2805 3831 3046 3900 quamvis
3086 3830 3261 3885 cidem
3302 3831 3495 3898 popqu
3523 3831 3623 3884 mi-

2031 3935 2299 3988 sceantur,
2332 3932 2387 3976 et
2415 3924 2514 3976 sub
2543 3923 2744 3978 eisdem
2771 3920 3171 3985 sacerdotibus,
3205 3921 3403 3976 eisdem
3431 3921 3621 3977 Sacra“-

2032 4016 2225 4069 montis
2251 4014 2575 4068 imbuuntur.

2107 4109 2195 4164 55.
2231 4107 2468 4177 Denique
2487 4107 2604 4174 ipse
2626 4105 2930 4175 Apostolus,
2954 4119 3022 4158 ne
3043 4103 3165 4158 huic
3189 4103 3484 4158 lnlidelitati
3507 4119 3625 4158 con-

2033 4202 2327 4264 sentirent,
2357 4214 2581 4270 quorum
2617 4197 2726 4267 jam
2769 4198 2899 4252 lides
2939 4197 3149 4250 tenebat
3179 4199 3623 4250 resurrectionem

2031 4303 2364 4349 mortuorum
2386 4334 2400 4358 ,
2436 4307 2540 4345 non
2577 4291 2658 4344 eis
2690 4290 2946 4360 prtecepit
2976 4288 3306 4358 corporalem
3337 4288 3628 4357 separatio-

2037 4404 2157 4443 ncm
2189 4405 2202 4442 :
2239 4386 2389 4440 multi
2431 4385 2624 4455 quippe
2668 4391 2821 4437 erant
2853 4401 2866 4436 :
2893 4397 2999 4436 non
3047 4383 3185 4436 sicut
3225 4381 3314 4435 ille
3355 4395 3495 4435 unus
3536 4383 3628 4452 qui

2038 4493 2260 4534 tutorem
2289 4477 2456 4547 patris
2479 4475 2560 4528 sui
2598 4474 2800 4535 habuit,
2829 4489 2984 4544 quem
3015 4473 3266 4528 liberiore
3292 4475 3629 4542 correptione

2039 4579 2096 4625 et
2123 4566 2675 4624 excommunicatione
2711 4564 2918 4634 judicat
2957 4563 3174 4632 dignum
3218 4562 3326 4631 (Id.
3357 4578 3412 4628 ν,
3446 4563 3627 4632 1-5)‘:

2041 4662 2195 4730 longe
2222 4660 2376 4713 aliter
2401 4658 2523 4720 iste,
2553 4656 2708 4711 aliter
2734 4656 2924 4710 vitiosa
2950 4655 3180 4709 curanda
3210 4663 3265 4708 et
3289 4655 3521 4708 sananda
3549 4665 3630 4709 est

2042 4750 2359 4815 multitudo,
2397 4765 2466 4804 ne
2495 4747 2631 4804 forte
2666 4749 2710 4802 si
2741 4748 2890 4817 plebs
2931 4762 2957 4799 a
2991 4747 3146 4816 plebe
3185 4756 3495 4817 separetur,
3538 4763 3632 4816 per

2042 4841 2346 4900 schismatis
2375 4841 2526 4895 nefas
2550 4841 2710 4895 etiam
2741 4840 2971 4895 triticum
3001 4838 3325 4893 eradicctur.
3370 4838 3478 4892 Eos
3502 4853 3632 4907 ergo

2043 4938 2134 5009 qui
2157 4937 2266 5005 jam
2297 4933 2582 4988 credebant
2609 4931 3054 4988 resurrectionem
3084 4937 3434 4990 mortuorum,
3459 4928 3525 4982 ab
3552 4927 3634 4981 bis

2025 5031 2132 5100 qui
2163 5044 2279 5083 eam
2311 5028 2362 5080 in
2391 5025 2578 5081 eodem
2608 5024 2802 5092 populo
2831 5038 2934 5076 non
2965 5020 3274 5082 credebant,
3306 5035 3411 5072 non
3440 5032 3632 5085 corpo-

2047 5121 2232 5175 raliter
2256 5119 2542 5188 Apostolus
2569 5122 2817 5183 separat:
2845 5113 2938 5166 scd
2969 5122 3145 5165 tanton
3175 5109 3526 5180 spiritualitor
3549 5122 3634 5160 so-

2048 5227 2240 5283 parare
2261 5226 2367 5264 non
2397 5217 2604 5272 cessat,
2633 5206 2816 5261 dicens
2834 5246 2848 5268 ,
2883 5203 3058 5258 Nolite
3083 5204 3255 5257 seduci
3271 5245 3284 5268 ,
3313 5209 3636 5270 corrumpunt

2050 5321 2214 5359 mores
2243 5303 2397 5357 bonos
2433 5300 2683 5370 colloquia
2718 5299 2855 5352 mala
2893 5297 3002 5368 (Id.
3033 5313 3130 5360 xv,
3162 5295 3277 5366 55).
3308 5295 3422 5350 Νοιι
3453 5309 3637 5348 eorum

2053 5411 2421 5467 congressum,
2445 5392 2537 5448 sed
2561 5407 2880 5446 consensum
2905 5392 3076 5456 timet,
3105 5403 3170 5444 ne
3187 5390 3345 5443 ntalis
3363 5386 3638 5455 colloquiis

2053 5486 2460 5543 accommodent
2490 5485 2669 5550 (idem,
2700 5498 2818 5553 quae
2846 5489 3196 5550 corrumpunt
3237 5494 3411 5533 mores
3448 5479 3636 5533 bonos.

2035 5581 2291 5634 Moribus
2327 5593 2456 5648 ergo
2495 5592 2622 5640 eos,
2664 5591 2767 5629 non
2809 5574 3064 5628 altaribus
3093 5573 3343 5626 admonet
3384 5571 3638 5641 separari.

2059 5672 2338 5727 Postremo
2377 5679 2658 5738 antequam
2700 5671 2778 5720 eis
2816 5666 2927 5720 brcc
2954 5663 3239 5733 Apostolus
3268 5663 3525 5718 scriberet
3545 5704 3561 5730 ,
3589 5663 3638 5714 in

2059 5761 2248 5818 eadem
2274 5759 2508 5816 Ecclesia
2534 5766 2703 5825 erant,
2735 5757 2821 5828 qui
2848 5757 3288 5812 resurrectionem
3315 5765 3640 5811 mortuorum
