4024 6196
366 339 472 393 675

368 464 471 501 non
498 443 804 509 credebant,
833 444 883 497 in
906 458 1008 513 qua
1028 452 1181 515 erant
1200 442 1391 511 quibus
1413 440 1540 494 nihil
1563 440 1745 493 deerat
1771 439 1821 492 iu
1845 437 1950 491 ulla

368 538 535 607 gratia
567 555 580 590 :
611 544 664 590 et
694 535 767 589 illi
796 535 927 589 istos
971 533 1283 588 inﬁdelitate
1320 547 1413 586 sua
1451 546 1555 586 non
1586 530 1951 600 inquinabaut.

365 632 489 697 quia
523 626 607 681 isti
646 624 747 679 illis
784 624 848 679 ad
890 623 1134 679 eamdem
1174 622 1538 677 infidelitatem
1580 636 1685 676 nou
1724 635 1953 675 consen-

371 717 591 770 tiebant.
619 716 758 771 Ecce
779 715 1047 785 quomodo
1069 715 1159 770 illo
1181 731 1284 769 non
1309 715 1598 779 acceditur,
1623 729 1690 767 ne
1714 712 1956 783 quisquis

368 809 683 874 accesserit,
718 808 1022 878 inquinetur
1055 826 1067 862 :
1098 822 1224 862 ecce
1261 807 1527 877 quomodo
1558 806 1701 860 nulla
1740 805 1955 875 partici-

368 900 513 969 patio
538 910 618 954 est
647 900 829 954 lumini
856 898 922 954 ad
951 900 1195 954 tenebras
1219 917 1232 953 :
1257 914 1380 954 ecce
1405 898 1693 968 quomodo,
1714 897 1957 967 quamvis

368 991 506 1044 intra
536 991 720 1044 eadem
763 992 894 1044 retia
934 999 1117 1044 natent
1163 991 1364 1059 pisces,
1414 991 1622 1059 utrique
1665 1005 1763 1044 nec
1796 1003 1954 1043 causa

366 1097 540 1135 causm
571 1082 899 1151 pra-judieat.
932 1097 1029 1135 nec
1057 1097 1279 1151 persona
1310 1096 1572 1150 personae.

440 1173 528 1227 50.
561 1174 710 1241 Quod
740 1189 860 1227 cum
895 1173 964 1225 ita
990 1174 1080 1238 sit,
1112 1189 1231 1243 qua:
1258 1182 1361 1225 tam
1389 1171 1551 1226 cruda
1573 1170 1815 1234 stultitia,
1840 1170 1957 1239 quis

371 1272 480 1319 tam
513 1264 717 1319 ferreus
743 1264 921 1318 cordis
950 1279 1169 1319 somnus
1200 1280 1303 1317 non
1332 1264 1659 1328 excutiatur,
1691 1264 1959 1332 possitque

371 1356 655 1425 aliquando
699 1355 931 1417 sentire,
966 1354 1232 1408 Caeciliani
1276 1370 1488 1409 causam
1535 1354 1800 1409 catholico
1844 1353 1956 1407 orbi

373 1458 661 1511 terrarum,
692 1448 774 1499 cui
808 1462 910 1499 non
942 1446 1299 1500 communicat
1326 1462 1445 1514 pars
1471 1445 1676 1509 Donati,
1706 1444 1959 1515 pracjudi-

367 1555 494 1592 cate
532 1554 635 1591 non
677 1552 854 1606 posse,
887 1537 929 1590 si
958 1553 1061 1590 non
1089 1536 1396 1605 pra-judieat
1423 1537 1559 1606 parti
1584 1535 1777 1590 Donati
1801 1550 1959 1589 causa

370 1629 697 1694 Maximiani,
726 1628 807 1680 vel
837 1629 1009 1698 potius
1035 1643 1191 1682 causa
1216 1627 1466 1682 Feliciani
1496 1637 1549 1682 et
1569 1627 1820 1682 Primiani
1849 1644 1962 1681 mo-

368 1720 439 1771 do
463 1718 896 1788 conjunctorum,
927 1718 1083 1787 paqu
1118 1728 1241 1772 ante
1283 1718 1510 1773 invicem
1550 1718 1961 1771 damnatorum?

369 1810 576 1864 Sufﬁcit
622 1817 766 1883 cert,
837 1818 893 1862 ut
937 1808 1229 1863 secundum
1279 1808 1421 1877 ipsos
1466 1810 1779 1877 loquamur,
1820 1807 1960 1878 quod

369 1905 543 1971 pisces
578 1902 700 1955 ntali
736 1901 835 1955 sub
870 1902 1117 1955 ﬂuctibus
1146 1902 1414 1956 latitantes
1446 1902 1657 1972 ignaros
1680 1917 1804 1955 tuon
1845 1900 1962 1970 pol-

370 1995 520 2048 luunt
571 1996 880 2064 piscatores.
933 1994 1185 2060 Quamvis
1231 2008 1336 2047 non
1382 1994 1451 2046 sit
1498 1992 1566 2047 de
1611 1992 1962 2063 piscatoribus

369 2086 623 2155 quaestio,
655 2100 788 2154 quos
824 2084 1048 2139 fortasse
1095 2084 1145 2138 in
1193 2084 1280 2138 illa
1320 2083 1667 2139 similitudine
1707 2083 1964 2139 Dominus

371 2179 606 2247 Angelos
635 2177 858 2249 intelligi
886 2177 1072 2232 voluit.
1110 2177 1274 2248 Magis
1298 2178 1439 2231 enim
1477 2177 1857 2234 attendendum
1882 2185 1966 2232 est

371 2268 511 2325 intra
539 2269 649 2340 ipsa
677 2271 807 2324 retia
833 2269 1007 2338 pisces
1035 2271 1205 2323 bonos
1231 2284 1261 2321 a
1287 2268 1442 2323 malis
1469 2283 1571 2322 non
1601 2283 1759 2337 posse
1786 2284 1964 2322 macu-

375 2362 494 2415 lari.
542 2362 723 2432 Neque
767 2360 909 2415 enim
956 2370 1010 2414 et
1055 2360 1152 2430 ipsi
1194 2375 1298 2413 non
1322 2359 1504 2415 vident
1541 2360 1764 2415 invicem
1805 2360 1962 2414 simul

374 2463 646 2518 tramites,
676 2453 812 2506 sicut
838 2467 867 2505 a
901 2451 1249 2521 piscatoribus
1279 2451 1415 2504 intra
1446 2466 1635 2520 aquam
1674 2450 1828 2519 positi
1858 2467 1964 2504 non

372 2544 639 2600 videntur.
674 2543 778 2598 Sed
800 2585 813 2606 ,
859 2554 913 2597 ut
952 2543 1094 2608 dixi,
1128 2542 1325 2597 sufﬁcit
1362 2558 1539 2597 causa:
1568 2553 1798 2608 nostrxe,
1823 2543 1965 2614 quod

374 2636 500 2691 ntali
530 2653 636 2690 nou
666 2635 929 2705 polluuut,
955 2649 1180 2703 quorum
1216 2634 1353 2688 mala
1393 2634 1530 2687 facta
1562 2635 1891 2689 nesciunlur.

442 2728 669 2784 CAPU'I‘
714 2727 879 2782 XXII.
909 2756 982 2767 —
1010 2728 1099 2781 57.
1139 2726 1378 2781 Fuerunt
1414 2730 1430 2759 ⁸
1469 2727 1703 2797 quidam
1727 2738 1967 2798 tempore

372 2818 644 2875 chiliani
685 2819 822 2875 beati
867 2818 1095 2888 paciﬁci,
1132 2819 1221 2888 qui
1259 2834 1413 2883 eum,
1456 2818 1665 2873 etiamsi
1708 2818 1967 2874 innocens

374 2926 481 2966 non
512 2920 677 2977 esset,
708 2912 940 2966 scientes
976 2924 1073 2979 pro
1110 2909 1371 2966 catholica
1412 2910 1613 2964 unitate
1653 2910 1963 2976 tolerarent,

374 3020 496 3060 cum
525 3021 646 3062 eum
675 3005 917 3059 viderent
944 3012 1019 3057 tot
1050 3004 1243 3073 ignotis
1272 3003 1540 3073 gentibus,
1574 3018 1669 3071 per
1694 3018 1828 3072 quas
1855 3002 1965 3072 ipsa

377 3099 554 3153 unitas
607 3096 896 3159 dilatatur,
953 3094 1420 3149 Sacramentorum
1482 3093 1966 3163 participandorum

374 3189 753 3245 comuumione
779 3186 1087 3250 cohaerere;
1116 3187 1302 3255 eisque
1330 3185 1487 3239 talem
1515 3199 1620 3239 non
1643 3198 1798 3254 posse
1818 3199 1972 3238 mon-

374 3283 536 3338 strari
556 3321 573 3348 ,
602 3280 814 3351 qualem
860 3277 961 3348 ipsi
1001 3293 1124 3333 eum
1167 3292 1287 3331 esse
1325 3284 1708 3346 cognoscerent
1739 3294 1752 3330 :
1782 3276 1879 3343 ipsi
1910 3291 1971 3332 se

378 3385 564 3430 contra
593 3376 721 3429 istas
744 3372 1039 3428 calumnias
1059 3369 1407 3426 defenderent
1432 3368 1607 3423 verbis
1634 3368 1772 3424 beati
1799 3378 1853 3423 et
1879 3383 1972 3439 pa-

376 3469 514 3523 ciﬁci
532 3465 805 3538 Cypriani,
830 3466 1228 3533 clamarentque
1251 3462 1472 3516 ﬁdenter
1491 3470 1546 3516 et
1564 3461 1822 3527 dicereut,
1848 3460 1971 3515 Ideo

377 3568 597 3627 propter
636 3555 977 3611 Cmcilianum
1022 3569 1129 3608 nou
1172 3553 1470 3607 deserimus
1514 3553 1810 3617 unitatem,
1848 3552 1970 3621 quia

375 3649 466 3703 etsi
498 3648 728 3701 videntur
755 3647 809 3699 in
836 3643 1067 3699 Ecclesia
1096 3661 1202 3699 esse
1227 3644 1424 3697 zizania
1441 3684 1456 3708 ,
1493 3659 1595 3697 non
1620 3653 1785 3696 tamen
1808 3644 1970 3713 impe-

378 3743 477 3796 diri
501 3742 644 3795 debet
671 3749 759 3794 aut
785 3740 911 3809 ﬁdes
939 3748 1026 3792 aut
1054 3738 1276 3792 cltaritas
1310 3747 1522 3802 nostra;
1549 3746 1603 3789 ut
1627 3736 1865 3806 quoniam
1891 3735 1970 3788 si-

380 3834 528 3888 sauia
556 3848 662 3887 esse
689 3831 743 3885 in
775 3829 1001 3884 Ecclesia
1030 3829 1279 3883 cernimus
1297 3868 1314 3893 ,
1352 3828 1449 3897 ipsi
1481 3828 1542 3880 de
1571 3825 1801 3881 Ecclesia
1837 3842 1973 3880 rece-

380 3929 561 3978 damus
592 3923 783 3995 (Epist.
807 3922 874 3975 ad
898 3920 1227 3992 Maximum).
1257 3919 1481 3974 istorum
1509 3920 1743 3987 paciﬁca:
1770 3918 1975 3987 patien-

380 4017 468 4070 tia.-
496 4014 807 4070 conveniret
837 4012 1238 4082 pra‘clarissitua
1284 4010 1399 4063 laus
1439 4009 1557 4071 illa,
1589 4024 1692 4079 qua
1730 4008 1974 4064 laudatur

377 4108 601 4178 angelus
630 4105 880 4161 Ecclesia:
919 4117 1039 4171 qua:
1077 4111 1160 4155 est
1197 4098 1394 4169 Ephesi
1433 4100 1612 4170 (quem
1642 4114 1801 4153 nemo
1828 4111 1974 4154 recte

379 4198 686 4269 intelligens
711 4195 915 4251 dubitat
942 4193 1106 4261 ipsius
1130 4191 1382 4245 Ecclesiae
1407 4203 1617 4261 gestare
1640 4192 1971 4261 personam),

380 4292 464 4346 cui
497 4290 622 4345 dicit
655 4290 707 4342 in
734 4286 1053 4358 Apocalypsi
1082 4284 1308 4353 Spiritus
1329 4325 1344 4351 ,
1377 4282 1497 4339 Scio
1527 4300 1682 4353 Opera
1705 4294 1794 4338 tua
1819 4295 1865 4337 et
1890 4285 1971 4338 la-

381 4388 549 4440 borem
577 4394 624 4437 et
655 4382 964 4451 patientiam,
993 4390 1038 4435 et
1062 4381 1182 4449 quia
1210 4397 1310 4434 non
1337 4391 1476 4451 potes
1503 4383 1749 4436 sustinere
1775 4381 1972 4449 malos;

381 4487 429 4530 et
455 4474 655 4529 (euasti
681 4489 765 4527 eos
793 4473 879 4541 qui
907 4488 961 4524 se
988 4472 1160 4525 dicunt
1196 4473 1447 4544 apostolos
1476 4490 1581 4527 esse
1600 4513 1615 4537 ,
1641 4482 1686 4528 et
1709 4491 1809 4528 non
1834 4485 1971 4542 sunt,

383 4582 431 4625 et
460 4569 688 4625 invenisti
714 4584 797 4623 eos
824 4568 1123 4631 mendaces;
1148 4577 1195 4620 et
1219 4569 1510 4636 patientiam
1535 4568 1685 4622 habes
1703 4609 1718 4633 ,
1744 4578 1789 4621 et
1815 4569 1973 4621 susti-

383 4665 537 4717 nuisti
568 4678 651 4716 eos
681 4669 885 4732 prapler
910 4675 1092 4714 nomen
1120 4676 1304 4725 meum,
1332 4670 1378 4712 et
1403 4676 1503 4713 non
1532 4659 1753 4729 defeciin
1785 4658 1969 4728 (Apoc.

382 4774 418 4813 ιι
440 4798 456 4824 ,
483 4756 541 4821 2,
564 4756 643 4826 5).
668 4754 758 4810 Sic
784 4753 859 4808 illi
889 4753 1170 4808 laudentur
1190 4754 1233 4818 ³,
1262 4753 1350 4823 qui
1378 4754 1428 4807 in
1458 4753 1555 4807 ista
1583 4752 1687 4806 vita
1708 4751 1974 4806 Οωςὶιὶωιί

385 4860 626 4919 tempore
662 4848 910 4914 fuerunt,
952 4847 1040 4916 qui
1085 4856 1303 4918 propter
1330 4860 1524 4900 nomen
1557 4845 1802 4909 Domini,
1831 4845 1974 4915 quod

383 4944 522 4998 sicut
562 4951 885 5013 unguentum
930 4939 1154 4995 eﬂ‘usum
1202 4953 1297 5008 per
1338 4938 1751 4992 inimmerahiles
1789 4947 1975 5008 gentes

384 5047 498 5092 toto
521 5035 629 5105 jam
651 5035 782 5090 orbe
810 5034 1096 5106 fragrabat,
1128 5047 1231 5086 non
1254 5030 1567 5095 deﬁcerent,
1592 5031 1975 5100 patientissime

384 5129 698 5187 sustinendo
720 5128 882 5183 etiam
911 5141 1070 5196 quem
1099 5124 1298 5179 malum
1328 5132 1548 5179 nossent
1574 5141 1589 5179 :
1614 5124 1658 5178 si
1689 5124 1859 5178 malus
1886 5123 1976 5178 ille

385 5230 564 5285 esset,
596 5220 686 5291 qui
711 5234 897 5275 eorum
924 5218 1126 5287 judicio
1153 5217 1274 5272 aliis
1296 5214 1688 5283 demonstrari,
1720 5226 1776 5272 et
1799 5216 1868 5271 ab
1896 5216 1975 5273 eis

382 5314 537 5371 avelli
565 5312 907 5383 scpararique
936 5326 1042 5365 non
1073 5319 1273 5379 posset.
1305 5308 1493 5365 Nostra
1535 5310 1635 5363 alia
1674 5324 1832 5363 causa
1870 5319 1970 5374 est,

387 5418 637 5476 arrogare
664 5404 820 5460 nobis
848 5401 1056 5457 laudem
1087 5401 1244 5473 hujus
1272 5402 1539 5471 patientia:
1563 5417 1667 5456 non
1696 5401 1973 5456 debemus.

390 5496 500 5551 Non
530 5498 674 5552 enim
707 5509 989 5567 possumus
1016 5493 1230 5558 dicere,
1271 5509 1370 5550 nos
1414 5508 1510 5564 pro
1548 5509 1680 5565 pace
1721 5494 1977 5550 tolerasse

388 5588 526 5654 quod
552 5588 617 5641 ad
640 5597 875 5641 nostram
898 5584 1255 5655 cognitionem
1285 5601 1503 5656 prorsus
1524 5601 1628 5642 nou
1656 5587 1825 5656 potuit
1851 5601 1973 5657 pcr—

450 5718 465 5748 ι
503 5717 606 5766 sola
631 5719 778 5768 editio
798 5725 931 5777 κον..
955 5719 1148 5777 ρων-πη.

447 5777 470 5807 ⁸
505 5783 572 5823 tta
594 5786 695 5825 Mais.
717 5788 771 5827 At
792 5780 928 5841 editi,
955 5777 1235 5830 laudaretur.

1117 333 1207 388 AD
1248 330 1671 387 DONATISTAS
1710 327 1880 384 PDS'I'
1918 325 2417 391 COLLA'I‘IONEM.
2458 331 2515 386 S.
2557 332 2923 390 AUGUSIINI

3536 342 3641 399 676

2066 438 2263 493 venire.
2293 438 2456 496 Nobis
2482 442 2746 500 Caeciliani
2785 461 2946 502 causa
2975 447 3074 502 sub
3102 448 3351 506 ﬂuctibus
3379 452 3476 509 fuit
3502 476 3515 509 :
3545 472 3651 514 vox

2060 541 2241 585 nostra
2266 533 2384 587 talis
2408 544 2510 598 est,
2535 536 2707 605 qualis
2732 538 3140 595 cbristianarum
3162 545 3399 613 gentium
3427 558 3646 602 curlera~

2062 636 2213 687 rum,
2243 634 2425 678 contra
2457 642 2588 696 quas
2632 629 2717 683 isti
2761 645 2865 685 non
2911 632 3230 689 invenerunt
3263 638 3482 691 omnino
3510 645 3651 710 quod

2060 710 2320 768 dicereut.
2353 715 2731 774 Verumtamen
2763 720 2993 790 ignotam
3020 723 3289 779 Carciliani
3312 742 3527 783 causam
3561 748 3650 786 re-

2060 814 2146 859 cte
2168 807 2435 862 credimus
2457 809 2671 878 bonam,
2695 828 2851 883 quem
2873 816 3041 870 semel
3065 816 3397 873 inimicorum
3422 820 3653 877 factione

2060 897 2403 983 damnatum,
2453 902 2583 973 ipsis
2616 915 2793 960 autem
2824 911 3197 967 accusantibus
3239 914 3396 968 tertio
3430 915 3654 985 legimus

2062 988 2386 1045 absolutum.
2416 993 2521 1047 Aut
2555 996 2774 1052 credant
2812 998 2897 1054 isti
2934 1009 3147 1056 centum
3188 1002 3354 1058 ferme
3386 1006 3656 1076 episcopis

2065 1082 2226 1148 partis
2256 1082 2442 1138 Donati
2470 1084 2540 1140 de
2563 1087 2874 1144 criminibus
2903 1091 3175 1159 Primiani,
3206 1104 3261 1148 et
3290 1104 3414 1150 tunc
3439 1113 3537 1153 nos
3562 1114 3655 1152 co-

2062 1182 2189 1240 gant
2210 1174 2429 1230 credere
2454 1180 2782 1249 septuaginta
2811 1181 3101 1250 majoribus
3125 1185 3235 1238 suis
3254 1185 3323 1241 de
3341 1187 3655 1244 criminibus

2062 1261 2351 1319 Cieciliani.
2379 1268 2528 1332 Quod
2553 1279 2729 1325 autem
2756 1273 2942 1328 dicunt
2961 1274 3303 1332 Caecilianum
3324 1280 3528 1349 objecta
3552 1284 3654 1337 sibi

2064 1355 2118 1409 in
2150 1356 2240 1411 illo
2267 1360 2496 1414 concilio
2531 1362 2751 1418 erimina
2795 1381 2914 1419 cum
2956 1367 3150 1421 absens
3192 1369 3381 1436 fuerit,
3431 1375 3657 1428 tacendo

2066 1446 2306 1505 ﬁrmasse
2337 1468 2350 1504 :
2385 1451 2611 1507 ﬁrmavit
2650 1470 2778 1525 ergo
2815 1466 2867 1510 et
2898 1458 3197 1515 Primianus
3238 1463 3494 1530 crimina,
3535 1484 3656 1535 quae

2064 1554 2094 1593 a
2124 1551 2334 1596 centum
2381 1545 2647 1615 episc0pis
2696 1549 2795 1602 sibi
2841 1550 3048 1620 objecta
3092 1568 3191 1608 nec
3233 1567 3418 1625 postea
3464 1559 3653 1614 saltem

2065 1634 2362 1688 ostenditur
2386 1636 2624 1691 diluisse.
2984 1644 2991 1653 ’

2138 1725 2226 1779 38.
2268 1726 2371 1781 Sed
2401 1728 2680 1794 videlicet,
2710 1748 2803 1785 nec
2832 1737 2983 1787 musa
3014 1751 3180 1790 cauete
3204 1739 3503 1811 prwjudicat
3521 1784 3536 1807 ,
3566 1757 3656 1795 nec

2068 1832 2282 1885 persona
2305 1835 2551 1886 personw,
2578 1838 2643 1876 ne
2667 1840 2788 1891 pars
2812 1825 2995 1880 Donati
3018 1829 3287 1885 minuatur
3310 1849 3323 1885 :
3346 1833 3656 1903 pm‘judicit

2064 1916 2275 1976 autent,
2308 1920 2365 1963 ut
2391 1911 2587 1968 Christi
2620 1914 2903 1972 lucreditas
2942 1918 3225 1975 dividatur.
3266 1924 3348 1977 An
3378 1941 3507 1979 vero
3535 1928 3652 1979 Ca:-

2065 1999 2243 2056 ciliani
2285 2018 2445 2057 causa
2489 2021 2595 2060 non
2642 2009 2947 2077 prmjudicat
2978 2012 3159 2064 unitati
3191 2012 3467 2069 catholica:
3495 2033 3654 2085 quam

2069 2100 2343 2157 tenemus,
2390 2102 2448 2150 et
2482 2097 2634 2165 cujus
2679 2100 2935 2154 societate
2971 2102 3295 2170 gaudemus,
3336 2120 3456 2159 cum
3500 2106 3657 2161 fuerit

2066 2184 2380 2240 Cmcilianus
2402 2188 2834 2260 Carthagiucnsis
2855 2194 3166 2263 episcOpns;
3197 2206 3247 2249 et
3275 2197 3579 2267 praijudicit
3605 2201 3654 2254 ei

2067 2291 2226 2331 causa
2251 2277 2455 2333 Novelli
2484 2280 2790 2352 Tyziceusis
2809 2325 2822 2348 ,
2852 2283 3087 2339 Faustini
3112 2285 3486 2353 Tuburbitaui,
3521 2305 3657 2359 quos

2069 2384 2167 2423 nec
2205 2373 2534 2427 accusandos
2568 2382 2751 2443 postea
2781 2376 2919 2430 sicut
2945 2376 3288 2432 Caecilianum
3320 2378 3657 2450 Felicemque

2071 2471 2421 2529 putaverunt;
2453 2481 2675 2535 quorum
2721 2468 2971 2534 nomina,
3018 2469 3126 2523 imo
3163 2485 3290 2525 vero
3331 2472 3562 2541 ipsarum
3603 2475 3655 2529 in

2069 2555 2262 2624 quibus
2288 2556 2501 2611 fuerunt
2525 2559 2794 2613 civitatum
2820 2561 3031 2614 nomina
3055 2603 3069 2626 ,
3096 2578 3195 2617 nec
3224 2565 3487 2619 universae
3514 2565 3656 2620 Afri-

2069 2662 2147 2698 ea:
2174 2656 2294 2699 nota
2322 2656 2465 2709 sunt,
2504 2656 2595 2702 aut
2625 2648 2849 2704 fortasse
2883 2666 2983 2705 nec
3006 2650 3266 2707 universa:
3288 2653 3658 2710 Proconsulari

2069 2737 2400 2805 provinciae?
2427 2739 2566 2794 Ecce
2594 2755 2817 2808 quorum
2860 2742 3266 2811 pisciculorum,
3298 2745 3504 2800 etiamsi
3532 2748 3656 2801 mali

2073 2827 2312 2893 fuerunt,
2348 2840 2451 2883 tam
2500 2831 2550 2884 in
2594 2833 2853 2900 profundo
2902 2834 3174 2889 latentium
3217 2850 3431 2892 causam
3475 2839 3659 2895 volunt

2071 2921 2421 2990 prwjudicare
2442 2939 2615 2976 causa:
2640 2934 2799 2978 tanta:
2823 2925 3148 2994 piscationis,
3173 2927 3323 2997 cujus
3347 2929 3493 2998 plena
3525 2930 3657 2983 retia

2072 3020 2184 3067 toto
2208 3013 2339 3067 orbe
2363 3012 2551 3067 diffusa
2590 3024 2749 3082 sunt,
2781 3015 2870 3086 qui
2912 3015 3141 3085 piscibus
3173 3017 3323 3087 juxta
3354 3020 3662 3075 natantibus

2070 3105 2157 3159 vix
2202 3107 2311 3160 noli
2360 3122 2479 3162 esse
2523 3118 2826 3177 potuerunt.
2866 3108 2976 3164 Cur
3013 3120 3190 3165 autem
3229 3127 3332 3165 non
3377 3113 3658 3167 credamus

2072 3198 2232 3251 etiam
2261 3198 2390 3253 istos
2416 3199 2726 3255 innocentes
2751 3200 2946 3267 fuisse;
2974 3202 3185 3272 quando
3214 3218 3310 3257 nec
3334 3204 3570 3257 accusari
3592 3205 3662 3258 ab

2073 3290 2181 3356 eis,
2208 3290 2345 3345 sicut
2372 3290 2512 3355 dixi,
2544 3302 2725 3361 postea
2757 3303 3099 3359 meruerunt,
3127 3303 3181 3349 et
3211 3293 3300 3348 ille
3331 3296 3535 3363 purgari
3565 3310 3660 3364 po-

2076 3381 2208 3447 tuit,
2241 3396 2397 3450 quem
2438 3382 2666 3452 majores
2693 3399 2877 3438 eorum
2909 3384 3169 3438 malorum
3198 3385 3433 3439 omnium
3462 3385 3657 3439 fontem

2075 3471 2127 3524 in
2152 3472 2363 3526 concilii
2392 3474 2533 3528 illius
2560 3474 2770 3529 inimica
2801 3475 3192 3545 couSpirationc
3221 3476 3511 3531 dixerunt?

2147 3563 2374 3619 CAPUT
2412 3563 2600 3619 XXIII.
2630 3567 2811 3621 —-59.
2845 3566 2950 3621 Sed
2982 3567 3400 3637 qualescumque
3448 3566 3659 3622 istifue.

2074 3665 2219 3719 runt,
2242 3655 2369 3725 quid
2394 3656 2619 3725 pertinet
2639 3657 2704 3710 ad
2728 3658 2865 3711 nos?
2890 3657 3070 3728 Neque
3093 3660 3235 3712 enim
3267 3675 3390 3712 vere
3422 3674 3524 3713 non
3564 3677 3658 3713 no-

2076 3745 2158 3801 bis
2181 3747 2499 3811 concedunt,
2524 3757 2582 3802 ιιι
2607 3748 2830 3803 istorum
2854 3750 3034 3804 nescio
3063 3766 3287 3819 quorum
3317 3765 3471 3804 causa
3500 3760 3659 3820 atque

2076 3852 2302 3907 persona
2316 3854 2420 3892 non
2444 3838 2752 3908 prmjudicet
2795 3855 2969 3895 causa:
2993 3850 3151 3910 atque
3204 3856 3446 3911 persona:
3476 3842 3660 3895 Eccle-

2076 3933 2169 3987 sia:
2194 3932 2488 3998 catholiczn,
2508 3934 2551 3985 si
2579 3949 2668 3986 nec
2696 3950 2851 3986 causa
2879 3949 3046 3987 causa:
3073 3934 3392 4003 prwjudicat,
3425 3949 3517 3989 nec
3544 3951 3658 4005 per-

2075 4040 2201 4078 sona
2230 4039 2475 4094 personat.
2506 4025 2567 4078 Et
2598 4033 2774 4079 tamen
2802 4012 3058 4093 objiciunt
3088 4024 3263 4092 nobis,
3282 4035 3338 4079 ut
3368 4024 3540 4079 adhuc
3571 4039 3661 4077 vos

2077 4100 2354 4184 seducunt,
2380 4118 2519 4188 quod
2546 4135 2732 4172 aurum
2778 4117 2943 4187 judici
2997 4117 3324 4180 dederimus,
3360 4127 3417 4172 ut
3447 4134 3541 4187 pro
3562 4134 3658 4169 uo-

2077 4210 2352 4265 biscontra
2381 4210 2499 4264 illos
2532 4210 2846 4264 sententiam
2893 4209 3115 4265 diceret.
3144 4208 3253 4263 Vos
3280 4208 3459 4275 dicite,
3486 4209 3525 4262 si
3567 4224 3660 4277 po-

2079 4303 2251 4366 testis,
2284 4311 2538 4371 quantum
2554 4301 2680 4355 dare
2704 4300 3045 4355 debuerimus
3079 4299 3268 4354 electis
3295 4299 3664 4354 defensoribus

2079 4394 2343 4463 episcopis
2368 4394 2577 4459 vestris,
2602 4402 2660 4447 ut
2703 4402 2845 4447 tanta
2885 4402 3067 4447 contra
3091 4408 3149 4446 sc
3177 4407 3272 4461 pro
3295 4392 3446 4446 nobis
3477 4390 3561 4445 vel
3588 4392 3665 4444 di-

2079 4487 2358 4541 cerentvel
2391 4485 2708 4556 proferrent,
2738 4494 2799 4539 ut
2823 4486 2900 4540 sic
2922 4494 3141 4555 agerent
3161 4500 3376 4541 causam
3396 4494 3661 4549 nostram,

2080 4576 2156 4630 sic
2210 4576 2531 4643 perimerent
2582 4576 2778 4629 suam?
2808 4574 3001 4642 Quanti
3031 4590 3211 4629 emere
3248 4574 3551 4639 debuimus,
3610 4584 3666 4628 ut

2082 4677 2200 4738 post
2242 4668 2400 4721 verba
2469 4667 2718 4721 Primiani
2763 4667 2954 4737 quibus
3000 4666 3231 4731 dixerat,
3261 4664 3538 4735 Indignum
3592 4674 3667 4719 est

2080 4770 2134 4811 ut
2164 4760 2216 4812 in
2258 4775 2414 4812 unum
2440 4759 2736 4813 conveniant
2761 4758 2857 4827 ﬁlii
2886 4769 3165 4829 martyrum
3189 4766 3235 4811 et
3262 4758 3525 4827 progenies
3557 4767 3667 4809 tra-

2080 4853 2321 4913 ditarum,
2381 4851 2623 4905 venirent
2673 4858 2872 4915 tamen,
2932 4860 2986 4903 et
3031 4849 3082 4903 in
3140 4864 3303 4902 unum
3362 4848 3665 4911 nobiscum,

2080 4945 2221 5015 quod
2263 4944 2537 5013 indignum
2586 4958 2706 4998 esse
2752 4943 3016 5009 dixerant,
3058 4941 3445 4996 convenirent?
3474 4940 3669 5006 Quanti

2081 5051 2261 5090 emere
2289 5035 2592 5101 debuimus,
2618 5043 2682 5088 ‘ut
2729 5032 2882 5089 more
2942 5033 3229 5087 forensium
3286 5033 3667 5087 advocatorum

2080 5126 2149 5181 de
2199 5126 2526 5196 temporibus
2574 5136 2628 5181 et
2656 5124 2866 5191 diebus,
2909 5124 2978 5179 de
3031 5124 3274 5194 personis
3311 5124 3473 5177 etiam
3517 5122 3671 5177 nobis

2082 5217 2430 5288 przrscribere
2458 5226 2799 5280 conarentur,
2828 5225 2879 5271 et
2934 5214 3010 5270 sic
3058 5214 3310 5269 omnilms
3342 5212 3668 5275 hominibus,

2082 5312 2239 5368 etiam
2284 5310 2387 5365 illis
2411 5308 2499 5378 qui
2555 5317 2765 5362 nostras
2807 5306 3197 5376 disputationes
3228 5304 3528 5374 intelligere
3566 5317 3667 5355 non

2082 5412 2320 5476 possent.
2348 5404 2477 5458 satis
2507 5409 2690 5471 aperte
2720 5404 3078 5453 monstrarent
3126 5411 3289 5466 quam
3320 5394 3515 5448 malum
3545 5408 3669 5449 eam

2082 5511 2196 5551 sam
2228 5494 2505 5557 haberent,
2533 5508 2691 5563 quam
2723 5490 2964 5561 proferre
3006 5497 3061 5543 et
3086 5503 3244 5558 agere
3290 5487 3369 5541 sic
3414 5486 3669 5540 timebant

2082 5586 2220 5659 apud
2247 5602 2367 5641 eum
2393 5584 2648 5655 judicem,
2676 5582 2829 5651 cujus
2860 5597 2985 5652 erga
3011 5580 3466 5651 sebenignitatem
3508 5586 3663 5648 atque

2082 5677 2343 5749 jusutiam
2388 5685 2536 5730 tanto
2565 5673 2835 5745 praeconio
2866 5671 3232 5735 laudaveram,
3263 5677 3317 5724 et
3342 5668 3497 5738 cujus
3548 5683 3656 5722 mo-

2089 5780 2198 5825 tum
2224 5769 2506 5825 adversum
2550 5782 2608 5823 se
2659 5765 2862 5822 nullum
2893 5762 3069 5820 adhuc
3120 5761 3447 5821 senserant?
3476 5759 3665 5829 Quanti
