4024 6196
307 409 402 467 677

304 536 481 580 emere
522 518 822 581 debuimus,
856 525 912 569 ιιι
965 514 1063 586 ipsi
1093 512 1289 569 deinde
1336 510 1613 580 exigerent
1660 522 1763 561 non
1792 521 1879 561 se-

305 628 421 667 cum
450 612 531 681 agi
560 611 757 665 debere
796 607 1095 663 forensibus
1147 602 1410 669 formulis,
1455 600 1548 656 sed
1576 596 1768 652 divinis
1794 610 1885 665 po-

308 706 406 758 tius
428 701 765 765 testimoniis,
793 708 849 754 et
887 698 955 753 de
984 696 1275 767 Scripturis
1302 694 1500 748 sanctis
1551 688 1797 744 similiter
1825 701 1885 741 se

310 806 661 862 responsuros
686 804 809 845 esse
858 787 1269 859 promitterent:
1298 793 1352 838 et
1399 796 1518 837 cum
1575 776 1882 833 tnaudatum

306 882 509 940 concilii
534 879 804 942 catholici,
856 878 997 949 quod
1045 877 1429 935 obtuleramus.
1487 872 1765 927 recitatum
1796 883 1885 923 es-

304 985 403 1037 set,
430 982 590 1042 atque
616 972 667 1026 in
698 987 766 1026 eo
796 970 926 1040 ipsis
957 969 1117 1024 etiam
1148 966 1529 1021 confitentibus
1577 961 1882 1022 claruisset,

307 1080 401 1118 nos
432 1063 681 1118 Ecclesia:
712 1059 983 1114 catholica:
1015 1060 1030 1091 ¹
1058 1056 1373 1112 testimoniis
1400 1062 1701 1108 sanctarum
1745 1051 1891 1105 Scri-

308 1167 579 1227 pturarmn
603 1168 760 1223 agere
800 1152 1050 1215 voluisse,
1087 1166 1270 1205 rursus
1300 1160 1549 1218 tanquam
1583 1146 1732 1200 obliti
1755 1143 1887 1215 quid

307 1248 403 1301 sibi
434 1248 640 1315 placere
677 1245 955 1306 dixissent,
998 1243 1064 1296 ad
1118 1240 1331 1297 easdem
1379 1240 1616 1293 forenses
1649 1235 1892 1308 praescri-

310 1341 516 1408 ptiones
542 1337 809 1409 perplexis
861 1346 916 1390 et
958 1333 1160 1388 odiosis
1202 1318 1637 1386 contentionibus
1674 1342 1887 1382 remea-

310 1440 422 1484 rent
451 1429 475 1481 ἲ

377 1520 467 1573 40.
495 1516 683 1582 Quanti
714 1533 895 1571 emere
917 1515 1218 1578 debuimus,
1247 1521 1303 1567 ut
1327 1510 1771 1580 subscriptionem
1797 1522 1893 1561 no-

309 1618 562 1672 strarum,
610 1626 728 1677 qua:
763 1609 813 1661 itt
843 1608 1030 1662 eodem
1082 1605 1334 1660 mandato
1361 1601 1888 1665 demonstrabantur,

310 1701 693 1756 nurnerOsitate
731 1699 1007 1760 cntinuoti,
1035 1698 1312 1767 exigerent.
1350 1696 1510 1749 totius
1551 1692 1764 1748 concilii
1794 1707 1893 1746 no-

310 1791 762 1862 striprarsentisnn
788 1806 803 1852 ;
832 1804 897 1843 ex
928 1803 1034 1857 quo
1078 1786 1307 1841 concilio
1354 1784 1563 1839 nonnisi
1606 1784 1793 1838 decem
1839 1790 1894 1837 et

310 1898 434 1939 octo
481 1881 774 1937 secundum
823 1880 1057 1934 cdictunt
1120 1877 1424 1946 Cognitoris
1467 1875 1790 1938 aderamus,
1844 1881 1899 1927 et

310 1977 660 2047 quaestionem
707 1974 955 2029 falsitatis
995 1973 1287 2036 inferrent,
1338 1969 1477 2039 qttod
1524 1969 1613 2023 alii
1657 1983 1751 2038 pro
1780 1967 1899 2022 aliis

311 2070 648 2124 subscribere
696 2066 1026 2138 potuerunt?
1055 2064 1143 2120 Sic
1178 2064 1319 2118 cnim
1372 2069 1681 2131 perventum
1712 2070 1813 2123 est,
1840 2068 1901 2112 ut

308 2175 498 2216 eorum
515 2174 727 2229 quoque
770 2172 1025 2213 numerus
1074 2163 1462 2216 recenseretur,
1510 2161 1565 2206 et
1609 2150 1706 2221 ipsi
1736 2150 1789 2204 in
1836 2164 1899 2204 ea

309 2250 546 2307 falsitate
567 2250 1114 2321 deprehenderentur,
1143 2246 1295 2315 cujus
1339 2245 1393 2299 in
1420 2261 1516 2299 nos
1542 2242 1899 2313 suspicionem

311 2343 596 2397 intendere
622 2343 908 2396 voluerunt
937 2358 952 2394 :
977 2340 1049 2393 ita
1077 2348 1135 2392 ut
1161 2354 1264 2391 non
1310 2336 1481 2390 solum
1501 2335 1712 2404 quidam
1736 2335 1786 2388 in
1810 2350 1904 2389 eo-

309 2448 435 2487 rum
464 2433 711 2487 mandato
735 2433 1040 2502 legerentur
1058 2428 1439 2497 subscripsisse
1463 2444 1557 2496 pro
1569 2426 1901 2491 absentibus,

306 2528 407 2597 qui
436 2542 534 2580 nec
560 2525 929 2594 Carthaginem
976 2530 1269 2581 venerant:
1301 2534 1487 2574 verum
1514 2521 1680 2573 etiam
1710 2533 1905 2588 quem-

305 2619 441 2671 dam
482 2616 827 2672 recitatumet
858 2629 965 2668 non
1014 2611 1426 2680 respondentem
1444 2624 1567 2665 cum
1611 2611 1663 2663 in
1716 2609 1907 2664 itinere

308 2704 581 2761 deft-cisse
602 2703 881 2768 dixissent,
936 2702 1325 2771 qua-situmque
1364 2699 1433 2753 ab
1460 2699 1540 2752 eis
1579 2706 1743 2762 esset,
1769 2712 1906 2767 quo-

311 2795 482 2851 ntodo
498 2793 638 2864 apud
678 2793 1057 2862 Carthaginem
1089 2789 1428 2844 subscribere
1478 2789 1709 2858 potuerit
1731 2788 1820 2858 qui
1854 2788 1906 2842 in

313 2888 515 2940 itinere
531 2885 638 2954 jam
664 2882 961 2947 defecerat;
997 2890 1116 2951 post
1140 2893 1358 2950 magnas
1395 2878 1670 2944 angustias
1698 2886 1908 2947 pertur-

313 2977 551 3032 bationis
575 2984 735 3044 atque
762 2971 1113 3028 inconstantis
1134 2980 1188 3025 et
1214 2970 1373 3023 vari-.e
1392 2967 1759 3037 responsionis
1775 2982 1907 3033 sum,

315 3084 429 3120 tum
459 3067 777 3128 venientem,
801 3062 895 3117 sed
928 3073 1273 3131 posteaquam
1314 3060 1651 3127 subscripsit,
1684 3058 1754 3112 ad
1782 3075 1909 3128 prn-

316 3158 436 3227 pt-ia
466 3167 790 3213 remeantem
838 3156 890 3209 in
948 3155 1139 3208 itinere
1188 3150 1452 3207 defecisse
1501 3159 1907 3205 asseverarent:

314 3247 519 3303 deinde
556 3248 655 3301 sub
704 3246 881 3300 divina
925 3242 1302 3298 testificatione
1348 3241 1678 3310 interrogati,
1735 3248 1910 3294 utrum

317 3356 448 3394 cuin
475 3345 745 3391 constaret
769 3336 930 3390 fuisse
954 3332 1281 3402 Carthagini,
1304 3332 1673 3387 vehementius
1688 3340 1908 3397 perturo

320 3430 432 3483 liati
461 3427 721 3491 dicerent,
754 3425 909 3493 Quid,
951 3424 995 3478 si
1010 3424 1142 3477 alius
1183 3439 1237 3477 se
1260 3438 1353 3493 pro
1378 3422 1553 3475 eodem
1575 3422 1811 3491 apposuit
1838 3423 1859 3454 ⁸
1885 3423 1909 3475 ?

319 3532 491 3589 atque
515 3519 586 3572 ita
604 3517 779 3572 verbis
794 3531 904 3570 suis
924 3514 1206 3570 falsitatem
1222 3529 1379 3583 quam
1398 3513 1554 3567 nobis
1578 3511 1907 3580 obiecerant,

322 3613 380 3665 in
409 3625 508 3663 suo
534 3608 783 3662 mandato
829 3604 1164 3676 apparuisse,
1218 3612 1273 3658 et
1320 3602 1617 3660 convictam
1653 3602 1912 3658 claruisse

322 3706 623 3757 lll'lllttl‘cnl.

397 3789 625 3846 C.\PUT
664 3787 853 3845 XXIV.
888 3818 954 3831 —
980 3788 1069 3844 41.
1094 3787 1286 3856 Quanti
1316 3801 1497 3842 emere
1520 3785 1823 3849 debuimus,
1858 3796 1914 3841 ut

323 3901 450 3940 cum
483 3882 682 3937 vellent
704 3880 771 3935 de
813 3880 1195 3933 numerositate
1239 3876 1479 3947 gloriari,
1523 3876 1764 3930 etiamin
1813 3875 1917 3930 hoc

326 3973 605 4031 mendacia
634 3988 731 4027 sua
785 3970 1071 4041 proderent
1096 3969 1120 4023 2
1149 3968 1278 4023 Nam
1306 3982 1428 4021 cum
1475 3966 1747 4035 aliquanto
1795 3979 1911 4019 ant-

327 4064 469 4135 plior
495 4072 800 4117 nostrorum
829 4073 1083 4113 numerus
1124 4056 1401 4122 adfuisset,
1442 4054 1750 4124 dictumque
1769 4069 1799 4108 a
1822 4068 1917 4108 no-

327 4157 413 4211 bis
436 4163 600 4218 esset,
642 4154 775 4207 alios
822 4160 1035 4205 centum
1061 4148 1232 4202 ferme
1283 4147 1563 4216 episcopos
1603 4145 1913 4211 catholicos,

328 4247 525 4318 partim
564 4254 840 4300 senectute
869 4283 886 4307 ,
932 4240 1123 4311 partim
1168 4238 1511 4303 valetudine,
1564 4238 1753 4307 partim
1821 4236 1907 4292 di-

328 4338 502 4392 versis
553 4333 954 4390 necessitatibus
1006 4329 1290 4400 impeditos
1363 4342 1467 4383 non
1524 4328 1734 4382 venisse
1782 4326 1915 4382 Car—

330 4430 637 4499 thaginem;
686 4429 759 4481 illi
800 4426 901 4480 hoc
936 4423 1154 4489 audito,
1195 4422 1361 4476 multo
1410 4421 1589 4491 plures
1638 4433 1766 4473 suos
1810 4435 1918 4473 non

331 4522 544 4576 venisse
572 4520 842 4575 dixerunt.
871 4516 1019 4571 Sicut
1062 4516 1224 4569 etiam
1267 4529 1408 4568 nunc
1447 4513 1565 4582 plus
1593 4526 1752 4582 quam
1783 4527 1917 4581 qua-

331 4612 644 4681 dringentos
665 4625 758 4679 per
778 4616 941 4663 totam
970 4605 1199 4659 Africam
1242 4618 1304 4659 se
1339 4618 1460 4659 esse
1479 4602 1766 4671 jactantes,
1786 4601 1921 4656 obli-

337 4705 374 4757 ti
425 4714 550 4756 sunt
598 4699 741 4772 quod
800 4698 853 4753 in
903 4711 999 4751 sua
1056 4693 1309 4749 notoria‘|
1361 4701 1696 4763 posuerunt,
1752 4706 1921 4762 usque

333 4794 474 4849 adeo
503 4808 561 4848 se
581 4805 769 4847 omnes
784 4789 992 4844 venisse
1014 4785 1410 4854 Carthaginem,
1443 4792 1498 4837 ut
1523 4784 1600 4838 eis
1614 4784 1744 4839 solis
1767 4798 1922 4838 exce-

338 4885 445 4955 ptis
464 4897 599 4954 quos
623 4882 706 4936 vel
727 4881 778 4936 in
809 4880 1036 4951 propriis
1079 4877 1317 4941 sedibus,
1344 4876 1429 4930 vel
1464 4876 1514 4930 in
1542 4875 1731 4933 itinere
1755 4877 1925 4931 tenuit

338 4976 582 5046 corporis
610 4974 888 5045 a-gritudo,
927 4987 1026 5025 nec
1071 4968 1415 5040 gravissimos
1459 4982 1617 5023 senes
1654 4969 1925 5024 annositas

340 5081 395 5124 et
426 5070 575 5124 labor
618 5066 802 5137 prolixi
854 5062 1061 5118 itineris
1098 5059 1333 5133 potuerit
1375 5057 1659 5129 impedire.
1680 5059 1749 5113 Et
1777 5058 1926 5115 lecta:

341 5172 469 5217 sunt
505 5164 556 5216 in
606 5160 857 5214 mandato
895 5172 1079 5212 eorum
1135 5153 1576 5223 subscriptiones,
1616 5154 1752 5207 sicut
1790 5151 1925 5208 facta

345 5255 718 5326 suppuunione
773 5249 1048 5322 respondit
1094 5248 1362 5310 Officium,
1402 5245 1651 5301 ducenta:
1706 5254 1921 5312 septua—

345 5348 490 5415 ginta
514 5361 702 5401 novem
721 5344 763 5411 ⁸,
783 5339 1144 5397 aunumeratis
1184 5339 1343 5393 etiam
1390 5338 1524 5391 iisin
1555 5335 1747 5405 quibus
1787 5335 1929 5389 falsi-

414 5503 431 5532 ³
466 5505 605 5549 Forte
628 5497 705 5546 hic
727 5494 1016 5552 addendum,
1040 5504 1251 5543 causam.

415 5563 435 5592 '
468 5569 595 5617 Mss“
614 5558 845 5621 opposuit.

415 5623 439 5655 ³
466 5613 601 5678 1·Ἀὶιῇ
625 5613 827 5669 notario.
851 5617 1148 5679 Manttscriptt
1186 5626 1305 5664 vero
1335 5619 1613 5664 constanter
1636 5619 1739 5664 toto
1758 5613 1849 5664 hoc
1872 5613 1931 5663 li-

351 5685 456 5737 bro.
481 5681 683 5733 notoria.

414 5736 454 5777 δί
474 5756 569 5793 λιιι.
597 5754 647 5793 ct
667 5756 840 5792 omnes
851 5746 980 5795 Mss,
995 5742 1212 5789 ducean
1227 5742 1526 5799 septuaginta
1544 5742 1657 5787 tres.
1694 5744 1749 5799 [tt
1770 5750 1819 5786 tn
1832 5736 1932 5785 Col-

355 5804 554 5863 latlone,
580 5815 715 5868 parte
735 5806 909 5868 prima,
932 5816 1038 5863 cap.
1064 5801 1172 5868 213,
1198 5807 1249 5868 et
1281 5797 1330 5849 iu
1371 5799 1620 5868 Brevicttlo
1637 5797 1924 5855 collationis,

355 5880 506 5927 prima
526 5859 626 5931 die,
650 5881 703 5918 n.
728 5859 806 5926 ’36,
832 5859 1060 5929 leguntur
1073 5864 1288 5912 ducenta’
1311 5859 1606 5927 septuaginta
1629 5873 1809 5910 norem.

1707 390 1906 446 LIBER
1948 387 2147 446 UNUS.

3460 391 3563 448 678

1990 514 2070 558 tas
2087 502 2415 575 deprehensa
2443 514 2545 569 est,
2575 515 2631 560 et
2656 505 2745 575 qui
2778 516 2874 575 pro
2901 505 3210 561 absentibus
3239 505 3568 577 διώκει-ἱμερτ-

1989 605 2125 659 rant,
2157 596 2297 666 quod
2326 596 2638 667 aegritudine
2683 597 2879 652 detenti
2935 612 3039 653 non
3082 598 3347 668 pt-tuerint
3389 598 3569 652 venire

1988 686 2380 758 Carthaginem.
2430 688 2708 757 Quomodo
2735 704 2864 760 ergo
2890 706 3071 746 verum
3110 702 3191 744 est
3220 691 3409 765 plures,
3432 707 3566 759 qua-

1988 776 2283 848 dringentis
2307 794 2401 834 eos
2437 795 2577 845 esse,
2605 779 2817 851 quando
2846 781 2964 835 illos
3004 782 3146 835 solos
3191 780 3563 851 Carthaginem

1991 884 2097 923 non
2116 870 2323 925 venisse
2343 870 2605 934 dixerunt,
2639 887 2774 942 quos
2796 871 3042 927 valetudo
3066 873 3305 940 corporis
3334 872 3562 941 impedi-

1990 963 2066 1017 vit
2098 980 2112 1017 :
2150 978 2270 1017 cum
2292 972 2344 1017 et
2374 978 2468 1033 pro
2511 964 2639 1034 ipsis
2653 964 2966 1031 quibusdam
2998 964 3085 1017 alii
3113 964 3569 1033 subscripserunt;

1992 1063 2051 1107 ut
2078 1068 2182 1107 non
2207 1052 2449 1108 dicamus
2487 1054 2589 1109 hoc
2636 1070 2734 1124 pro
2768 1056 3018 1110 omnibus
3046 1055 3423 1125 :rgrotantibus
3452 1070 3573 1109 esse

1993 1143 2231 1199 factum?
2262 1146 2343 1199 An
2375 1144 2510 1200 forte
2538 1146 2615 1199 sic
2643 1161 2737 1200 eos
2766 1147 3033 1200 invaserat
3063 1148 3379 1216 pestilentia,
3407 1156 3464 1201 ut
3483 1163 3577 1199 eo-

1993 1252 2112 1292 rum
2140 1239 2345 1292 tertiam
2380 1248 2579 1307 partem
2610 1249 2827 1308 repente
2860 1249 3221 1309 prosterneret
3242 1240 3265 1293 l
3285 1240 3373 1294 Sic
3399 1252 3575 1299 autem

1995 1347 2023 1384 a
2054 1331 2276 1399 prinmte
2297 1346 2395 1385 suo
2421 1335 2435 1363 ‘
2472 1348 2563 1399 per
2620 1333 2923 1386 tractorium
2973 1331 3179 1386 fuerant
3202 1332 3429 1395 evocati,
3476 1350 3575 1401 quo

1996 1422 2345 1490 prastermissis
2392 1422 2621 1475 onmibus
2669 1433 2994 1491 properarent
3037 1424 3301 1476 convenire
3353 1420 3572 1476 Cartha-

1996 1516 2181 1584 ginem,
2207 1525 2259 1566 ut
2279 1514 2459 1567 scirent
2480 1530 2533 1566 se
2560 1514 2808 1583 decepisse
2831 1516 2851 1546 ²
2873 1515 3008 1583 quod
3053 1514 3287 1569 haberent
3330 1515 3576 1583 Optimum

1996 1605 2049 1658 in
2072 1622 2244 1669 causa,
2274 1606 2571 1677 quicumque
2598 1606 2763 1658 venire
2805 1606 3099 1659 noluissent.
3154 1606 3264 1660 [loc
3293 1616 3406 1660 erat
3429 1605 3577 1658 vidc-

1998 1696 2120 1750 licet
2146 1697 2401 1765 optimum
2432 1696 2482 1749 in
2518 1712 2697 1763 causa,
2756 1707 2812 1749 ut
2860 1696 3044 1766 ingens
3092 1712 3274 1751 eorum
3328 1712 3582 1751 nttmerus

1998 1796 2280 1858 appareret
2312 1788 2498 1857 :quasi
2518 1797 2664 1842 tanto
2702 1788 2820 1857 plus
2852 1789 3018 1855 prosit
3055 1790 3120 1842 ad
3151 1789 3345 1859 aliquid
3375 1788 3582 1843 facilius

2002 1878 2399 1943 inveniendum,
2429 1889 2629 1948 quanto
2655 1880 2826 1948 major
2854 1878 3014 1933 fuerit
3060 1880 3409 1949 quaerentium
3442 1879 3580 1932 mul-

2004 1970 2173 2025 titudo
2194 1984 2455 2024 caicorutn
2478 1972 2491 2024 ε

2074 2062 2162 2117 42.
2191 2062 2378 2131 Quanti
2405 2062 2902 2130 emeredebuimus,
2931 2072 2989 2118 ut
3043 2066 3093 2118 in
3141 2065 3283 2119 diem
3336 2064 3586 2134 perendi-

2003 2170 2128 2209 num
2161 2156 2398 2226 utrisque
2424 2163 2661 2209 nostrum
2702 2156 3157 2211 consentientibus
3186 2153 3586 2223 eognitionedi-

2004 2247 2133 2310 lata,
2167 2247 2335 2317 pridie
2366 2263 2459 2316 per
2487 2248 2747 2301 notoriam
2791 2256 3053 2318 peterent,
3097 2257 3151 2302 ut
3199 2248 3299 2301 sibi
3345 2256 3583 2301 nostrum

2008 2339 2311 2394 tnandatum
2340 2338 2408 2391 ab
2445 2338 2631 2393 Officio
2656 2338 2925 2405 ederetur,
2954 2356 3059 2408 qtto
3104 2338 3347 2393 instructi
3397 2337 3587 2393 adesse

2009 2438 2252 2500 possent;
2279 2439 2559 2483 causantes
2587 2429 2726 2499 quod
2749 2430 3147 2485 conscribendis
3166 2430 3329 2500 gestis
3359 2438 3465 2485 tam
3492 2447 3592 2485 an-

2007 2529 2161 2588 gusto
2189 2530 2428 2589 tempore
2464 2534 2748 2575 occurrere
2788 2535 2893 2575 non
2947 2531 3127 2591 posset
3166 2520 3462 2575 Officium?
3506 2523 3593 2577 Sic

2009 2615 2150 2666 enim
2196 2611 2389 2665 factum
2419 2620 2575 2665 estut
2618 2611 2860 2680 sequenti
2891 2611 2978 2665 die
3017 2612 3357 2681 cognitionis,
3400 2628 3588 2683 quam-

2011 2702 2093 2756 vis
2145 2702 2393 2770 injustam
2437 2712 2678 2770 peterent
2708 2701 2751 2767 ³,
2781 2702 3085 2771 acciperent
3123 2701 3433 2757 dilationem
3465 2721 3477 2756 :
3505 2706 3594 2771 qui

2012 2793 2344 2848 considerata
2366 2808 2543 2855 causa,
2572 2809 2687 2863 qua:
2716 2794 2965 2848 mandato
2992 2772 3313 2849 nostro'tota
3355 2796 3597 2850 contine-

2015 2883 2186 2949 batur,
2210 2884 2428 2952 magnas
2456 2883 2787 2952 patiebantur
2799 2885 3089 2954 angustias,
3111 2885 3553 2939 convincerentur
3575 2885 3596 2916 ⁸

2016 2983 2193 3028 tamen
2244 2981 2427 3028 contra
2474 2988 2600 3029 suos
2654 2973 2839 3029 venire
2903 2989 3215 3029 consensus.
3261 2974 3395 3042 Quid
3455 2977 3597 3029 enim

2010 3066 2223 3134 jnstius,
2254 3080 2412 3137 quam
2438 3075 2619 3136 petere
2647 3065 2951 3120 dilationem
2983 3074 3125 3121 tanta
3160 3068 3395 3122 veritatis
3425 3068 3593 3122 firmi-

2017 3168 2123 3211 tate
2151 3157 2387 3211 tnrbatos
2409 3157 2435 3211 ἲ
2471 3156 2712 3224 Quodeis
2739 3158 2940 3210 utinam
2990 3158 3294 3226 profuisset,
3326 3168 3386 3213 ut
3417 3161 3596 3214 consi-

2015 3248 2202 3303 derato
2254 3248 2504 3303 mandato
2554 3257 2737 3303 nostro
2769 3289 2784 3314 ,
2841 3248 2926 3303 cui
2985 3250 3309 3319 respondere
3383 3250 3602 3305 minime

2016 3349 2322 3409 potuerunt,
2351 3339 2616 3409 corrigere
2643 3339 2816 3410 potius
2836 3340 3165 3409 pravitatem,
3190 3357 3345 3410 quam
3377 3341 3428 3395 in
3450 3341 3603 3395 dete-

2016 3431 2128 3484 rius
2152 3444 2345 3498 augere
2393 3429 2723 3484 maluissent.
2764 3429 2913 3485 .luste
2942 3429 3118 3499 itaque
3161 3432 3468 3486 dilationem
3509 3447 3602 3501 pc.

2020 3523 2202 3576 tebant
2230 3540 2243 3575 :
2272 3520 2363 3575 sed
2393 3520 2562 3590 pridie
2583 3537 2686 3576 non
2735 3521 3031 3576 debuerant
3057 3522 3107 3575 in
3141 3522 3344 3576 notoria
3392 3537 3485 3577 sua
3518 3522 3601 3576 di-

2016 3627 2159 3675 cere,
2191 3611 2309 3665 ideo
2338 3612 2436 3665 sibi
2470 3620 2708 3665 nostrum
2736 3611 2818 3665 edi
2850 3611 3048 3667 debere
3075 3612 3401 3675 mandatum,
3432 3622 3601 3683 utpa-

2016 3705 2116 3759 rati
2147 3703 2212 3757 ad
2255 3702 2395 3756 diem
2448 3704 2795 3758 constitutum
2841 3703 3105 3769 venirent,
3128 3704 3249 3773 quia
3278 3714 3601 3773 excepturos

2017 3808 2302 3847 occurrere
2330 3808 2451 3845 cum
2484 3803 2755 3861 gestorum
2782 3794 3176 3862 conscriptione
3204 3808 3308 3847 non
3339 3804 3554 3861 possent
3586 3811 3600 3858 ;

2018 3893 2073 3938 et
2092 3885 2208 3954 ipso
2233 3882 2457 3936 actionis
2482 3882 2570 3937 die
2592 3897 2774 3936 rursus
2795 3882 2863 3937 de
2905 3883 3034 3951 ipsis
3054 3882 3445 3951 exceptoribus,
3479 3885 3599 3953 quia

2020 3988 2124 4029 non
2144 3980 2507 4036 occurrerant,
2531 3972 2670 4027 velle
2696 3972 2926 4026 causari.
2950 3972 3085 4040 Quid
3104 3988 3197 4027 eos
3226 3973 3293 4027 ad
3325 3972 3425 4029 hoc
3450 3989 3602 4028 corn-

2019 4065 2172 4135 pulit,
2216 4062 2319 4118 nisi
2340 4062 2627 4117 vehemens
2657 4061 3001 4132 perturbatio,
3037 4078 3158 4117 cum
3200 4062 3443 4119 viderent
3464 4064 3545 4122 sic
3570 4080 3599 4117 a

2020 4157 2174 4212 nobis
2201 4169 2322 4211 esse
2357 4160 2528 4209 actam
2553 4168 2769 4210 causam
2810 4153 2861 4207 in
2906 4153 3296 4222 conscriptione
3346 4154 3603 4219 mandati,

2020 4257 2080 4301 ut
2127 4246 2531 4316 responsionem
2588 4245 2827 4299 invenire
2878 4258 2982 4297 non
3035 4242 3439 4313 possentiNam
3476 4245 3603 4300 illud

2020 4338 2204 4409 quanti
2233 4336 2517 4391 emendum
2547 4334 2662 4401 fuit,
2694 4342 2753 4389 ut
2792 4335 2959 4404 ipsam
2986 4343 3229 4404 peterent
3271 4334 3603 4401 dilationem,

2021 4430 2392 4499 etacciperent
2419 4442 2513 4483 sex
2542 4427 2772 4489 dierum,
2810 4436 2865 4481 ut
2895 4442 3053 4482 nemo
3082 4437 3262 4496 posset
3289 4442 3382 4484 eos
3402 4428 3606 4495 dicere,

2023 4520 2261 4591 angustia
2291 4517 2546 4587 temporis
2582 4515 2885 4587 impeditos,
2915 4532 3021 4571 non
3051 4517 3285 4587 potuisse
3316 4528 3500 4572 nostro
3523 4534 3608 4573 re-

2024 4611 2290 4682 spondere
2314 4609 2606 4665 mandato?

2098 4701 2326 4759 CAPUT
2362 4701 2533 4757 XXV.
2556 4731 2628 4743 -—
2654 4701 2742 4756 45.
2770 4698 2888 4771 Ipso
2912 4716 3040 4755 vero
3080 4702 3235 4755 tertio
3264 4714 3459 4757 nosme
3493 4702 3613 4757 Col-

2025 4795 2237 4851 lationis
2265 4794 2371 4861 die,
2399 4794 2579 4864 quanti
2618 4792 2901 4849 emendum
2954 4792 3071 4860 fuit,
3099 4795 3238 4863 quod
3289 4796 3613 4851 inanissimis

2027 4896 2082 4941 et
2119 4886 2464 4956 supervacuis
2507 4898 2776 4940 morarum
2830 4884 3322 4952 interpositionibus
3368 4902 3427 4941 se
3468 4887 3612 4941 omni

2028 4975 2189 5031 modo
2206 4976 2486 5046 pervenire
2502 4974 2567 5028 ad
2584 4989 2799 5030 causam
2819 4973 2959 5029 nolle
2978 4975 3362 5039 monstrabant,
3386 4985 3441 5031 et
3455 4991 3613 5046 quam

2030 5067 2224 5123 malam
2248 5080 2463 5122 causam
2495 5065 2770 5131 haberent,
2802 5065 2919 5134 ipso
2946 5079 3045 5119 suo
3067 5066 3253 5120 timore
3281 5065 3613 5121 cfamabant:

2030 5175 2330 5232 quanquam
2357 5174 2543 5214 eorum
2571 5159 2732 5212 timor
2773 5159 2932 5212 etiam
2968 5158 3021 5212 in
3056 5158 3414 5212 testimonium
3446 5159 3619 5213 mani-

2032 5253 2335 5308 festissima:
2362 5251 2510 5306 vocis
2536 5252 2729 5321 erupit,
2758 5251 2971 5320 quando
2997 5250 3270 5317 dixerunt,
3304 5251 3509 5307 Sensim
3531 5252 3618 5307 in-

2034 5346 2267 5398 ducimur
2282 5345 2333 5397 in
2359 5360 2602 5408 causam;
2630 5350 2685 5398 et
2731 5343 2837 5397 alio
2862 5344 3000 5407 loco,
3052 5342 3315 5410 Pervidet,
3350 5344 3616 5416 inquiunt,

2037 5446 2255 5508 potestas
2274 5445 2361 5490 tua
2382 5436 2566 5490 sensim
2612 5451 2703 5490 nos
2746 5433 2802 5489 in
2852 5450 3030 5492 causa.
3074 5435 3275 5491 interna
3326 5434 3551 5491 deduci?
3575 5435 3623 5493 0

2101 5593 2118 5657 ξ
2156 5599 2255 5641 Αιιι.
2282 5599 2677 5657 et‘omnes_.\tss.,
2705 5604 2737 5642 α
2756 5589 2968 5657 primatu
2988 5604 3090 5643 suo.

2099 5656 2119 5685 ⁸
2142 5660 2300 5713 Forte,
2319 5652 2629 5715 dempsisse,

2101 5717 2122 5748 ⁸
2153 5716 2225 5764 sic
2249 5723 2353 5764 Mss.
2378 5722 2434 5765 At
2451 5713 2585 5778 editi,
2610 5713 2785 5777 injuste
2807 5720 3029 5778 petentes.

2101 5778 2122 5808 ⁸
2154 5783 2285 5835 ων..
2309 5775 2845 5849 cmnconvt'ncerentur.
2880 5778 3220 5841 Expungimus,
3247 5791 3373 5839 cum,
3404 5779 3515 5843 quis
3540 5778 3625 5830 ab-

2043 5849 2117 5889 est
2142 5851 2169 5887 a
2194 5845 2545 5901 mimuscriptts.
