4024 6196
410 337 475 389 ϐῗ
483 339 517 394 9

407 437 656 493 violentia
710 435 952 491 veritatis
979 475 996 500 ,
1040 435 1275 504 quolibet
1332 435 1620 504 cquuleo‘,
1665 433 1990 502 quibuslibet

407 531 618 601 imgulis
647 529 832 582 fortior
853 527 918 581 ad
953 528 1352 596 exprimendam
1380 528 1768 582 confessionem
1794 527 1808 580 ι
1855 525 1993 580 Con-

405 629 694 691 gregantur
722 635 786 673 ex
823 619 1066 672 universa
1095 617 1274 673 Africa
1297 627 1372 671 tot
1401 617 1656 686 episcopi,
1679 614 1986 685 ingrediun-

405 723 494 766 tur
519 711 888 780 Carthaginem
920 725 1042 764 cttm
1072 719 1214 764 tanta
1243 709 1469 778 speciosi
1518 707 1745 776 agminis
1773 720 1984 774 pompa,

407 812 463 856 nt
492 813 596 856 tam
629 818 831 872 magme
857 803 1083 856 civitatis
1109 803 1294 856 oculos
1338 802 1390 855 in
1434 815 1493 855 se
1541 799 1994 867 intentionemque

403 903 739 948 convertant.
768 891 866 957 Qui
889 894 1179 962 loquantttr
1202 909 1296 962 pro
1328 890 1594 955 omnibus,
1638 890 1903 959 eliguntur
1925 888 1994 942 ab

403 985 671 1038 omnibus.
706 983 878 1037 Locus
900 984 1060 1037 etiam
1095 999 1150 1038 re
1183 991 1324 1036 tanta
1356 981 1543 1050 dignus
1575 981 1625 1034 in
1660 981 1790 1035 urbe
1813 979 1990 1034 media

404 1087 735 1146 procuratur.
763 1073 980 1144 Utrique
995 1073 1524 1142 cotn'eniuut,jtnlex
1555 1081 1749 1142 przesto
1775 1081 1876 1136 est,
1908 1079 1990 1124 ta-

399 1169 540 1228 ,hulze
570 1177 766 1236 patent,
797 1182 1054 1237 suspensa
1098 1167 1336 1218 oumium
1391 1164 1551 1219 Corda
1603 1163 1804 1218 exitum
1833 1171 1991 1216 tanta:

403 1260 717 1314 (Iollationis
744 1267 1072 1326 exspectant.
1105 1257 1256 1312 Tunc
1283 1273 1309 1309 a
1342 1256 1641 1310 lectissimis
1665 1264 1718 1309 et
1744 1254 1990 1309 disertis-

404 1353 557 1405 simis
585 1352 734 1414 viris,
762 1350 972 1419 quantis
1019 1351 1217 1403 viribus
1243 1349 1322 1419 agi
1355 1349 1537 1402 debuit
1563 1347 1782 1415 aliquid,
1827 1347 1988 1400 tantis

403 1445 575 1513 agitur
599 1451 657 1496 ut
683 1453 868 1511 agatur
916 1441 1067 1494 nihil.
1099 1441 1354 1507 Qua'runt
1382 1454 1637 1508 personas
1660 1437 1856 1493 forensi
1880 1454 1994 1492 mo-

402 1550 461 1588 re
491 1535 775 1597 discutere,
801 1535 852 1587 in
886 1550 986 1603 qua
1011 1533 1305 1602 qumStione
1332 1547 1529 1584 annosa
1557 1532 1716 1584 etiam
1749 1541 1988 1599 tempora

403 1625 698 1694 litigatores
725 1635 1004 1679 conterere
1035 1630 1450 1700 consueverunt.
1478 1620 1576 1674 Ista
1607 1622 1799 1690 quippe
1825 1621 1991 1675 actio-

403 1734 470 1772 ne
491 1717 795 1773 Catholicos
822 1716 1128 1773 mandatum
1178 1729 1332 1768 suum
1391 1714 1582 1767 divinis
1631 1712 1806 1781 potius
1835 1712 1990 1768 testi-

405 1810 596 1864 moniis
623 1825 777 1878 quam
813 1807 1111 1861 forensibus
1153 1804 1394 1858 formulis
1433 1803 1818 1872 conscripsisse
1863 1816 1992 1856 con-

405 1900 527 1954 fessi
551 1910 772 1965 sunt,et
793 1900 1037 1952 similiter
1087 1913 1144 1951 se
1183 1897 1250 1949 de
1301 1896 1587 1964 Seripturis
1639 1909 1990 1962 responsuros

405 2008 524 2047 esse
564 1992 938 2062 promiserunt.
978 1990 1041 2042 Et
1073 1988 1320 2058 quoniam
1373 1987 1592 2040 mirifica
1644 1985 1990 2053 opitulatione

407 2083 545 2137 Dens
572 2081 758 2143 voluit,
787 2091 842 2134 ιιι
885 2096 1003 2134 cum
1055 2085 1298 2148 qutt‘l‘tlltl
1322 2092 1606 2145 personam
1633 2075 1893 2143 petitoris,
1925 2089 1991 2128 ne

406 2173 676 2226 veniretur
699 2170 762 2223 ad
792 2185 1026 2234 causam,
1069 2169 1178 2236 ipsa
1232 2167 1499 2235 inquisitio
1541 2165 1778 2234 petitoris
1817 2163 1990 2217 subito

404 2264 455 2318 in
488 2263 717 2318 medium
750 2261 982 2314 mitteret
1019 2274 1268 2320 causam;
1300 2257 1529 2310 clamant
1577 2253 1819 2324 pratclari
1873 2253 1970 2314 viri

405 2353 492 2424 qui
517 2333 580 2404 ad
603 2351 861 2422 agendum
884 2349 1199 2402 videbantur
1225 2347 1398 2410 electi,
1421 2362 1483 2399 ac
1510 2361 1568 2399 se
1598 2345 1770 2415 potius
1786 2343 1850 2399 ad
1884 2359 1988 2396 non

401 2443 661 2514 agendum
712 2443 910 2496 electos
955 2457 1076 2495 esse.
1132 2449 1414 2504 testantur,
1444 2446 1498 2493 et
1528 2438 1786 2491 invidiose
1824 2437 1988 2507 judiei

401 2547 814 2606 conqueruntur,
847 2535 1042 2588 sensim
1094 2548 1152 2585 se
1190 2533 1238 2584 in
1289 2547 1463 2586 causa:
1506 2531 1710 2585 interna
1759 2529 1985 2584 deduci:

399 2630 549 2699 quasi
572 2628 765 2698 aliquid
784 2627 923 2680 aliud
945 2625 1311 2694 praetermissis
1339 2623 1581 2676 omnibus
1603 2622 1686 2692 agi
1725 2622 1985 2686 debuerit,

401 2736 556 2790 quam
585 2719 712 2772 illud
737 2717 874 2787 quod
897 2726 1040 2769 tanto
1074 2724 1209 2784 post,
1259 2715 1339 2768 vel
1379 2729 1500 2767 sero
1541 2713 1624 2781 agi
1675 2713 1978 2777 nolebant;

403 2813 523 2882 quia
558 2825 826 2880 nunquam
854 2822 1071 2877 prorsus
1114 2808 1196 2874 agi
1249 2805 1515 2870 volebant,
1547 2804 1632 2858 ubi
1685 2804 1824 2858 vinci
1871 2819 1986 2858 mc-

404 2903 650 2957 tuebaut!
685 2900 851 2970 Hujus
877 2899 1082 2952 timoris
1114 2897 1500 2968 apertiSsimam
1531 2909 1712 2948 vocem
1767 2895 1889 2966 quis
1918 2894 1987 2948 de

404 2996 612 3049 illorum
656 2993 836 3047 clauso
881 3000 1094 3060 pectore
1121 2995 1414 3048 excuteret,
1444 2994 1497 3039 et
1529 3002 1633 3038 non
1669 2985 1789 3038 dico
1817 2985 1859 3038 si
1888 3000 1982 3039 eos

398 3085 554 3138 donis
595 3083 901 3151 largissimis
945 3080 1254 3142 ditarcmus,
1284 3077 1377 3131 sed
1401 3077 1446 3129 si
1487 3091 1580 3131 eos
1603 3076 1771 3146 poenis
1801 3076 1989 3130 crude-

405 3176 623 3231 lissimis
650 3174 1060 3242 torqueremus?

470 3269 559 3322 Ai.
589 3267 721 3319 Cum
752 3265 891 3319 enim
923 3276 1200 3332 personam
1233 3260 1517 3330 petitorum
1563 3257 1759 3312 forensi
1799 3258 1983 3312 tritura

400 3360 800 3429 conquirerent.
823 3365 873 3410 ct
891 3356 1128 3410 volentes
1148 3351 1432 3407 ostendere
1454 3367 1549 3404 nos
1567 3365 1685 3406 esse
1704 3350 1980 3418 petitores,

401 3461 461 3505 ut
482 3465 734 3518 personas
773 3457 980 3501 nostras
1009 3443 1581 3514 pcrmitterenturjure
1611 3441 1896 3502 discutere,
1929 3450 1983 3492 et

400 3555 579 3593 moras
600 3537 980 3591 annosissimas
1026 3535 1283 3596 invenire,
1305 3533 1546 3601 legerunt
1606 3530 1838 3584 libellum
1892 3544 1986 3582 no-

397 3644 564 3684 strum
597 3628 876 3698 aliquando
927 3624 1224 3694 proconsuli
1271 3625 1470 3684 datum,
1515 3637 1620 3690 quo
1649 3637 1741 3675 eos
1791 3621 1981 3690 petivi-

398 3739 515 3776 mus
536 3720 827 3780 conveniri,
859 3727 912 3770 ttt
943 3717 1054 3786 ipsa
1084 3716 1222 3770 inter
1262 3731 1357 3768 nos
1385 3713 1611 3768 Collatia
1645 3723 1766 3768 tunc
1799 3715 1972 3778 ﬁeret,

395 3831 553 3885 quam
586 3814 740 3888 modo
761 3812 828 3867 ah
859 3811 1181 3880 lniperature
1211 3819 1267 3864 ut
1311 3809 1901 3878 lieret'impetravimus,
1927 3817 1984 3862 ut

400 3921 465 3960 eo
502 3906 682 3960 lihello
705 3920 802 3958 nos
824 3905 972 3974 quasi
1007 3903 1259 3972 petitores
1302 3917 1421 3956 esse
1463 3911 1863 3965 monstrarent;
1899 3918 1981 3956 rc-

399 4007 796 4065 Spnusntttesta
839 3997 1011 4057 nobis,
1046 3994 1163 4049 ideo
1217 4009 1551 4067 nossemper
1599 3995 1827 4066 voluisse
1865 3993 1980 4048 ﬁeri

400 4089 772 4150 collationem,
821 4103 927 4141 non
946 4087 1030 4139 uhi
1074 4087 1151 4140 cis
1197 4085 1415 4140 crimina
1466 4085 1842 4154 ohjiceremus,
1884 4084 1977 4140 sed

408 4182 494 4234 ubi
539 4196 598 4234 ea
655 4196 772 4249 qum
822 4180 996 4234 solent
1044 4178 1276 4245 ohjicere
1324 4193 1715 4247 purgaremus:
1765 4191 1982 4247 propter

403 4272 504 4326 hoc
533 4273 725 4341 quippe
749 4270 983 4324 itTt‘elici
1008 4278 1060 4322 et
1089 4270 1155 4321 ab
1188 4269 1439 4323 Ecclesia:
1482 4271 1679 4323 unitate
1727 4269 1977 4339 separati,

400 4363 522 4428 quia
565 4362 788 4414 crimina
829 4360 1086 4427 objiciunt
1129 4376 1250 4429 quae
1293 4359 1516 4428 probare
1566 4375 1669 4412 non
1734 4371 1977 4430 possunt.

401 4451 603 4506 Deinde
663 4451 785 4520 quia
837 4449 1113 4504 videbatur
1171 4449 1425 4520 Cognitor
1474 4461 1688 4505 secutus
1733 4451 1975 4505 ordinem

397 4552 718 4612 temporum,
758 4549 814 4594 ut
844 4541 1006 4609 gestis
1058 4557 1175 4609 quze
1229 4540 1636 4608 protuleramus,
1681 4541 1768 4595 tibi
1794 4550 1848 4596 et
1876 4541 1974 4610 ipsi

321 4649 324 4652 ’
392 4633 531 4703 apud
563 4631 840 4701 praefectos
862 4630 1206 4685 Collationem
1259 4631 1574 4700 petiverant,
1607 4631 1728 4685 ideo
1760 4630 1978 4700 praefer-

394 4735 475 4781 ret
501 4725 733 4779 libellum
787 4733 1028 4778 nostrum
1075 4723 1142 4776 ab
1173 4723 1298 4791 ipsis
1349 4721 1635 4790 prolatum,
1683 4722 1800 4792 quia
1825 4730 1974 4792 gesta

394 4817 481 4873 illa
505 4815 832 4888 pr:efectoria
879 4824 1118 4884 tentpore
1157 4814 1491 4884 prmcedehat
1523 4831 1536 4866 :
1569 4812 1821 4869 facillime
1877 4829 1976 4869 nos

393 4920 551 4980 atque
597 4908 892 4978 jnstissime
941 4907 1039 4961 hac
1084 4906 1366 4962 occasione
1407 4905 1581 4958 oblata
1623 4921 1653 4959 a
1689 4904 1974 4976 Cognitore

392 5001 808 5070 impetravimus,
841 5007 896 5052 ut
920 4999 962 5051 si
992 5014 1052 5052 ea
1085 4997 1356 5066 praeferret
1387 5012 1504 5066 qua:
1559 4997 1972 5072 tempore‘lprio-

387 5109 445 5148 ra
468 5107 585 5147 esse
637 5098 931 5154 eonstaret,
991 5087 1120 5142 illud
1169 5086 1381 5156 juberet
1429 5086 1600 5155 potius
1630 5088 1971 5151 recitari,ubi

386 5183 484 5254 ipsi
518 5181 656 5250 apml
689 5182 1060 5248 imperatorem
1091 5177 1497 5232 Constantinum
1547 5193 1640 5248 per
1681 5179 1968 5233 Anulinum

384 5273 759 5346 praeonsulem
799 5279 1116 5323 acetISarttnt
1164 5268 1524 5334 Cweilianum,
1556 5268 1706 5338 cujus
1745 5270 1967 5324 crimina

385 5375 582 5418 nostrae
627 5361 986 5416 communioni
1031 5360 1306 5431 objiciunt,
1352 5375 1470 5429 qute
1520 5360 1827 5414 volebamus
1881 5362 1966 5418 illa

383 5455 679 5510 Collatione
709 5467 953 5523 purgare.
1007 5451 1239 5505 Proinde
1277 5460 1617 5520 posteaquam
1648 5451 1747 5521 legi
1777 5452 1960 5522 erepit,

385 5548 633 5615 quoniam
669 5547 772 5599 illic
799 5544 1131 5613 apertissime
1187 5542 1238 5596 in
1292 5543 1540 5596 omnibus
1591 5542 1961 5606 vincebantur,

381 5637 615 5689 clamare
667 5646 964 5704 cmperunt,
999 5633 1198 5689 Sensim
1251 5633 1540 5687 inducimur
1568 5635 1619 5687 in
1647 5650 1851 5689 causam
1873 5653 1891 5691 .'
1913 5647 1967 5692 ot

378 5766 394 5774 —
444 5744 460 5774 ³
496 5744 568 5789 sic
589 5749 697 5791 Mss.
725 5751 776 5790 At
801 5745 935 5804 editi,
959 5744 1139 5794 aculeo.

1122 323 1212 378 AD
1253 321 1679 379 DONATISTAS
1718 319 1886 376 POST
1925 319 2425 390 COLLATIONEM,
2468 324 2525 381 S.
2569 325 2930 385 AUGUSTINI

2106 434 2316 496 iterum,
2349 434 2581 493 Pervidet
2621 452 2842 508 potestas
2888 453 2974 497 tua
2997 442 3182 499 sensim
3223 463 3314 501 nos
3340 447 3392 502 in
3413 465 3582 506 causa
3604 471 3685 508 nt»-

2101 526 2286 580 teriora
2299 528 2498 587 deduci.
2526 530 2570 584 Ο
2622 547 2828 602 magna,
2854 534 2948 588 sed
2981 551 3086 589 non
3117 537 3362 594 miranda
3391 547 3634 598 confusio
3661 548 3677 600 ε

2089 618 2324 684 Quando
2349 623 2490 676 enim
2517 623 2726 680 daemon
2752 626 2832 680 sic
2849 629 3170 684 exoreistam
3201 630 3434 698 timeret,
3465 650 3676 698 aitonto

2100 709 2168 764 do
2199 711 2485 770 timuerunt
2509 717 2681 771 neilla
2719 718 3041 788 legerentur,
3077 721 3162 775 ubi
3179 725 3482 792 apparebat
3521 728 3673 783 Cat-ci

2097 801 2272 858 lianus
2301 815 2351 859 et
2377 806 2445 861 ab
2469 822 2656 862 eorum
2684 813 3264 884 pra-cessot'ibus-apnd
3294 817 3674 886 Imperatorem

2100 905 2398 961 accusatus,
2449 908 2507 954 et
2559 908 2635 953 tot
2655 900 2870 969 judiciis
2915 919 3020 958 non
3050 906 3228 961 solum
3273 913 3686 980 epist-omnibus,

2096 987 2193 1043 sed
2213 987 2374 1044 etiam
2403 990 2765 1060 imperialibus
2790 993 3068 1052 absolutus
3094 997 3118 1049 ?

2166 1078 2255 1132 45.
2298 1077 2519 1146 Quando
2561 1083 2645 1135 Vel
2690 1094 2889 1152 quanto
2935 1087 3106 1154 pretio
3143 1103 3324 1145 emere
3361 1107 3646 1160 possemus
3671 1137 3686 1159 .

2093 1170 2238 1238 quod
2270 1171 2384 1240 ipso
2420 1175 2608 1229 timore
2648 1179 2873 1244 turbati,
2903 1181 3076 1236 redire
3101 1184 3216 1258 ausi
3251 1195 3378 1239 sunt
3420 1188 3580 1243 etiam
3619 1184 3696 1243 ad

2099 1261 2241 1316 illius
2267 1266 2523 1334 temporis
2561 1271 3044 1339 prteseriptionem,
3075 1275 3162 1328 ubi
3203 1276 3450 1332 dixerant
3485 1281 3687 1349 lapsam

2098 1366 2218 1407 esse
2253 1353 2361 1421 jam
2404 1372 2617 1412 causam
2644 1368 2740 1424 ,-et
2779 1373 3006 1430 quatuor
3035 1367 3307 1421 mensibus
3347 1370 3574 1426 evolutis
3601 1375 3685 1441 agi

2093 1443 2202 1512 jam
2231 1448 2450 1502 omnino
2479 1465 2583 1503 non
2614 1453 2806 1518 posse?
2835 1455 2972 1520 Quid
3001 1467 3084 1512 est
3111 1457 3244 1512 hoe?
3272 1459 3402 1526 Quis
3428 1472 3532 1516 tam
3567 1464 3684 1518 ido-

2100 1551 2229 1594 nens
2250 1538 2412 1608 judex
2442 1540 2669 1596 inveniri
2699 1555 2874 1612 potest
2901 1547 3062 1601 animi
3092 1565 3299 1614 eorum,
3331 1569 3488 1621 quam
3523 1555 3688 1611 timor

2099 1630 2199 1684 iste
2235 1632 2314 1686 sic
2349 1648 2671 1702 expressus,
2702 1638 2780 1692 sic
2817 1649 3065 1708 apertus;
3097 1653 3152 1695 ut
3179 1658 3300 1697 cum
3329 1647 3488 1699 timor
3514 1649 3688 1704 soleat

2096 1724 2337 1780 adimere
2381 1727 2712 1795 libertatem,
2755 1731 2839 1784 isti
2887 1741 2994 1785 tam
3050 1735 3216 1790 libero
3269 1739 3576 1806 timuerint,
3629 1755 3688 1796 ut

2080 1814 2350 1883 judicium
2388 1833 2539 1871 suum
2573 1820 2638 1874 de
2678 1823 2814 1875 mala
2855 1839 2950 1876 sua
2981 1840 3136 1879 causa
3171 1842 3268 1882 nec
3297 1830 3508 1884 silentio
3537 1842 3684 1903 tege-

2098 1916 2238 1970 rent,
2268 1908 2360 1962 sed
2392 1910 2566 1964 verbis
2592 1913 2944 1980 apertissimis
2973 1916 3294 1984 proderent?
3321 1920 3366 1974 0
3392 1922 3685 1978 vehemen-

2099 2005 2204 2050 tem
2250 1999 2655 2066 trepidationem
2693 2001 2758 2056 ad
2801 2007 3219 2073 cxtorquendam
3258 2009 3680 2068 confessionem!

2099 2087 2228 2141 Tam
2266 2088 2416 2144 fortis
2448 2106 2631 2150 exure
2659 2095 2917 2162 prosilivit
2946 2097 3138 2163 timor,
3167 2111 3224 2152 ut
3253 2101 3370 2170 ejus
3394 2103 3591 2173 impetu
3617 2107 3686 2160 de

2098 2176 2269 2234 fronte
2309 2178 2499 2248 fugerit
2528 2183 2715 2250 pudor.
2755 2183 2812 2239 Si
2843 2200 2946 2240 non
2989 2187 3292 2257 legerentur
3324 2192 3340 2222 ¹
3367 2207 3454 2258 ea,
3493 2195 3686 2263 quibus

2099 2271 2477 2327 ostendebatur
2517 2274 2829 2332 Caecilianus
2873 2290 3153 2335 accusatus
3195 2293 3352 2352 atque
3397 2299 3646 2355 purgatus
3671 2330 3684 2354 ,

2100 2363 2352 2430 petitores
2403 2375 2619 2436 propter
2667 2371 2924 2434 agendam
2957 2387 3181 2428 causam
3233 2376 3638 2446 inquirebamur
3667 2424 3682 2446 ,

2081 2468 2345 2521 personae
2369 2455 2788 2513 discutiebantur
2821 2478 2834 2515 :
2866 2470 2919 2515 et
2942 2465 3183 2530 quamvis
3213 2481 3480 2521 morarum
3510 2470 3685 2523 tendi-

2079 2546 2267 2612 .culte,
2297 2562 2366 2602 ne
2401 2547 2466 2602 ad
2493 2550 2661 2618 ipsam
2686 2567 2900 2606 causam
2941 2557 3340 2623 perveniretur,
3366 2560 3682 2630 tergiversa-

2082 2636 2232 2691 _torie
2273 2647 2650 2705 necterentur;
2694 2650 2868 2698 tamen
2909 2657 3124 2714 propter
3164 2649 3424 2718 agendam
3465 2667 3683 2708 causam

2095 2729 2255 2783 etiam
2285 2730 2385 2784 ista
2417 2733 2670 2800 postulari
2699 2735 2858 2789 veluti
2883 2737 3002 2803 jure
3027 2739 3364 2797 videbantur.
3397 2743 3680 2812 Postquam

2096 2832 2254 2874 causa
2286 2821 2483 2888 optima
2508 2821 2774 2878 Caeciliani
2803 2827 3069 2881 recitanda
3097 2831 3300 2897 prolata
3327 2841 3426 2896 est,
3461 2849 3683 2890 revoca-

2098 2921 2183 2965 tur
2207 2914 2424 2981 explosa
2449 2924 2504 2970 et
2527 2918 2768 2971 convicta
2795 2921 3140 2990 praescriptio,
3162 2923 3304 2978 diem
3324 2940 3496 2981 causa:
3515 2942 3680 2997 agen-

2094 3005 2178 3060 da:
2197 3008 2308 3074 jam
2337 3010 2590 3063 transisse
2612 3011 2886 3065 clamatur.

2162 3100 2392 3156 CAPUT
2430 3102 2617 3156 XXVI.
2641 3133 2710 3144 —
2734 3106 2822 3160 46.
2851 3107 2986 3173 Quid
3015 3107 3187 3164 adhuc
3210 3113 3534 3180 exspectatis
3553 3115 3681 3184 qttid

2095 3208 2190 3261 pro
2220 3193 2374 3249 nobis
2405 3197 2825 3263 pronuntiaverit
2849 3199 3132 3270 Cognitor,
3160 3219 3280 3257 cum
3311 3206 3533 3261 videatis
3554 3209 3680 3277 quid

2091 3293 2274 3337 contra
2307 3300 2367 3339 se
2395 3287 2539 3353 ipsos
2567 3288 2937 3358 episcoporum
2966 3301 3264 3347 vestrorum
3299 3299 3677 3364 pronuntiave-

2092 3376 2162 3429 rit
2193 3377 2385 3430 timor?
2403 3379 2639 3434 Dederat
2663 3390 2808 3436 certe
2838 3382 2950 3451 ipse
2970 3383 3228 3453 Cognitor
3255 3398 3589 3456 potestatem,
3620 3403 3678 3447 ut

2091 3466 2251 3519 alium
2295 3483 2413 3522 cum
2443 3469 2533 3524 illo
2569 3485 2727 3540 quem
2770 3473 2965 3528 vellent
2993 3475 3224 3543 judieem
3255 3481 3675 3536 constituerent:

2089 3556 2232 3624 quod
2272 3557 2346 3611 illi
2383 3571 2802 3626 recusaverunt;
2829 3566 3082 3632 quoniam
3119 3567 3161 3620 si
3189 3568 3414 3636 aliquem
3443 3571 3677 3642 delegis-

2092 3658 2245 3714 sent,
2274 3652 2483 3704 mentiri
2512 3653 2662 3707 vobis
2696 3671 2798 3708 non
2833 3668 3049 3723 possent
3077 3660 3236 3712 etiam
3265 3676 3294 3713 a
3322 3662 3472 3715 nobis
3501 3663 3674 3730 ipsum

2091 3737 2255 3795 fuisse
2291 3752 2620 3811 corruptum.
2653 3743 2756 3799 Sed
2789 3746 3026 3801 fecerunt
3069 3750 3209 3818 quod
3245 3765 3628 3808 recusaverunt
3659 3773 3674 3809 τ

2092 3846 2310 3900 prorsus
2335 3837 2724 3890 constituerunt
2752 3854 2871 3892 cum
2905 3841 2994 3892 illo
3018 3843 3242 3897 alterum
3271 3845 3501 3912 judieem
3523 3890 3539 3913 ,
3571 3864 3673 3902 non

2089 3925 2382 3990 quemlibet
2412 3936 2722 3981 extraneum
2753 3970 2765 3990 ,
2800 3929 2893 3983 sed
2927 3932 3167 3986 intimum
3196 3949 3378 3988 suum.
3404 3936 3543 3991 Ecce
3566 3940 3675 4006 ipse

2081 4015 2250 4068 timor
2268 4029 2452 4070 eorum
2483 4018 2617 4073 alius
2643 4020 2805 4088 judex
2831 4022 2926 4076 fuit
2951 4041 2964 4076 :
2997 4035 3144 4079 certe
3171 4027 3281 4096 ipse
3307 4041 3335 4079 a
3367 4029 3518 4082 nobis
3545 4030 3672 4083 nihil

2065 4111 2313 4178 accepit,
2335 4120 2390 4164 et
2412 4128 2505 4180 pro
2528 4113 2681 4169 nobis
2708 4115 2872 4171 libere
2892 4117 3148 4184 judicavit
3178 4139 3190 4173 τ
3219 4123 3674 4190 ηοηεηιιίῆοτιιιιε

2087 4212 2168 4257 est
2197 4217 2381 4258 eorum
2409 4219 2670 4274 personaa,
2689 4208 2880 4278 quibus
2909 4210 3150 4265 internus
3178 4212 3426 4278 ha-rebat,
3456 4215 3523 4270 de
3544 4233 3675 4287 quo-

2085 4309 2202 4348 rum
2230 4308 2437 4349 secreto
2465 4298 2710 4352 cubiculo
2737 4300 3055 4369 procedebat
3085 4320 3096 4355 :
3123 4313 3173 4358 et
3201 4315 3483 4375 antequam
3514 4325 3672 4364 causa

2083 4384 2354 4439 diceretur
2379 4429 2393 4451 ,
2419 4387 2562 4455 prior
2581 4389 2857 4456 judicavit,
2891 4394 3011 4462 quia
3042 4410 3158 4448 eam
3190 4397 3332 4463 prior
3352 4399 3404 4450 in
3433 4399 3670 4467 ipsorum

2085 4477 2246 4532 corde
2270 4481 2534 4548 cognovit.
2566 4480 2802 4552 Denique
2824 4486 3081 4553 processit
3106 4487 3197 4542 ille
3221 4497 3275 4541 ut
3299 4503 3514 4543 causam
3546 4507 3671 4546 nos-

2081 4579 2184 4629 set,
2218 4572 2476 4638 processit
2505 4574 2604 4628 iste
2629 4575 2718 4644 qui
2748 4586 2966 4631 noverat
2995 4595 3007 4629 :
3041 4579 3129 4633 ille
3153 4579 3412 4648 judicavit
3440 4582 3632 4636 stando
3655 4627 3668 4649 ,

2083 4659 2385 4727 audiendo,
2421 4662 2721 4732 loquendo;
2768 4666 2868 4722 iste
2912 4671 3280 4724 tantummodo
3327 4671 3378 4726 in
3433 4673 3669 4727 medium

2082 4753 2440 4821 procedendo.
2485 4755 2617 4811 Puto
2664 4759 2805 4827 quod
2850 4760 3040 4815 melius
3070 4761 3376 4829 dieerent',
3411 4772 3468 4817 ut
3511 4781 3668 4818 causa

2077 4847 2185 4916 jam
2207 4861 2313 4901 non
2341 4857 2606 4916 ageretur.
2634 4850 2845 4916 Quanto
2871 4853 3011 4906 enim
3040 4853 3197 4908 citius
3223 4869 3339 4909 eam
3369 4856 3543 4910 finivit
3569 4856 3669 4911 liti-

2075 4946 2320 5008 gatorum
2355 4940 2530 5006 timor,
2563 4955 2718 5010 quam
2748 4943 3046 5013 Cognitoris
3076 4944 3261 4999 labor?
3280 4946 3371 5000 ille
3395 4947 3667 5016 quzerebat

2080 5033 2204 5101 quid
2235 5050 2298 5088 ex
2332 5049 2516 5088 eorum
2537 5035 2792 5090 chartulis"
2821 5037 3117 5107 legeretur:
3142 5039 3241 5093 iste
3269 5038 3520 5093 indicavit
3539 5039 3661 5110 quid

2079 5125 2131 5178 in
2158 5141 2340 5180 eorum
2368 5126 2614 5182 cordibus
2642 5141 2908 5199 ageretur.

2147 5217 2374 5272 CAPUT
2413 5217 2625 5273 XXV“.
2666 5250 2736 5260 ——
2772 5222 2860 5275 47.
2909 5222 3187 5289 Quomodo
3226 5232 3400 5277 autem
3451 5222 3518 5277 ad
3565 5223 3661 5277 hoc

2076 5318 2369 5373 venerant,
2399 5310 2565 5364 territi
2611 5312 2688 5365 eis
2717 5328 2833 5382 qua:
2864 5313 3065 5382 prolata
3107 5312 3314 5368 fuerant
3351 5314 3618 5369 recitanda
3641 5355 3655 5378 ,

2079 5409 2135 5452 ut
2162 5399 2401 5454 dicerent
2431 5401 2540 5470 jam
2570 5402 2771 5473 lapsam
2803 5411 2923 5459 esse
2961 5420 3174 5460 causam
3207 5404 3540 5475 temporibus
3563 5445 3580 5472 ,
3608 5412 3658 5459 et

2128 5625 2154 5698 ,ι
2191 5624 2324 5684 Editi,
2349 5624 2434 5673 sed
2472 5637 2580 5674 cum
2626 5623 2912 5689 legerentur.
2951 5627 3249 5689 Castigantur
3295 5638 3360 5676 ex
3395 5621 3655 5676 manuscri-

2073 5694 2238 5796 Wi'm
2263 5753 2390 5806 Mss,
2434 5748 2671 5799 dicebant.
