4070 6200
301 329 401 383 68I

301 444 383 512 agi
428 456 532 495 non
570 439 763 509 posse?
786 437 1178 505 Pwposueruut
1217 434 1369 490 nobis
1396 433 1536 505 quod
1560 434 1669 504 pun
1711 435 1882 492 fuerat

300 542 421 586 ante
454 538 773 585 transactum
802 546 816 583 :
839 541 894 582 ut
914 528 959 582 si
980 526 1049 583 de
1063 526 1351 595 Scripturis
1366 526 1565 581 sanctis
1583 536 1881 595 ageremus,

304 623 392 678 illa
420 622 637 677 minime
665 621 1001 691 legerentur;
1022 619 1067 673 si
1096 629 1275 673 autem
1315 617 1403 671 illa
1432 616 1704 671 recitanda
1733 614 1879 684 lege-

301 730 499 777 remus,
530 712 727 767 habere
751 726 810 765 se
839 710 1063 765 validam
1095 709 1570 781 praescriptionem,
1594 716 1651 761 ut
1680 706 1880 775 lapsam

299 806 628 875 temporibus
665 817 879 858 causam
925 802 1144 856 omnino
1188 800 1271 869 agi
1313 814 1417 853 non
1454 800 1690 854 sinerem
1718 814 1731 851 :
1758 812 1881 851 cum

300 897 397 965 ipsi
424 911 529 950 non
555 894 904 958 servaverim,
932 891 1072 962 quod
1099 901 1222 945 ante
1246 890 1618 960 promiserant,
1648 903 1881 942 semian-

295 989 420 1042 dato
459 998 640 1042 nostro
660 1028 675 1053 ,
700 986 785 1041 ubi
822 1001 920 1040 nos
957 984 1209 1041 Ecclesiae
1243 998 1457 1037 causam
1487 982 1879 1050 Scripturaruni

300 1079 617 1135 testimoniis
648 1079 822 1149 egisse
857 1076 1086 1132 confessi
1112 1084 1270 1137 sunt,
1292 1076 1534 1129 similiter
1556 1088 1616 1128 se
1642 1073 1881 1140 Scriptu-

298 1169 827 1228 ηταιιιηιρδιίιιιοιιὶἱε
856 1183 1245 1239 responsuros;
1272 1167 1360 1236 qui
1395 1166 1678 1236 petitorum
1697 1165 1878 1220 discu-

298 1263 503 1319 tiendas
528 1278 647 1318 esse
674 1277 962 1334 personas,
985 1278 1090 1317 non
1136 1277 1287 1317 more
1328 1260 1709 1330 disputantium
1739 1300 1754 1324 ,
1785 1259 1879 1313 Sed

296 1372 447 1412 more
490 1356 804 1427 litigantium
847 1355 1257 1412 contendebant.
1308 1352 1695 1421 Respondimus
1749 1368 1879 1422 ergo

294 1450 380 1503 eis
401 1489 420 1515 ,
449 1458 505 1502 ut
536 1449 581 1503 si
624 1447 753 1502 nihil
779 1447 923 1501 aliud
956 1447 1038 1517 agi
1068 1446 1307 1509 mallent,
1336 1444 1437 1499 nisi
1467 1454 1525 1499 ut
1548 1455 1879 1513 quzereretur

295 1556 414 1608 qua:
442 1539 525 1593 vel
560 1538 646 1592 ubi
674 1538 744 1593 sit
770 1538 1031 1593 catholica
1081 1537 1316 1592 Ecclesia
1340 1578 1356 1599 ,
1376 1551 1590 1591 causam
1620 1536 1739 1603 ejus
1780 1551 1879 1590 nos

296 1631 506 1685 nonnisi
532 1629 725 1683 divinis
748 1670 763 1693 ,
793 1629 985 1699 quibus
1021 1629 1370 1698 praenuntiata
1409 1637 1529 1693 est,
1560 1627 1878 1682 testimoniis

294 1738 571 1793 ageremus
601 1740 615 1775 :
642 1722 687 1775 si
712 1731 885 1777 autem
906 1721 1208 1775 hominibus
1231 1721 1403 1790 aliqua
1433 1718 1654 1775 erimina
1681 1720 1879 1789 objice-

296 1826 435 1878 rem,
460 1816 708 1884 quoniam
736 1830 832 1869 nce
856 1815 951 1885 ipsi
980 1829 1040 1867 ea
1074 1822 1291 1884 possent
1319 1813 1638 1869 testimoniis
1660 1814 1874 1881 divinis,

294 1906 387 1962 sed
439 1907 699 1977 aliquibus
743 1907 863 1961 aliis
925 1906 1114 1961 talibus
1168 1906 1503 1961 documentis
1551 1906 1871 1970 ostendere,

295 2001 455 2053 etiam
486 2016 581 2053 nos
605 2015 668 2053 ea
697 1998 1031 2055 documentis
1058 1999 1250 2052 talibus
1273 2008 1606 2068 purgaturos.
1644 1998 1735 2051 Sic
1774 1998 1877 2053 illis

295 2093 509 2146 assidue
534 2108 627 2147 sua
654 2093 827 2147 inania
864 2091 1224 2161 repetentibus
1245 2130 1260 2155 ,
1298 2090 1411 2146 lure
1439 2105 1469 2143 a
1505 2090 1660 2144 nobis
1692 2105 1874 2159 perse-

298 2184 663 2238 verantissime
684 2184 903 2253 repetita
924 2191 1047 2238 sunt
1080 2199 1095 2235 :
1122 2182 1201 2238 sic
1228 2196 1323 2237 eos
1348 2182 1547 2236 veritas
1567 2181 1712 2246 vicit,
1736 2190 1790 2234 et
1808 2182 1873 2234 ad

294 2275 382 2329 illa
405 2290 522 2343 quae
549 2274 933 2343 protuleramus
960 2273 1218 2328 audienda
1237 2270 1535 2326 confutatos
1561 2280 1875 2336 superatos-

298 2381 407 2433 que
430 2367 763 2421 constrinxit.
796 2365 1054 2420 Videbunt
1077 2366 1242 2429 cnim,
1272 2366 1314 2417 si
1343 2365 1482 2418 nulla
1513 2364 1734 2418 crimina
1764 2365 1880 2419 Cae-

289 2456 467 2510 ciliani
495 2456 784 2523 objicereut
808 2454 1167 2508 conuuunioni
1194 2465 1410 2517 nostra,
1434 2453 1564 2508 nihil
1586 2455 1683 2509 sibi
1708 2471 1880 2509 rema-

291 2561 423 2599 nerc
443 2543 583 2599 unde
604 2559 753 2599 suam
774 2544 841 2598 ab
858 2545 1057 2599 unitate
1073 2545 1463 2613 separationem
1481 2560 1695 2615 quoquo
1719 2547 1877 2600 modo

289 2646 607 2691 excusarent
635 2654 648 2689 :
673 2636 713 2689 si
758 2646 933 2691 autem
977 2636 1275 2706 objicereut
1305 2637 1529 2691 crimina
1568 2638 1831 2693 chiliani
1858 2680 1873 2705 ,

290 2742 394 2781 nec
430 2743 459 2780 τι
486 2741 546 2782 se
585 2727 685 2782 nisi
720 2728 910 2782 talibus
935 2728 1268 2784 documentis
1296 2743 1453 2799 posse
1483 2731 1648 2785 asseri
1674 2772 1688 2797 ,
1720 2747 1818 2785 nec
1845 2748 1877 2787 ιι

292 2819 447 2873 nobis
470 2834 626 2884 posse
646 2819 803 2873 aliter
826 2819 1060 2875 delendi.

364 2906 590 2963 CAPUT
632 2907 868 2963 XXVIII.
891 2940 956 2950 —
984 2910 1074 2965 ‘8.
1106 2909 1224 2966 Jam
1264 2928 1394 2967 vero
1439 2913 1568 2968 illud
1610 2915 1747 2969 inter
1775 2916 1875 2972 bos

290 3014 478 3053 eorum
514 3000 1025 3055 contentiosissimos
1053 3002 1340 3071 strepitus,
1368 3004 1550 3072 quanti
1592 3006 1876 3061 emendum

292 3090 393 3144 fuit
418 3131 433 3154 ,
459 3092 600 3160 quod
654 3107 775 3147 cum
821 3092 1126 3148 diceremus
1169 3093 1270 3147 hoc
1309 3110 1407 3149 nos
1454 3110 1752 3165 pr0ponere
1776 3138 1790 3161 ,
1821 3107 1879 3152 ut

291 3185 515 3239 crimina
559 3194 676 3255 quae
722 3185 902 3241 solent
942 3185 1175 3254 objicere
1224 3198 1420 3240 nostra:
1472 3191 1870 3256 communioni,

289 3292 413 3345 qua-
435 3292 526 3346 per
542 3290 731 3331 omnes
756 3286 943 3345 gentes
966 3275 1231 3338 dilatatur,
1259 3277 1542 3345 probarent
1570 3281 1612 3332 si
1638 3292 1874 3351 possent,

293 3376 350 3420 ut
373 3366 496 3421 hinc
514 3381 697 3421 eorum
714 3366 1193 3435 separatio,»utrum
1208 3366 1349 3435 justa
1372 3368 1524 3422 fuerit
1546 3379 1874 3437 nosceretur;

292 3458 682 3526 responderunt
757 3456 985 3510 alienam
1008 3470 1221 3511 causam
1250 3472 1349 3511 nos
1375 3472 1535 3528 agere
1566 3460 1702 3515 velle
1723 3502 1738 3526 ,
1774 3459 1876 3516 hoc

291 3558 410 3614 est,
447 3547 916 3603 transmarinarum
956 3546 1312 3601 Ecclesiarum
1339 3589 1356 3614 ,
1383 3548 1575 3617 quibus
1615 3549 1732 3605 lucc
1770 3567 1874 3606 non

291 3640 611 3709 objicerent.
640 3640 889 3708 quoniam
919 3638 1058 3694 inter
1085 3638 1245 3693 Afros
1271 3649 1412 3694 esset
1438 3641 1534 3695 ista
1558 3644 1829 3697 contentio
1858 3663 1873 3699 :

294 3731 414 3784 illas
439 3745 566 3784 vero
597 3729 862 3784 Ecclesias
889 3730 1064 3799 potius
1089 3742 1409 3800 exspectare
1434 3731 1634 3787 debere
1653 3776 1667 3798 ,
1698 3743 1755 3787 ut
1783 3750 1878 3790 eos

290 3822 393 3878 sibi
434 3823 684 3890 copulent
723 3823 811 3891 qui
856 3823 908 3875 in
939 3822 1038 3876 bac
1076 3821 1373 3877 Collatione
1415 3824 1667 3891 vicerint,
1693 3832 1748 3879 et
1778 3826 1875 3893 ipsi

290 3927 416 3967 cum
444 3913 524 3966 eis
550 3911 779 3965 habeant
797 3911 1117 3964 catholicum
1143 3926 1335 3965 nomen
1354 3912 1526 3979 ?Quid
1553 3927 1681 3983 ergo
1702 3914 1878 3969 adhuc

289 4001 530 4073 quaaritis
553 4042 568 4063 .
596 4000 796 4069 quidve
838 3999 1093 4054 dubitatis
1119 4042 1134 4065 ,
1165 4016 1322 4070 quam
1368 4002 1663 4058 Ecclesiam
1695 4013 1878 4061 tenere

292 4093 564 4147 debeatis?
591 4091 731 4147 Ecce
762 4090 968 4145 habetis
988 4106 1105 4146 eam
1126 4133 1141 4158 ,
1170 4102 1355 4147 contra
1384 4108 1542 4163 quam
1573 4096 1737 4149 vestri
1764 4097 1876 4166 epi-

293 4183 440 4256 scopi
480 4197 694 4237 musam
718 4196 778 4236 se
806 4198 913 4238 non
942 4181 1139 4238 habere
1164 4181 1395 4238 confessi
1424 4194 1584 4252 sunt,
1615 4186 1697 4240 cui
1725 4203 1875 4241 eom-

292 4274 477 4328 iuunio
497 4283 678 4328 nostra
698 4274 981 4341 conjuncta
1002 4282 1086 4328 est
1101 4313 1119 4340 ,
1149 4272 1291 4328 unde
1310 4274 1545 4343 ipsorum
1571 4278 1876 4331 communio

290 4377 532 4436 separata
562 4378 665 4422 est.
692 4365 747 4422 Si
787 4368 928 4421 enim
970 4366 1129 4420 modo
1169 4380 1286 4421 eam
1329 4376 1640 4436 exspectare
1678 4368 1875 4425 debere

291 4461 580 4526 dixerunt,
610 4469 669 4515 ut
706 4459 797 4529 qui
842 4469 1080 4513 nostrum
1126 4458 1389 4522 vicerint,
1417 4458 1514 4528 ipsi
1546 4459 1593 4514 ei
1623 4460 1877 4531 copulen-

293 4563 380 4605 tur
403 4593 420 4618 ,
450 4562 501 4605 et
530 4566 650 4614 cum
676 4551 763 4604 illa
790 4558 1003 4604 teneant
1026 4547 1347 4604 catholicum
1376 4531 1567 4603 nomen
1596 4550 1739 4619 :jam
1771 4553 1874 4604 uti-

294 4658 400 4713 que
425 4642 653 4712 majores
674 4642 838 4695 nostri
862 4643 1091 4709 majores
1111 4654 1296 4694 eorum
1321 4650 1442 4693 ante
1472 4640 1732 4706 vicerunt;
1757 4642 1876 4695 ideo

298 4735 371 4788 iiIi
405 4731 656 4789 Ecclesiae
685 4732 913 4801 copulati
940 4731 1258 4786 catholicum
1291 4745 1483 4784 nomen
1517 4731 1567 4784 in
1599 4732 1716 4800 ejus
1758 4732 1876 4785 uni-

296 4836 405 4881 tate
431 4835 731 4879 tenueruut.
778 4824 865 4878 Isti
892 4833 1069 4876 autent
1096 4821 1141 4874 si
1170 4836 1198 4873 a
1228 4820 1517 4889 majoribus
1544 4822 1740 4875 nostris
1764 4823 1871 4889 jam

295 4921 347 4973 in
388 4920 501 4973 suis
543 4918 829 4986 majoribus
858 4915 983 4969 victi
1021 4923 1140 4968 sunt
1166 4954 1180 4976 ,
1203 4928 1367 4982 quare
1402 4913 1676 4967 nobiscum
1703 4914 1874 4969 adhuc

292 5026 463 5081 usque
487 5018 627 5063 conb
648 5006 917 5063 nduot?Si
946 5016 1121 5060 autem
1138 5004 1259 5058 victi
1288 5019 1393 5057 non
1414 5014 1557 5069 sunt,
1582 5019 1745 5074 quare
1770 5020 1873 5059 non

292 5101 692 5158 conununicaut
730 5098 804 5153 illi
840 5096 1090 5152 Ecclesia:
1111 5137 1125 5161 ,
1151 5111 1309 5166 quam
1338 5110 1529 5164 negare
1557 5096 1872 5151 Catholicam

296 5206 405 5249 non
433 5190 671 5245 valentes
700 5230 717 5254 ,
749 5188 948 5245 nullam
976 5201 1190 5241 causam
1229 5196 1412 5240 contra
1444 5202 1561 5241 eam
1591 5201 1650 5241 se
1678 5188 1885 5242 habere

291 5280 523 5335 confessi
550 5280 711 5333 sunt?
739 5278 875 5333 Ecce
919 5276 1157 5333 Ecclesia
1212 5277 1471 5331 catholica
1525 5280 1874 5333 transmarina

294 5374 347 5428 in
377 5382 458 5427 tot
485 5372 729 5442 gentibus
752 5370 967 5425 dilatata
988 5410 1002 5434 ,
1034 5384 1190 5439 quem
1221 5368 1418 5424 debere
1445 5378 1753 5438 exspectare
1790 5370 1874 5424 di-

292 5472 520 5529 xerunt;
551 5472 607 5517 ut
642 5477 737 5517 eos
778 5461 879 5516 sibi
920 5461 1007 5531 qui
1057 5460 1274 5514 vicerint
1327 5460 1578 5529 copulet.
1609 5462 1876 5530 quomodo

290 5560 609 5623 exspectare
632 5551 793 5607 debet
835 5567 929 5606 eos
968 5550 1065 5607 sibi
1091 5551 1340 5621 capulare
1370 5552 1458 5622 qui
1486 5551 1708 5607 vicerint
1730 5594 1746 5616 ,
1774 5554 1875 5609 nisi

292 5645 364 5701 ab
387 5645 467 5699 eis
495 5644 806 5700 criminibus
845 5644 912 5700 de
939 5644 1129 5715 quibus
1156 5643 1293 5698 inter
1339 5659 1434 5697 nos
1468 5644 1673 5713 agitur;
1704 5644 1871 5700 aliena

294 5734 412 5792 sit?
435 5732 568 5790 Nam
589 5734 631 5787 si
660 5735 725 5789 ab
754 5736 829 5787 eis
854 5733 1023 5788 aliena
1052 5749 1154 5787 non
1173 5744 1273 5800 cst,
1302 5735 1457 5787 etiam
1482 5734 1592 5805 ipsa
1620 5750 1707 5789 rea
1739 5739 1871 5792 victa

514 5820 781 5880 l'arnon
835 5820 1051 5883 XLIII.

1716 319 1915 375 ιιιιειι
1958 318 2156 376 UNCS.

1991 447 2115 487 eum
2166 434 2318 491 vietis
2355 439 2619 505 quomodo
2671 440 2769 495 sibi
2818 448 2905 494 est
2944 443 3256 511 eopul..tura
3304 446 3576 505 victores?

1991 524 2157 579 Porro
2180 526 2227 581 si
2250 528 2319 582 ab
2346 527 2429 583 Itis
2458 531 2790 594 criminibus,
2815 533 2948 587 sicut
2981 534 3230 597 fatentur,
3264 537 3434 590 aliena
3463 550 3564 604 est;

1987 619 2350 691 alienietnos
2379 638 2581 686 sumus,
2624 625 2713 694 qui
2756 626 2929 680 eidem
2973 630 3347 683 communione
3399 632 3575 685 colue-

1988 724 2187 764 remus.
2216 708 2349 764 Nam
2374 713 2418 765 si
2446 723 2661 783 propter
2690 715 2843 769 istam
2870 720 3298 773 communionem
3331 736 3428 774 nos
3447 738 3577 775 con.

1989 799 2210 854 tatn'tuat
2239 801 2441 857 crimen
2482 804 2713 857 alienum
2740 814 2830 870 ;ct
2858 806 3060 875 ipsam,
3090 810 3174 861 cui
3209 814 3574 865 communica-

1990 906 2107 944 mus
2128 933 2143 957 ,
2171 892 2373 946 crimen
2404 896 2732 949 contaminat
2761 908 3019 953 u0strtnn.
3056 900 3159 955 Sed
3200 902 3310 971 ipsa
3342 906 3575 960 confessi

1987 994 2112 1038 sttnt
2139 999 2244 1039 non
2282 986 2533 1055 pollutam
2561 990 2785 1044 crimine
2806 991 3055 1045 Afrorum
3076 1034 3090 1055 ,
3124 1000 3367 1063 quamvis
3396 999 3443 1051 ei
3477 998 3574 1054 Sa-

1986 1084 2379 1131 cramentorttm
2415 1081 2791 1136 communione
2833 1085 3140 1139 socicntur:
3177 1087 3243 1141 ibi
3276 1104 3403 1157 ergo
3441 1105 3570 1146 con-

1987 1167 2109 1222 victi
2156 1177 2283 1222 sunt
2323 1185 2426 1224 nec
2460 1186 2559 1224 nos
2590 1172 2749 1241 pollui
2787 1176 3022 1243 potuisse
3058 1178 3283 1233 crimine
3313 1181 3522 1236 illorum
3552 1224 3567 1243 .

1986 1259 2182 1326 quibus
2211 1259 2676 1327 Sacramenturnm
2699 1266 3075 1319 communione
3103 1270 3373 1325 sociamur
3400 1312 3415 1335 ,
3444 1274 3566 1342 quia

1987 1350 2133 1403 nullo
2182 1367 2319 1406 nexu
2369 1356 2738 1409 consensionis
2782 1357 3123 1411 involvinmr.
3163 1360 3473 1430 Quanquam
3516 1374 3565 1418 et

1985 1440 2149 1507 ipsius
2175 1440 2441 1497 Caeciliani
2475 1445 2660 1499 victrix
2703 1460 2862 1501 causa
2888 1447 3089 1502 eisdem
3133 1450 3307 1504 verbis
3339 1452 3561 1508 istorum

1986 1530 2235 1586 facillime
2264 1533 2675 1588 demonstratur.
2704 1535 2759 1590 Si
2797 1537 2939 1590 enim
2971 1539 3378 1607 confligentibus
3414 1544 3565 1597 nobis

1983 1633 2292 1692 exspectare
2331 1625 2490 1679 debet
2523 1627 2753 1679 Ecclesia
2788 1630 3137 1682 transmarina
3187 1630 3254 1683 ab
3298 1633 3413 1686 istis
3459 1635 3564 1688 cri-

1984 1715 2211 1769 minibus
2228 1717 2403 1771 aliena
2428 1758 2442 1780 ,
2470 1726 2527 1770 ut
2553 1732 2646 1772 eos
2667 1718 2755 1788 qui
2788 1718 3041 1785 vicerint,
3074 1721 3174 1775 sibi
3214 1731 3268 1775 et
3304 1724 3566 1779 catholico

1983 1808 2184 1861 nomini
2230 1809 2520 1879 adjungat;
2554 1820 2679 1863 tunc
2703 1812 3065 1880 exspectabat,
3097 1814 3307 1882 quando
3337 1817 3566 1886 majores

1982 1901 2202 1955 istorum
2236 1917 2358 1957 cum
2382 1904 2667 1957 Cmciliano
2698 1904 2891 1957 acriter
2915 1906 3286 1975 conﬂigebant.
3318 1906 3408 1963 Ille
3438 1925 3565 1978 ergo

1983 2004 2106 2048 tunc
2132 1995 2292 2058 vicit,
2322 2010 2480 2064 quem
2525 1994 2623 2049 sibi
2674 2004 2791 2064 post
2829 1997 3131 2051 conﬂictum
3178 1997 3264 2054 illa
3309 2014 3427 2069 quin
3464 1999 3565 2056 hoc

1980 2093 2381 2151 exspectaverat
2407 2086 2694 2153 copulavit.
2723 2088 2826 2139 Aut
2852 2085 2896 2139 si
2924 2087 3089 2156 potuit
3112 2097 3165 2141 et
3190 2090 3443 2156 pollutum
3463 2091 3562 2143 sibi

1981 2176 2033 2230 in
2054 2176 2515 2231 Sacramentorum
2533 2179 2907 2231 communione
2932 2181 3201 2247 copulare,
3220 2191 3274 2235 ct
3299 2182 3435 2236 sicut
3453 2185 3563 2251 jam

1980 2267 2207 2321 confessi
2234 2278 2385 2329 sunt,
2416 2267 2484 2320 ab
2514 2268 2595 2321 bis
2620 2268 2932 2321 criminibus
2960 2269 3229 2338 impolluta
3250 2271 3561 2340 persistere;

1981 2360 2148 2415 multo
2172 2358 2338 2427 magis
2361 2359 2581 2414 vicimus
2611 2360 2734 2415 hinc
2760 2360 3106 2416 ostendentes
3133 2365 3401 2433 proprium
3428 2381 3564 2420 onus

1979 2458 2243 2521 quemque
2264 2460 2496 2520 portare,
2511 2460 2564 2505 et
2585 2467 2683 2505 ucc
2705 2466 2918 2506 causam
2945 2467 3138 2519 causai,
3161 2469 3260 2509 nec.
3278 2470 3561 2525 personam

1984 2541 2331 2611 prmjudicare
2362 2557 2624 2612 personar.

2052 2632 2276 2688 CAPUT
2296 2634 2489 2689 XXIX.
2514 2666 2581 2675 —
2607 2636 2693 2692 i9.
2717 2636 2832 2690 iam
2854 2653 2982 2692 vero
2999 2649 3055 2691 ut
3084 2638 3334 2693 mandato
3354 2648 3558 2706 nostro,

1982 2723 2069 2779 ubi
2098 2723 2399 2779 universam
2422 2742 2633 2779 causam
2659 2728 2918 2796 complexi
2942 2728 3226 2793 fueramus,
3253 2745 3349 2784 nec
3375 2747 3564 2798 repen-

1984 2813 2108 2869 tinis
2153 2815 2361 2880 verbis,
2393 2815 2485 2869 Sed
2532 2817 2846 2887 conscriptis
2904 2818 3093 2872 litteris
3134 2820 3561 2887 reSponalendum

1982 2915 2247 2974 putarent,
2267 2906 2446 2975 quanti
2471 2906 2753 2961 emendum
2783 2907 2876 2962 fuit
2892 2910 2915 2962 ?
2934 2909 3019 2963 Sic
3043 2910 3183 2964 enim
3216 2911 3449 2964 constitit
3468 2927 3564 2965 eos

1984 2997 2308 3068 respondere
2337 3014 2439 3052 non
2471 2999 2705 3069 potuisse
2735 3000 2815 3052 bis
2843 3000 3111 3065 omnibus,
3144 3017 3261 3069 qu:e
3292 3002 3343 3054 in
3375 3012 3564 3055 nostro

1982 3089 2232 3144 mandato
2284 3093 2485 3159 posita,
2518 3105 2616 3144 nec
2660 3091 2919 3160 attingere
2974 3092 3194 3145 omnino
3230 3092 3340 3145 suis
3374 3092 3564 3146 litteris

1985 3183 2287 3237 voluerunt.
2309 3182 2490 3252 Neque
2514 3183 2653 3236 cnim
2673 3192 2847 3251 potest
2870 3183 3061 3253 aliquis
3086 3182 3286 3250 dicere,
3316 3199 3566 3253 prosecu-

1984 3274 2181 3327 tionem
2204 3282 2439 3326 nostram
2468 3274 2774 3326 memoriter
2790 3286 2885 3327 eos
2914 3289 3017 3327 non
3050 3275 3283 3343 potuisse
3310 3275 3562 3338 retinere,

1983 3374 2037 3418 et
2068 3371 2348 3432 prepterca
2389 3363 2548 3417 rebus
2578 3363 2890 3417 necessariis
2921 3379 3023 3417 non
3064 3364 3313 3418 omnibus
3340 3380 3563 3434 respou-

1982 3454 2109 3508 dcre
2137 3454 2389 3509 voluisse.
2421 3454 2631 3508 Editutn
2657 3464 2737 3508 est
2763 3455 2839 3508 eis
2867 3454 3170 3509 mandatum
3199 3466 3440 3511 nostrum
3472 3471 3564 3525 per

1983 3544 2242 3600 no:oriam
2283 3544 2675 3617 postulantibus
2699 3587 2714 3611 ,
2739 3554 2791 3600 et
2822 3545 2921 3599 hoc
2963 3546 3133 3616 ip~um
3172 3546 3525 3617 allegantibus
3546 3588 3565 3614 ,

1984 3650 2040 3691 ut
2061 3639 2300 3692 instructi
2325 3648 2540 3706 possent
2566 3639 2630 3692 ad
2653 3641 2827 3692 omnia
2855 3641 3194 3708 respondere.
3226 3642 3291 3695 Et
3316 3657 3436 3697 cum
3453 3644 3565 3711 jam

1981 3736 2185 3799 Septem
2213 3729 2402 3782 delecti
2422 3739 2610 3801 essent
2630 3745 2658 3780 a
2687 3732 2916 3794 caeteris,
2945 3732 3033 3800 qui
3059 3735 3237 3785 omnia
3268 3750 3361 3801 pro
3386 3737 3566 3789 muni-

1984 3820 2081 3873 bus
2109 3828 2354 3888 agcrcnt,
2385 3798 2586 3872 litteras
2613 3828 2787 3872 tamen
2821 3822 2961 3888 ipsas
2988 3822 3178 3888 quibus
3207 3834 3391 3879 nostro
3416 3840 3567 3878 man-

1981 3908 2105 3962 dato
2131 3909 2450 3977 respondere
2481 3910 2655 3962 conati
2683 3918 2827 3974 sunt,
2857 3908 3018 3963 totius
3046 3912 3253 3965 concilii
3283 3915 3363 3968 sui
3396 3916 3568 3969 nomi-

1983 4015 2050 4055 ne
2079 4000 2454 4069 protulerunt,
2483 4010 2731 4071 tauquam
2775 4002 3049 4069 epistolam
3089 4003 3156 4055 ab
3184 4004 3432 4059 omnibus
3463 4006 3573 4062 illis

1981 4089 2048 4144 ad
2085 4090 2423 4160 Cognitorem
2453 4092 2649 4162 datam.
2679 4092 2846 4159 Quam
2874 4093 2917 4146 si
2947 4093 3210 4149 nollemus
3244 4096 3525 4152 admittere
3548 4140 3563 4157 .

1976 4181 2098 4251 jure
2122 4181 2325 4251 Optimo
2364 4181 2660 4237 faceremus
2689 4199 2702 4236 :
2734 4198 2905 4253 neque
2931 4184 3073 4238 enim
3102 4183 3304 4239 ordinis
3328 4195 3444 4240 erat
3468 4227 3481 4246 .
3506 4197 3563 4239 ut

1984 4284 2097 4343 post
2123 4273 2409 4342 injnuetam
2444 4284 2647 4342 septem
2690 4274 2992 4328 hominibus
3018 4290 3251 4341 causam,
3270 4276 3380 4347 jam
3407 4278 3564 4348 quid-

1981 4374 2139 4435 quam
2170 4364 2269 4418 nisi
2298 4380 2392 4434 per
2422 4364 2543 4419 illos
2566 4367 2654 4435 qui
2684 4365 2876 4422 delecti
2908 4367 3135 4433 fuerant,
3163 4380 3427 4440 ageretur.
3454 4372 3562 4426 Sed

1984 4473 2048 4508 ne
2081 4455 2270 4509 litteris
2296 4455 2493 4509 nostris
2522 4455 2722 4511 litteras
2743 4471 2929 4512 eorum
2958 4459 3198 4515 timuisse
3220 4460 3523 4515 videremur
3548 4504 3562 4520 .

1982 4550 2097 4603 Sine
2119 4547 2222 4600 ulla
2252 4546 2583 4601 Inusitationc
2609 4558 2666 4601 ut
2692 4548 2993 4619 legerentur
3011 4551 3341 4605 admisimus.
3367 4554 3563 4622 Optan-

1981 4638 2105 4690 dtnn
2136 4639 2298 4701 enim,
2328 4648 2380 4690 ct
2409 4647 2464 4691 ut
2495 4638 2623 4701 dixi,
2647 4640 2929 4694 emendum
2952 4652 3085 4706 erat,
3116 4653 3170 4696 ut
3203 4653 3318 4712 post
3350 4654 3425 4699 tot
3446 4646 3560 4699 «ιςρ-

1984 4745 2098 4782 rum
2125 4729 2458 4794 dilationem,
2488 4746 2644 4799 quam
2670 4732 2748 4785 eis
2779 4732 3078 4798 petentibus
3105 4748 3562 4800 concesseramus,

1981 4819 2231 4873 all‘errent
2257 4820 2623 4874 elucubratum
2669 4822 2900 4876 laborem
2926 4863 2941 4885 ,
2974 4824 3025 4876 in
3056 4841 3162 4894 quo
3191 4841 3283 4879 eos
3312 4829 3565 4882 mznnlatu

1984 4922 2166 4964 nostro
2195 4926 2300 4964 non
2327 4912 2688 4981 reSpmtdisse,
2718 4915 2845 4966 satis
2876 4925 3125 4985 utrasque
3152 4918 3352 4972 litteras
3380 4921 3563 4989 legi-u-

1984 5001 2121 5054 tibus
2158 5012 2467 5070 appareret,
2499 5011 2552 5056 et
2592 5018 2689 5056 nos
2735 5004 2933 5058 eisdem
2983 5005 3111 5073 ipsis
3151 5008 3336 5062 litteris
3379 5026 3564 5064 eorum

1983 5091 2097 5146 sine
2120 5092 2221 5145 ulla
2246 5092 2500 5147 dilatione
2522 5108 2642 5149 mox
2666 5095 3008 5165 respondisse
3028 5110 3316 5154 constaret.
3340 5100 3393 5156 Si
3420 5102 3563 5155 enim

1985 5182 2227 5239 homines
2270 5194 2375 5238 tam
2408 5188 2561 5241 tardo
2604 5188 2815 5257 ingenio
2842 5198 2965 5244 sunt
2988 5232 3003 5256 ,
3038 5202 3090 5244 ut
3118 5206 3213 5246 eos
3240 5194 3567 5248 arbitrentur

1982 5275 2175 5345 aliquid
2203 5275 2407 5333 dixisse
2428 5319 2443 5342 ,
2468 5278 2521 5332 in
2549 5279 2740 5349 quibus
2768 5280 2899 5335 locis
2922 5282 3156 5338 mandati
3192 5284 3358 5340 nostri
3388 5293 3565 5339 tacere

1983 5367 2286 5431 noluerunt;
2310 5368 2573 5422 neminem
2590 5377 2717 5440 puto
2737 5385 2857 5426 esse
2881 5380 2984 5426 tam
3003 5374 3272 5440 stolidum,
3291 5375 3383 5446 qui
3403 5378 3563 5432 etiam

1985 5456 2036 5509 in
2064 5455 2145 5510 liis
2172 5458 2301 5513 locis
2329 5458 2526 5531 aliquid
2557 5475 2651 5515 eos
2680 5463 3024 5532 respondisse
3052 5465 3339 5533 existimet,
3365 5467 3416 5522 in
3448 5469 3567 5539 qui-

1984 5549 2081 5604 bus
2106 5551 2322 5607 omnino
2350 5561 2642 5610 tacuerunt.
2671 5554 2786 5610 Non
2807 5557 2948 5611 enim
2978 5574 3135 5627 parva
3166 5559 3247 5614 vel
3263 5560 3413 5630 quasi
3434 5574 3564 5615 con-

1987 5647 2263 5699 temnenda
2285 5656 2425 5711 sunt,
2451 5662 2571 5701 cum
2604 5647 2654 5702 in
2685 5647 2765 5702 bis
2795 5649 2969 5719 potius
2998 5652 3172 5704 omnis
3196 5665 3354 5705 causa
3383 5654 3556 5708 consi-

1985 5744 2106 5791 stat.

2940 5836 3363 5914 ringi—dctus.
