4024 6196
448 438 449 441 η
498 395 587 449 δυ.
628 389 758 446 Nam
788 388 978 441 te—tinn
1002 385 1084 439 uia
1115 383 1507 452 Scriptnrarnm
1547 381 1738 450 quibus
1773 375 2006 434 περι-θὶς

429 499 547 543 ntus
594 482 881 535 Ecclesiant
937 476 1023 531 cui
1075 473 1531 530 eommunicamus
1560 513 1573 536 ,
1605 470 1673 525 ab
1709 468 2006 524 Jerusalem

427 583 674 642 οωιιιιιιη,
709 581 819 624 toto
840 579 1100 624 terrarum
1130 565 1259 621 orbe
1281 563 1523 626 dillundi,
1554 571 1806 630 tanquam
1830 558 2007 613 omni-

428 681 496 717 no
521 663 660 716 dicta
686 676 790 714 non
822 658 1017 713 fuerint
1035 696 1050 723 ,
1085 655 1456 725 praeterierunt
1484 666 1671 721 magna
1702 650 1841 705 mole
1865 648 2005 703 diri-

429 770 509 808 ne
525 751 851 808 auctoritatis
874 747 1135 819 oppressi.
1161 746 1287 805 Item
1314 743 1453 813 quod
1474 744 1525 797 in
1548 752 1731 795 nostro
1756 737 2008 794 mandato

428 844 657 915 positum
685 851 767 897 est
789 841 856 895 de
880 841 1036 895 beato
1057 837 1326 911 Cypriane
1345 876 1360 899 ,
1387 832 1476 904 qui
1499 831 1801 887 tolerandos
1828 830 2003 899 potius

427 938 479 994 in
521 936 754 991 Ecclesia
798 933 999 998 malos,
1030 946 1185 1001 quam
1218 937 1434 999 propter
1474 940 1567 981 eos
1592 922 1881 983 Ecclesium
1907 921 2005 975 de-

426 1030 705 1088 set-endam
728 1068 743 1093 ,
771 1036 827 1082 et
852 1034 1119 1098 praecepto
1144 1021 1448 1085 admonuit,
1470 1028 1646 1073 etsuo
1674 1014 2005 1070 conﬁrmavit

426 1122 698 1191 exemplo.
730 1118 989 1187 attingere
1014 1115 1234 1169 omnino
1266 1126 1369 1167 non
1392 1109 1505 1163 ausi
1529 1114 1694 1163 sunt:
1725 1103 1893 1160 credo
1917 1103 2005 1157 in-

428 1210 785 1280 intelligentes
814 1207 954 1277 quod
993 1196 1637 1275 Cyprianiauetoritatem
1662 1195 1707 1248 si
1736 1195 1786 1251 in
1826 1193 2004 1261 aliquo

428 1301 625 1370 scripto
671 1298 787 1368 ejus
831 1293 1146 1351 labefactare
1192 1297 1496 1353 tentarent,
1529 1286 1821 1343 faterentur
1847 1283 2005 1338 etiam

429 1406 527 1446 nos
554 1398 696 1446 recte
719 1386 1019 1441 auctoritati
1050 1383 1163 1452 ejus
1189 1396 1296 1436 non
1325 1379 1516 1437 cedere
1539 1417 1555 1442 ,
1589 1377 1641 1431 in
1676 1391 1741 1429 eo
1768 1373 1907 1444 quod
1934 1372 2003 1427 de

430 1480 669 1541 iterando
695 1478 964 1546 Baptistae
986 1475 1157 1529 solent
1176 1472 1293 1543 ejus
1313 1470 1504 1540 placita
1532 1469 1617 1523 vel
1643 1468 1854 1522 decreta
1887 1481 2011 1534 pro-

431 1575 566 1625 ferre
596 1584 789 1639 :quam
834 1582 930 1621 nec
972 1566 1139 1635 ipsam
1168 1564 1236 1619 de
1281 1560 1550 1629 Baptismo
1591 1557 1840 1630 Cypriani
1880 1570 2009 1611 sen-

432 1663 646 1717 tentiam
702 1668 889 1731 aperte
939 1669 1363 1719 commemorare
1408 1653 1731 1716 voluerunt,
1781 1650 2010 1707 scientes

429 1756 586 1807 etiam
610 1752 715 1806 illic
733 1793 746 1814 ,
772 1750 815 1805 si
837 1748 1070 1805 facerent
1090 1790 1104 1812 ,
1126 1763 1186 1803 se
1202 1745 1499 1801 olfensuros
1519 1759 1639 1801 esse
1660 1741 2009 1810 naufragium;

428 1848 680 1915 quoniam
705 1841 1001 1914 Cyprianus
1028 1854 1131 1893 non
1161 1838 1370 1907 reliquit
1404 1836 1682 1901 unitatem;
1712 1843 1906 1893 etcum
1932 1832 2011 1888 eis

434 1938 485 1989 in
515 1935 605 1990 illa
633 1931 920 2004 permansit
948 1970 962 1994 .
985 1931 1073 1999 qui
1095 1931 1163 1984 de
1194 1929 1292 1984 hac
1333 1943 1391 1983 re
1434 1926 1643 1982 diversa
1684 1934 1967 1987 senserunt
1996 1942 2010 1978 :

436 2026 571 2079 lllllic
612 2034 703 2081 aut
730 2034 855 2079 tunc
896 2022 1140 2079 Ecclesia
1171 2021 1376 2090 perisse
1405 2017 1625 2077 dicenda
1655 2028 1737 2071 est
1758 2056 1775 2082 ,
1803 2025 1861 2071 et
1906 2031 2011 2071 non

434 2116 661 2186 fuitjam
698 2132 764 2173 ex
790 2131 894 2185 qua
925 2122 1236 2171 nasceretur
1267 2113 1499 2166 Donatus
1527 2110 1776 2173 illorum;
1807 2118 1898 2163 aut
1925 2106 2011 2174 si,

433 2210 573 2279 quod
599 2223 783 2265 verum
809 2217 887 2263 est
917 2248 932 2273 ,
963 2205 1256 2277 permansit
1283 2204 1517 2260 Ecclesia
1538 2244 1553 2269 ,
1585 2218 1690 2257 non
1718 2203 1769 2255 in
1795 2216 1855 2254 ea
1885 2216 2017 2255 con-

437 2302 695 2359 taminant
716 2299 839 2355 mali
865 2298 1053 2360 honos,
1075 2297 1214 2353 sicut
1236 2293 1533 2366 Cyprianus
1558 2293 1717 2347 etiam
1734 2291 2013 2361 judicavit,

435 2392 523 2462 qui
569 2407 689 2446 cum
721 2390 928 2445 diversa
982 2387 1336 2449 sentientibus
1383 2386 1434 2440 in
1481 2383 1669 2440 eadem
1709 2383 2017 2437 diversitate

438 2481 744 2551 permansit.
778 2481 855 2534 Ac
884 2495 978 2549 per
1020 2478 1121 2532 hoc
1166 2477 1250 2532 isti
1291 2493 1350 2532 se
1393 2473 1707 2537 detestando
1735 2473 2016 2542 sacrilegio

436 2573 737 2631 schisntatis
782 2572 1104 2635 induerunt,
1159 2569 1248 2640 qui
1298 2577 1513 2640 propter
1562 2567 1744 2622 nescio
1790 2582 2015 2636 quorum

434 2666 654 2721 crimina
680 2679 785 2719 non
811 2663 1027 2734 probata
1058 2704 1073 2727 ,
1105 2661 1313 2723 etiamsi
1343 2675 1464 2714 vera
1496 2666 1699 2724 essent,
1726 2657 1875 2713 nullo
1903 2672 2017 2710 mo.

435 2757 504 2810 do
547 2771 606 2811 se
651 2755 719 2810 ab
755 2753 956 2809 unitate
1007 2761 1119 2807 toto
1146 2751 1276 2806 orbe
1300 2748 1491 2804 dill‘usa
1534 2762 1784 2817 separare
1822 2746 2021 2801 debue-

435 2859 579 2905 runt.
636 2846 751 2904 lloc
801 2846 877 2901 illi
936 2854 1190 2915 quantum
1243 2842 1555 2911 intelligitur
1607 2839 1955 2909 pnnvidentes
1999 2877 2015 2902 ,

433 2940 505 2995 ab
551 2938 644 2993 illo
698 2936 1003 2992 testimonio
1027 2935 1042 2966 ‘
1066 2933 1338 3005 Cypriani,
1366 2930 1510 3001 quod
1562 2931 1612 2985 in
1659 2938 1842 2984 nostro
1869 2943 2023 2983 man-

433 3030 560 3084 dato
616 3036 1088 3085 commemoratum
1162 3033 1284 3090 est,
1351 3032 1462 3083 toto
1526 3021 1739 3076 silentio
1793 3019 2019 3075 transic-

434 3130 578 3177 tum.

504 3213 594 3268 5|.
643 3209 778 3266 Illud
816 3210 975 3267 etiam
1019 3206 1163 3279 quod
1205 3207 1259 3263 in
1302 3219 1462 3261 causa
1506 3202 2015 3260 Maximianistarum

436 3303 536 3373 ipsi
564 3317 778 3375 quoque
804 3316 903 3359 suo
928 3299 1128 3370 judicio
1154 3298 1511 3363 declararunt,
1542 3312 1645 3352 non
1673 3304 1888 3364 propter
1908 3304 2021 3349 ma’.

438 3396 520 3450 los
560 3393 817 3448 unitatem
862 3391 1256 3455 deserendum,
1299 3390 1393 3460 qui
1435 3388 1736 3447 Maximiani
1779 3388 1958 3444 socios
1989 3403 2019 3443 a

323 3471 343 3485 λ
440 3484 761 3539 Maximiano
786 3483 1036 3538 dixerunt
1075 3499 1178 3535 non
1211 3482 1370 3535 fuisse
1402 3481 1665 3550 pollutos,
1694 3489 1749 3534 et
1776 3495 1869 3535 eos
1896 3480 2020 3535 inde

437 3591 570 3647 quos
597 3574 1019 3640 damnaverunt,
1052 3573 1103 3627 in
1136 3572 1340 3629 honore
1384 3572 1587 3640 integro
1630 3578 2019 3640 susceperunt;

439 3678 494 3724 et
516 3665 845 3737 Baptismnm
881 3663 1077 3719 Christi
1118 3664 1242 3719 licet
1281 3662 1410 3718 foris
1437 3663 1503 3717 ab
1530 3661 1768 3723 Ecclesia
1793 3661 1974 3717 datum
2000 3703 2019 3729 ,

436 3757 831 3830 agnoscendum
870 3756 1047 3828 potius
1090 3771 1247 3826 quam
1289 3754 1665 3815 destruendum
1705 3768 1825 3810 esse
1864 3768 2020 3809 mon-

438 3860 692 3915 strarunt,
722 3866 843 3905 cum
869 3865 900 3903 a
926 3848 1198 3904 Feliciano
1226 3848 1276 3902 in
1308 3846 1595 3903 schismate
1624 3846 1938 3917 baptizatos,
1965 3855 2020 3901 et

437 3960 560 4009 cum
593 3943 687 3999 illo
728 3951 908 4011 postea
940 3950 1186 4010 receptos
1215 3940 1406 3994 iterum
1450 3938 1720 4009 baptizare
1756 3954 1862 3993 non
1904 3937 2020 3992 ausi

440 4044 565 4091 sunt
593 4052 607 4088 :
638 4034 797 4093 etiam
828 4033 928 4088 hoc
957 4048 1086 4102 ergo
1126 4046 1246 4086 cum
1288 4031 1341 4086 in
1382 4042 1565 4085 nostro
1593 4028 1841 4085 mandato
1874 4029 2022 4099 lege-

441 4136 559 4187 rant
579 4169 595 4193 ,
633 4124 914 4183 tacendum
948 4125 1122 4195 potius
1150 4133 1204 4178 et
1233 4122 1661 4193 praetereundum
1683 4163 1697 4187 ,
1728 4138 1887 4193 quam
1917 4123 2020 4177 ulla

442 4219 863 4274 contradictione
887 4215 1243 4272 rel'rieaudum
1272 4230 1392 4271 esse
1431 4224 1772 4270 censuerunt.
1796 4215 2019 4269 Causam

442 4309 601 4363 etiam
629 4307 898 4362 Caeciliani
924 4322 955 4358 a
982 4320 1143 4361 causa
1171 4304 1422 4361 Ecclesia:
1465 4304 1518 4359 in
1549 4313 1732 4359 nostro
1772 4303 2021 4358 mandato

442 4398 766 4463 distinctam,
786 4406 839 4451 et
864 4398 1039 4457 tamen
1059 4396 1217 4452 ctiam
1241 4395 1409 4466 ipsam
1435 4395 1580 4451 omni
1598 4411 1663 4449 ex
1682 4404 1827 4465 parte
1847 4395 2023 4450 defen-

443 4504 589 4555 sam,
620 4486 996 4558 respondendo
1020 4501 1238 4556 prorsus
1270 4501 1375 4541 non
1409 4486 1717 4555 attigerunt.
1738 4484 1867 4551 Quis
1896 4500 2022 4555 ergo

444 4598 537 4636 eos
557 4581 631 4635 illi
657 4578 906 4635 mandato
923 4587 1109 4635 nostro
1126 4577 1466 4647 respondisse
1487 4579 1794 4643 arbitretur,
1812 4576 2024 4647 quando

443 4683 627 4727 contra
657 4671 770 4727 haec
794 4670 970 4725 omnia
1000 4669 1202 4725 nullum
1232 4667 1450 4723 verbum
1482 4667 1678 4733 facere,
1698 4681 1807 4722 nec
1832 4668 2021 4722 saltem

445 4765 849 4836 qualiscumque
868 4761 1235 4832 responsionis
1254 4760 1661 4815 obumbratione
1674 4761 1850 4814 conati
1874 4761 2021 4815 sunt?

443 4855 594 4921 Quod
616 4864 793 4911 autem
818 4853 918 4907 visi
941 4862 1066 4908 sunt
1090 4854 1110 4887 ⁸
1134 4850 1481 4920 respondere,
1506 4850 1645 4920 legat
1669 4852 1755 4920 qui
1779 4852 2023 4916 voluerit,

428 4958 500 5017 ,et
523 4948 744 5018 judicet,
771 4946 944 5003 eidem
982 4945 1078 5015 ipsi
1110 4944 1359 4999 mandato
1388 4952 1572 4997 nostro
1614 4942 1897 4999 etutferens
1934 4944 2023 4998 Iit-

448 5055 588 5100 teras
613 5057 796 5098 eorum
818 5082 832 5107 ,
858 5049 1056 5111 pncter
1094 5037 1496 5108 reSponsioncm
1516 5078 1530 5100 ,
1576 5052 1734 5107 quam
1775 5038 2029 5093 continuo

448 5132 797 5196 reddidimus,
821 5146 921 5200 qua
945 5128 1124 5189 omnia
1145 5126 1391 5184 vanitatis
1416 5140 1604 5183 eorum
1631 5127 2028 5182 machinamen-

450 5234 503 5278 ta
528 5223 783 5283 subversa
809 5228 934 5275 sunt
956 5221 1055 5290 (a).

520 5312 744 5377 CAPUT
786 5310 954 5368 XXX.
979 5341 1049 5352 —
1073 5310 1144 5367 5%
1191 5310 1309 5367 Jam
1343 5309 1471 5366 illud
1491 5353 1507 5377 ,
1533 5310 1579 5365 si
1608 5320 1816 5366 montes
1838 5325 2029 5364 aureos

511 5578 527 5607 ί
565 5576 698 5634 mliti,
725 5571 846 5624 illud
871 5572 1205 5624 testimonium.
1232 5579 1286 5622 Αι
1313 5580 1436 5634 uss,
1458 5572 1520 5622 ab
1542 5571 1625 5623 illo
1641 5571 1918 5632 tertiatertia,
1934 5580 2029 5622 etc.

516 5638 533 5667 ⁸
570 5632 707 5692 b‘diti,
724 5635 814 5684 nisi
838 5643 963 5684 sunt.
982 5640 1087 5682 tttss.
1117 5646 1253 5690 vero,
1280 5632 1366 5684 risi
1388 5640 1514 5684 sunt.

519 5697 588 5755 (ιε)
625 5697 737 5743 \ide
761 5698 877 5744 infra
903 5700 950 5744 in
974 5694 1265 5756 Appendice.

1154 273 1242 326 AD
1284 268 1704 325 DONATISTAS
1744 264 1909 322 POST
1946 259 2447 328 COLLATIUNE“,
2490 265 2528 320 ὃ
2591 265 2951 322 AUCUSTINI

3591 268 3695 325 6M

2120 380 2387 447 daremus,
2416 383 2627 451 quando
2644 396 2823 437 emere
2838 396 3146 451 possumus,
3171 382 3311 452 quod
3331 382 3561 453 (objecta
3588 384 3693 438 sibi

2116 469 2416 527 Maximiani
2450 486 2609 527 causa
2631 516 2644 539 ,
2680 484 2735 526 ut
2765 474 3120 543 intelligerent
3146 489 3214 527 eo
3240 475 3404 528 modo
3443 489 3545 529 non
3589 475 3703 524 ot.-.

2116 560 2279 617 fuisse
2322 562 2607 617 Cazciliano
2652 564 3087 634 conciliumque
3133 565 3185 618 in
3234 580 3357 621 eum
3413 566 3690 619 absentem

2111 653 2441 722 septuaginta
2459 654 2694 723 episcopi
2717 654 2857 723 quod
2880 655 3161 709 voluerunt
3183 655 3691 724 pronuntiaverunt,

2110 746 2377 815 quomodo
2418 761 2523 800 non
2553 746 2728 801 obfuit
2758 747 3025 801 Primiano
3054 762 3175 801 eum
3219 747 3462 801 similiter
3491 747 3692 801 absen-

2114 849 2217 894 tem
2247 855 2341 907 pro
2368 841 2688 896 Maximiano
2709 853 2921 897 centum
2953 843 3122 898 ferme
3142 844 3377 913 t‘piSCOpi
3402 843 3689 896 damnave-

2111 932 2253 1003 runt)
2275 934 2738 989 vehementissime
2759 934 3051 1004 perturbati
3081 944 3134 989 et
3156 935 3206 987 in
3232 933 3532 988 horrendas
3554 948 3688 989 con-

2112 1025 2239 1077 trusi
2266 1025 2534 1093 angustias
2564 1024 2983 1092 responderunt,
3014 1041 3102 1078 nec
3131 1042 3335 1079 causam
3359 1041 3528 1079 causa:
3546 1068 3560 1086 .
3591 1042 3685 1079 nec

2110 1130 2373 1181 personam
2394 1115 2727 1185 prrejudicare
2747 1131 3010 1185 persona;
3038 1116 3119 1171 his
3150 1116 3484 1184 paucissimis
3506 1116 3688 1169 verbis

2112 1213 2272 1259 totam
2302 1215 2532 1259 nostram
2552 1221 2787 1270 causam,
2811 1206 2879 1260 de
2907 1222 3008 1277 qua
3037 1222 3156 1261 cum
3184 1207 3264 1260 eis
3291 1207 3539 1275 superius
3557 1221 3690 1259 oen-

2111 1295 2452 1366 lligebamus,
2484 1298 2702 1350 omnino
2748 1299 2996 1351 invictam
3042 1312 3162 1352 esse
3204 1296 3518 1351 firmantes?
3547 1296 3684 1363 Quid

2111 1386 2255 1440 enim
2284 1387 2425 1440 aliud
2452 1389 2740 1456 agebamus
2764 1396 2842 1442 tot
2867 1388 3182 1449 testimoniis
3220 1398 3524 1441 sanctorum
3569 1387 3686 1441 elo-

2110 1478 2375 1548 quiorum,
2412 1488 2554 1533 tanta
2580 1480 2894 1533 auctoritate
2934 1479 3356 1557 Prophetarum,
3400 1479 3689 1548 Apostolo-

2114 1584 2260 1632 rutn,
2311 1568 2680 1639 episcoporum
2729 1570 3069 1638 ipsorumque
3108 1569 3558 1634 adversariorum,
3588 1568 3687 1621 de-

2114 1668 2474 1719 monstrantes
2502 1662 2671 1715 bonos
2704 1676 2734 1714 a
2773 1662 2925 1715 malis
2950 1660 3415 1715 Sacramentorum
3446 1675 3690 1714 commn-

2114 1752 2273 1807 nione
2317 1767 2420 1805 non
2466 1752 2662 1819 pollui,
2704 1751 2747 1805 si
2791 1751 2993 1815 corde,
3049 1752 3359 1815 Voluntate,
3408 1751 3687 1815 moribus,

2114 1842 2365 1909 Operibns
2393 1842 2635 1896 diversas
2664 1842 2894 1896 habeant
2914 1840 3141 1907 causas,
3170 1852 3465 1912 gerantqne
3502 1858 3692 1910 perso-

2117 1930 2250 1985 nas?
2274 1931 2408 1997 Quid
2432 1931 2573 1985 enim
2598 1930 2740 1985 aliud
2767 1931 3159 1996 laborabamus,
3178 1932 3284 1985 nisi
3314 1942 3363 1985 ut
3389 1944 3690 2000 appareret,

2116 2036 2219 2078 nec
2246 2037 2460 2077 minisaut
2486 2037 2664 2079 causae
2687 2063 2704 2088 ,
2739 2038 2836 2076 nec
2879 2038 3159 2091 personam
3193 2023 3541 2092 prmjudicare
3572 2041 3692 2093 prr-

2116 2113 2295 2167 sonm?
2322 2112 2432 2168 Hoc
2461 2114 2558 2184 ipsi
2591 2113 2823 2167 breviter
2844 2113 3104 2181 compulsi
3132 2129 3337 2167 summa
3375 2116 3693 2168 necessitate

2115 2201 2394 2268 dixerunt,
2434 2205 2558 2273 quia
2580 2203 2597 2235 ¹
2633 2219 2756 2257 cum
2800 2220 2829 2256 ιι
2869 2205 3022 2258 nobis
3047 2203 3136 2258 diu
3164 2205 3451 2270 diceretur,
3485 2207 3692 2258 Veritati

2117 2295 2308 2350 cedere
2339 2296 2641 2350 noluerunt.

2189 2387 2411 2443 CAPUT
2438 2387 2625 2443 XXXI.
2646 2417 2719 2429 —-
2736 2388 2826 2443 55.
2855 2386 2984 2441 ldnd
3011 2387 3170 2441 etiam
3199 2386 3387 2457 quibus
3408 2387 3693 2451 thesauris,

2118 2479 2309 2547 quibus
2328 2480 2536 2547 Opibus,
2560 2480 2754 2548 quibus
2781 2480 3135 2548 pretiosorum
3161 2478 3393 2548 lapidum
3418 2480 3698 2549 aggeribus

2120 2570 2401 2624 emendum
2432 2568 2546 2634 fuit,
2571 2569 2710 2639 quod
2740 2570 2969 2637 majores
2996 2584 3121 2623 suos
3149 2570 3286 2639 apud
3316 2554 3693 2640 imperatorem

2118 2661 2517 2716 Constantinum
2561 2672 2866 2730 persecutos
2916 2661 3257 2716 Cmeilianum
3309 2677 3414 2715 non
3461 2662 3700 2716 confiteri

2123 2761 2347 2815 tantum,
2380 2768 2560 2805 verum
2589 2752 2746 2805 etiam
2785 2752 3016 2821 profiteri
3042 2762 3199 2821 atque
3228 2752 3440 2822 gloriari
3484 2752 3702 2806 minime

2121 2841 2462 2907 dubitarunt,
2493 2858 2722 2911 euntque
2746 2843 2815 2897 ab
2844 2842 3166 2911 ltnpcmtore
3203 2843 3506 2897 damnatum
3536 2844 3699 2896 etiam

2122 2935 2427 2992 mentiendo
2450 2950 2759 2993 asseverate
2801 2935 2975 2989 conati
3018 2935 3181 2989 sunt?
3204 2934 3306 2991 Ubi
3336 2944 3416 2987 est
3444 2935 3529 2988 illa
3558 2950 3660 2987 vox
3679 2974 3698 2998 ,

2121 3043 2221 3097 qua
2253 3042 2346 3083 vos
2375 3028 2622 3097 decipere
2647 3039 3074 3095 consueverunt,
3114 3029 3270 3082 nobis
3292 3027 3548 3082 invidiam
3569 3042 3702 3082 cori-

2121 3120 2384 3184 citantes,
2432 3119 2574 3189 quod
2616 3119 2755 3190 apud
2804 3119 3182 3189 imperatorem
3224 3135 3443 3174 causam
3485 3134 3706 3189 agamus

2126 3212 2410 3268 Ecclesia}?
2442 3210 2539 3266 Ubi
2580 3225 2705 3267 sunt
2735 3212 2893 3267 verba
2922 3212 3176 3267 Primiani
3207 3211 3346 3283 apud
3373 3222 3488 3265 acta
3530 3211 3703 3280 magi-

2123 3311 2322 3359 stratus
2363 3300 2815 3372 Carthaginiensis
2844 3316 3097 3372 expressa
3123 3322 3137 3356 ε
3161 3300 3251 3355 Illi
3280 3310 3480 3371 portant
3518 3301 3708 3354 multo-

2122 3410 2239 3449 rum
2254 3395 2610 3464 imperatorum
2631 3409 2804 3449 sacras
2819 3395 2860 3460 ⁸,
2884 3409 2975 3448 nos
2990 3395 3099 3447 sola
3119 3392 3377 3459 oﬁ‘en'mur
3391 3390 3668 3463 Evangelia
3682 3393 3709 3446 .’

2125 3485 2225 3542 Ubi
2253 3493 2340 3541 est
2366 3486 2451 3542 illa
2484 3486 2734 3555 praclara
2761 3485 2991 3541 laudatio
3010 3528 3025 3550 ,
3065 3502 3168 3556 qua
3193 3485 3455 3540 extollunt
3483 3500 3704 3554 separa-

2123 3575 2323 3631 tionem
2362 3590 2515 3631 suam
2533 3619 2547 3637 ,
2580 3576 2818 3632 (licentes
2838 3616 2857 3644 ,
2896 3591 3007 3632 eam
3036 3592 3145 3630 esse
3171 3574 3449 3630 Ecclesium
3478 3576 3710 3629 veritatis

2123 3680 2237 3735 quae
2266 3665 2656 3735 persecutionem
2686 3668 2893 3734 patitur,
2917 3683 3019 3721 non
3038 3681 3152 3734 qua
3175 3665 3329 3738 facit?
3345 3664 3551 3734 Nempe
3576 3666 3705 3720 elisa

2123 3767 2228 3827 est,
2256 3774 2447 3828 nempe
2470 3769 2751 3828 prostrata.
2778 3758 3048 3830 Leguutur
3069 3758 3467 3829 persecutiones
3480 3774 3667 3813 eormn
3686 3777 3708 3822 ι

2123 3864 2319 3921 negare
2347 3864 2450 3905 non
2481 3859 2726 3920 possunt,
2755 3851 2877 3921 quia
2903 3850 3147 3920 leguntur
3168 3849 3326 3905 etiam
3359 3849 3708 3919 subscriptio.-

2125 3956 2222 3996 nes
2257 3956 2468 3997 eorum.
2508 3941 2776 3998 Tenemus
2816 3958 2913 3997 eos
2960 3941 3317 4009 conﬁtentes,
3362 3941 3707 4010 proﬁtentes.

2124 4032 2412 4103 gloriantes
2436 4033 2668 4101 majores
2696 4048 2822 4087 suos
2857 4034 3198 4088 Carcilianum
3237 4032 3376 4102 apud
3420 4034 3710 4102 Imperato-

2125 4141 2239 4179 rem
2268 4126 2497 4197 graviter
2525 4136 2833 4195 pcrsecutos
2856 4144 2869 4180 :
2904 4135 3148 4180 tenemus
3170 4128 3330 4179 etiam
3358 4124 3709 4179 Cmcilianmn

2126 4218 2205 4273 eis
2252 4217 2691 4287 persequentibus
2729 4218 2798 4271 ab
2846 4220 3168 4286 lmperatore
3217 4217 3548 4269 damnatum.
3590 4214 3709 4269 Non

2126 4326 2254 4381 ergo
2289 4310 2398 4377 jam
2436 4310 2702 4374 clament,
2747 4311 3168 4379 segregatiouem
3217 4324 3366 4362 suam
3417 4307 3541 4363 ideo
3568 4322 3710 4361 esse

2130 4401 2423 4456 Ecelesiam
2452 4400 2726 4467 veritatis,
2758 4400 2880 4470 quia
2921 4400 3343 4469 persecutionem
3392 4413 3499 4453 non
3546 4397 3708 4461 facit,

2129 4493 2221 4549 sed
2249 4496 2444 4561 patitur
2472 4500 2602 4545 :aut
2626 4491 2894 4546 fateantur
2922 4507 3027 4545 non
3054 4478 3173 4545 eam
3208 4490 3372 4545 fuisse
3410 4490 3708 4546 Ecclesium

2128 4584 2397 4645 veritatis,
2425 4582 2639 4652 quando
2678 4597 2707 4635 a
2735 4582 3024 4651 majoribus
3059 4597 3245 4635 eorum
3271 4580 3590 4635 Cmcilianus
3621 4597 3712 4651 pa-

2131 4674 2377 4728 tiebatur.
2404 4674 2458 4727 Si
2484 4672 2629 4727 enim
2671 4672 2925 4727 continuo
2956 4672 3081 4727 inuti
3110 4683 3233 4727 sunt
3262 4674 3348 4743 qui
3376 4675 3705 4744 persecutio-

2132 4781 2251 4819 nem
2283 4764 2579 4833 patiuntur;
2619 4763 2791 4818 bonus
2819 4773 2934 4817 erat
2956 4761 3269 4818 Qecilianns
3296 4763 3512 4833 quando
3541 4763 3712 4832 patie-

2135 4856 2306 4909 batur.
2360 4857 2416 4910 Si
2480 4866 2658 4913 autem
2709 4864 2883 4924 potest
2930 4855 3147 4924 quidem
3203 4853 3317 4909 ﬁeri
3374 4863 3435 4909 ut
3481 4865 3539 4909 et
3588 4856 3710 4909 mali

2131 4948 2552 5016 persecutionem
2582 4947 2869 5015 patiantur,
2910 4947 3006 5002 sed
3052 4948 3177 5000 boni
3208 4962 3313 5000 non
3344 4955 3571 5016 possunt
3595 4961 3710 5001 esse

2132 5036 2221 5106 qui
2254 5035 2482 5102 faciunt;
2517 5052 2619 5091 non
2645 5046 2798 5093 erant
2837 5036 2963 5091 boni
2992 5038 3225 5105 majores
3250 5052 3467 5101 eorum,
3499 5038 3711 5107 quando

2133 5128 2473 5184 Gratianum
2506 5127 2979 5201 persequebantur.
3011 5128 3183 5183 Porro
3221 5128 3265 5183 si
3309 5129 3424 5185 ﬁeri
3456 5137 3635 5198 potest
3661 5138 3712 5182 ut

2133 5229 2193 5278 et
2213 5218 2339 5276 boni
2366 5218 2584 5285 faciant,
2611 5229 2670 5276 et
2700 5220 2821 5275 mali
2850 5222 3117 5289 patiantur
3141 5236 3155 5286 ;
3187 5234 3294 5275 non
3320 5219 3443 5275 ideo
3466 5235 3568 5274 nos
3604 5218 3711 5275 cul-

2130 5316 2293 5387 pandi
2313 5330 2526 5377 sumus,
2552 5329 2650 5367 nec
2675 5314 2795 5365 ideo
2814 5314 2901 5364 isti
2928 5311 3210 5376 laudandi,
3228 5312 3357 5382 quia
3376 5312 3486 5367 tale
3509 5310 3721 5381 aliquid

2132 5408 2439 5479 patiuntur,
2456 5405 2615 5475 quale
2634 5404 2985 5459 Czecilianum
3007 5404 3313 5474 majoribus
3330 5404 3450 5458 suis
3470 5402 3721 5459 facienti-

2137 5503 2475 5570 buspassum
2493 5514 2617 5554 esse
2634 5500 2960 5568 gloriantur.
2982 5496 3050 5553 Et
3079 5507 3261 5554 tamen
3277 5497 3632 5553 Catonianum
3650 5497 3723 5550 ab

2202 5666 2220 5697 ⁸
2261 5663 2433 5729 Ferte,
2468 5662 2571 5729 qui.

2202 5733 2223 5763 ι
2260 5725 2339 5774 lir.
2385 5721 2533 5789 legit.
2580 5732 2629 5775 et
2661 5724 2767 5775 Ven
2799 5762 2811 5785 ,
2847 5735 3000 5772 sacra.
3037 5721 3099 5771 Μ.
