4024 6196
322 302 421 356 683

321 414 641 483 imperatore
671 412 979 467 damnatum
1004 413 1226 465 omnino
1267 428 1371 465 non
1416 410 1650 464 constitit
1675 427 1688 464 :
1716 408 1811 462 sed
1840 408 1892 460 in

320 508 435 573 ejus
458 504 793 558 absolutione
814 512 976 573 atque
996 502 1328 573 purgatione,
1348 516 1469 572 qua:
1490 499 1899 569 judiciiepisco-

1735 294 1932 349 L-lliiili
1976 293 2171 351 UNUS.

3482 297 3586 352 αα

2007 408 2147 476 quod
2174 408 2440 464 fatendum
2464 419 2567 478 est,
2596 424 2700 465 non
2726 410 3047 466 habebamus
3085 413 3138 466 in
3178 414 3421 468 manibus
3442 454 3456 475 ,
3485 416 3579 469 sed

2009 498 2228 555 forsitan
2257 502 2303 557 si
2327 500 2519 557 alicubi
2550 516 2670 558 esse
2694 502 3032 569 audiremus,
3058 503 3201 559 unde
3241 506 3394 560 nobis
3420 508 3585 577 gratis

321 596 454 666 palis
480 603 536 650 et
557 593 848 664 imperialis
876 594 1188 649 recitatione
1210 594 1555 657 constiterat,
1598 591 1670 645 nil
1714 600 1897 661 postea
2006 590 2120 647 dari
2148 606 2253 646 non
2276 602 2513 660 inissent,
2540 594 2776 664 quolibet
2802 595 3026 664 prmio
3058 597 3493 664 perveniremus,
3526 611 3583 653 ut

324 685 536 753 probari
565 686 737 754 potuit
763 686 1119 741 immutatam.
1142 683 1220 739 ita
1246 684 1443 741 factum
1470 695 1557 740 est
1574 728 1588 747 .
1612 692 1670 737 ut
1694 693 1897 739 remota

318 776 586 833 (Ξωοίιὶαυί
625 777 969 833 damnation
1010 777 1079 832 de
1119 793 1222 848 qua
1264 777 1371 848 ipsi
1406 778 1612 832 mentiti
1639 786 1781 840 sum,
1813 790 1899 831 re-

322 868 579 924 manserit
605 867 902 938 persecutio
929 883 1089 938 quam
1118 867 1352 938 majores
1380 881 1510 922 suos
1550 866 1742 923 fecisse
1768 882 1903 922 cett—

321 963 445 1018 iussi
471 972 613 1017 sunt.

388 1056 480 1109 δι.
508 1055 701 1109 Parum
732 1053 825 1107 fuit
847 1061 904 1107 ut
948 1052 1288 1107 Ctecilianurn
1322 1052 1392 1106 ab
1440 1051 1765 1121 imperatore
1806 1050 1900 1105 da-

321 1156 557 1199 mnatum
577 1152 632 1197 et
648 1143 954 1198 mentiendo
970 1143 1193 1212 gloriari
1219 1143 1497 1208 auderent,
1524 1151 1586 1198 et
1613 1140 1904 1197 asserenda

321 1236 550 1307 probare
576 1251 680 1288 non
708 1244 932 1305 possent
959 1251 973 1287 :
1004 1234 1219 1303 insuper
1246 1234 1403 1288 etiam
1438 1234 1819 1302 probaverunt,
1848 1240 1909 1287 et

323 1336 504 1381 nostra
546 1326 601 1380 in
631 1340 749 1379 eam
791 1339 907 1380 rem
950 1323 1266 1379 docunenta
1314 1325 1503 1379 fortius
1545 1322 1902 1392 adjuverunt,

320 1415 591 1473 Cteciliani
617 1414 1010 1469 absolutionem
1035 1413 1295 1467 mansisse
1322 1411 1682 1467 ﬁrmissimam
1700 1452 1715 1477 ,
1752 1427 1856 1465 non
1886 1452 1903 1477 ,

327 1507 461 1559 sicut
488 1505 695 1559 mentiti
724 1504 935 1560 fueram
959 1544 975 1570 ,
1002 1504 1343 1575 imperatoris
1381 1502 1675 1572 posteriore
1705 1502 1907 1572 judicio

329 1612 376 1650 m
408 1594 733 1650 contrarium
758 1602 1105 1649 commutato.
1127 1592 1261 1648 Nam
1287 1595 1456 1664 primo
1472 1592 1787 1649 Nilevitana:
1808 1592 1910 1647 Ec-

324 1686 503 1745 clesia:
556 1683 876 1741 catholicum
929 1684 1236 1755 episcopum
1283 1681 1532 1753 Optatum
1582 1683 1907 1739 recitandum

328 1785 677 1843 putaverunt,
711 1774 1021 1845 pollicentes
1051 1774 1173 1828 inde
1213 1788 1273 1829 se
1312 1773 1634 1843 probaturos
1669 1773 1910 1828 Caecilia-

322 1881 449 1923 num
477 1866 544 1923 ab
573 1865 895 1936 lmperatore
915 1864 1244 1920 damnatum.
1268 1865 1397 1933 Qua:
1426 1865 1582 1919 lectio
1601 1880 1721 1920 cum
1742 1866 1943 1935 magis,

321 1970 510 2012 contra
538 1972 633 2013 eos
670 1958 1004 2023 recitaretur,
1033 1973 1190 2013 uerno
1218 1958 1385 2012 risum
1419 1957 1588 2027 potuit
1610 1957 1907 2014 continere.

323 2050 426 2117 Qui
461 2060 636 2105 tamen
678 2050 818 2107 risus
856 2065 962 2105 non
1001 2051 1184 2122 utique
1225 2050 1599 2120 conscriptioni
1638 2052 1943 2120 gestormn'

325 2140 581 2211 potuisset
605 2141 819 2214 adjnngi
838 2182 857 2206 ,
888 2152 938 2195 et
966 2140 1185 2197 omnino
1214 2140 1487 2207 latuisset,
1528 2139 1627 2193 nisi
1655 2151 1710 2194 et
1733 2140 1907 2209 ipsum

324 2232 495 2288 latere
535 2247 640 2288 non
679 2232 915 2289 sinerem
960 2234 1231 2307 dicentes,
1271 2232 1493 2287 Audiam
1526 2233 1617 2303 qui
1651 2233 1912 2287 riserunt:

328 2324 430 2379 hoc
449 2339 576 2380 sane
597 2325 852 2395 scriptum
876 2335 976 2392 est,
1000 2333 1055 2381 et
1074 2324 1451 2394 subscriptum.
1475 2324 1628 2393 Quod
1647 2324 1790 2379 enim
1815 2340 1912 2394 pro

325 2430 385 2469 se
411 2414 516 2484 legi
558 2415 864 2481 voluerunt.
892 2415 1200 2486 ambiguum
1242 2415 1340 2470 fuit
1366 2432 1383 2470 :
1414 2415 1555 2470 unde
1578 2429 1697 2471 cum
1728 2415 1913 2471 rectis-

322 2508 466 2561 sime
501 2506 759 2576 Cognitor
781 2506 1033 2575 iussisset
1073 2507 1231 2576 paulo
1278 2507 1523 2577 superius
1568 2507 1814 2571 recitari,
1854 2516 1912 2562 ut

322 2597 453 2651 inde
481 2597 524 2651 si
549 2606 765 2667 possent
789 2598 948 2653 verba
976 2597 1065 2652 illa
1089 2598 1479 2662 clarescerent;
1506 2597 1607 2652 hoc
1633 2598 1910 2652 recitatum

316 2699 410 2743 est
438 2687 579 2759 quod
606 2689 888 2755 nolebant,
916 2688 968 2743 id
995 2698 1077 2743 est
1096 2728 1111 2755 ,
1135 2688 1476 2743 Caecilianum
1516 2686 1683 2742 fuisse
1719 2703 1911 2759 purga-

325 2789 447 2833 tum
472 2796 488 2844 ;
518 2796 678 2849 quem
720 2781 865 2850 prius
892 2778 1178 2851 legendum
1218 2778 1473 2835 dederant
1494 2819 1509 2843 ,
1537 2795 1642 2833 non
1672 2780 1809 2833 sicut
1832 2779 1913 2848 ja-

317 2872 542 2927 ctaliant
563 2872 870 2926 damnatum
889 2912 905 2937 ,
940 2871 1034 2927 sed
1067 2871 1258 2926 Brixia:
1282 2870 1424 2925 bono
1450 2870 1595 2940 pacis
1620 2878 1909 2925 retentum.

322 2962 424 3018 llic
447 2977 567 3017 eum
594 2962 875 3029 dixissent,
906 2962 1011 3019 illis
1036 2961 1215 3017 verbis
1241 2959 1490 3029 Optatum
1515 2959 1911 3015 damnationem

322 3051 595 3108 Cmeiliani
624 3062 916 3108 extenuare
942 3051 1204 3118 voluisse;
1230 3051 1425 3106 dictum
1454 3060 1536 3105 est
1560 3050 1639 3105 eis
1659 3091 1674 3114 ,
1716 3058 1772 3103 ut
1797 3050 1913 3104 evi-

323 3146 540 3203 dentem
570 3144 835 3201 Caeciliani
865 3143 1261 3199 damnationem
1292 3141 1507 3197 aliunde
1529 3142 1833 3205 recitarem,
1856 3147 1915 3194 ut

324 3238 395 3291 ab
425 3236 623 3305 Optato
646 3250 765 3289 eam
796 3243 1133 3288 extenuatam
1165 3242 1345 3303 posset
1370 3232 1611 3294 ostendi,
1643 3232 1731 3301 qui
1756 3246 1915 3301 aper-

327 3330 535 3386 tissime
562 3327 853 3397 scripserat
877 3325 1221 3381 Caccilianum
1262 3322 1427 3379 fuisse
1464 3333 1767 3393 purgatum.
1802 3321 1913 3377 lloc

325 3437 451 3476 eum
498 3418 672 3473 facere
711 3417 929 3472 omnino
973 3430 1077 3471 non
1122 3423 1379 3484 possent,
1427 3413 1718 3484 interjectis
1756 3422 1915 3482 atque

324 3509 711 3566 consummatis
730 3508 967 3563 omnium
985 3522 1254 3561 morarum
1272 3504 1558 3576 superﬂuis
1574 3504 1908 3574 ambagibus,

234 3643 243 3652 .
326 3600 665 3672 apertissime
710 3614 808 3652 nos
844 3597 1099 3668 adjuvare
1135 3605 1428 3667 ceperunt.
1467 3595 1741 3665 Tanquam
1771 3595 1913 3651 enim

326 3706 361 3746 ι
406 3689 564 3746 nobis
602 3698 783 3743 essent
828 3687 1101 3750 instructi,
1131 3687 1213 3742 vel
1241 3696 1490 3757 tanquam
1533 3686 1805 3741 nobiscum
1848 3686 1911 3740 ad

330 3781 691 3837 innocentiam
716 3779 988 3834 Cmciliani
1024 3776 1408 3832 defendendam
1438 3776 1917 3846 deelarandamque

332 3872 525 3928 delecti
546 3912 563 3939 ,
587 3886 709 3925 cum
741 3878 1074 3941 quiereretur
1098 3867 1169 3921 ab
1194 3868 1273 3922 eis
1293 3907 1307 3929 ,
1337 3875 1394 3921 ut
1422 3869 1466 3920 si
1498 3875 1721 3937 possent.
1738 3877 1916 3920 Osten-

332 3967 528 4021 derent
552 3963 693 4035 quod
720 3961 969 4017 dicebant
991 4001 1007 4026 ,
1036 3959 1332 4031 posteriore
1351 3958 1550 4027 judicio
1573 3956 1915 4011 Caecilianum

332 4059 402 4111 ab
426 4055 752 4125 bnpm'atore
777 4052 1084 4108 damnatum
1113 4089 1129 4115 ,
1158 4050 1314 4118 cujus
1343 4048 1682 4117 Imperatoris
1714 4047 1919 4101 litteras

336 4148 658 4217 legeremus,
686 4160 803 4215 quae
835 4143 980 4198 illum
1011 4141 1355 4197 ostenderant
1380 4139 1675 4193 absolutum
1701 4156 1714 4193 :
1738 4146 1918 4209 protu-

334 4240 515 4293 lerunt
539 4236 772 4291 libellum
793 4233 1050 4302 majorum
1076 4245 1291 4287 suorutn
1310 4229 1375 4284 ad
1397 4228 1639 4283 eutndem
1657 4228 1919 4284 Constan-

335 4331 503 4384 tinum
558 4328 931 4395 imperatorem
963 4387 969 4392 ,
998 4322 1213 4386 datum,
1273 4336 1381 4390 quo
1442 4319 1774 4389 apertissime
1822 4317 1919 4377 de-

335 4426 697 4475 monStrarent
734 4417 876 4471 illius
899 4414 1101 4485 judicio
1127 4421 1188 4470 se‘
1220 4413 1393 4483 potius
1420 4410 1583 4468 fuisse
1614 4410 1915 4470 damnatos.

334 4510 566 4581 Contigit
613 4508 759 4564 enim
800 4508 878 4561 eis
921 4505 1065 4577 apud
1114 4504 1510 4576 imperatoriam
1564 4512 1916 4574 potestatem,

335 4602 477 4674 quod
504 4602 732 4657 inimicis
761 4601 929 4657 sancti
959 4598 1211 4663 Danielis,
1243 4596 1335 4669 qui
1362 4596 1462 4651 hoc
1486 4596 1552 4650 ab
1580 4594 1782 4651 eisdem
1805 4595 1920 4651 leo-

338 4694 494 4749 nibus
538 4692 676 4762 passi
724 4700 868 4757 sunt,
919 4689 1060 4760 quod
1107 4689 1214 4763 pati
1263 4689 1541 4745 voluerant
1581 4689 1916 4751 innocentem

337 4784 499 4851 (Dan.
523 4799 595 4848 vr,
613 4782 726 4852 2t).
758 4782 855 4839 ilic
881 4796 1001 4839 cum
1030 4779 1258 4837 breviter
1282 4778 1741 4835 admonuissemus
1772 4779 1919 4835 illum

338 4876 573 4931 libellum
603 4891 699 4945 pro
729 4873 885 4931 nobis
914 4882 1099 4928 eontra
1143 4886 1203 4927 se
1246 4870 1424 4939 potius
1455 4868 1707 4924 recitasse
1730 4909 1745 4933 ,
1773 4867 1920 4924 aliud

340 4968 659 5023 addiderunt
679 5008 692 5029 .
721 4968 1057 5038 proferentes
1082 4964 1320 5034 ejusdem
1351 4963 1689 5032 imperatoris
1714 4962 1923 5020 litteras

344 5060 411 5116 ad
438 5059 687 5115 Verinnm
718 5057 975 5113 vicarium
1005 5055 1178 5120 datas,
1201 5054 1289 5109 ubi
1320 5069 1414 5109 eos
1436 5054 1667 5124 graviter
1691 5053 1925 5109 detesta-

351 5162 456 5214 tur,
489 5159 543 5207 et
568 5149 774 5205 Domini
796 5148 999 5219 judicio
1034 5146 1123 5219 qui
1153 5144 1263 5217 jam
1290 5146 1341 5199 in
1362 5159 1458 5203 eos
1481 5154 1714 5214 creperat
1748 5144 1924 5199 vindi-

347 5258 508 5307 care,
555 5243 867 5309 dimittens,
923 5237 1426 5310 ignotniniosissima
1477 5235 1802 5306 indulgentia
1856 5237 1927 5294 de

348 5334 539 5390 exsilio
578 5334 852 5391 relaxavit.
898 5330 973 5386 ιω
1022 5329 1451 5386 manifestissime
1495 5328 1768 5394 constitit,
1817 5343 1921 5382 non

349 5428 523 5484 solum
566 5426 766 5484 nullam
807 5421 1076 5481 Carciliani
1117 5421 1511 5480 damnationem
1544 5419 1706 5475 fuisse
1744 5428 1925 5491 postea

350 5529 691 5578 consecutam
715 5558 733 5586 ,
759 5532 942 5573 verum
973 5514 1134 5573 etiam
1176 5513 1296 5584 ejus
1336 5512 1720 5577 absolutionem
1767 5520 1927 5580 atque

352 5611 742 5684 purgationem,
770 5617 823 5665 et
854 5623 1063 5680 poenam
1093 5606 1303 5661 illorum
1332 5602 1630 5659 detestabili
1659 5601 1931 5672 indulgen-

351 5704 421 5760 tia
446 5700 615 5759 {uiue
640 5700 917 5757 ﬁrmatam.
954 5698 1077 5754 [late
1105 5707 1210 5752 tam
1239 5694 1548 5750 excellentia
1577 5692 1895 5749 documenta
1914 5734 1927 5759 ,

2010 682 2165 736 nobis
2191 681 2472 737 scribenda
2501 685 2953 753 permitterentur.
2979 686 3246 754 Quantum
3274 700 3453 744 autem
3484 688 3586 745 dar

2010 788 2207 838 remus,
2232 775 2276 829 si
2304 770 2492 831 venale
2521 788 2925 846 proponeretur,
2948 787 3005 832 ut
3022 792 3121 848 pro
3149 780 3306 834 uoltis
3329 782 3489 835 etiam
3514 782 3584 836 ab

2010 864 2138 934 ipsis
2158 864 2476 921 adversariis
2505 866 2846 936 legerentur?

2078 954 2302 1012 CAPUT
2332 955 2545 1012 XXXIL
2566 986 2639 998 —-
2659 958 2749 1014 55.
2776 957 2912 1025 Quid
2940 957 3147 1015 videtur
3170 958 3292 1014 addi
3327 959 3436 1029 jam
3467 977 3587 1030 pos-

2010 1062 2089 1109 se,
2118 1056 2176 1101 ut
2201 1062 2299 1102 nos
2322 1047 2643 1102 cumulatius
2681 1049 3027 1118 adiuvarent?
3055 1049 3121 1103 Et
3151 1060 3326 1104 tamen
3368 1050 3588 1104 addide-

2012 1149 2152 1194 runt.
2183 1137 2745 1197 Commemoraverunt
2780 1141 2922 1196 enim
2958 1157 3174 1197 causam
3210 1142 3397 1197 Felicis
3424 1146 3591 1212 Aptu-

2010 1230 2226 1299 gnensis
2247 1231 2284 1295 ¹,
2305 1245 2339 1285 a
2358 1246 2463 1299 quo
2482 1230 2795 1286 Cacilianus
2810 1230 2985 1286 fuerat
3003 1234 3294 1297 ordinatus,
3319 1234 3403 1288 cui
3428 1233 3587 1288 Felici

2014 1320 2309 1375 traditionis
2332 1321 2532 1375 crimen
2560 1319 2916 1376 intenderant.
2940 1322 3197 1377 Absoluta
3220 1332 3395 1377 autem
3421 1323 3591 1378 Caeci-

2013 1413 2153 1468 liano
2180 1427 2298 1468 cum
2326 1413 2660 1482 perﬁcienda:
2687 1414 2976 1469 instaretur
3008 1415 3215 1482 unitati,
3235 1416 3585 1486 quaestionem

2012 1504 2080 1560 de
2110 1505 2212 1559 isto
2229 1504 2409 1561 Felice
2423 1514 2843 1569 conuuoverant,
2864 1522 2932 1561 eo
2952 1506 3113 1561 modo
3138 1521 3294 1575 posse
3324 1506 3591 1560 arbitran-

2018 1605 2098 1650 tes
2146 1594 2489 1651 Czceilianum
2539 1596 2651 1665 jam
2704 1606 2983 1666 purgatum
3038 1596 3229 1650 alierris
3278 1596 3589 1657 criminibus

2015 1688 2231 1743 irretiri.
2268 1688 2448 1742 Etiam
2490 1688 2606 1741 haec
2645 1703 2778 1758 ergo
2818 1702 2979 1743 causa
3006 1688 3197 1742 Felicis
3228 1687 3469 1743 discussa
3508 1697 3591 1742 est

2015 1776 2384 1846 promnsulari
2406 1776 2610 1847 judicio
2638 1778 2756 1849 (a);
2784 1779 2872 1832 ubi
2904 1777 3251 1847 liquidissime
3290 1777 3592 1832 innocentia

2014 1868 2207 1925 Felicis
2228 1870 2493 1939 apparuit.
2522 1869 2628 1924 Sed
2652 1870 2902 1939 quoniam
2928 1869 3142 1939 quidam
3170 1866 3438 1939 ingeritius
3456 1910 3473 1934 ,
3501 1870 3591 1940 qui

2014 1959 2188 2014 eidem
2227 1959 2429 2029 judicio
2470 1958 2751 2015 adversum
2799 1959 3030 2015 Felicem
3076 1958 3266 2013 falsum
3302 1975 3362 2014 so
3404 1960 3595 2015 fecisse

2014 2049 2288 2105 coriessus
2314 2060 2418 2116 est,
2449 2066 2548 2105 nec
2576 2050 2750 2120 puniri
2778 2051 2930 2105 facile
2964 2049 3146 2104 debuit
3170 2050 3261 2105 ubi
3285 2065 3447 2107 causa
3472 2052 3594 2121 epi-

2015 2142 2161 2211 scopi
2193 2140 2516 2202 vertebatur,
2549 2155 2648 2195 nec
2686 2140 2841 2194 facile
2877 2156 2906 2194 a
2936 2141 3253 2211 proconsule
3276 2140 3472 2195 dimitti
3496 2158 3592 2211 po-

2018 2233 2111 2287 tuit
2138 2232 2266 2287 tanti
2289 2233 2533 2289 criminis
2559 2248 2702 2299 reus,
2723 2234 2822 2288 nisi
2850 2231 3175 2303 lmperatore
3198 2236 3465 2297 consulto,
3484 2250 3597 2305 quo

2023 2324 2258 2378 instante
2282 2323 2369 2377 illa
2395 2324 2573 2377 omnia
2603 2324 2923 2393 gerebantur
2952 2340 2964 2376 :
2992 2322 3172 2376 retulit
3206 2323 3329 2378 inde
3365 2338 3596 2393 procrin-

2015 2417 2130 2480 sul,
2174 2425 2233 2471 et
2276 2415 2552 2485 rescripsit
2592 2415 2901 2484 Imperator,
2948 2422 3002 2468 ut
3040 2412 3107 2467 ad
3147 2412 3262 2483 ejus
3288 2414 3597 2469 mutatam

2017 2507 2156 2564 idem
2202 2506 2473 2576 lngentius
2518 2505 2837 2569 mitteretur,
2870 2503 3053 2558 veiens
3076 2504 3310 2573 majores
3338 2504 3558 2558 istorum
3579 2546 3596 2569 ,

2016 2612 2048 2651 a
2066 2597 2261 2667 quibus
2284 2596 2519 2668 quotidie
2548 2595 3003 2664 interpellabatur,
3027 2594 3079 2648 in
3096 2595 3383 2667 praemia
3414 2598 3598 2649 contu-

2020 2691 2153 2751 tari;
2186 2688 2316 2743 nihil
2365 2697 2541 2743 tamen
2588 2687 2837 2741 dubitans
2872 2686 2941 2741 de
2971 2687 3316 2756 purgatione,
3348 2688 3457 2740 imo
3478 2698 3600 2741 eain

2019 2779 2304 2833 verborum
2329 2793 2540 2849 quoque
2562 2792 2781 2832 suornm
2805 2777 3231 2831 nianifestatione
3251 2776 3598 2841 conﬁrmans,

2019 2870 2155 2924 sicut
2185 2868 2497 2938 rescriptum
2524 2868 2643 2935 ejus
2666 2867 2917 2923 ostendit.
2944 2868 3067 2922 ΙΙωο
3096 2882 3197 2922 nos
3227 2868 3404 2921 omnia
3425 2868 3599 2922 docu-

2021 2971 2197 3019 menta
2218 2976 2394 3016 cauare
2422 2960 2611 3015 Felicis
2635 2962 2687 3014 in
2717 2961 2962 3015 manibus
2980 2960 3327 3023 habebamus,
3347 2972 3400 3015 et
3421 2960 3603 3031 dispo-

2017 3066 2295 3107 sueramus
2318 3051 2531 3107 tradere
2560 3050 2849 3107 recitanda.
2874 3049 2928 3105 in
2944 3066 3051 3122 quo
3078 3050 3173 3121 ipsi
3200 3066 3298 3107 nos
3327 3066 3603 3121 pruenti-

2020 3149 2164 3207 runt,
2189 3150 2247 3196 et
2270 3141 2484 3197 easdem
2515 3140 2855 3212 Imperatoris
2899 3142 3104 3197 litteras
3143 3141 3210 3196 de
3248 3141 3491 3212 ingemit)
3531 3145 3600 3197 ad

2021 3250 2081 3287 se
2110 3233 2370 3289 mittendo
2396 3234 2604 3304 priores
2624 3232 2957 3304 protulerunt
2979 3250 2992 3295 ;
3011 3242 3066 3287 ct
3089 3233 3467 3299 recitaverunt,
3488 3234 3599 3303 jan‘t

2019 3323 2248 3381 fortasse
2272 3324 2426 3380 nobis
2450 3340 2513 3379 ea
2541 3339 2643 3379 non
2668 3324 2993 3387 recitaturis,
3021 3324 3143 3394 quia
3174 3324 3419 3381 sufficere
3449 3336 3607 3395 puta-

2022 3417 2212 3474 bamus
2232 3418 2395 3473 etiaan
2424 3432 2640 3473 causam
2669 3415 2939 3473 Cmciliani
2969 3417 3036 3471 ita
3064 3425 3331 3485 peractam
3358 3432 3482 3472 esse
3500 3456 3517 3483 ,
3546 3428 3606 3473 ut

2022 3510 2154 3565 nihil
2181 3510 2411 3578 amplius
2434 3509 2572 3577 exigi
2600 3507 2891 3565 videretur.
2914 3507 3019 3564 Sed
3047 3507 3369 3564 adversariis
3403 3510 3605 3564 nostris

2021 3599 2073 3655 id
2122 3600 2426 3669 agentibus.
2476 3610 2531 3655 ut
2577 3599 2877 3669 persecutio
2924 3613 3081 3668 quam
3136 3598 3365 3669 majores
3413 3612 3606 3655 eorum

2021 3694 2161 3764 apud
2188 3692 2546 3763 Imperatores
2583 3692 2780 3748 nostris
2809 3690 3099 3762 majoribus
3127 3690 3398 3755 iecerunt,
3426 3701 3483 3747 et
3508 3706 3602 3745 oo~

2023 3801 2139 3840 rum
2168 3786 2449 3839 ealtmmia:
2474 3793 2734 3852 superata:
2756 3783 3073 3837 cumulatius
3096 3790 3451 3850 apparerent;
3475 3781 3603 3850 quid

2025 3874 2354 3938 faceremus.
2399 3873 2498 3926 nisi
2542 3873 2715 3926 oblata
2759 3871 2987 3927 libenter
3019 3873 3296 3940 accipere,
3320 3880 3375 3925 et
3402 3870 3603 3940 gratias

2027 3964 2249 4019 Domino
2278 3965 2329 4018 in
2360 3963 2606 4018 omnibus
2632 3962 2825 4032 agere?
2849 3959 3183 4016 Constantini
3226 3975 3355 4031 ergo
3393 3961 3600 4016 litteras

2025 4056 2123 4125 ipsi
2147 4055 2497 4125 protulerant,
2524 4052 2621 4122 ipsi
2647 4052 3025 4107 recitaverunt.
3055 4050 3367 4107 incredibile
3390 4051 3601 4108 videtur

2024 4161 2147 4203 esse
2176 4146 2319 4217 quod
2343 4147 2484 4211 dico,
2506 4145 2602 4209 Sed
2628 4154 2776 4214 gesta
2804 4153 3101 4199 tmtnntnr:
3134 4145 3449 4214 conscripta:
3477 4158 3602 4200 sunt

2028 4253 2215 4294 eorum
2246 4237 2648 4309 prosecutiones
2668 4275 2684 4301 ,
2718 4245 2964 4290 tenentur
2986 4233 3424 4304 subscriptiones.
3460 4233 3561 4304 Ipsi
3588 4277 3602 4297 ,

2028 4328 2243 4400 inquam
2265 4369 2280 4392 ,
2308 4326 2659 4383 recitaverunt
2679 4365 2697 4394 ,
2724 4322 3108 4382 Constantinum
3133 4324 3395 4393 scripsisse
3411 4328 3431 4356 ¹
3469 4328 3603 4396 quod

2025 4420 2273 4477 Etiam“
2301 4418 2569 4491 procursu!
2606 4420 2662 4473 in
2702 4433 2861 4473 causa
2903 4415 3089 4473 Felicia
3122 4415 3432 4473 audientiam
3468 4433 3600 4487 prte-

2025 4512 2186 4567 bua'it
2213 4520 2593 4580 competenter»,
2619 4519 2668 4563 et
2690 4507 2826 4580 quod
2850 4526 2882 4561 α
2909 4507 3120 4563 crimine
3143 4507 3427 4561 traditionis
3446 4507 3601 4561 iuua-

2026 4613 2213 4657 ceutem
2258 4600 2479 4655 Felicem
2526 4602 2685 4668 [uisse
2728 4598 3022 4653 constiterit.
3065 4598 3170 4654 Sed
3201 4596 3491 4669 ingentium
3534 4599 3602 4651 ad

2026 4695 2318 4749 cantitata);
2366 4709 2514 4749 suum
2572 4702 2834 4763 propterea
2884 4691 3013 4745 mitti
3064 4691 3315 4753 voluisse,
3376 4699 3430 4744 ut
3486 4691 3565 4744 ftis
3592 4732 3605 4751 .

2028 4783 2232 4855 inquit,
2264 4785 2352 4853 qui
2392 4784 2442 4837 in
2480 4782 2862 4851 pramntitn'um
2896 4791 3076 4852 agunt,
3112 4790 3158 4833 et
3197 4779 3453 4834 diuturnis
3498 4780 3607 4834 die-

2029 4875 2120 4931 bus
2165 4878 2486 4943 interpellare
2530 4891 2627 4928 non
2666 4873 2935 4939 desinant,
2983 4871 3310 4940 precantibus
3350 4881 3397 4925 et
3435 4887 3607 4925 carent

2030 4970 2371 5026 assistentibus
2416 4983 2664 5039 apparere
2700 4978 2750 5021 et
2793 4965 3018 5022 intimari
3057 4964 3251 5032 possit,
3296 4963 3486 5034 {rustra
3522 4978 3609 5017 eos

2031 5060 2299 5118 Catilinae
2321 5061 2562 5114 invidiam
2581 5071 2923 5127 canunt-esu,
2950 5064 2998 5110 et
3022 5055 3263 5111 adrasus
3283 5071 3399 5110 eum
3422 5054 3613 5108 uiolen-

2033 5167 2109 5211 ter
2128 5156 2387 5225 insurgere
2411 5152 2645 5207 voluisse.
2676 5149 2777 5221 Ipsi
2802 5148 3176 5206 recitaverunt.
3205 5146 3336 5216 Quis
3367 5154 3608 5202 nostrum

2035 5248 2136 5304 hoc
2161 5248 2381 5302 auderet
2402 5256 2611 5317 optare,
2642 5254 2701 5299 nt
2722 5258 2860 5315 quos
2889 5242 3137 5315 iniquitas
3166 5241 3365 5297 fecerat
3393 5250 3608 5295 nostros

2101 5491 2118 5525 ι
2156 5496 2301 5539 Vetus
2321 5487 2475 5555 codex
2498 5485 2820 5545 Oorbeiemis.
2846 5482 3141 5549 Aptueemit.
3167 5483 3252 5534 alii
3274 5479 3373 5535 duo
3390 5478 3617 5532 Miseni

2039 5560 2170 5618 M8,,
2194 5559 2488 5614 ,ψαιοεηαι
2564 5607 2575 5618 ⁸
2673 5607 2685 5618 .
2718 5568 2777 5618 ξ..

2101 5617 2122 5646 ι
2155 5607 2254 5661 ani.
2278 5607 2334 5662 εῑ
2354 5619 2480 5671 im,
2501 5607 2879 5675 meme,

2102 5698 2174 5761 (α)
2212 5694 2323 5745 Vide
2341 5693 2460 5746 infra
2486 5696 2533 5744 in
2558 5693 2831 5757 Appendieo
