4070 6200
371 235 471 289 637
872 230 960 284 AD
1000 226 1423 283 DONATISTAS
1465 226 1630 279 POST
1664 221 2171 283 COLLATIONMI,
2211 223 2266 277 5.
2310 222 2675 278 AUCUSTINI
2732 222 2929 278 LIBER
2973 224 3168 281 UNUS.

376 356 737 410 accusatores,
758 360 856 399 eos
877 344 1073 397 veritas
1100 353 1312 395 nostros
1345 340 1541 394 faceret
1568 336 1880 393 defensores
1905 338 1955 390 '3

378 441 468 495 Sic
495 452 550 494 et
592 440 741 495 illum
782 438 992 491 Balaam
1015 475 1029 500 ,
1070 448 1230 504 quem
1264 434 1592 502 temporibus
1631 432 1863 499 antiquis
1893 429 1959 484 ad

380 529 800 586 maledicendum
831 527 920 580 Dei
947 526 1194 595 pupulum
1222 524 1476 579 conduxit
1504 523 1770 592 iniquitas,
1801 522 1962 575 benc-

376 622 557 679 dicerc
585 618 841 687 compulit
870 618 1064 671 veritas
1096 616 1282 684 (Vina.
1308 616 1484 686 :sm).

448 712 671 768 CAPUT
702 709 940 765 XXXIII.
962 739 1035 750 —-
1051 711 1136 763 4‘36.
1160 710 1309 764 Sicut
1326 720 1501 762 autem
1523 706 1657 761 ordo
1680 706 1958 761 consulum

379 806 645 868 ostendit,
688 819 844 873 quem
895 812 1017 856 tunc
1061 801 1401 855 eritisiderare
1435 800 1688 868 temporis
1717 799 1960 868 angustia

381 911 486 950 non
533 895 742 949 sinebat
774 912 786 946 :
822 908 992 962 neque
1034 893 1176 946 enim
1225 900 1417 961 pra-sto
1461 900 1613 944 erant
1662 890 1824 943 libelli
1872 888 1961 958 qui

379 986 687 1040 consulares
717 995 993 1050 vocantur,
1026 994 1115 1037 aut
1141 984 1417 1055 quisquam
1446 997 1541 1036 eos
1570 996 1693 1061 rem.
1710 990 1814 1035 tam
1847 982 1962 1033 ina-

381 1093 502 1131 nem
534 1075 777 1132 crederet
803 1075 1128 1145 olijecturos,
1161 1084 1218 1128 ut
1246 1073 1569 1143 reSpondcre
1597 1087 1693 1127 nos
1722 1072 1919 1126 vellent
1944 1113 1959 1136 ,

379 1169 503 1239 quid
533 1169 697 1223 misso
723 1167 961 1236 lugentia
985 1176 1192 1236 gestum
1222 1164 1402 1223 fuerit.
1431 1166 1515 1220 vel
1543 1176 1717 1218 utrum
1745 1164 1963 1215 omnino

378 1259 448 1312 sit
494 1259 691 1313 missus
736 1256 1041 1327 Ingentius,
1097 1271 1217 1310 cum
1266 1266 1322 1309 et
1370 1256 1724 1310 innocentiam
1768 1254 1961 1308 Felicis

386 1348 782 1417 proconsularis
802 1347 1064 1401 sententia
1087 1346 1458 1406 detlaravcrit,
1490 1354 1537 1396 rt
1569 1344 1811 1398 eamdem
1844 1360 1963 1397 sen-

383 1439 601 1495 tentiam
649 1439 927 1506 responsio
982 1437 1319 1505 lmperatoris
1360 1436 1428 1489 ab
1477 1436 1605 1501 ipsis
1650 1435 1853 1506 prolata
1911 1444 1965 1489 et

380 1533 600 1589 recitata
630 1529 919 1582 Iirmavrrit
946 1544 959 1580 :
986 1539 1040 1582 et
1069 1528 1240 1596 magis
1266 1528 1443 1595 utique
1474 1526 1567 1595 ipsi
1599 1527 1960 1594 protulissent,

378 1624 423 1677 si
465 1622 588 1693 quid
632 1622 795 1675 misso
823 1620 1059 1689 lugentia
1092 1636 1185 1690 pro
1212 1635 1269 1673 se
1298 1629 1502 1688 gestum
1544 1618 1702 1672 fuisse
1726 1618 1962 1672 confide-

379 1720 499 1766 rent
522 1730 535 1766 :
556 1712 690 1765 sicut
734 1726 862 1780 ergo
882 1710 1165 1765 consulum
1206 1710 1342 1763 ordo
1370 1710 1620 1771 declarat,
1652 1710 1823 1778 primo
1847 1707 1965 1764 Οερ-

378 1803 599 1855 cilianus
629 1802 912 1870 cpisrnpali
930 1800 1132 1870 judicio
1153 1800 1455 1854 Melchiadis
1472 1809 1552 1853 est
1578 1800 1963 1868 absolutus(a),

382 1894 575 1948 deinde
639 1909 742 1946 non
792 1908 825 1962 p
858 1901 910 1945 st
964 1892 1176 1960 longum
1221 1902 1430 1958 tempus
1471 1888 1695 1944 Felirem
1742 1905 1967 1960 procon-

378 1983 538 2038 sulari
582 1982 783 2051 judicio
826 1981 1065 2035 constitit.
1114 1981 1493 2043 innocentem,
1543 1997 1612 2033 ae
1658 1980 1735 2033 sic
1786 1989 1965 2047 postea

379 2074 697 2129 Caecilianus
727 2073 887 2127 etiam
918 2073 986 2127 ab
1016 2073 1343 2141 Imperatore
1385 2072 1522 2125 inter
1562 2079 1739 2141 partes
1767 2086 1965 2142 cogno-

377 2174 562 2219 scente
594 2177 847 2232 purgatus
881 2173 964 2218 est
993 2182 1005 2217 :
1032 2163 1226 2218 deinde
1272 2175 1390 2232 post
1418 2173 1647 2233 quatuor
1672 2179 1843 2218 annos
1870 2164 1967 2218 ad-

379 2254 600 2309 versarii
651 2254 767 2323 ejus
825 2253 1172 2323 ignotiiiniosa
1222 2254 1307 2308 illa
1367 2254 1690 2323 indulgentia
1744 2257 1964 2310 relaxati

375 2356 516 2400 sunt.
568 2345 699 2400 Nam
740 2344 1058 2399 Melchiades
1097 2345 1350 2414 judicavit
1393 2343 1744 2400 Constantino
1788 2354 1872 2401 ter
1908 2356 1962 2401 et

378 2438 583 2493 Licinio
630 2438 821 2491 iterum
875 2436 1183 2491 consulibus
1213 2477 1227 2499 ,
1276 2445 1429 2490 sexto
1478 2452 1645 2491 nonas
1693 2438 1961 2511 octobrqs.

382 2529 625 2585 r‘Elianus
656 2528 939 2599 proconsul
964 2543 1178 2582 causam
1209 2527 1399 2583 Felicis
1424 2528 1643 2594 audivit,
1678 2529 1965 2584 Volusiano

380 2632 434 2677 et
457 2621 704 2677 Anniano
731 2620 1066 2687 consulibus,
1097 2622 1286 2690 quinto
1308 2620 1519 2676 decimo
1547 2621 1798 2676 calendas
1827 2637 1967 2676 mar-

381 2715 503 2778 tias,
538 2711 587 2765 id
620 2722 721 2777 est,
747 2723 867 2782 post
888 2725 1104 2766 menses
1127 2710 1292 2766 ferme
1310 2721 1559 2781 quatuor.
1582 2711 1966 2768 Constantinus

380 2803 446 2857 ad
480 2803 775 2856 Eumalimn
810 2801 1064 2857 vicarium
1098 2802 1165 2855 de
1197 2802 1509 2873 purgatione
1538 2804 1801 2859 Caeciliani
1832 2805 1967 2859 scri-

379 2894 485 2965 psit
515 2893 624 2963 (b),
669 2893 870 2949 Sabino
894 2903 949 2949 et
977 2892 1189 2947 lluffmo
1229 2894 1533 2948 consulibus
1559 2935 1574 2959 ,
1614 2903 1803 2963 quarto
1846 2895 1966 2951 idus

382 2970 731 3049 novemlu-es,
780 2983 832 3038 id
876 2992 958 3038 cst
980 3024 993 3047 ,
1028 2995 1146 3052 post
1181 2984 1449 3038 biennium
1482 2993 1540 3042 et
1564 2999 1775 3038 menses
1801 3000 1968 3055 prope

380 3084 521 3131 octo.
555 3075 616 3129 Et
651 3074 790 3128 idem
835 3072 1125 3142 imperator
1171 3073 1236 3127 ad
1271 3072 1534 3128 Valerium
1579 3073 1830 3129 vicarium
1853 3077 1873 3107 ’
1902 3075 1969 3130 de

382 3169 592 3223 illorum
632 3167 820 3219 exsilio
848 3166 1057 3232 soluto,
1108 3178 1161 3218 et
1202 3182 1386 3220 eorum
1427 3165 1604 3220 furore
1637 3167 1744 3220 lien
1775 3167 1968 3222 vindiei

382 3258 733 3320 dimittendo.
788 3257 994 3312 litteras
1044 3256 1230 3324 dedit,
1277 3255 1469 3327 CrISpt)
1520 3266 1573 3313 et
1621 3257 1970 3312 Constantino

382 3358 572 3411 herum
605 3355 916 3412 consulibus
938 3397 953 3420 ,
998 3356 1155 3411 tertio
1184 3368 1353 3409 nonas
1382 3354 1549 3408 maias
1570 3396 1584 3419 ,
1631 3353 1683 3409 id
1716 3362 1819 3419 est,
1852 3364 1972 3424 post

380 3459 625 3516 quartum
672 3463 902 3511 annum,
936 3456 990 3502 et
1033 3461 1278 3502 mensem
1325 3444 1493 3501 ferme
1534 3456 1767 3501 sextum.
1822 3445 1972 3501 Unde

382 3540 499 3591 sine
524 3537 647 3590 uilis
674 3536 989 3603 ambagibus
1020 3535 1371 3604 liquidissime
1401 3544 1633 3599 constat,
1664 3535 1776 3589 sive
1806 3534 1970 3588 misso

384 3626 451 3680 ad
480 3627 789 3679 comitatum
827 3623 1067 3693 Ingentia
1088 3666 1103 3690 ,
1136 3624 1254 3677 sive
1285 3637 1390 3677 non
1419 3624 1603 3687 misso,
1632 3624 1758 3678 nihil
1788 3634 1970 3692 postea

385 3729 567 3772 contra
601 3715 941 3772 Cincilianmn
966 3714 1129 3770 fuisse
1147 3712 1462 3785 jndicatum,
1492 3715 1599 3770 imo
1618 3731 1739 3769 eum
1760 3715 1973 3785 judiciis

383 3825 596 3882 quoque
625 3808 988 3879 imperialibus
1020 3807 1273 3862 victorem
1311 3805 1739 3861 adversariorum
1770 3815 1824 3861 et
1849 3822 1971 3877 per-

385 3908 691 3955 secutorum
724 3914 941 3954 suorum
972 3905 1154 3968 postea
1183 3896 1534 3952 declaratum.

455 3992 677 4050 CAPUT
711 3990 1026 4047 X.\XlV.——
1043 3990 1130 4044 57.
1158 3989 1413 4043 Eatnuuc
1441 4002 1563 4058 pars
1585 3988 1794 4053 Donati,
1817 3988 1973 4042 toties

388 4085 716 4155 improbata,
753 4084 910 4138 toties
940 4081 1267 4137 calumniosa
1290 4122 1305 4146 ,
1342 4080 1500 4134 toties
1524 4078 1783 4143 mendax,
1817 4079 1973 4133 toties

386 4177 677 4238 confutata.
713 4177 873 4230 toties
917 4174 1090 4228 modis
1115 4175 1363 4229 omnibus
1386 4182 1632 4242 superata
1658 4181 1818 4242 atque
1845 4187 1974 4226 con-

392 4272 503 4325 tusa
527 4270 734 4327 :adhuc
760 4269 924 4339 jactet
946 4268 1180 4338 judicem
1211 4283 1239 4320 a
1273 4264 1424 4320 nobis
1451 4266 1614 4320 fuisse
1630 4276 1969 4332 corruptum;

389 4364 540 4423 quasi
573 4377 670 4416 vox
710 4362 812 4414 alia
842 4361 997 4415 victis
1027 4374 1148 4414 esse
1173 4360 1533 4414 consueverit.
1562 4359 1786 4414 Prorsus
1811 4358 1974 4427 judex

389 4452 817 4522 eorrumpendns
845 4449 975 4515 fuit,
1009 4460 1063 4504 ut
1094 4449 1233 4520 quod
1267 4450 1362 4519 ipsi
1394 4450 1529 4505 bene
1554 4460 1800 4521 egerant,
1835 4449 1975 4504 illius

389 4547 681 4600 ioliriiiaret
708 4544 1014 4598 auctoritas.
1045 4542 1149 4598 Sed
1176 4557 1278 4597 nec
1305 4542 1444 4598 male
1472 4544 1590 4597 illos
1618 4544 1792 4612 egisse
1820 4543 1974 4598 dixe-

393 4637 665 4691 rimziino
720 4650 846 4690 vero
906 4634 1107 4705 optime
1155 4644 1416 4705 egerunt,
1466 4634 1554 4703 qui
1611 4642 1797 4688 contra
1848 4647 1974 4686 suos

389 4743 600 4783 errores
645 4742 743 4797 pro
784 4725 1010 4781 veritate
1061 4734 1204 4780 tanta
1249 4726 1515 4780 dixerunt.
1556 4724 1685 4779 Nam
1727 4724 1772 4779 si
1815 4739 1973 4778 causa

389 4835 574 4873 eoi-inn
621 4817 1017 4883 consideretur,
1062 4832 1250 4872 revera
1293 4826 1479 4872 contra
1512 4816 1766 4886 ipsoszsi
1796 4826 1972 4869 autem

395 4910 793 4975 prosecutiones
815 4922 997 4962 eorum
1028 4908 1289 4977 legantur,
1320 4908 1486 4977 magis
1506 4906 1799 4961 secundum
1830 4906 1975 4973 ipsos

387 5000 664 5072 judicavit.
715 4999 795 5053 An
830 5013 955 5052 vero
998 4999 1049 5051 in
1079 5012 1140 5053 ea
1182 5008 1342 5052 caiisa
1382 4998 1469 5053 ille
1508 4999 1597 5068 qui
1625 4998 1831 5051 medius
1860 5006 1973 5050 erat

458 5117 469 5146 |
508 5115 579 5162 sic
601 5120 705 5162 MSS.
736 5119 789 5162 At
811 5110 947 5174 editi,
972 5118 1022 5161 ut
1058 5122 1174 5174 quos
1213 5109 1437 5174 iniuratus
1459 5112 1637 5173 fecerat
1672 5116 1852 5160 nostros
1886 5109 1976 5161 im-

386 5187 519 5235 pnga
528 5172 918 5237 itorcs._tvmtitas
930 5172 1122 5237 nostra:
1140 5172 1317 5236 faceret
1331 5172 1631 5237 βεβήκοι-ξε.

454 5240 473 5267 ²
509 5242 573 5284 Ita
597 5233 716 5285 editi
737 5233 909 5284 omnes
930 5234 1019 5283 hoc
1042 5233 1163 5294 loco,
1189 5248 1282 5283 nec
1302 5233 1443 5296 aliter
1480 5234 1848 5296 antiquissimus
1864 5240 1975 5296 Cor-

390 5299 610 5347 tietensis
631 5304 711 5345 Ms.
737 5304 792 5346 At
815 5297 1068 5345 Beecensis
1086 5306 1137 5346 et
1152 5293 1466 5345 Michaelinns
1488 5293 1666 5353 ferunt,
1681 5294 1745 5343 ad
1766 5293 1977 5343 Valeria-

390 5371 505 5408 num
528 5357 776 5419 vicarium.
802 5364 937 5407 ltuuc
958 5358 1113 5418 ipsum
1137 5366 1362 5407 verutum
1380 5356 1593 5419 appellat
1609 5368 1777 5419 supra,
1804 5370 1851 5404 ιι.
1884 5356 1974 5415 54ς

391 5429 445 5469 et
467 5422 518 5470 in
540 5418 787 5471 Brevion
801 5417 1093 5477 collatiduis,
1112 5419 1195 5468 die
1214 5420 1374 5479 tertia,
1388 5417 1471 5467 un.
1495 5418 1569 5477 40,
1593 5417 1747 5477 θέει
1770 5420 1817 5467 in
1831 5419 1973 5479 epiSt.

398 5480 563 5540 Hi,n.
576 5484 622 5534 9.
645 5484 716 5533 sic
739 5482 961 5532 etiamin
1000 5476 1160 5531 indice
1183 5476 1452 5530 Collatiaeis
1497 5476 1709 5539 vocatur,
1744 5476 1875 5541 farti
1914 5479 1970 5539 5,

393 5561 494 5610 Cap.
543 5551 556 5596 Ι
576 5552 642 5598 l9.
1144 5578 1185 5609 ο

458 5610 543 5677 te}
558 5611 690 5677 'Yide
727 5616 776 5661 in
812 5616 1117 5677 Appendiee.

463 5668 531 5733 ib)
566 5673 744 5723 Contra
773 5668 1113 5744 Cresconium,
1151 5677 1238 5731 lib.
1278 5680 1326 5742 5,
1361 5693 1411 5731 lt.
1449 5680 1528 5731 82.

3556 233 3659 286 M8

2073 337 2443 390 adversaretur
2464 320 2634 397 nobis.
2662 337 2712 390 in
2735 352 2834 408 qua
2863 338 2935 393 illi
2958 340 3044 408 qui
3072 354 3136 393 ex
3163 339 3394 395 adverso
3420 344 3653 402 stabant.

2069 430 2351 487 dixerunt.
2383 429 2714 498 protulerunt
2735 472 2747 490 .
2779 431 3137 485 recitaverunt
3165 440 3308 485 tanta
3339 449 3433 501 pro
3462 434 3654 489 nobis?

2069 519 2203 586 Quid
2231 534 2410 575 emere
2439 536 2466 573 a
2494 520 2673 591 judice
2698 521 3032 585 deberemus,
3066 523 3275 591 quando
3303 525 3370 577 ab
3400 525 3652 580 adversa.

2071 610 2163 665 riis
2191 610 2277 664 illa
2308 627 2411 664 non
2442 611 2672 666 emimus
2697 652 2711 675 ,
2734 628 2853 681 qua:
2875 613 3109 680 jndicem
3134 626 3416 683 cogerent,
3444 617 3653 671 etiamsi

2069 703 2136 756 ab
2166 703 2296 772 ipsis
2321 705 2613 773 accepisset
2641 704 2936 771 pecuniam,
2968 720 3065 774 pro
3092 707 3244 761 nobis
3276 708 3414 761 ferre
3434 719 3656 763 sentcn-

2074 794 2232 847 tiam?
2259 794 2569 864 Quanquam
2597 801 2640 848 si
2671 810 2776 848 non
2811 811 2931 849 emn
2962 811 3240 852 nossemus
3274 799 3439 853 Dettm
3466 801 3657 854 titneuo

2072 894 2202 946 tem,
2232 896 2281 940 et
2308 885 2528 954 justitiae
2554 886 2887 950 dilectorem,
2912 897 2965 941 et
2987 888 3055 942 ab
3077 891 3323 943 euntibus
3351 892 3654 960 hujusmodi

2071 976 2319 1031 sordibus
2348 976 2616 1038 alienum,
2662 991 2762 1032 nos
2802 977 2853 1032 in
2900 979 3044 1031 illum
3094 979 3251 1035 talem
3297 982 3656 1051 suspicionem

2069 1067 2301 1131 dirigere
2341 1068 2693 1135 deberemus;
2736 1071 2826 1139 qui
2871 1070 3031 1124 nimia
3073 1071 3323 1139 patientia
3348 1115 3362 1137 ,
3408 1089 3529 1128 cum
3562 1089 3657 1126 cos

2070 1162 2272 1216 videret
2299 1164 2464 1231 premi
2495 1165 2734 1229 veritate,
2767 1179 2865 1218 nec
2894 1164 2972 1218 eis
3002 1164 3169 1219 videri
3195 1165 3347 1219 vellet
3372 1167 3652 1231 adversus,

2072 1255 2292 1307 nimium
2335 1256 2600 1324 patienter
2645 1256 2858 1324 pertulit
2900 1256 3143 1311 homines
3194 1273 3289 1326 rer
3332 1258 3507 1311 inania
3561 1274 3658 1312 va-

2070 1355 2275 1416 gantes,
2305 1355 2356 1399 et
2382 1356 2485 1399 tam
2517 1347 2679 1400 multa
2709 1349 2974 1415 superﬂua
3004 1347 3260 1407 diCentcs.
3287 1358 3339 1402 et
3368 1349 3432 1402 ad
3461 1349 3649 1403 eadem

2040 1430 2231 1492 ‘toties
2256 1438 2494 1493 convicta
2519 1439 2831 1504 redeuntes;
2864 1450 2918 1494 ut
2942 1450 3087 1510 gesta
3117 1441 3275 1495 tantis
3298 1442 3659 1497 voluminilus

2073 1526 2291 1584 onerata
2323 1545 2457 1600 pene
2482 1546 2669 1585 omnes
2700 1532 2897 1601 pigeret
2930 1532 3194 1597 evolvere,
3228 1542 3278 1586 et
3305 1534 3657 1603 quemadmoo

2072 1623 2197 1675 dum
2244 1631 2360 1676 acta
2405 1638 2562 1676 causa
2611 1625 2677 1677 sit
2723 1623 2946 1693 legendo
2994 1638 3357 1692 cognoscere:
3391 1626 3529 1695 quod
3578 1626 3654 1681 illi

2075 1727 2250 1768 utrum
2286 1715 2451 1783 magis
2480 1715 2653 1782 inopia
2678 1715 2915 1769 veritatis
2935 1756 2949 1781 ,
2975 1729 3040 1768 an
3073 1714 3326 1769 industria
3355 1715 3658 1771 Calliditalis

2073 1806 2298 1875 egerint,
2328 1806 2525 1858 nescio.
2556 1805 2690 1859 llinc
2713 1814 2885 1859 tamen
2909 1806 3081 1859 solum
3112 1820 3323 1860 causam
3354 1815 3456 1859 tam
3484 1808 3658 1877 pessi-

2075 1911 2214 1950 mam
2246 1904 2529 1965 utcumque
2556 1895 2808 1965 adjuvare
2837 1904 3146 1965 potuerunt,
3177 1911 3332 1965 quam
3362 1898 3535 1966 pntins
3564 1896 3659 1951 de-

2073 2002 2259 2042 serere
2301 1986 2621 2042 debuernnt.
2668 1986 2903 2056 Denique
2933 1988 2974 2040 si
3018 1988 3067 2040 in
3111 1988 3227 2041 illos
3269 1989 3354 2058 qui
3400 1998 3654 2056 egerunt,

2076 2076 2353 2131 intendant
2374 2077 2553 2131 cteteri
2571 2077 2983 2139 accusationem.
3004 2092 3201 2148 eosque
3219 2080 3395 2148 ponus
3416 2089 3659 2133 asserunt

2075 2183 2103 2219 a
2136 2168 2289 2222 nobis
2329 2167 2489 2222 fuisse
2518 2177 2832 2237 corruptos,
2871 2177 2929 2221 ut
2955 2177 3033 2222 tot
3064 2169 3539 2237 prosecutionibus,
3574 2172 3656 2225 vel

2076 2276 2102 2310 a
2136 2275 2193 2312 se
2223 2258 2442 2326 prolatis
2485 2258 2800 2313 lectionibus
2844 2259 2921 2313 sic
2963 2259 3275 2327 adjuvarent
3313 2268 3526 2312 cauSam
3557 2278 3654 2313 no-

2074 2361 2239 2403 strun
2260 2389 2273 2411 ,
2319 2349 2399 2404 sic
2447 2350 2768 2418 perimerent
2797 2363 2978 2414 suam;
3010 2349 3189 2403 nescio
3208 2349 3655 2418 quemadmodum

2074 2456 2132 2493 se
2164 2438 2365 2509 possint
2406 2438 2696 2494 defendere
2716 2482 2730 2503 ,
2760 2448 2813 2493 et
2844 2440 2912 2493 ab
2942 2440 3038 2493 ista
3067 2439 3368 2508 suspicione
3402 2456 3655 2509 purgare.

2076 2531 2174 2584 lllsl
2212 2529 2346 2585 forte
2385 2531 2565 2585 dicant
2588 2571 2602 2594 ,
2644 2531 2697 2585 Si
2725 2532 2961 2599 corrupti
2987 2544 3227 2585 essemus
3251 2572 3265 2597 ,
3306 2544 3521 2585 causam
3551 2543 3657 2587 tam

2076 2621 2290 2687 malam,
2322 2630 2377 2676 et
2404 2634 2499 2691 per
2535 2635 2633 2675 nos
2654 2630 2707 2675 et
2735 2636 2830 2690 per
2857 2621 2979 2674 illos
3018 2620 3337 2688 convictam,
3366 2622 3472 2676 cito
3498 2624 3657 2677 etiam

2079 2713 2355 2769 fluit-emus
2385 2731 2396 2766 :
2426 2728 2568 2769 nunc
2595 2728 2721 2768 vero
2758 2713 2842 2767 vel
2881 2713 3002 2767 inde
3034 2712 3237 2769 credite
3260 2729 3360 2767 nos
3386 2730 3451 2768 ex
3480 2715 3659 2768 animo

2074 2804 2315 2860 adfuisse
2335 2847 2350 2869 .
2383 2814 2437 2860 et
2461 2804 2660 2875 aliquid
2690 2804 2943 2874 prodesse
2970 2805 3231 2871 voluisse,
3263 2806 3403 2874 quod
3434 2807 3654 2859 nmltnm

2077 2897 2344 2969 loquendo
2373 2898 2597 2967 egimus,
2629 2912 2696 2950 ne
2721 2895 2860 2966 qttod
2888 2904 3064 2950 actum
3090 2904 3172 2950 est
3200 2895 3346 2948 facile
3372 2895 3653 2965 legeretur,

2076 2999 2129 3044 et
2161 3004 2255 3044 nos
2281 3005 2400 3043 esse
2437 2989 2607 3043 vietos
2643 2990 2752 3042 cito
2794 2997 3224 3057 cognosceretur.
3260 2986 3316 3042 Si
3351 2988 3449 3041 hoc
3484 2988 3551 3041 ab
3579 2989 3658 3042 eis

2078 3096 2182 3134 non
2223 3081 2408 3146 fieret,
2454 3097 2554 3135 nec
2595 3082 2722 3151 ipsis
2746 3123 2759 3145 ,
2794 3095 2892 3134 nec
2921 3080 3072 3134 nobis
3096 3079 3403 3150 jurantibus
3436 3080 3657 3134 forsitan

2076 3157 2413 3236 crederetur,
2462 3171 2550 3225 illa
2597 3186 2716 3240 qua:
2763 3187 2860 3241 pro
2902 3171 3053 3226 nobis
3089 3183 3274 3228 eontra
3314 3185 3409 3235 se,
3454 3182 3509 3226 ct
3552 3181 3657 3225 tam

2078 3265 2242 3319 multa
2283 3264 2553 3329 dixerunt,
2599 3273 2652 3319 et
2703 3272 2809 3318 tam
2855 3264 3020 3317 multa
3068 3262 3335 3331 legerunt,
3364 3264 3527 3333 gratis
3564 3277 3659 3317 eos

2078 3355 2231 3408 nobis
2271 3354 2449 3408 omnia
2480 3353 2812 3423 priestitisse.
2858 3352 2968 3407 Nec
2998 3363 3170 3407 tamen
3221 3353 3370 3422 ipsis.
3413 3352 3505 3407 sed
3553 3353 3662 3407 Deo

2081 3445 2254 3514 potius
2294 3446 2417 3499 hinc
2455 3445 2663 3514 agimus
2690 3443 2906 3514 gratias.
2951 3441 3021 3498 Ut
3048 3443 3188 3498 enim
3228 3443 3317 3498 illa
3356 3444 3532 3497 omnia
3578 3444 3661 3498 vel

2028 3608 2047 3625 ί
2080 3537 2345 3608 loquendo
2384 3538 2465 3593 vel
2516 3536 2738 3606 legendo
2783 3552 2881 3605 pro
2924 3550 3083 3591 causa
3126 3545 3305 3590 nostra
3355 3547 3663 3606 promerent

2080 3640 2237 3700 atque
2269 3630 2624 3700 propalarent,
2676 3629 2874 3683 veritas
2919 3643 3015 3684 eos
3059 3630 3230 3696 torsit,
3280 3644 3385 3684 non
3431 3629 3664 3685 charitas

2080 3721 2340 3773 invitavit.

2151 3809 2377 3865 CAPUT
2427 3809 2642 3864 XXXV.
2675 3841 2743 3852 —
2773 3812 2862 3867 58.
2914 3810 3283 3881 QuaprOptcr,
3340 3808 3559 3875 fratres;
3620 3812 3663 3865 si

2083 3912 2259 3956 tamen
2289 3917 2392 3955 non
2427 3901 2712 3957 irascimini
2739 3901 2859 3971 quia
2888 3900 3079 3957 fratres
3110 3916 3360 3956 vocamus
3385 3919 3399 3956 :
3424 3902 3497 3955 illi
3523 3901 3664 3955 enim

2080 4009 2202 4047 cum
2234 3992 2336 4048 hoc
2365 4008 2394 4047 a
2426 3993 2579 4048 nobis
2603 3993 2847 4048 audirent
2873 4016 2901 4060 ,-
2935 3994 3179 4063 injuriam
3222 3992 3324 4048 sibi
3368 3992 3482 4048 fieri
3525 3994 3666 4062 apud

2080 4070 2197 4143 acta
2228 4088 2511 4143 dixerunt:
2534 4103 2633 4143 nec
2656 4087 2905 4142 mandato
2932 4087 3413 4150 nostroadmoniti,
3446 4086 3534 4141 ubi
3563 4086 3667 4141 hoc

2081 4195 2148 4233 ex
2168 4180 2425 4252 propheta
2451 4180 2809 4234 testimonium
2838 4179 3067 4249 positum
3091 4190 3191 4243 est,
3218 4179 3453 4233 recolere
3478 4190 3666 4249 potue-

2085 4280 2211 4324 ruut
2250 4270 2416 4325 Deum
2460 4271 2815 4339 praecepisse:
2844 4268 3034 4334 Dicite,
3080 4267 3287 4322 Fratres
3325 4270 3480 4322 uestri
3507 4270 3665 4335 estis,

2082 4363 2160 4416 Iris
2187 4363 2273 4434 qui
2310 4378 2394 4416 vos
2440 4362 2652 4415 oderunt
2692 4371 2739 4415 et
2766 4362 2853 4429 qui
2896 4377 2981 4414 ros
3007 4360 3353 4424 detestantur;
3400 4369 3455 4413 nt
3484 4378 3666 4414 nomen

2086 4454 2288 4508 Domini
2316 4455 2677 4521 honori/iretur
2700 4495 2712 4517 ,
2754 4464 2800 4507 et
2829 4464 3075 4522 appareat
3103 4454 3205 4506 illis
3232 4454 3283 4506 in
3308 4453 3664 4524 jucunditute,

2084 4548 2179 4613 ipsi
2204 4556 2369 4600 autent
2400 4547 2691 4600 erubescant
2726 4545 2874 4617 (Isai.
2918 4561 3059 4612 vat,
3106 4547 3159 4610 5,
3183 4562 3281 4599 sec.
3314 4544 3500 4615 LXX).
3527 4546 3667 4615 Ergo

2079 4639 2210 4709 jam,
2244 4637 2454 4704 fratres,
2488 4648 2742 4709 appareat
2766 4639 2916 4693 vobis
2944 4654 3138 4693 nomen
3164 4640 3367 4693 Domini
3398 4641 3448 4693 in
3474 4638 3670 4709 jucon—

2083 4732 2267 4795 ditate,
2296 4731 2435 4801 quod
2458 4745 2619 4802 super
2640 4746 2735 4786 nos
2760 4730 3058 4785 invocatum
3089 4740 3190 4794 est,
3219 4737 3271 4782 et
3291 4730 3438 4799 cujus
3461 4730 3671 4800 utrique

2084 4825 2426 4879 Sacramenta
2450 4832 2743 4894 portantes,
2770 4840 2873 4878 non
2898 4823 3166 4877 immerito
3188 4822 3413 4877 dicimur
3442 4822 3669 4879 fratres:

2080 4917 2188 4986 jam
2222 4931 2405 4986 pacem
2451 4926 2625 4971 amate
2650 4958 2666 4983 ,
2706 4915 3142 4970 consuetudinem
3173 4915 3587 4980 calumniosam,
3619 4926 3675 4969 et

2086 5009 2559 5079 litigiosamﬁjam
2603 5009 2788 5062 saltem
2832 4994 3126 5062 convictam
3171 5005 3554 5078 confusumque
3588 5023 3673 5061 re.

2088 5100 2308 5170 linquite
2334 5118 2345 5153 :
2372 5116 2469 5154 nec
2513 5101 2659 5169 ipsos
2700 5099 2917 5153 oderitis
2961 5097 3173 5168 quando
3212 5084 3417 5152 ad'nos
3443 5100 3670 5153 correcti

2086 5200 2378 5254 transeunt,
2412 5191 2504 5244 sed
2528 5191 2738 5259 quando
2766 5191 2815 5244 in
2844 5206 3028 5245 errore
3059 5189 3264 5244 nefario
3293 5202 3672 5260 permanentes

2084 5282 2379 5338 vosadhuc
2410 5297 2578 5351 usque
2623 5281 2902 5338 seducunt.
2945 5281 3053 5337 Nec
3098 5283 3199 5336 sibi
3241 5282 3343 5352 ipsi
3385 5282 3562 5351 magni
3592 5282 3674 5336 vi-

2085 5373 2342 5441 deantur,
2397 5375 2536 5442 quod
2588 5374 2668 5428 eis
2716 5372 3077 5433 houoremin
3130 5373 3330 5427 unitate
3380 5371 3673 5428 deferimus

2087 5483 2242 5537 quem
2271 5465 2576 5536 pessideant
2598 5466 2857 5520 liberandi
2880 5484 2892 5519 :
2915 5466 3055 5520 hunc
3079 5456 3219 5520 enim
3249 5465 3506 5519 habentes
3524 5476 3669 5519 extra

2154 5603 2167 5631 ¹
2201 5602 2457 5650 Beeccnsis
2479 5609 2582 5658 διδ..
2599 5601 2989 5663 consuetudinem
3011 5599 3334 5663 ettittgiosam
3359 5598 3667 5663 mutandam.

2090 5662 2177 5711 Alii
2202 5674 2318 5713 vero
2345 5670 2469 5722 uss,
2495 5661 2907 5726 consuetudinem,
2939 5671 2983 5714 ct
3007 5660 3277 5727 litigtolvam,
3306 5660 3651 5712 caluitntiesem
