4070 6200
376 433 495 490 σθεο

388 550 641 605 unitatem
687 549 852 617 magis
889 557 1010 603 sunt
1052 553 1175 604 inde
1212 545 1517 602 damnandi.
1559 545 1719 616 Signa
1758 545 1951 615 quippe

388 641 635 699 militaria
682 640 1040 711 perniciosius
1090 641 1158 695 sb
1211 638 1611 709 usui-potoribus
1659 636 1949 699 habentur,

384 745 549 801 quam
572 729 617 784 si
643 729 866 785 ontnino
892 744 1005 784 non
1030 728 1372 794 haberentur,
1400 742 1503 785 nee
1525 739 1700 781 tamen
1728 726 1806 781 eis
1831 740 1951 780 eor-

386 821 547 877 rcctis
570 830 624 876 et
649 821 701 875 in
728 829 900 876 castra
928 818 1266 889 Imperatoris
1280 818 1521 874 redactis
1538 818 1621 871 illa
1645 816 1956 886 franguntur

383 920 475 965 aut
519 907 827 975 abolentur;
872 908 967 964 sed
1005 922 1100 964 eos
1137 922 1272 977 quos
1295 916 1448 963 antea
1480 905 1772 975 prodebant
1797 913 1954 973 atque

366 997 705 1069 puniebant,
753 998 863 1066 jam
906 1013 1103 1054 ornare
1146 998 1401 1068 incipiunt
1445 1005 1502 1053 et
1541 985 1768 1051 munire.
1814 994 1953 1065 Quid

385 1089 558 1161 adhuc
596 1089 871 1151 attenditis
899 1088 965 1145 ad
996 1105 1187 1146 eorum
1221 1089 1432 1144 insanas
1467 1087 1711 1159 querelas
1740 1096 1792 1138 et
1819 1100 1952 1139 vana

386 1180 696 1235 mendacia?
718 1179 883 1235 Nocte
907 1196 1061 1235 causa
1092 1179 1237 1235 finita
1264 1188 1367 1244 est,
1386 1178 1485 1233 sed
1513 1188 1570 1232 nt
1591 1192 1691 1232 nox
1716 1175 1955 1231 finiretur

382 1269 599 1327 erroris,
626 1267 790 1324 Nocte
817 1269 955 1323 dicta
982 1268 1245 1325 sententia
1265 1277 1369 1331 est.
1396 1267 1490 1322 sed
1518 1266 1727 1335 fulgens
1751 1263 1954 1319 lumine

382 1358 642 1417 veritatis.
672 1358 905 1415 lttt‘lttSOS
929 1374 986 1413 se
1017 1368 1263 1430 tanquam
1300 1359 1353 1413 in
1389 1371 1604 1413 carcere
1630 1356 1794 1411 fuisse
1818 1368 1950 1410 con-

364 1450 554 1521 .questi
583 1459 747 1504 sunt:
772 1450 841 1504 ibi
882 1461 934 1504 et
967 1465 1064 1505 nos
1103 1465 1351 1515 eramus;
1400 1460 1488 1503 aut
1535 1450 1773 1519 utrisque
1817 1447 1949 1502 facta

382 1547 463 1594 cst
489 1538 705 1606 injuria,
736 1550 825 1593 aut
856 1538 1090 1611 utrisque
1114 1540 1349 1595 adhibita
1376 1539 1645 1609 diligentia
1692 1538 1795 1594 Sed
1820 1553 1953 1608 quo-

383 1628 539 1684 modo
565 1629 802 1684 dicamus
844 1631 1090 1701 iniuriam
1112 1672 1126 1693 ,
1172 1630 1382 1700 quando
1408 1630 1460 1685 in
1500 1641 1604 1683 tam
1640 1633 1874 1699 spatioso
1897 1638 1950 1682 et

381 1721 552 1793 lucido
579 1729 631 1774 et
656 1722 981 1791 refrigeranti
1014 1721 1132 1776 loco
1164 1737 1263 1776 nos
1287 1719 1448 1775 fuisse
1481 1718 1807 1774 ret-alimus?
1835 1718 1950 1772 Aut

378 1810 644 1881 quomodo
682 1822 794 1866 erat
823 1826 1038 1875 carcer,
1083 1810 1167 1866 ulti
1209 1820 1325 1866 erat
1362 1820 1410 1865 et
1447 1808 1648 1879 jutlex?
1673 1809 1951 1865 Postremo

378 1900 587 1953 clausos
616 1899 779 1954 fuisse
806 1916 906 1955 nos
947 1901 1332 1963 nesciebamus,
1363 1902 1451 1969 qui
1479 1901 1637 1955 simul
1663 1901 1804 1954 intus
1827 1912 1947 1954 era-

378 2004 492 2044 mus
517 1989 653 2059 :‘ipsi
682 1989 820 2045 unde
841 1990 1052 2058 sciunt,
1094 1991 1192 2046 nisi
1233 1992 1355 2061 quia
1383 1990 1564 2061 fugere
1599 1989 1826 2045 fortasse
1849 2001 1948 2044 vo-

376 2077 606 2134 luerunt.
657 2079 760 2137 Sed
808 2082 928 2153 quis
973 2095 1077 2136 non
1128 2079 1303 2137 videat
1349 2080 1489 2151 quod
1539 2081 1640 2136 ista
1686 2078 1865 2135 inania
1892 2086 1948 2134 et

1169 2223 1535 2234 Μ

1538 2224 1623 2232 οπο-ιι.

385 2223 1050 2275 m

1425 2236 1678 2269 β
1483 2261 1519 2270 _..
1531 2265 1675 2270 Ἥ.

772 2262 1264 2273 mm.-

949 2265 1425 2467 na

1483 2261 1559 2271 —-—-—
1592 2264 1689 2270 -νι-ρ
1737 2263 1765 2270 .-

835 434 894 490 s.
937 429 1637 504 Arcusrtx1_t;t>tscort
1676 427 1906 487 ssauo

2070 425 2558 485 CESAREENSIS
2599 425 2945 482 ECCLESlrE
2984 424 3274 482 PLEBESI.

1561 2258 2773 2464 aenean};

3523 424 3632 485 ωο

2064 543 2281 599 ridenda
2312 544 2486 611 potius
2510 558 2667 614 quant
2695 541 2986 599 refellenda
3004 541 3071 599 de
3098 544 3184 598 tali
3210 540 3497 615 Cognitore
3521 562 3626 601 nos

2061 633 2333 699 dicerent,
2373 632 2419 688 si
2455 648 2550 701 pro
2578 648 2671 689 sua
2699 648 2859 691 causa
2904 645 3123 705 possent
3164 634 3391 689 validum
3436 636 3629 707 aliquid

2060 722 2298 779 invenire
2318 721 2461 791 quod
2482 721 2756 777 dicerent?
2779 722 2989 777 Scimus
3011 738 3169 793 quam
3194 723 3349 777 multi
3377 738 3627 781 vesnum.

2059 825 2111 867 et
2138 814 2274 870 forte
2300 828 2491 869 omnes
2512 826 2598 867 aut
2633 828 2765 882 pene
2794 828 3012 874 omnes.
3039 814 3217 870 dicere
3241 814 3485 878 soleatis.
3522 815 3566 869 O
3593 816 3634 869 si

2060 905 2117 959 in
2144 922 2296 960 unum
2323 904 2488 959 locum
2512 905 2862 959 convenirent!
2884 921 2914 958 ο
2943 905 2988 959 si
3014 905 3286 974 aliquando
3310 906 3595 974 conferrent
3612 945 3627 966 .

2057 1007 2207 1066 atque
2225 996 2327 1051 illis
2352 996 2722 1066 disputantibns
2750 998 2929 1051 veritas
2952 997 3254 1067 appareret!
3275 998 3410 1055 Ecce
3436 996 3630 1052 factum

2022 1106 2025 1111 ’
2058 1096 2157 1148 est,
2188 1100 2313 1142 ecce
2338 1086 2577 1141 convicta
2609 1096 2689 1142 est
2719 1085 2919 1142 falsitas
2942 1128 2963 1153 ,
2986 1102 3112 1143 ecce
3135 1088 3376 1157 apparuit
3402 1089 3596 1145 veritas
3614 1129 3628 1144 .

2059 1175 2181 1245 quid
2216 1176 2386 1230 adhuc
2430 1175 2623 1246 fugitur
2657 1176 2870 1230 unitas?
2910 1176 3033 1245 quid
3076 1176 3251 1233 adhuc
3277 1177 3634 1233 contemnitur

2056 1266 2322 1320 charitas?
2345 1266 2482 1334 Quid
2513 1266 2668 1321 nobis
2695 1275 2778 1321 est
2809 1282 2902 1337 per
2931 1265 3205 1321 hominum
3243 1268 3457 1323 nomina
3484 1267 3618 1323 divi-

2057 1355 2150 1409 di?
2174 1355 2272 1423 Qui
2301 1371 2400 1411 nos
2440 1356 2637 1410 creavit
2666 1372 2803 1411 unus
2830 1365 2910 1411 est
2942 1356 3080 1411 [lens
3102 1398 3117 1417 .
3157 1356 3245 1426 qui
3277 1371 3373 1411 nos
3400 1356 3628 1412 redemit

2058 1460 2194 1499 unus
2217 1453 2301 1499 est
2319 1444 2581 1512 Christus,
2611 1444 2701 1514 qui
2730 1460 2826 1499 nos
2849 1445 3157 1500 consociare
3180 1444 3359 1507 debet,
3392 1460 3527 1499 unus
3551 1456 3631 1499 e5t

2057 1532 2308 1603 Spiritus.
2339 1532 2457 1588 lam
2489 1548 2685 1588 nomen
2717 1533 2923 1588 Domini
2956 1534 3267 1599 houaretur,
3300 1543 3353 1588 ct
3381 1545 3631 1602 appareat

2055 1626 2206 1680 vobis
2233 1625 2285 1679 in
2316 1623 2668 1694 iucunditate,
2712 1632 2770 1679 ut
2791 1625 3087 1694 agnoscatis
3113 1622 3303 1679 fratres
3343 1635 3548 1681 vestros
3577 1623 3628 1678 in

2055 1716 2223 1788 ipsius
2261 1719 2482 1773 unitate.
2532 1716 2648 1772 lam
2689 1715 2740 1770 in
2775 1716 3232 1787 prosecutionibus
3261 1715 3627 1786 episcoporum

2056 1817 2377 1875 vestrorum,
2426 1807 2514 1877 qui
2560 1820 2657 1862 nos
2698 1804 2980 1875 separabat
3016 1820 3170 1859 error
3192 1813 3275 1859 est
3298 1804 3502 1859 victus:
3532 1804 3628 1856 ali-

2053 1899 2265 1970 quando
2306 1900 2359 1955 in
2397 1898 2651 1954 cordibus
2678 1897 2870 1953 vestris
2907 1896 3151 1952 vincatur
3179 1904 3232 1951 ct
3256 1895 3532 1958 diabolus.
3577 1906 3631 1949 et

2050 1989 2196 2060 gregi
2225 2002 2326 2042 suo
2349 1988 2578 2044 collecto
2600 1996 2759 2058 atque
2788 1993 2973 2057 pacato
3014 1985 3085 2042 sit
3114 1985 3376 2058 propitius
3407 1986 3495 2056 qui
3534 1984 3632 2041 hoc

2054 2078 2291 2150 praecipit
2317 2077 2582 2134 Christus.

1640 2214 3630 2249 ΜΨ

2147 2257 2465 2269 »δομᾶᾁ--ραοο-ο
2492 2257 2556 2269 ι-ηρλ
2574 2257 2705 2269 σιμ
2728 2257 3626 2275 μαψ-σιραψῂ

1581 2537 2095 2602 HIPPONENSIS
2129 2537 2483 2603 EPISCOPI

1496 2768 1505 2773 ν
1611 2696 2428 2861 SEBMO

373 2982 615 3110 AD
672 2980 1895 3113 CESABEENSIS
1936 2981 2853 3112 ECCLESLE
2894 2991 3112 3110 PL
3140 2986 3617 3187 EBEM

1348 3191 1712 3253 EMERITO
1766 3190 2199 3253 PRESENTE
2243 3190 2608 3254 HABITUS.

1750 3352 2229 3405 ._°¢o___

437 3472 485 3525 t.
512 3469 849 3525 Alacritatem
878 3476 1067 3524 vestra:
1086 3467 1369 3523 Cbaritatis
1386 3476 1582 3538 quanto
1605 3468 1796 3538 gaudio
1820 3482 1937 3523 sus-

361 3562 652 3629 cipiamus.
711 3559 1012 3629 agnationis.
1063 3558 1401 3613 Essultamus
1434 3557 1576 3613 enim
1616 3558 1667 3612 in
1713 3558 1936 3613 Domino

365 3655 474 3706 Deo
500 3661 712 3713 nostro,
739 3649 809 3704 de
833 3664 940 3718 quo
965 3649 1250 3720 Apostolus
1276 3650 1348 3704 ait
1381 3667 1395 3703 :
1424 3648 1545 3720 Ipse
1566 3660 1639 3704 est
1677 3651 1808 3704 enim
1835 3666 1940 3722 pax

362 3751 555 3805 nostra,
583 3740 671 3811 qui
698 3738 813 3808 fecit
844 3748 1054 3809 utroque
1073 3755 1230 3793 unum
1256 3738 1469 3809 (Ephes.
1496 3755 1553 3801 tt,
1586 3740 1693 3808 ll).
1718 3740 1936 3809 Agimns

362 3846 489 3903 ergo
513 3831 686 3889 eidem
729 3830 959 3886 Domino
982 3840 1035 3884 et
1060 3828 1320 3885 Salvatori
1352 3839 1532 3883 nostro
1556 3828 1682 3884 Jesu
1723 3829 1936 3882 Christo

363 3925 575 3987 pratias.
618 3922 715 3978 llic
754 3922 995 3989 praestitit
1029 3922 1213 3986 nobis,
1249 3929 1303 3975 ιιι
1329 3930 1609 3991 antequam
1650 3920 1935 3975 habeamus

365 4014 544 4069 fratris
570 4013 736 4069 nostri
762 4013 983 4068 Emeriti
1010 4013 1368 4077 voluntatem,
1395 4014 1500 4080 jam
1532 4012 1937 4081 cognoverimus

362 4113 615 4170 quantum
637 4102 809 4172 diligit
837 4102 1114 4159 unitatem.
1145 4101 1275 4171 Qua:
1301 4111 1476 4157 tamen
1514 4102 1764 4171 principia
1799 4102 1936 4158 Deus

365 4193 583 4248 vu'tterit
607 4202 663 4247 nt
688 4190 757 4248 de
782 4207 876 4247 ore
906 4192 1071 4262 ipsius
1097 4192 1436 4256 audiremus,
1463 4192 1705 4260 accipite.
1730 4192 1846 4246 illo:
1880 4202 1937 4249 ut

365 4284 631 4351 ingressus
673 4292 757 4339 est
804 4284 960 4339 istam
1012 4282 1329 4348 ecclesiam,
1379 4283 1473 4337 illo
1517 4282 1631 4337 loco
1673 4290 1820 4337 stans
1847 4283 1933 4338 ubi

365 4375 589 4442 primum
620 4374 877 4445 co‘pimus
902 4388 1022 4427 cum
1044 4388 1108 4429 eo
1133 4373 1475 4442 colloquium,
1515 4373 1803 4441 inspirante
1836 4374 1939 4427 Do-

362 4466 541 4527 mino,
567 4468 656 4535 qui
680 4476 732 4520 ct
757 4480 849 4519 eor
871 4463 1102 4530 instruit,
1132 4475 1186 4520 et
1213 4464 1440 4534 linguam
1461 4466 1618 4534 regit,
1640 4464 1712 4518 ait
1735 4464 1885 4519 nobis
1917 4483 1931 4519 :

363 4556 484 4611 Non
514 4573 711 4619 possim
744 4556 880 4612 nolle
912 4557 1047 4628 quod
1073 4556 1222 4611 uultis
1245 4598 1260 4622 ,
1300 4556 1390 4611 sed
1414 4573 1616 4626 possum
1642 4557 1765 4612 vello
1802 4558 1938 4628 quod

360 4649 492 4702 uolo.
522 4647 704 4703 Videte
731 4647 854 4715 quid
884 4647 1219 4717 promiserit,
1250 4647 1338 4716 qui
1376 4661 1437 4701 se
1471 4645 1606 4702 dixit
1644 4664 1749 4703 non
1781 4664 1936 4718 posse

361 4738 504 4792 nolle
531 4736 670 4808 quod
699 4740 960 4791 volumus.
990 4736 1046 4792 Si
1094 4736 1237 4791 cnim
1281 4752 1387 4792 non
1416 4746 1590 4805 potest
1613 4739 1756 4795 nolle
1793 4740 1933 4810 quod

361 4827 607 4882 volumus
629 4867 644 4892 ,
672 4827 774 4881 scit
797 4826 919 4895 quid
944 4826 1187 4882 velimus.
1219 4826 1329 4881 lloc
1353 4826 1497 4881 enim
1529 4827 1772 4882 volumus
1795 4829 1934 4903 quod

358 4927 415 4985 et
438 4930 532 4971 vos
551 4916 726 4969 vultis.
751 4914 862 4970 Hoc
886 4930 1071 4971 omnes
1096 4914 1337 4970 volumus
1363 4915 1500 4985 quod
1528 4917 1638 4971 vult
1661 4916 1932 4973 Dominus.

358 5006 499 5075 Quid
519 5017 696 5061 autem
728 5004 851 5060 Velit
878 5004 1167 5069 Dominus,
1207 5005 1471 5062 oecultnm
1502 5022 1606 5061 non
1646 5017 1746 5062 est.
1777 5007 1937 5079 Legi-

359 5110 448 5150 tnr
472 5098 615 5152 enim
645 5096 1040 5151 Testamentum
1063 5096 1197 5165 ejus,
1224 5097 1311 5167 qui
1344 5113 1442 5151 nos
1470 5098 1567 5152 sibi
1597 5097 1718 5152 fecit
1756 5099 1964 5154 colum.

353 5186 515 5241 rudes
546 5202 562 5240 :
591 5186 642 5239 in
672 5200 739 5240 eo
762 5186 1012 5241 recitatur
1033 5225 1047 5247 ,
1079 5184 1266 5240 Pacem
1297 5202 1455 5240 nteant
1480 5186 1546 5239 do
1574 5188 1730 5251 nobis,
1765 5205 1939 5258 pacem

356 5292 521 5329 meam
551 5273 779 5345 relinquo
817 5274 951 5328 vobis
982 5273 1159 5343 (Joan.
1191 5290 1309 5341 stv,
1340 5274 1454 5338 27).
1482 5274 1605 5331 Sive
1633 5292 1760 5346 ergo
1795 5279 1935 5345 cito,

356 5369 470 5420 sive
499 5380 623 5420 sem
642 5407 657 5432 ,
690 5380 794 5420 nou
817 5373 991 5435 potest
1021 5365 1160 5419 nolle
1179 5366 1317 5436 quod
1346 5354 1607 5420 volumus.
1637 5366 1811 5423 Moras
1840 5384 1933 5424 an-

2043 3475 2149 3520 tem
2176 3466 2380 3536 aliquas
2418 3464 2571 3520 nobis
2611 3464 2733 3521 facit
2780 3468 3010 3524 secunda
3058 3472 3316 3526 sententia
3341 3514 3356 3536 ,
3406 3471 3639 3531 Passion

2042 3558 2166 3611 uelle
2202 3556 2344 3627 quod
2384 3557 2516 3610 volo.
2547 3556 2637 3612 Sic
2672 3558 2813 3613 enim
2852 3558 2986 3615 dixit
3021 3577 3034 3613 τ
3073 3558 3217 3616 Νοη’
3240 3580 3444 3633 possunt
3487 3567 3627 3622 nolle

2039 3650 2175 3721 quod
2209 3648 2392 3712 vultis,
2423 3650 2512 3702 scr!
2540 3664 2742 3718 possum
2785 3649 2911 3704 velle
2937 3651 3071 3721 quod
3100 3652 3231 3706 uolo.
3270 3653 3449 3711 Potest
3488 3657 3625 3712 vello

2040 3739 2182 3808 quod
2212 3738 2355 3797 vult,
2384 3737 2476 3791 sed
2505 3753 2609 3791 non
2657 3749 2829 3805 potest
2856 3741 2996 3794 nolle
3023 3742 3162 3809 quod
3194 3738 3462 3800 volumus.
3492 3745 3622 3802 illud

2040 3829 2182 3881 enim
2209 3826 2349 3894 quod
2378 3841 2437 3880 se
2463 3825 2593 3879 dicit
2634 3841 2791 3894 posse
2816 3868 2831 3894 ,
2863 3828 3121 3882 videmus.
3150 3829 3281 3885 Nam
3324 3832 3436 3887 vult
3466 3836 3623 3891 modo

2039 3917 2181 3987 quod
2211 3917 2357 3982 vult;
2401 3917 2571 3985 ipsum
2610 3928 2785 3973 autem
2822 3919 2961 3990 quod
2992 3921 3138 3986 vult,
3177 3939 3282 3978 non
3312 3927 3421 3981 vult
3463 3927 3621 3984 Deus.

2041 4008 2175 4076 Quid
2201 4009 2343 4063 enim
2377 4007 2536 4063 modo
2560 4007 2708 4063 vult?
2750 4023 2873 4065 esse
2907 4009 2958 4064 in
2993 4009 3326 4069 dissensione
3366 4031 3397 4070 a
3437 4017 3623 4073 catlm.

2038 4097 2137 4156 lica
2169 4099 2400 4155 Ecclesia
2423 4141 2437 4159 ,
2478 4114 2599 4155 esse
2623 4099 2799 4154 adhuc
2825 4100 2875 4155 in
2903 4103 3276 4160 communione
3321 4107 3486 4175 partis
3516 4108 3620 4161 Do-

2041 4190 2147 4244 nati
2166 4229 2184 4253 ,
2214 4204 2334 4246 esse
2361 4190 2538 4244 adhuc
2567 4193 2621 4245 iu
2648 4191 2932 4246 schismate
2951 4234 2967 4255 ,
2995 4208 3115 4250 csse
3142 4195 3316 4252 adhuc
3345 4198 3483 4253 inter
3502 4198 3622 4257 illos

2039 4283 2127 4353 qui
2152 4282 2368 4347 dicunt,
2397 4281 2507 4352 Ego
2538 4298 2661 4337 sum.
2681 4281 2867 4347 Pauli,
2895 4300 2985 4356 ego
3010 4302 3124 4340 vero
3150 4286 3362 4359 Apollo,
3389 4306 3481 4361 ego
3507 4305 3624 4347 om

2038 4371 2263 4442 Caplla?
2290 4371 2397 4426 Sed
2426 4372 2528 4427 hoc
2566 4387 2672 4426 non
2708 4373 2817 4427 vult
2859 4374 3024 4439 Deus.
3055 4376 3180 4432 dum
3214 4378 3448 4448 increpat
3478 4382 3623 4450 Apo-

2037 4464 2234 4531 stoltts,
2266 4463 2468 4520 Divisus
2491 4472 2563 4519 ea!
2590 4464 2819 4521 Christus
2846 4467 2895 4539 (ι
2920 4467 3038 4523 Cor.
3063 4482 3114 4533 t,
3145 4469 3213 4524 12
3231 4511 3249 4536 ,
3279 4469 3409 4542 l3)?
3443 4471 3624 4529 Potest

2037 4571 2165 4625 ergo
2193 4555 2328 4609 velle
2352 4555 2494 4625 quod
2518 4555 2630 4609 vult
2646 4596 2671 4622 τ
2689 4556 2787 4612 sed
2805 4558 2870 4611 ad
2903 4567 3114 4628 tempus
3134 4600 3147 4623 ,
3174 4560 3269 4616 sed
3296 4560 3360 4615 ad
3396 4560 3583 4621 horam
3603 4564 3639 4630 .““

2037 4647 2133 4702 νά
2158 4646 2223 4701 ad
2251 4645 2603 4710 verccttndim,
2638 4663 2751 4701 non
2768 4646 2833 4701 ad
2861 4649 3119 4703 rationem
3144 4652 3419 4720 sapientia)
3449 4665 3619 4724 potest

2040 4740 2175 4794 velle
2204 4740 2341 4808 quod
2365 4740 2495 4792 vult.
2519 4737 2652 4793 Nam
2679 4738 2838 4793 modo
2878 4738 2978 4794 hoc
3003 4741 3248 4810 estquod
3276 4743 3420 4810 vult,
3444 4753 3499 4800 et
3531 4762 3625 4815 po-

2040 4837 2143 4883 test
2165 4828 2305 4884 velle
2327 4828 2466 4898 quod
2494 4829 2623 4883 vult.
2657 4828 2769 4884 Sed
2800 4829 2921 4900 quia
2952 4846 3055 4907 non
3093 4841 3264 4899 potest
3304 4834 3446 4890 nolle
3479 4837 3621 4905 quod

2040 4925 2301 4985 volumus,
2334 4923 2464 4977 nolit
2491 4922 2628 4977 Deus
2655 4922 2795 4992 quod
2818 4922 2930 4977 vult
2950 4922 2966 4955 ⁸
2986 4964 3001 4985 .
3031 4932 3087 4979 et
3125 4922 3287 4980 faciat
3302 4927 3442 4998 quod
3473 4928 3625 4982 voln-

2040 5032 2177 5072 mns.
2195 5016 2309 5071 Non
2330 5031 2427 5072 vos
2452 5031 2578 5086 ergo
2599 5026 2927 5085 permoveat,
2957 5014 3170 5084 fratres,
3193 5020 3365 5090 aliqua
3394 5024 3621 5089 morula.

2038 5106 2167 5161 dum
2189 5106 2330 5176 quod
2360 5106 2493 5171 vult,
2514 5107 2622 5162 vult
2645 5123 2661 5171 ;
2686 5106 2779 5162 sed
2805 5118 2954 5164 orate
2981 5117 3037 5164 ut
3062 5109 3218 5166 faciat
3243 5112 3386 5183 quod
3420 5119 3623 5183 promi-

2038 5196 2142 5257 sit,
2168 5207 2351 5251 utnon
2374 5197 2541 5266 possit
2570 5197 2712 5253 nolle
2739 5197 2879 5268 quod
2902 5198 3163 5255 volumus.
3190 5201 3258 5256 Et
3280 5201 3352 5256 ab
3374 5203 3624 5257 omnibus

2041 5285 2392 5340 acclamattun
2423 5293 2504 5341 est
2520 5326 2541 5349 ,
2566 5284 2663 5340 Aut
2689 5286 2791 5351 hic,
2818 5296 2906 5341 aut
2930 5290 3205 5359 nusquam!
3227 5290 3326 5360 Qui
3345 5290 3504 5346 corda
3528 5308 3619 5347 ve-

2043 5385 2151 5430 stra
2183 5374 2494 5431 declara‘stis
2532 5376 2749 5432 vocibus
2765 5417 2787 5443 ,
2809 5376 3053 5448 adjuvatc
3080 5397 3176 5436 nos
3196 5391 3248 5437 et
3269 5382 3619 5437 orationibus.

1490 5491 1776 5532 ADHONITIO
1812 5495 1893 5534 PP.
1932 5498 2383 5540 ιιεκεῐιιοτικοκυιι
2394 5525 2405 5539 .

421 5575 590 5639 Sermo
603 5567 669 5639 ad_
683 5569 1007 5639 Cassi-censis
1035 5565 1257 5639 Ecclesiae
1279 5567 1493 5629 plebem,
1517 5569 1644 5639 liber
1665 5569 1731 5620 de
1753 5573 1909 5639 Gestis
1928 5587 2037 5624 cum
2069 5579 2290 5639 Emerita,
2314 5583 2365 5626 et
2385 5575 2494 5628 libri
2517 5577 2615 5627 duo
2643 5586 2808 5629 contra
2844 5543 3158 5633 t‘audcniium
3181 5585 3230 5634 in
3253 5583 3503 5637 milianis
3520 5597 3621 5634 ma-

359 5630 621 5692 uttscriptis
641 5629 998 5688 desiderantur,
1026 5628 1113 5679 sed
1138 5629 1214 5679 hic
1234 5628 1425 5679 rursum
1449 5632 1751 5694 antiquarum
1775 5633 2038 5685 editionum
2061 5628 2317 5688 collatione
2342 5639 2681 5691 emendantur.

448 5711 948 5792 Compm'arimus
969 5720 1265 5790 prwtcrea
1294 5729 1391 5772 cas
1420 5730 1621 5773 animo
1644 5712 1945 5785 editiones
1978 5717 2161 5779 initio
2194 5719 2771 5795 RetinetConfessw
2800 5729 2848 5780 ι.
2880 5722 2931 5791 1,
2958 5733 3339 5789 memoratas.
3452 5728 3542 5790 Μ.
3572 5714 3573 5717 “

2031 5819 2049 5849 ί
2087 5825 2241 5883 l’ot‘tc,
2268 5820 2384 5872 nolit
2401 5820 2593 5873 demunt
2616 5822 2743 5887 quod
2768 5821 2880 5874 vult.
