4070 6200
458 444 557 502 691

458 559 657 613 Porcus
673 566 755 613 est
781 554 1034 612 Dominus
1053 556 1142 627 qui
1174 555 1408 626 praecipit
1429 555 1681 609 unitatem
1704 595 1718 614 ,
1749 560 1953 605 enitare
1980 548 2033 603 in

459 648 648 702 melius
676 648 1020 702 voluntatem.
1053 646 1204 716 Quod
1246 655 1421 701 autem
1461 644 1772 700 acelamavit
1796 641 2038 697 Charitas

458 748 632 792 vestra
653 778 668 802 ,
700 739 800 791 Aut
826 737 936 802 hic,
968 746 1057 791 aut
1083 753 1363 807 nusquam;
1384 750 1568 791 vocem
1596 736 1649 789 in
1677 734 1821 787 illum
1849 742 2039 787 vestra!

454 826 745 883 Charitatis
763 829 1093 900 agnovimus,
1123 837 1175 882 et
1200 841 1457 881 amamus.
1485 826 1595 880 lloc
1624 827 1782 880 etiam
1810 838 1907 878 nos
1933 837 2038 877 non

457 934 597 974 nunc
627 921 852 989 primum
873 962 889 987 ,
920 920 1013 976 sed
1045 935 1259 989 semlier
1280 920 1606 989 cogitamus,
1649 930 1863 986 semper
1888 925 2039 984 opta-

457 1026 596 1066 mus.
626 1008 767 1067 idem
796 1020 949 1067 estet
968 1013 1193 1074 animus,
1225 1011 1369 1082 quod
1398 1009 1658 1080 pra-cipue
1682 1005 2037 1062 necessarium

456 1113 541 1157 est
560 1146 575 1169 ,
608 1102 785 1159 Fratris
811 1112 865 1158 et
890 1103 1190 1174 coepiscopi
1222 1102 1406 1165 nostri,
1438 1100 1673 1170 episcopi
1703 1099 1863 1153 vestri
1898 1097 2038 1149 Deu-

458 1194 595 1249 terii.
626 1194 767 1250 Olim
817 1194 968 1249 nobis
998 1204 1154 1249 notus
1195 1204 1277 1248 est
1318 1191 1527 1246 animus
1573 1190 1707 1258 ejus.
1754 1188 2037 1244 Nobiseum

461 1301 648 1357 preces
675 1286 741 1343 de
765 1286 867 1343 hac
890 1302 950 1343 re
980 1287 1203 1341 Domino
1228 1285 1378 1351 fudit,
1405 1298 1524 1339 cum
1551 1282 1795 1343 concilio,
1824 1280 1912 1334 ubi
1941 1279 2042 1332 hoc

458 1378 563 1435 illis
597 1378 687 1450 qui
716 1377 847 1434 foris
874 1388 1001 1435 sunt
1028 1377 1365 1447 promisimus
1403 1384 1457 1431 et
1492 1374 1797 1429 obtulimus.
1828 1371 1943 1424 iam
1972 1369 2039 1422 de

462 1474 561 1527 hac
597 1488 656 1527 re
698 1472 1115 1543 subscriptiones
1159 1476 1353 1524 nostra:
1398 1467 1714 1522 retinentur.
1760 1464 2037 1531 Nunquam

458 1562 600 1617 enim
643 1577 739 1617 nos
768 1563 837 1617 ita
869 1562 1124 1617 honorem
1174 1570 1414 1615 nostrum
1444 1560 1679 1613 fovemus
1702 1597 1717 1620 ,
1770 1564 1825 1608 ut
1855 1553 2038 1607 unitati

464 1652 815 1709 invideamus.
838 1653 1067 1707 Minores
1094 1666 1278 1706 sumus
1307 1650 1571 1716 honore‘,
1598 1663 1716 1702 cum
1742 1646 1907 1700 simus
1933 1660 2043 1696 ma-

466 1742 611 1808 jores
649 1740 946 1797 dilectione.
984 1741 1236 1797 Not-imus
1277 1738 1722 1810 quemadmodum
1773 1733 2039 1790 iuritanda

463 1834 533 1887 sit
564 1832 841 1887 inﬁrmitas
861 1874 877 1900 ,
907 1842 963 1885 ut
992 1831 1289 1903 perﬁciatur
1315 1831 1507 1883 unitas.

531 1922 584 1975 2.
609 1922 717 1977 Nec
748 1922 865 1977 ideo
893 1923 1119 1976 dicimus
1141 1922 1274 1984 haec,
1306 1920 1514 1979 fratres.
1543 1921 1692 1989 quasi
1721 1917 1794 1971 illi
1826 1917 1918 1987 qui
1944 1915 2042 1971 sub

459 2011 748 2067 schismate
793 2013 1180 2075 remanserint,
1230 2012 1460 2079 aliquam
1502 2022 1650 2077 spem
1702 2007 1931 2060 habeant
1976 2005 2041 2059 ad

464 2101 763 2157 Dominum.
793 2103 937 2157 Multi
965 2105 1104 2157 enim
1149 2102 1417 2170 disputant
1461 2115 1644 2169 parum
1687 2097 2043 2167 intelligente:

458 2197 590 2267 quid
607 2196 907 2266 loquantur,
934 2204 990 2251 et.
1016 2196 1202 2250 dicunt
1223 2212 1236 2247 :
1259 2195 1315 2250 Si
1337 2191 1659 2248 schismatici
1678 2197 1825 2257 sunt,
1854 2189 1898 2245 si
1930 2187 2043 2242 ha:-

466 2290 612 2343 retici
635 2297 778 2355 sunt,
807 2305 971 2360 quare
996 2289 1073 2343 sic
1101 2272 1219 2342 miTs
1246 2284 1587 2361 suscipiunt?
1609 2282 1829 2355 Audite,
1856 2280 2044 2335 fratres

460 2381 587 2435 mei.
617 2378 674 2435 Si
704 2395 797 2434 eos
832 2380 1225 2448 suscipercuius
1246 2419 1262 2443 ,
1301 2377 1415 2447 jam
1454 2376 1609 2431 istum
1656 2375 2047 2442 suscipenmus

461 2473 674 2528 fratrem
699 2482 937 2527 nostrum
971 2473 1280 2536 Emeritum,
1310 2471 1421 2524 sive
1450 2469 1669 2531 bonum,
1692 2467 1803 2522 sive
1822 2465 2040 2529 malum,

461 2573 637 2621 tamen
671 2564 909 2618 fratrem.
948 2562 1099 2629 Quod
1141 2561 1261 2615 ideo
1304 2560 1458 2623 dico,
1491 2559 1621 2629 quia
1651 2567 1703 2612 et
1743 2557 1856 2626 ipse
1896 2554 2050 2609 novit

462 2670 559 2723 per
584 2654 892 2724 prephetam
924 2653 1076 2707 nobis
1114 2651 1313 2705 dictum
1341 2664 1478 2711 esse,
1509 2647 1647 2717 quod
1675 2647 1775 2700 illis
1800 2646 1958 2701 etiam
1988 2644 2040 2698 in

459 2743 754 2800 Collatione
789 2744 1020 2798 diximus
1044 2783 1061 2808 ,
1105 2741 1299 2806 Dicite,
1346 2739 1553 2793 Fratres
1589 2738 1747 2795 nostri
1774 2735 1926 2801 estis,
1965 2735 2050 2789 his

460 2836 545 2902 qui
584 2852 670 2889 vos
709 2834 921 2889 oderunt
965 2832 1120 2905 (Isai.
1166 2848 1321 2898 ιχγι,
1353 2832 1417 2898 5,
1462 2847 1562 2884 sec.
1595 2827 1779 2899 LXX).
1807 2827 2044 2882 Oderint!

463 2939 589 2991 nos,
619 2925 883 2979 credimus
908 2924 1193 2978 finiendum
1222 2938 1342 2978 esse
1370 2920 1509 2991 quod
1536 2919 1721 2973 odiuut
1745 2937 1758 2971 :
1791 2928 1966 2971 tamen
1990 2927 2045 2971 et

462 3018 710 3085 (pannulis
743 3016 873 3082 odit,
902 3015 1064 3070 frater
1090 3015 1254 3077 audit;
1287 3015 1457 3067 donec
1479 3012 1690 3065 ﬁniatur
1713 3009 1916 3073 odium,
1946 3008 2043 3059 erit

465 3125 657 3163 nomen
691 3108 741 3162 in
774 3108 1155 3164 testimonium.
1187 3106 1300 3161 Non
1327 3121 1455 3172 ergo
1484 3103 1560 3157 sic
1586 3102 1704 3156 illos
1728 3100 2044 3168 suscipimus

463 3207 519 3251 nt
555 3207 679 3251 sunt
710 3216 723 3252 :
754 3198 889 3253 absit
916 3213 945 3249 a
978 3197 1155 3260 nobis;
1191 3211 1309 3249 nam
1358 3193 1590 3248 Iriretici
1630 3201 1782 3257 sunt,
1823 3191 2046 3258 suscipi-

462 3304 580 3342 mus
608 3297 783 3343 autem
812 3287 1103 3343 catholiCos
1140 3304 1152 3340 :
1187 3294 1487 3347 mutantur,
1528 3283 1906 3351 suscipiuntur.
1939 3279 2043 3335 Sed

464 3388 679 3447 propter
719 3379 916 3432 malum
961 3377 1100 3448 quod
1140 3377 1366 3438 habent,
1399 3391 1502 3429 non
1548 3374 1599 3427 in
1643 3374 1721 3428 eis
1764 3387 2046 3441 possumus

465 3470 707 3537 persequi
749 3469 887 3522 bona
914 3485 1030 3536 quae
1058 3468 1411 3536 agnoscimus.
1449 3465 1641 3519 Malum
1668 3465 1809 3519 enim
1840 3466 2049 3518 dissen-

467 3558 661 3622 sionis,
702 3558 1035 3619 schismatis,
1076 3555 1330 3616 luerosis,
1374 3555 1569 3607 malum
1607 3567 1761 3607 suum
1804 3552 2042 3606 habent:

464 3649 601 3703 bima
647 3663 775 3702 vero
814 3663 934 3717 qua:
980 3647 1032 3700 in
1078 3647 1179 3702 illis
1219 3646 1586 3715 agnoscimus,
1627 3660 1733 3699 non
1760 3654 1884 3698 sunt
1914 3659 2042 3710 sua;

466 3741 672 3795 Dmniui
714 3740 879 3794 nostri
924 3739 1119 3793 habent
1164 3740 1302 3793 bona
1327 3780 1342 3803 ,
1374 3737 1628 3792 Ecclesize
1659 3735 1860 3791 habent
1884 3737 2041 3791 bona.
2079 3768 2089 3777 -

466 3832 764 3902 Baptismus
812 3846 917 3886 non
960 3840 1044 3885 est
1088 3829 1322 3899 ipsorum
1347 3868 1364 3895 ,
1395 3827 1487 3883 sed
1533 3826 1751 3882 Christi.
1779 3825 2046 3879 lnvocatio

466 3924 696 3979 nominis
720 3923 813 3977 Dei
853 3938 1014 3994 super
1039 3929 1195 3991 caput
1236 3920 1472 3990 ipsorum
1499 3916 1709 3987 quando
1736 3916 2048 3971 ordinantur

463 4015 717 4084 episcopi,
746 4014 1015 4069 invocatio»
1033 4012 1119 4067 illa
1151 4011 1242 4066 Dei
1264 4019 1378 4075 est,
1408 4024 1513 4062 non
1545 4008 1753 4062 Donati.
1783 4006 1896 4061 Non
1923 4022 2044 4061 eum

463 4107 696 4176 suscipio
730 4105 1068 4175 episcopum,
1107 4103 1150 4157 si
1190 4099 1404 4172 quando
1429 4111 1511 4155 est
1549 4100 1860 4165 ordinatus,
1887 4113 2048 4168 super

463 4196 765 4267 caputeius
806 4196 1039 4251 Donatus
1064 4203 1145 4249 est
1171 4192 1469 4247 invocatus.
1498 4188 1557 4245 In
1580 4199 1792 4245 errante
1812 4198 1866 4244 et
1887 4189 2046 4245 dese-

469 4298 620 4344 rente
658 4288 829 4342 milite
865 4288 1067 4341 crimen
1106 4294 1188 4340 est
1211 4282 1503 4340 desertoris
1524 4321 1540 4349 ,
1570 4282 1846 4336 character
1870 4292 2045 4336 autem

472 4392 576 4433 non
606 4386 687 4433 est
712 4376 1019 4441 desertoris,
1052 4374 1146 4430 sed
1174 4373 1527 4444 imperatoris.
1555 4372 1661 4429 Sed
1685 4373 1845 4427 frater
1867 4381 2049 4426 noster

471 4490 577 4528 non
607 4470 871 4539 deseruit,
903 4470 991 4525 ubi
1034 4467 1208 4525 adhuc
1232 4484 1496 4539 nunquam
1536 4467 1651 4522 fuit.
1681 4465 1952 4536 Siquidem
1992 4464 2045 4519 in

468 4566 562 4620 illo
588 4563 877 4620 desertoris
904 4576 1056 4617 error
1079 4570 1162 4616 est
1188 4571 1342 4615 natus
1364 4600 1380 4627 ,
1408 4558 1621 4630 quando
1655 4566 1738 4612 est
1783 4572 1813 4610 a
1859 4556 2045 4611 deser-

473 4667 587 4710 tore
616 4655 869 4725 signatus.
890 4653 990 4722 Qui
1015 4653 1183 4722 primo
1212 4651 1445 4707 sehisma
1477 4648 1632 4716 iecit,
1654 4648 1743 4717 qui
1772 4662 1830 4702 se
1856 4647 1922 4702 ab
1942 4647 2046 4702 Ec-

468 4746 635 4801 clesia
660 4744 919 4800 catholica
945 4743 1231 4814 separavit,
1252 4757 1371 4797 eum
1402 4741 1483 4794 his
1508 4755 1641 4809 quos
1660 4755 1839 4794 secum
1866 4739 2043 4801 traxit,
2102 4758 2105 4761 ν

468 4839 711 4895 desertor
735 4837 831 4892 fuit
855 4856 868 4891 :
897 4837 1074 4892 ceteri
1106 4852 1134 4889 a
1159 4835 1519 4891 desertoribus
1546 4833 1736 4903 signati
1766 4840 1906 4895 sunt,
1940 4845 2044 4884 non

467 4946 645 4992 tamen
684 4934 837 5005 signo
873 4932 1196 4995 desertoris,
1236 4928 1329 4985 sed
1359 4929 1511 4999 signo
1551 4927 1906 4995 imperatoris.
1933 4924 2045 4979 Non

467 5032 611 5086 enim
639 5028 882 5085 desertor
901 5026 1259 5082 characterem
1286 5037 1439 5076 suum
1471 5020 1597 5075 tisit.
1628 5019 1764 5088 Quid
1796 5028 1880 5073 est
1904 5017 2045 5087 quod

465 5126 607 5190 dico,
637 5123 882 5179 desertor
906 5120 1267 5174 characterem
1297 5132 1452 5172 suum
1483 5128 1599 5170 non
1620 5113 1769 5168 lixit?
1810 5112 2047 5167 Donatus

467 5230 574 5270 non
621 5213 903 5285 baptizavit
946 5212 998 5266 in
1046 5210 1258 5264 nomine
1289 5207 1495 5262 Donati.
1546 5204 1676 5260 Nam
1720 5204 1763 5259 si
1815 5203 2048 5257 Donatus

468 5306 682 5377 quando
719 5303 947 5359 schisma
976 5300 1129 5367 fecit,
1173 5301 1225 5354 in
1256 5298 1469 5352 nomine
1499 5295 1686 5351 Donati
1714 5294 2002 5362 baptizaret
2027 5330 2043 5356 ,

468 5394 759 5453 desertoris
786 5393 1145 5449 characterem
1192 5390 1435 5459 inﬁgeret
1467 5405 1480 5441 :
1512 5402 1612 5455 ego
1640 5385 1850 5455 quando
1890 5397 2046 5437 voca-

469 5504 581 5543 rem
617 5489 681 5542 ad
713 5485 966 5541 unitatem
990 5526 1004 5549 ,
1036 5483 1078 5537 si
1124 5482 1411 5537 invenirem
1453 5477 1741 5532 desertoris
1769 5475 2047 5528 characte-

468 5595 604 5643 rem,
634 5577 1073 5640 cxtes'minarem,
1098 5572 1332 5628 delerem
1354 5613 1373 5638 ,
1398 5569 1668 5624 abolercrn
1684 5608 1698 5631 ,
1728 5566 2009 5635 abjicercm
2028 5604 2041 5627 ,

477 5684 579 5720 non
636 5668 984 5737 approbarem
1004 5682 1019 5733 ;
1041 5677 1347 5734 respuerem
1366 5703 1379 5727 ,
1398 5658 1925 5721 anathematizarcm,
1956 5654 2047 5707 da-

502 5860 505 5863 '
530 5843 543 5873 ’
581 5845 920 5903 Fortc,sinms.

1692 439 1749 495 S.
1794 434 2155 493 AUGUS'I‘INI
2200 434 2502 495 EPI‘SCOPi

3613 444 3723 499 οὶθί

2147 564 2423 605 niualem:
2452 565 2592 605 nunc
2618 564 2745 606 vero
2770 550 2882 621 ipse
2910 551 3153 609 desertor
3170 596 3186 619 ,
3209 552 3573 612 characterem
3614 560 3725 615 urit

2147 641 2483 709 imperatoris
2517 643 2617 695 sui.
2653 642 2790 697 Deus
2818 653 2871 698 et
2900 644 3154 699 Dominus
3180 655 3361 701 noster
3382 647 3541 705 Jesns
3566 651 3719 705 Chri-

2145 739 2258 785 stus
2278 733 2466 801 qumrit
2492 732 2840 800 desertorem,
2872 734 3013 790 eiciet
3039 738 3237 791 erroris
3257 738 3480 803 crimen,
3503 741 3595 795 sed
3620 759 3726 798 non

2144 823 2458 876 exterminat
2487 838 2640 877 suum
2676 822 3059 882 characterem.
3104 826 3215 897 Ego
3240 829 3452 897 mmido
3478 832 3633 885 venio
3660 834 3728 886 ad

2146 911 2365 967 fratrem
2406 929 2580 968 meum
2605 955 2620 979 ,
2652 924 2709 970 et-
2733 915 2926 988 eoﬂigo
2953 927 3216 974 errantem
3258 919 3475 976 fratrem
3510 940 3687 978 meum
3707 966 3727 993 ,

2144 1008 2360 1062 attendo
2406 1009 2562 1065 ﬁdem
2614 1011 2668 1066 in
2715 1013 2931 1068 nomine
2968 1014 3139 1068 Patris
3166 1023 3222 1070 et
3248 1014 3366 1070 Filii
3395 1026 3450 1073 et
3496 1018 3728 1088 Spiritus

2145 1098 2333 1152 sancti.
2377 1098 2482 1155 iste
2516 1110 2599 1156 est
2639 1103 2915 1157 character
2958 1103 3292 1173 imperatoris
3330 1108 3455 1162 mei.
3504 1109 3577 1164 De
3622 1110 3728 1165 isto

2144 1189 2450 1245 charactere
2480 1192 2731 1247 militibus
2751 1195 2861 1249 suis
2887 1195 2969 1249 vel
2996 1195 3168 1264 potius
3198 1198 3478 1251 comitibus
3507 1201 3635 1264 suis,
3664 1211 3726 1256 ut

2146 1279 2285 1334 hunc
2316 1282 2679 1352 imprimerent
2702 1284 2779 1340 eis
2799 1300 2932 1355 quos
2956 1288 3350 1357 congregabant
3372 1292 3561 1344 castris
3587 1292 3725 1360 ejus,

2148 1373 2398 1441 pnrcepil
2422 1374 2604 1429 dicens
2636 1393 2648 1429 :
2682 1375 2795 1443 Ite,
2824 1377 3073 1447 baptizata
3105 1388 3275 1449 gentes
3302 1379 3354 1434 in
3390 1383 3589 1436 nomine
3615 1382 3724 1437 Pa-

2146 1463 2236 1515 tris
2261 1472 2308 1516 et
2337 1462 2461 1517 Filii
2480 1476 2525 1518 et
2547 1464 2772 1537 Spiritus
2793 1469 2955 1522 sancti
2980 1468 3188 1541 (Matth.
3209 1486 3400 1537 xxviii,
3430 1472 3537 1545 19).
3564 1474 3725 1529 Istum

2144 1552 2504 1609 characterem
2546 1571 2575 1610 a
2611 1556 2837 1612 Domino
2872 1558 3070 1613 dictum
3108 1561 3354 1615 omnibus
3387 1562 3729 1619 credentibus

2147 1643 2553 1711 iniprimcndum
2575 1647 2694 1716 quia
2726 1659 2946 1702 noverat
2972 1649 3183 1715 Paulus,
3213 1653 3516 1721 expavescit
3539 1654 3605 1706 ad
3631 1668 3727 1709 eos

2146 1734 2234 1804 qui
2268 1735 2512 1791 volebant
2548 1753 2667 1793 esse
2695 1739 2876 1805 Pauli,
2905 1748 2959 1793 et
2985 1739 3110 1793 dicit
3136 1741 3215 1795 cis
3243 1757 3257 1794 :
3292 1739 3557 1812 Numquid
3585 1743 3728 1797 Pau-

2147 1824 2226 1879 lus
2260 1843 2351 1895 pro
2375 1827 2511 1881 vobis
2540 1830 2814 1896 cruciﬁxus
2851 1832 2964 1885 cst?
2988 1831 3121 1897 Quid
3153 1833 3308 1887 vultis
3335 1849 3454 1889 esse
3495 1835 3631 1901 mei,
3670 1847 3728 1891 et

2148 1930 2251 1968 non
2280 1918 2446 1985 magis
2476 1918 2682 1972 Domini
2717 1921 2858 1974 mei?
2886 1922 3020 1989 Quid
3044 1922 3202 1976 vultis
3222 1937 3341 1978 esse
3364 1925 3503 1991 mei,
3533 1938 3587 1981 et
3618 1945 3723 1982 non

2148 2007 2321 2074 petius
2348 2007 2497 2077 cujus
2516 2024 2614 2079 ego
2641 2010 2797 2063 sum?
2826 2011 3128 2081 Agnoscite,
3157 2013 3414 2069 advertite
3441 2016 3725 2073 characte-

2147 2110 2261 2152 rem
2291 2109 2543 2153 vcstrum.
2574 2100 2836 2165 Numquid
2855 2104 2907 2155 in
2941 2104 3139 2157 nomine
3162 2103 3314 2158 Pauli
3340 2104 3580 2175 baptismi
3608 2110 3727 2163 estis

2148 2188 2190 2258 (Ι
2221 2186 2339 2244 Cor.
2367 2205 2420 2255 ι,
2468 2191 2598 2259 t5)?
2624 2191 2714 2248 Sic
2752 2207 2880 2261 ergo
2917 2208 3010 2247 eos
3037 2194 3366 2264 colligimus,
3391 2204 3452 2251 ut
3492 2213 3597 2251 non
3622 2199 3724 2254 sibi

2147 2279 2483 2335 blandiantur
2506 2283 2575 2336 illi
2603 2298 2738 2353 quos
2773 2299 2875 2338 non
2903 2285 3217 2357 colligimus.
3250 2285 3319 2339 Et
3343 2287 3439 2356 ipsi
3465 2288 3723 2358 colligan-

2149 2380 2252 2436 tur,
2278 2387 2381 2426 nou
2405 2372 2657 2429 inﬂentur
2686 2391 2699 2428 :
2728 2374 2974 2438 veniant,
3001 2376 3373 2445 suscipiantur.
3413 2376 3528 2431 Non
3556 2379 3608 2433 in
3644 2380 3726 2433 eis

2146 2463 2355 2516 odimus
2380 2463 2519 2533 quod
2558 2465 2646 2519 Dci
2676 2473 2758 2519 est
2788 2483 2799 2517 :
2831 2481 2936 2519 non
2964 2466 3171 2520 odimus
3195 2476 3249 2521 et
3275 2468 3449 2536 ipsos,
3481 2470 3601 2538 quia
3630 2470 3722 2525 Dei

2146 2563 2289 2609 sunt.
2323 2554 2389 2610 Et
2408 2557 2547 2627 quod
2576 2557 2776 2611 habent
2798 2557 2888 2612 Dei
2917 2568 3016 2623 e51;
3045 2568 3099 2612 et
3127 2559 3215 2612 Dei
3237 2567 3380 2621 sunt,
3406 2562 3527 2629 quia
3555 2562 3725 2615 homi-

2147 2661 2243 2701 nes
2274 2657 2430 2714 sunt,
2460 2656 2513 2702 et
2553 2648 2728 2703 omnis
2767 2647 2925 2701 homo
2965 2657 3204 2704 creatura
3238 2650 3328 2705 Dei
3367 2660 3466 2705 est.
3506 2652 3597 2706 Dei
3641 2663 3727 2707 est

2144 2738 2289 2807 quod
2327 2738 2521 2793 habent
2547 2754 2737 2793 nomen
2766 2738 2934 2792 Patris
2959 2749 3014 2793 et
3043 2740 3157 2793 Filii
3185 2751 3235 2793 et
3267 2741 3492 2809 Spiritus
3511 2746 3675 2796 sancti
3708 2762 3721 2797 :

2149 2830 2444 2898 Baptismus
2470 2830 2777 2898 Trinitatis,
2826 2832 2916 2886 Dei
2954 2842 3035 2886 est
3071 2849 3084 2885 :
3130 2832 3219 2885 Dei
3260 2842 3342 2886 est
3382 2834 3725 2904 Evangelium

2145 2923 2287 2991 quod
2314 2923 2537 2990 habent,
2570 2923 2661 2977 Dei
2690 2932 2774 2977 est
2793 2924 2940 2978 tides
2969 2940 3123 2994 quam
3155 2923 3367 2978 habent.

2218 3015 2270 3069 3.
2309 3014 2377 3068 Et
2397 3014 2521 3084 quid
2554 3030 2659 3069 non
2703 3015 2930 3080 habent,
2957 3018 3031 3069 ait
3072 3017 3198 3069 mihi
3235 3016 3458 3087 aliquis,
3491 3020 3580 3089 qui
3612 3019 3728 3076 lrec

2149 3104 2379 3159 habent?
2409 3105 2485 3158 Tu
2513 3105 2645 3158 dicis
2668 3147 2680 3169 ,
2715 3104 2922 3160 Habent
2967 3106 3289 3175 Baptismnm
3328 3108 3546 3162 Christi.
3578 3110 3727 3166 Dico.

2146 3194 2235 3248 Tu.
2267 3194 2432 3261 dicis,
2485 3195 2691 3249 [labent
2719 3194 2875 3250 [idem
2916 3197 3129 3250 Christi.
3164 3198 3307 3251 Dico.
3349 3196 3403 3253 Si
3438 3215 3566 3269 ergo
3614 3201 3730 3253 lnec

2150 3285 2380 3351 habent,
2408 3284 2531 3355 quid
2578 3301 2680 3340 non
2713 3286 2946 3341 habent?
2975 3288 3109 3355 Quid
3138 3298 3218 3341 est
3256 3288 3594 3357 Baptisuins?
3624 3292 3729 3343 Sa-

2148 3383 2497 3430 eramentnm.
2531 3376 2662 3430 Audi
2698 3378 3003 3446 Apostolnm
3030 3417 3045 3442 ,
3074 3377 3134 3431 Si
3163 3379 3321 3431 sciero
3347 3379 3514 3431 omnia
3548 3396 3729 3433 sacra-

2149 3477 2335 3521 menta.
2398 3467 2615 3521 Multum
2668 3476 2756 3523 est
2811 3470 2953 3523 scire
3005 3470 3181 3523 enim:
3234 3470 3322 3524 Dei
3371 3481 3728 3525 sacramenta.

2147 3558 2581 3627 Quantacumque
2618 3560 2854 3613 sciamus
2889 3572 3249 3623 sacramenta,
3287 3562 3408 3631 quis
3444 3564 3594 3616 novit
3634 3563 3728 3617 Dei

2148 3649 2324 3702 omnia
2348 3650 2714 3704 sacramenta?
2736 3650 2873 3717 Quid
2895 3652 2969 3704 ait
2989 3653 3322 3719 Apostolus?-
3345 3653 3413 3707 Si
3432 3654 3593 3706 scitu
3618 3669 3733 3705 om-

2149 3742 2234 3793 nia
2271 3752 2621 3808 sacramenta,
2657 3742 2704 3796 si
2733 3742 2942 3796 habemn
2969 3760 3164 3797 munem
3203 3745 3541 3814 prophetiam.
3578 3746 3731 3800 Adde

2148 3833 2322 3887 adhuc
2343 3875 2357 3896 ,
2388 3843 2435 3887 ct
2455 3850 2652 3887 omnem
2677 3835 2955 3889 scientiam.
2977 3834 3081 3890 Sed
3111 3836 3177 3890 de
3205 3836 3305 3891 llde
3330 3838 3564 3892 dixeras.
3594 3840 3730 3893 Audi

2148 3925 2352 3991 adhuc,
2387 3927 2449 3981 Si
2489 3928 2698 3981 habeam
2734 3944 2931 3981 omnem
2959 3929 3127 3995 fidem.
3175 3929 3395 3983 Dil'licile
3424 3941 3505 3984 est
3534 3932 3734 3986 habere

2148 4030 2367 4070 munem
2391 4016 2547 4073 ﬁdem
2565 4058 2578 4081 ,
2607 4017 2875 4087 quomodo
2902 4017 3115 4073 diﬁic'rlo
3140 4028 3222 4073 est
3248 4036 3406 4075 nosse
3431 4023 3614 4074 omnia
3641 4037 3732 4075 sa-

2148 4119 2442 4163 cramenta.
2491 4108 2557 4162 Et
2596 4108 2724 4177 quid
2769 4117 2851 4163 est
2881 4110 3021 4179 quod
3064 4111 3225 4176 dicit,
3267 4113 3509 4165 omnem!
3548 4112 3637 4165 Ita
3681 4124 3735 4166 ut

2150 4207 2344 4252 montes
2371 4202 2709 4269 transferam;
2730 4199 3025 4254 charitotem
3053 4210 3220 4255 autem
3248 4219 3348 4255 non
3377 4203 3587 4256 habeant
3606 4245 3622 4268 ,
3655 4205 3735 4257 ni-

2151 4289 2225 4343 hil
2249 4307 2361 4344 sunt
2395 4288 2504 4363 (Id.
2527 4306 2639 4353 xm,
2661 4291 2737 4361 2).
2764 4291 3045 4358 lnteudite,
3073 4292 3286 4357 fratres;
3317 4294 3575 4349 intendite
3594 4336 3610 4360 ,
3638 4296 3737 4349 ob-

2151 4397 2305 4438 secro
2332 4398 2455 4448 vos,
2486 4385 2722 4453 Apostoli
2752 4400 2956 4451 vocem,
2985 4395 3039 4440 et
3068 4385 3247 4439 videte
3271 4400 3437 4455 quare
3464 4401 3586 4440 cum
3612 4395 3735 4440 tan-

2152 4476 2221 4530 tis
2246 4476 2514 4531 lahoribus
2542 4486 2599 4532 et
2636 4477 2886 4546 periculis
2927 4476 3116 4532 fratres
3159 4486 3371 4532 nostros
3412 4494 3733 4547 quantum.

2150 4566 2393 4623 Charitas
2421 4582 2514 4622 eos
2538 4568 2727 4638 quaerit
2753 4567 2819 4622 de
2844 4568 3093 4622 cordibus
3116 4568 3335 4621 nostris.
3380 4566 3600 4637 Propter
3628 4573 3738 4637 fra-

2152 4668 2251 4713 tres
2275 4673 2413 4712 meos
2439 4667 2486 4712 et
2511 4658 2814 4728 propinquos
2844 4673 2997 4722 meos,
3024 4658 3157 4712 dicit~
3190 4658 3431 4711 Psaimus
3451 4699 3464 4719 ,
3497 4659 3740 4727 imitabor

2152 4766 2326 4820 pacem
2349 4749 2413 4802 de
2436 4758 2483 4803 te
2523 4748 2691 4819 (Psal.
2713 4763 2855 4804 csxu
2875 4789 2890 4815 ,
2920 4749 3015 4819 8),
3047 4748 3111 4803 ad
3155 4759 3394 4803 sanctam
3437 4749 3737 4803 Jerusalem

2151 4841 2392 4913 loquens.
2419 4841 2604 4896 Videte
2624 4857 2782 4911 ergo,
2808 4842 2996 4895 fratres
3022 4842 3157 4903 mei,
3182 4841 3306 4909 quid
3329 4840 3462 4894 dixit
3503 4843 3737 4909 Αιιοδιοο

2153 4933 2235 4987 lus
2268 4950 2281 4985 :
2310 4932 2372 4987 Si
2396 4932 2613 4985 habuero
2653 4931 2822 4984 omnia
2847 4941 3179 4992 sacramenta,
3209 4946 3407 4984 onmem
3432 4931 3694 4984 scientiam
3719 4970 3733 4991 ,

2152 5024 2488 5094 prophetiam,
2510 5006 2911 5091 [ideanalem
2936 5020 3092 5074 ﬁdem
3110 5022 3135 5073 τ
3164 5019 3248 5073 Ita
3267 5030 3322 5073 ut
3350 5032 3540 5074 montes
3562 5032 3734 5074 (ramo

2154 5113 2358 5183 feram;
2388 5114 2682 5166 charitatem
2707 5122 2872 5164 autem
2904 5127 3002 5163 non
3027 5111 3267 5173 habeant,
3307 5109 3435 5163 nihil
3458 5127 3590 5163 sum.
3621 5110 3735 5163 Non

2151 5203 2316 5269 dixit,
2351 5204 2438 5256 illa
2462 5203 2637 5257 omnia
2664 5188 2792 5256 nihil
2818 5209 2960 5266 sunt;
2988 5200 3104 5266 sed,
3126 5201 3170 5254 si
3194 5201 3493 5253 charitatem
3508 5217 3609 5252 non
3642 5202 3738 5254 ha-

2152 5295 2322 5360 beam,
2359 5296 2486 5349 nihil
2522 5313 2653 5350 sunt.
2699 5295 2827 5362 Quis
2864 5294 3004 5348 enim
3054 5291 3273 5347 demens
3314 5291 3552 5355 diceret,
3598 5290 3738 5347 Nihil

2152 5399 2270 5440 sunt
2300 5387 2388 5441 Dei
2417 5386 2782 5441 sacramenta?
2808 5385 2935 5451 Quis
2965 5384 3189 5439 demens
3211 5383 3413 5437 diceret
3432 5422 3447 5445 ,
3476 5382 3618 5437 Nihil
3657 5394 3740 5455 est

2153 5477 2462 5547 prophetia,
2489 5476 2621 5529 nihil
2661 5476 2914 5542 scientia,
2956 5474 3087 5529 nihil
3133 5473 3303 5527 fides?
3337 5472 3453 5527 Non
3484 5473 3571 5525 illa
3604 5474 3737 5527 nihil

2152 5578 2273 5622 sunt
2294 5585 2307 5630 ;
2332 5568 2421 5622 sed
2449 5582 2567 5621 cum
2593 5568 2676 5620 illa
2703 5581 2895 5637 magna
2918 5565 3051 5628 sint,
3080 5578 3187 5635 ego
3202 5579 3395 5633 magna
3419 5563 3623 5618 habens
3646 5603 3659 5625 .
3695 5565 3739 5616 si

2151 5660 2445 5711 charitatcm
2476 5675 2571 5711 non
2595 5657 2800 5709 habmm
2820 5698 2834 5721 ,
2868 5656 2997 5709 nihil
3019 5672 3148 5709 sum.
3172 5655 3356 5725 Magna
3384 5655 3468 5709 illa
3497 5663 3653 5716 sunt,
3684 5664 3740 5708 et

2154 5766 2337 5820 magna
2373 5750 2558 5811 habeo,
2584 5758 2635 5802 et
2661 5749 2789 5803 nihil
2818 5766 2931 5802 sum
2961 5748 3004 5803 si
3040 5748 3348 5804 charitatem
3377 5761 3485 5800 non
3523 5745 3695 5799 habeo
3718 5787 3733 5807 ,

2154 5858 2247 5914 per
2275 5858 2429 5912 quam
2456 5841 2579 5896 inihi
2604 5850 2820 5911 prnsunt
2849 5857 2965 5911 qiue
2998 5855 3182 5911 magna
3213 5849 3349 5894 sunt.
3379 5840 3432 5894 Si
3455 5840 3595 5893 enim
3629 5854 3735 5891 non
