4024 6196
312 343 415 398 693

310 459 476 512 habeo
495 454 841 521 eli-rituum,
871 454 958 509 illa
1002 454 1178 510 inesse
1205 462 1455 523 possum,
1496 452 1756 523 pretiosae
1781 460 1885 504 non

312 556 545 617 possunt.

376 640 428 693 4.
465 636 693 692 Attende
718 650 865 707 ergo.
897 636 1090 702 frater;
1114 634 1355 702 attende,
1383 634 1609 690 obsecro
1635 641 1707 690 te.
1743 632 1888 688 Diels

311 731 458 794 mdti,
483 728 622 797 Quid
652 743 738 783 me
760 728 998 797 quaeris?
1023 726 1361 797 llespondeo,
1389 726 1523 791 Quia
1558 725 1721 779 frater
1742 739 1892 778 meus

310 839 385 877 es.
420 820 729 890 Respondes
759 820 888 874 mihi
914 828 969 875 et
1004 819 1168 886 deis,
1195 820 1250 874 Si
1281 820 1447 888 perii,
1478 817 1608 888 quid
1638 832 1725 872 me
1749 832 1895 886 quie-

314 914 421 969 ris?
450 914 517 969 Et
544 926 646 982 ego
671 912 992 982 respondeo.
1023 912 1079 968 Si
1102 928 1205 966 non
1232 912 1465 981 perisses
1488 952 1502 974 ,
1534 926 1639 965 non
1688 924 1894 979 (tutere-

314 1023 447 1060 nam.
474 1004 609 1072 Quid
640 1020 728 1059 me
753 1006 981 1074 quieris,
1009 1004 1146 1060 dicis
1187 1004 1356 1059 mihi?
1386 1005 1428 1058 si
1452 1003 1582 1072 perii
1610 1044 1625 1066 ,
1652 1001 1781 1073 quid
1810 1015 1895 1056 me

312 1098 539 1167 quaeris?
575 1097 709 1153 Cum
740 1114 840 1166 ego
899 1098 1250 1168 respondeam
1275 1140 1289 1161 ,
1319 1097 1511 1165 Qua-ro
1541 1097 1660 1167 quia
1687 1096 1892 1165 peristi.

317 1190 381 1243 Et
423 1204 589 1258 quare
633 1188 855 1258 quaero?
880 1204 986 1258 quo
1039 1189 1210 1243 fructu
1248 1188 1465 1257 quaero?
1494 1186 1564 1244 Ut
1614 1186 1897 1255 aliquando

313 1280 520 1333 dicatur
546 1280 695 1345 mihi,
731 1278 909 1333 Frater
932 1290 1297 1334 tuus-mortuus
1323 1289 1450 1341 erat,
1467 1291 1511 1332 et
1533 1280 1748 1338 reuixit;
1779 1295 1894 1347 per-

315 1372 440 1424 ierat
491 1382 538 1425 et
571 1371 798 1424 inventus
823 1380 893 1425 est
918 1371 1080 1439 (Luc.
1122 1382 1192 1425 xv
1211 1412 1224 1435 ,
1252 1371 1371 1441 δὲ).
1406 1369 1718 1438 Respondes
1738 1380 1789 1424 et
1817 1370 1897 1422 di-

313 1462 390 1515 cis
411 1460 561 1523 mihi,
598 1460 702 1515 Sed
731 1460 903 1515 habeo
927 1461 1347 1515 Sacramentum.
1378 1460 1556 1514 [labes
1580 1496 1595 1525 ,
1619 1473 1894 1527 agnosco:

316 1563 532 1620 promer
576 1551 680 1606 hoc
722 1562 774 1607 te
824 1569 1024 1621 umero.
1074 1552 1313 1618 Magnam
1362 1567 1575 1607 causam
1621 1549 1894 1616 addidisti,

314 1656 483 1709 quare
506 1651 557 1697 te
579 1642 885 1712 diligentius
905 1659 1165 1711 quaram.
1214 1643 1340 1697 Ovis
1368 1652 1450 1697 est
1471 1644 1612 1695 enim
1641 1640 1713 1695 de
1736 1654 1898 1711 grege

318 1731 527 1786 “(illiilli
557 1732 663 1787 mei
688 1775 701 1795 ,
731 1748 851 1788 eum
867 1734 1033 1802 signo
1070 1734 1259 1787 errasti
1288 1750 1305 1786 :
1346 1732 1467 1786 ideo
1495 1747 1679 1801 quer
1705 1732 1893 1801 magis,

314 1823 436 1891 quia
476 1821 649 1892 ipsum
692 1824 905 1893 signum
931 1823 1115 1878 babes.
1166 1823 1343 1889 Quare
1392 1837 1548 1876 unam
1605 1819 1897 1877 Ecclesiam

316 1927 423 1967 non
470 1913 845 1981 possidemus?
882 1912 1053 1970 Unum
1084 1914 1291 1982 signant
1340 1913 1615 1976 habemus,
1646 1927 1811 1981 quare
1845 1912 1896 1965 in

315 2020 426 2060 uno
444 2006 568 2060 ovili
601 2021 703 2061 non
732 2006 952 2060 sumus?
1001 2006 1124 2059 ldeo
1154 2016 1204 2059 te
1244 2020 1448 2075 qtucro,
1477 2013 1529 2058 ut
1575 2004 1678 2058 hoc
1706 2003 1898 2058 Sacra-

317 2105 555 2153 mentum
579 2096 650 2153 sit
679 2097 771 2152 tibi
800 2097 855 2152 in
882 2097 1070 2151 salutis
1098 2096 1439 2164 adjutorium,
1472 2111 1575 2149 non
1604 2096 1655 2149 in
1681 2095 1901 2151 damna-

316 2186 479 2242 tionis
506 2188 885 2243 testimonium.
903 2187 1084 2243 Nescis
1099 2188 1218 2257 quia
1234 2186 1476 2241 desertor
1495 2186 1563 2241 de
1591 2186 1901 2241 charactere

316 2278 622 2345 damnatur,
649 2278 716 2334 de
734 2294 840 2349 quo
863 2281 1093 2333 militans
1115 2278 1450 2332 honoratur?
1476 2278 1600 2332 Ideo
1619 2287 1670 2332 te
1693 2290 1897 2347 quacro,

316 2379 375 2420 ut
403 2384 509 2422 non
538 2383 721 2437 pereas
746 2364 868 2423 cum
894 2369 1064 2439 signo.
1088 2367 1287 2424 Salutis
1310 2367 1451 2437 enim
1478 2368 1686 2437 signum
1722 2354 1826 2433 est,
1855 2367 1899 2420 si

316 2457 518 2510 habeas
562 2459 809 2525 salutem,
838 2459 883 2512 si
926 2460 1125 2513 habeas
1161 2458 1495 2513 charitatem.
1527 2458 1635 2512 Hoc
1664 2458 1805 2512 enim
1830 2458 1897 2511 si-

314 2564 479 2617 gnum
547 2549 732 2604 salutis
801 2559 951 2603 extra
1018 2551 1110 2603 tibi
1164 2552 1338 2606 inesse
1400 2559 1610 2619 potest,
1648 2550 1901 2619 prodesse

315 2656 427 2693 Iron
483 2649 672 2709 potest.
744 2641 875 2695 Veni
902 2682 916 2704 ,
962 2652 1025 2695 ut
1068 2642 1234 2711 prosit
1289 2642 1403 2697 Lbi.
1427 2642 1569 2713 quod
1614 2642 1841 2694 habebas
1884 2655 1898 2694 :

317 2750 427 2787 non
469 2741 526 2786 ut
565 2734 794 2802 accipias
838 2735 977 2802 quod
1039 2736 1317 2790 habebas:
1360 2733 1454 2789 sed
1519 2743 1576 2788 ut
1649 2734 1901 2801 prodesse

320 2824 415 2876 tibi
450 2823 669 2892 incipiat
721 2824 863 2894 quod
904 2824 1140 2879 habebas
1168 2866 1182 2890 ,
1225 2834 1279 2879 ct
1318 2825 1548 2894 accipias
1607 2823 1745 2893 quod
1796 2839 1900 2877 non

320 2913 576 2970 habebas.
624 2914 867 2971 Habebas
920 2916 1061 2970 enim
1107 2918 1316 2985 signum
1366 2917 1531 2985 pacis,
1586 2916 1750 2985 ipsam
1808 2930 1903 2981 pa-

317 3014 437 3051 cem
485 3014 590 3053 non
650 2999 900 3055 habebas.
936 3000 994 3054 in
1052 3001 1212 3054 domo
1253 3001 1361 3064 illa,
1393 3002 1443 3055 id
1488 3008 1589 3064 est.
1616 3003 1666 3053 in
1710 3012 1759 3053 te
1787 3000 1897 3052 dis-

318 3088 501 3141 cordia
556 3090 846 3156 habitabat,
877 3100 929 3144 et
976 3092 1028 3143 in
1059 3091 1243 3145 limine
1289 3091 1468 3144 titulos
1503 3091 1646 3159 pacis
1686 3088 1898 3158 figebat.

321 3182 568 3247 Agnosco
589 3179 790 3245 titulos,
818 3180 910 3235 sed
939 3197 1120 3250 quacro
1149 3182 1492 3236 habitantem.
1520 3180 1663 3249 Lego
1691 3179 1899 3233 titulum

326 3270 497 3336 pacis,
528 3269 853 3337 Boptismum
882 3272 935 3324 in
980 3274 1194 3324 nomine
1226 3272 1396 3325 Patris
1420 3280 1471 3325 et
1501 3271 1619 3324 Filii
1655 3280 1708 3322 et
1735 3271 1903 3338 Spiri-

322 3372 408 3413 tus
432 3363 623 3416 sancti.
646 3361 850 3415 Titulus
876 3362 1022 3433 pacis
1038 3373 1137 3424 est,
1164 3362 1313 3430 lego:
1343 3362 1462 3433 quis
1485 3361 1900 3431 habitatqumt‘O.

319 3454 538 3503 fratrem
606 3466 782 3504 meum
846 3450 1097 3516 attendo,
1160 3452 1364 3507 titulum
1436 3454 1580 3522 pacis
1650 3471 1901 3526 agnosco.

322 3542 500 3607 Ipsum
522 3550 577 3595 et
602 3556 703 3610 ego
726 3541 894 3595 ltaht-o
922 3559 936 3595 :
966 3543 1164 3598 intrare
1204 3544 1342 3598 volo.
1388 3544 1523 3610 Quid
1554 3554 1671 3609 est,
1703 3548 1903 3603 intrare

320 3632 479 3685 volo?
504 3632 744 3687 Fratrem
785 3651 870 3688 me
894 3636 1076 3704 accipe
1100 3679 1113 3698 ,
1143 3647 1197 3689 ut
1237 3637 1394 3690 simul
1420 3654 1636 3693 oremus
1668 3640 1898 3695 Patrem.

321 3726 435 3778 Non
466 3734 638 3780 tecum
666 3743 782 3780 tiro.
828 3727 986 3781 Titttli
1020 3730 1164 3797 pacis
1194 3737 1339 3793 sunt,
1370 3740 1426 3785 ct
1469 3733 1597 3787 mihi
1634 3733 1900 3788 discordia

320 3814 676 3869 contradicit?
715 3816 878 3869 Plane
907 3816 1179 3881 laborabo,
1208 3819 1492 3887 adjuvante
1523 3821 1775 3881 Domino,
1807 3824 1906 3890 eji-

320 3922 446 3960 cere
491 3906 810 3962 discordiam
855 3909 991 3963 male
1035 3910 1435 3979 possidentem,
1476 3922 1531 3967 et
1567 3914 1904 3971 introducere

322 4012 507 4064 pacem
558 4007 805 4068 tanquam
850 3998 1139 4068 legitimum
1180 4015 1561 4068 possessorem.
1603 4003 1736 4058 Cum
1774 4020 1903 4075 ergo

322 4088 639 4143 discordiam
687 4088 933 4152 excludo,
972 4105 1155 4159 pacem
1200 4090 1506 4159 introdueo,
1540 4092 1720 4146 titulos
1760 4094 1904 4163 pacis

320 4196 484 4247 quare
503 4179 749 4273 depono?
779 4181 908 4235 Dico
934 4181 1088 4250 plane
1120 4180 1345 4234 Domino
1384 4196 1504 4236 meo
1533 4199 1545 4234 :
1578 4182 1622 4237 Ο
1650 4181 1860 4239 Christe
1884 4226 1899 4250 ,

319 4271 408 4335 qui
436 4285 493 4324 es
514 4268 613 4340 pax
644 4282 846 4338 nostra,
884 4272 972 4340 qui
1002 4268 1172 4325 fecisti
1205 4280 1427 4341 utraque
1476 4288 1637 4325 unum
1671 4273 1899 4343 (Ephes.

323 4381 378 4423 ll.
414 4363 548 4435 ll),
574 4364 657 4419 fac
682 4381 779 4420 nos
808 4382 990 4427 unum,
1022 4375 1077 4420 ut
1103 4374 1249 4421 recte
1267 4377 1562 4429 mutemus,
1590 4364 1719 4420 Ecce
1742 4384 1893 4436 quam

320 4456 513 4507 bonum
541 4464 589 4508 et
630 4472 779 4526 quam
808 4456 1115 4526 jucundum,
1140 4456 1366 4510 habitare
1414 4459 1595 4527 fratres
1642 4457 1695 4510 in
1748 4474 1903 4511 unum

321 4546 493 4614 (Paul.
522 4560 726 4609 cxxxu,
758 4549 772 4600 l
798 4546 818 4615 )
848 4551 860 4599 l
894 4546 1139 4603 Introduc
1154 4547 1523 4612 concordiam,
1546 4546 1905 4617 pellcdiscor-

320 4639 462 4690 diam
497 4655 510 4689 :
542 4636 787 4693 introduc
831 4649 882 4693 te
910 4639 1079 4707 ipsum
1128 4638 1181 4692 in
1212 4638 1389 4692 titulos
1416 4647 1551 4691 tuos.
1583 4636 1662 4693 Tu
1699 4654 1856 4695 mane
1888 4657 1899 4692 :

324 4746 428 4783 non
457 4730 590 4784 alter
613 4730 879 4797 possideat
905 4772 922 4795 ,
952 4739 1007 4784 et
1030 4729 1096 4784 de
1123 4730 1225 4783 tuis
1254 4729 1417 4783 titulis
1451 4727 1615 4782 fallat.
1654 4729 1729 4782 Ttt
1759 4740 1901 4782 muta

324 4825 479 4873 istum
510 4821 977 4884 (‘0!lll'ﬂdiClOt‘t'll],
1021 4820 1110 4889 qui
1138 4835 1240 4875 una
1270 4820 1397 4874 hora
1424 4819 1475 4873 in
1501 4834 1658 4873 cruce
1686 4821 1899 4875 mutasti

326 4913 585 4964 latronem
617 4909 768 4980 (Luc.
795 4927 947 4975 χχιιι,
978 4909 1187 4977 40-45).

394 5002 446 5055 ὅ.
494 5002 557 5054 Et
602 5010 748 5055 certe
780 5001 1050 5053 videmnus
1074 4999 1199 5069 quid
1240 4998 1421 5054 habes.
1456 4998 1638 5054 Habeo
1664 5039 1678 5063 ,
1710 4997 1899 5067 inquit,

320 5094 758 5157 sacramentum,
814 5091 982 5144 habeo
1028 5090 1376 5160 Baptisnmtn.
1434 5089 1489 5145 Si
1543 5089 1713 5143 dicam
1769 5090 1900 5157 tibi,

323 5182 491 5234 l'roha
519 5200 531 5234 :
560 5181 796 5235 ostendis
819 5181 946 5234 mihi
973 5180 1095 5250 quid
1126 5166 1397 5249 acceperis
1420 5220 1435 5245 ,
1466 5178 1598 5233 dicis
1617 5177 1741 5248 quid
1771 5194 1896 5233 con-

322 5275 493 5326 fessus
523 5274 705 5336 fueris,
746 5273 877 5326 dit-is
913 5272 1037 5341 quid
1070 5263 1574 5341 teucas.’Agnosco,
1606 5287 1709 5324 non
1736 5281 1901 5335 muto,

323 5380 426 5415 non
458 5364 702 5417 cxsufllo.
729 5364 878 5416 Absit
908 5373 961 5415 ut
984 5377 1103 5415 cum
1132 5378 1313 5429 quazro
1338 5360 1559 5414 salutem
1588 5360 1899 5426 desertoris,

321 5458 507 5510 faciam
537 5456 780 5526 injuriam
806 5454 1130 5525 imperatori.
1162 5454 1298 5523 Ergo
1331 5452 1560 5521 probasti
1599 5451 1727 5506 mihi
1760 5452 1900 5521 qttod

322 5550 519 5603 habeas
559 5550 960 5602 Sartauwntutn
987 5588 1003 5612 ,
1052 5546 1368 5615 exponendo
1428 5544 1827 5599 Sacramcntum
1859 5546 1898 5598 '.

380 5772 395 5802 ⁵
441 5778 595 5825 Forte.
623 5784 725 5829 pro,
752 5768 1045 5831 utpmtrndo,
1068 5767 1213 5830 lugeo
1236 5768 1346 5824 lum,
1372 5781 1455 5830 rgo
1479 5783 1565 5818 non
1595 5770 1670 5817 clo.

1086 337 1315 395 δειιιιο
1357 337 1445 392 AD
1481 330 1975 392 C/ESAREENSlS
2001 333 2351 391 ECCLESIE
2394 335 2679 392 PLEBEM.

3463 338 3567 395 ωδ

1999 447 2241 503 Probasti
2268 448 2395 504 mihi
2425 458 2477 505 te
2499 449 2695 505 habere
2724 447 2880 504 ﬁdem
2917 464 2930 501 :
2963 448 3129 519 pretia
3149 448 3277 505 mihi
3304 447 3447 518 quod
3473 447 3571 503 ha-

1998 539 2125 595 beas
2169 540 2515 606 charitatcm;
2565 551 2686 598 tene
2729 542 3005 597 unitatem.
3056 540 3190 597 Nolo
3229 541 3360 597 mihi
3402 541 3573 607 dicas,

1997 630 2179 685 llabeo
2211 632 2524 687 claritatem
2553 649 2567 685 :
2604 631 2789 701 proba.
2836 630 3013 688 Unum
3038 631 3253 687 Patrem
3296 630 3572 696 habemus,

1996 724 2153 778 simul
2180 739 2413 779 oremus.
2444 723 2581 792 Quid
2622 730 2681 778 tu
2704 723 2837 779 dicis
2861 765 2875 789 ,
2905 724 3118 793 quando
3144 738 3266 777 oras
3290 761 3306 789 ,
3331 738 3459 792 rogo
3487 722 3573 775 te!

1999 813 2155 868 Pater
2180 826 2368 881 noster,
2398 818 2483 884 qui
2512 833 2563 870 es
2601 817 2651 870 in
2676 816 2812 870 caelis
2834 815 3042 890 (Matth.
3072 831 3161 881 vr,
3183 815 3223 870 9
3239 816 3279 884 ).
3318 815 3426 870 Deo
3458 830 3579 884 gra-

2001 908 2119 959 tias.
2148 905 2449 961 Secundum
2479 908 2841 975 magisterium
2872 907 3079 962 Domini
3106 906 3273 962 nostri
3302 904 3577 968 addidiSti,

1998 998 2084 1067 qui
2111 999 2235 1053 eain
2277 997 2435 1052 caelis.
2478 998 2725 1069 Singulos
2747 1000 2889 1054 enim
2914 1010 3095 1069 patres
3142 998 3469 1054 habebamus
3525 1000 3577 1053 in

2002 1089 2156 1142 terris
2180 1130 2196 1154 ,
2230 1105 2390 1144 unum
2432 1090 2729 1144 invenimus
2753 1091 2905 1145 simul
2927 1093 2977 1145 in
3008 1092 3178 1146 caelis.
3209 1091 3363 1145 Pater
3389 1100 3575 1157 noster,

2001 1181 2084 1248 qui
2112 1196 2163 1233 es
2203 1180 2255 1233 in
2275 1181 2411 1235 mli:
2440 1195 2459 1235 :
2501 1181 2673 1251 ipsum
2703 1183 2921 1235 invocas
2944 1182 3173 1237 Patrem.
3204 1183 3361 1238 Pater
3399 1192 3581 1238 noster

2004 1286 2160 1325 unam
2204 1271 2481 1341 conjugem
2527 1273 2692 1328 voluit
2739 1273 2972 1328 habere:
3024 1274 3112 1343 qui
3146 1289 3274 1344 ergo
3298 1274 3581 1329 adoramus

2003 1381 2164 1418 unum
2188 1365 2418 1431 Patrem,
2449 1380 2615 1435 quare
2639 1382 2749 1421 non
2772 1366 3108 1436 agnoscimus
3138 1376 3296 1420 unam
3320 1376 3540 1421 matrem
3556 1369 3581 1421 τ

2000 1458 2053 1511 Si
2086 1466 2264 1511 natum
2294 1466 2345 1511 te
2373 1457 2509 1512 dicis
2533 1457 2601 1512 de
2628 1458 2731 1512 alia
2753 1500 2768 1524 ,
2806 1467 2866 1513 et.
2908 1458 2977 1513 de
3019 1459 3138 1513 sinu
3182 1459 3357 1514 alieno
3386 1459 3507 1529 ipsa
3528 1460 3583 1513 t6

2003 1549 2207 1618 peperit
2234 1546 2329 1622 (ο).
2357 1548 2508 1617 Quod
2550 1549 2658 1603 dixi
2683 1589 2700 1613 ,
2723 1556 2826 1602 non
2854 1564 3041 1604 omnes
3084 1549 3385 1619 intelligere
3404 1549 3579 1617 potui-

2000 1644 2121 1696 stis.
2148 1642 2401 1696 Novimus
2431 1659 2527 1710 per
2556 1642 2820 1712 legitimas
2840 1642 3096 1712 coniuges
3129 1641 3323 1695 factum
3352 1656 3493 1707 esse,
3519 1650 3581 1694 It

2002 1733 2165 1786 etiam
2198 1732 2285 1802 qui
2327 1746 2433 1786 non
2458 1732 2524 1786 de
2568 1733 2815 1802 legitimis
2858 1732 3171 1802 coniugibus
3214 1740 3579 1797 nascerentur,

2004 1829 2054 1877 in
2095 1823 2283 1878 eadem
2322 1821 2637 1878 haereditate
2659 1822 2989 1876 sociarentur
3021 1839 3037 1877 :
3067 1821 3170 1876 hoc
3194 1821 3436 1875 voluntas
3456 1836 3583 1876 cou-

2002 1916 2138 1985 jngis
2164 1915 2302 1970 fecit.
2326 1914 2456 1968 Nam
2511 1914 2695 1970 lsmael
2726 1913 3095 1968 cthredatus
3123 1922 3223 1967 εει.
3252 1914 3424 1981 lpSum
3454 1911 3583 1966 Sara

2005 2014 2279 2075 pepererat
2299 2045 2314 2069 ,
2342 2005 2439 2059 etsi
2472 2004 2539 2059 de
2567 2012 2720 2059 utero
2757 2004 3102 2061 alicno.Sara
3130 2012 3409 2074 pepererat
3436 2010 3584 2057 utero

2002 2099 2178 2153 alieno
2198 2136 2215 2161 ,
2251 2106 2373 2150 voto
2403 2104 2520 2150 suo.
2548 2095 2663 2165 lp‘sa
2688 2094 2832 2150 enim
2870 2094 3023 2159 dixit,
3062 2093 3191 2148 Volo
3212 2094 3354 2149 enim
3389 2092 3458 2148 de
3484 2091 3583 2146 ista

2004 2190 2131 2244 mihi
2164 2189 2297 2242 ﬁlios
2327 2187 2508 2242 facias.
2559 2187 2627 2243 Et
2669 2187 2788 2242 ideo
2824 2187 2947 2242 fecit
2974 2186 3238 2241 Abraham
3266 2184 3428 2255 (Gen.
3473 2199 3580 2247 xvr,

2005 2282 2149 2351 id).
2177 2279 2318 2336 Uxor
2345 2282 2485 2335 enim
2508 2297 2606 2334 non
2632 2280 2780 2333 habet
2806 2289 3097 2351 potestatem
3119 2277 3344 2346 corporis
3366 2277 3466 2340 sui,
3494 2277 3583 2329 sed

2005 2373 2079 2425 rir
2108 2388 2127 2426 :
2170 2370 2418 2436 similiter,
2466 2371 2542 2425 vir
2575 2387 2675 2424 non
2721 2370 2866 2423 habet
2895 2378 3186 2439 potestatem
3231 2367 3456 2436 corporis
3480 2365 3583 2426 sui.

2005 2462 2091 2515 sed
2117 2461 2297 2515 mulier
2325 2458 2383 2533 (Ι
2413 2459 2530 2514 Cor.
2558 2475 2651 2525 vn,
2700 2460 2733 2515 6
2754 2460 2793 2529 ).
2821 2459 2952 2513 Nam
3000 2457 3137 2513 ﬁlius
3183 2466 3345 2520 esset,
3384 2457 3430 2511 si
3480 2470 3585 2512 non

2005 2551 2351 2620 saperbisset.
2378 2551 2650 2620 Superbus
2665 2560 2746 2605 est
2769 2549 3140 2605 exltreredatus
3164 2547 3377 2603 lsmael.
3404 2549 3584 2602 Erexit

2006 2644 2147 2697 enim
2187 2642 2379 2697 anciila
2421 2642 2709 2707 cervicem,
2734 2651 2791 2695 ut
2817 2639 3041 2707 diceret,
3072 2638 3217 2709 Ejice
3265 2640 3504 2694 ancillam
3540 2649 3586 2693 et

2007 2732 2169 2798 ﬁlium
2190 2734 2334 2802 ejus;
2360 2748 2465 2785 non
2488 2731 2619 2786 enim
2644 2732 2802 2785 lateres
2831 2733 2922 2785 erit
2951 2731 3087 2799 [illus
3104 2730 3305 2783 ancilla
3338 2746 3453 2784 cum
3477 2730 3585 2796 ﬁlio

2007 2840 2115 2878 meo
2146 2822 2296 2876 Isaac
2339 2820 2503 2892 (Gen.
2532 2837 2639 2887 ut,
2671 2821 2809 2892 t0)?
2833 2820 2961 2876 Nam
2986 2821 3061 2874 vis
3087 2834 3245 2875 nosse
3267 2818 3395 2889 quid
3416 2820 3586 2874 valeat

2008 2932 2135 2984 pax,
2165 2914 2289 2985 quid
2312 2914 2482 2968 valeat
2507 2912 2787 2967 concordia
2811 2954 2823 2973 ,
2852 2912 2974 2981 quid
3004 2912 3174 2967 valeat
3211 2908 3499 2975 humilitas,
3530 2920 3587 2966 et

2006 3007 2132 3076 quid
2158 3005 2407 3075 impediat
2426 3004 2711 3076 superbiai
2740 3004 3010 3059 lsmaclem
3040 3002 3418 3068 exltzcredavit,
3446 3000 3586 3056 ﬁlios

2007 3108 2183 3153 autem
2212 3100 2522 3153 ancillarum
2548 3095 2617 3152 de
2640 3095 2805 3152 Jacob
2827 3137 2845 3163 ,
2874 3097 2991 3164 quia
3019 3106 3072 3149 et
3112 3095 3189 3151 illi
3213 3103 3585 3153 utnasceren-
3642 3114 3647 3119 -

2010 3202 2094 3245 tur
2118 3189 2359 3260 coniugia
2392 3188 2537 3258 jtnta
2576 3188 2892 3242 voluerunt:
2949 3186 3083 3241 filios
3112 3200 3240 3255 ergo
3275 3184 3585 3240 ancillarum

2007 3281 2073 3334 de
2099 3279 2285 3343 Jacob,
2317 3280 2561 3333 novimus
2602 3279 2654 3335 iu
2693 3293 2851 3331 unam
2888 3276 3247 3332 litereditatetn
3278 3275 3584 3329 advocatos.

2008 3371 2175 3426 Simul
2214 3371 2477 3425 numerati
2526 3379 2649 3425 sunt
2690 3385 2877 3425 omnes
2926 3368 3241 3438 patriarcha:
3280 3366 3579 3431 duodecim,

2009 3463 2209 3517 nullum
2239 3462 2307 3517 ab
2328 3462 2498 3517 altero
2526 3460 2658 3516 uteri
2684 3460 2963 3514 diversitas
2998 3458 3283 3529 separavit,
3314 3456 3435 3527 quit
3463 3472 3580 3511 om-

2009 3569 2103 3606 nes
2122 3553 2354 3607 charitas
2391 3551 2631 3606 sociavit.
2674 3549 2809 3618 Quid
2854 3550 3073 3604 interest
3114 3563 3243 3619 ergo
3275 3548 3361 3602 ubi
3405 3547 3583 3617 Bapti—

2006 3659 2182 3697 smtnu
2204 3642 2509 3712 acceperis?
2535 3643 2831 3709 Baptismus
2853 3656 3002 3695 meus
3019 3649 3120 3705 est,
3139 3639 3267 3693 dicit
3298 3638 3388 3693 tibi
3413 3639 3544 3693 Sara
3573 3654 3585 3688 :

2012 3735 2312 3802 Bapusmus
2332 3748 2481 3787 meus
2508 3744 2611 3797 est,
2640 3733 2769 3787 dicit
2794 3733 2883 3785 tibi
2904 3732 3120 3786 Rachel.
3143 3730 3261 3786 Noli
3287 3731 3581 3798 superbire.

2011 3825 2128 3877 veni
2172 3823 2238 3877 ad
2288 3822 2648 3876 luereditatem
2681 3840 2694 3875 :
2726 3823 2955 3875 maxime
3002 3822 3123 3890 quia
3155 3820 3267 3889 ipsa
3303 3819 3585 3875 ha-rcditas

2010 3932 2114 3970 non
2157 3922 2240 3969 est
2283 3912 2371 3967 illa
2412 3922 2549 3967 terra
2596 3928 2713 3980 qua!
2757 3911 2877 3965 data
2914 3921 2998 3966 est
3045 3912 3165 3966 filiis
3208 3912 3393 3967 lat-ub.
3446 3912 3483 3965 F
3489 3911 3588 3965 iliis

2011 4005 2170 4061 Israel
2194 4006 2312 4059 data
2342 4013 2423 4059 est
2453 4014 2590 4058 terra
2620 4022 2634 4056 :
2666 4014 2863 4071 quanto
2887 4019 2915 4055 a
2936 4002 3170 4072 pluribus
3199 4004 3583 4073 possidebatur,

2012 4106 2158 4151 tanto
2187 4096 2305 4166 plus
2327 4095 2726 4166 angustabatur.
2775 4094 3064 4149 Ilaereditas
3092 4106 3268 4147 nosmt
3300 4111 3397 4164 pax
3427 4111 3584 4148 voca—

2011 4202 2114 4245 tur.
2151 4190 2546 4244 Testamentum
2600 4189 2717 4259 lego
2748 4206 2760 4242 :
2797 4187 2980 4241 Pacem
3022 4203 3180 4241 meam
3216 4187 3281 4241 do
3309 4187 3461 4250 vobis,
3494 4204 3589 4252 pa-

2008 4298 2116 4336 cem
2139 4297 2300 4334 meum
2340 4281 2565 4349 relinquo
2619 4281 2752 4333 vobis
2782 4280 2967 4350 (Joun.
2998 4295 3108 4343 xw,
3133 4278 3265 4349 ‘27).
3300 4278 3464 4332 Simul
3513 4288 3588 4332 te-

2010 4387 2231 4427 neamus
2249 4371 2390 4441 quod
2415 4371 2576 4425 dividi
2605 4388 2709 4425 non
2738 4381 2929 4440 potest.
2956 4370 3068 4426 Non
3094 4387 3209 4426 eam
3233 4380 3469 4441 angustat
3490 4388 3589 4424 nn-

2012 4479 2252 4521 merosus
2306 4478 2618 4533 possessor,
2668 4464 3077 4533 quanticumque
3132 4464 3401 4525 venerint;
3456 4463 3589 4517 sicut

1986 4555 2329 4624 promissum
2369 4555 2605 4618 est,vSic
2647 4556 2737 4609 erit
2776 4572 2939 4609 mneo
2977 4564 3116 4609 tuum
3150 4564 3385 4623 tanquam
3432 4554 3589 4609 διιιιιιιξ

2012 4647 2141 4709 caeli,
2172 4656 2218 4699 et
2243 4646 2371 4701 sicut
2399 4662 2556 4700 arena
2575 4661 2687 4715 qua:
2711 4645 2871 4700 estad
2900 4644 3087 4699 (obium
3112 4646 3283 4708 maris,
3314 4643 3376 4697 In
3407 4648 3591 4697 semine

2011 4750 2099 4792 tuo
2116 4738 2468 4793 benedicentur
2494 4755 2663 4793 ontncs
2696 4748 2863 4809 gentes
2889 4735 3050 4808 (Gen.
3080 4754 3219 4802 xxn,
3252 4738 3337 4800 l7,
3369 4736 3465 4801 l8)
3527 4735 3589 4789 Et

2011 4829 2132 4893 vidi,
2157 4828 2324 4899 inquit
2342 4830 2393 4883 in
2415 4829 2753 4900 Apocalypsi,
2787 4829 2966 4882 multos
2987 4829 3038 4880 in
3063 4828 3203 4881 stolis
3227 4828 3355 4880 albis
3375 4868 3386 4890 ,
3419 4838 3462 4879 rt
3496 4828 3587 4879 hu-

2014 4919 2178 4973 bentes
2204 4919 2421 4989 palmas,
2452 4935 2574 4985 quos
2599 4935 2863 4972 numerare
2884 4934 3027 4970 nemo
3051 4926 3229 4987 potest,
3253 4920 3500 4970 venientes
3530 4934 3591 4968 l'JI

2011 5010 2243 5065 erunibus
2278 5011 2503 5081 gentibus
2537 5010 2719 5082 (Apoc.
2746 5025 2813 5063 vn
2836 5051 2851 5073 ,
2881 5008 2967 5075 9).
3007 5008 3262 5068 Veniant,
3296 5024 3479 5077 pacem
3511 5019 3588 5059 to-

2014 5111 2208 5166 neant;
2245 5111 2465 5173 angusta
2505 5115 2609 5155 non
2633 5110 2700 5155 su
2728 5101 2743 5132 ¹
2778 5111 2955 5155 nostra
3003 5100 3269 5168 possessio
3309 5100 3591 5167 Angustias

2013 5208 2117 5246 non
2145 5192 2287 5256 facit,
2330 5190 2432 5246 nisi
2472 5191 2583 5247 sola
2612 5191 2894 5246 dissensio.
2938 5191 3073 5244 Ecce
3096 5231 3112 5257 ,
3145 5188 3330 5243 fratres
3360 5187 3461 5240 mei
3486 5226 3501 5251 ,
3538 5199 3591 5241 ut

2012 5282 2285 5353 argustias
2318 5282 2490 5336 adlmc
2548 5282 2843 5350 patiamur,
2894 5280 3154 5336 dissensio
3223 5278 3349 5333 facit
3415 5278 3592 5332 fratris

2014 5375 2177 5429 tmstri
2212 5375 2544 5429 :conscntiat
2572 5374 2621 5428 in
2647 5387 2808 5442 pace,
2832 5382 2886 5427 et
2916 5372 3048 5427 facta
3078 5381 3160 5426 est
3186 5370 3445 5425 latitudo.’

2083 5467 2135 5520 6.
2165 5464 2269 5520 Sed
2298 5465 2423 5535 quid
2457 5464 2728 5527 faciamus,
2776 5463 2875 5518 nisi
2917 5462 3198 5517 fraternam
3229 5460 3588 5517 infirmitatem

2013 5555 2261 5618 feramus,
2280 5566 2333 5608 et
2356 5570 2458 5608 non
2476 5553 2821 5608 deﬁciamus?
2838 5552 3013 5607 Sttdor
3035 5556 3131 5629 istc
3152 5564 3302 5605 meus
3325 5549 3589 5606 credimus

2077 5711 2087 5738 l
2128 5714 2265 5738 Dnrtn
2310 5719 2396 5738 ιηιιι
2426 5703 2455 5738 Ii

2077 5711 2087 5738 1
2146 5714 2157 5723 ‘
2204 5721 2211 5729 ·
2248 5720 2265 5738 1
2447 5705 2455 5711 ’

2077 5705 2506 5830 (ιιξοίιὲἶξέἷῖὕδζζίέ)
2538 5773 2701 5817 contra
2720 5766 3005 5827 Donatistas,
3030 5766 3111 5816 lib.
3143 5765 3186 5830 l,
3208 5783 3253 5818 tl.
3278 5765 3338 5817 ιιι
3358 5766 3432 5819 23.
