4024 6196
431 340 537 400 αις

431 459 572 529 quod
603 460 704 515 erit
753 456 1070 512 fructuosus.
1118 453 1372 508 Dominus
1401 451 1539 504 Deus
1582 455 1764 502 noster
1807 443 1896 516 qui
1923 460 2020 498 vo-

435 555 532 607 luit
557 561 615 607 ut
638 550 938 604 veniremus
968 545 1034 600 ad
1059 559 1176 610 vos,
1205 544 1293 614 qui
1319 544 1477 610 jussit
1515 549 1574 595 ut
1599 553 1722 595 eum
1750 550 2020 610 quaerere—

435 650 574 701 mus,
593 633 682 702 qui
704 633 827 688 fecit
850 640 908 686 ut
928 646 1048 685 cum
1073 629 1286 684 interim
1315 627 1446 682 facie
1467 636 1620 681 tenus
1639 625 2019 689 inveniremus,

433 725 646 794 ItijlllOS
695 723 1026 778 orationibus
1071 721 1265 776 vestris
1307 719 1463 775 faciet
1510 732 1607 772 nos
1653 715 1892 772 invenire
1928 730 2024 770 cor

435 818 550 886 ejus
575 858 588 878 ,
615 815 785 872 izrtari
815 815 883 870 de
923 814 1204 870 concordia
1231 812 1346 882 ejus
1367 854 1382 876 ,
1415 811 1609 881 gratias
1637 825 1794 880 agere
1820 809 1930 864 Deo
1954 807 2024 864 de

436 909 606 962 salute
630 907 747 970 eius
767 947 784 974 ,
818 921 976 976 quam
1004 920 1108 959 non
1139 913 1312 974 potest
1339 902 1536 957 habere
1563 901 1663 956 nisi
1695 900 1748 954 in
1786 899 2022 954 Ecclesia

436 999 716 1054 mtholica.
757 999 916 1052 Extra
948 997 1238 1052 Ecclesium
1283 994 1598 1049 catholicam
1652 1001 1818 1047 totum
1849 999 2026 1062 potest

439 1099 633 1156 pra-ter
649 1088 893 1143 salutem.
917 1087 1093 1141 Potest
1113 1085 1307 1139 habere
1322 1083 1597 1148 honorem,
1628 1092 1798 1152 potest
1829 1081 2026 1136 habere

435 1181 859 1247 Sacrameutum,
884 1190 1056 1250 potest
1079 1189 1293 1236 cantare
1321 1177 1566 1239 Alleluia,
1595 1187 1766 1245 potest
1807 1192 2024 1244 respon-

437 1276 762 1337 derontnen,
785 1282 959 1342 potest
981 1269 1532 1341 Evangeliutnzencre.
1560 1277 1730 1336 potest
1749 1265 1800 1320 in
1817 1266 2028 1320 nomine

441 1365 614 1422 Patris
654 1374 709 1420 et
732 1363 852 1420 Filii
894 1373 946 1417 et
987 1361 1216 1431 Spiritus
1248 1360 1417 1416 sancti
1469 1359 1626 1412 {idem
1655 1368 1709 1412 et
1733 1359 1929 1412 habere
1974 1367 2029 1412 et

440 1458 768 1528 pmiicare:
804 1455 896 1510 sed
945 1470 1203 1525 nusquam
1248 1453 1350 1508 nisi
1377 1453 1427 1506 in
1481 1451 1714 1506 Ecclesia
1764 1450 2025 1505 catholica

439 1548 663 1604 salutem
681 1547 875 1616 poterit
900 1545 1157 1600 invenire.
1186 1543 1489 1599 Transeunt
1514 1541 1660 1599 enim
1689 1543 1868 1596 omnia
1899 1540 2025 1604 ista,

444 1639 632 1694 intres
659 1636 782 1692 mei.
810 1635 964 1691 Modo
985 1645 1133 1706 putat
1175 1635 1296 1706 quia
1323 1649 1544 1704 magnus
1568 1634 1671 1689 erit
1711 1631 1848 1702 apud
1878 1646 2027 1696 suos,

443 1733 485 1784 si
518 1746 624 1786 non
645 1729 978 1785 consenserit
1000 1769 1014 1790 ,
1043 1737 1096 1782 et
1120 1727 1294 1782 dictus
1324 1725 1484 1781 fuerit
1508 1733 1712 1796 martyr
1737 1723 1900 1793 partis
1929 1723 2031 1776 Do-

445 1822 577 1876 nati.
606 1821 756 1876 Absit
776 1863 790 1884 ,
822 1821 1035 1875 tollatur
1060 1819 1114 1874 in
1157 1819 1374 1874 nomine
1405 1817 1610 1872 Domini
1637 1817 1705 1872 de
1728 1816 1891 1871 corde
1916 1816 2030 1887 ejus

445 1915 547 1968 iste
573 1912 784 1985 typhus.
817 1912 974 1968 Novit
1001 1921 1054 1967 et
1089 1911 1224 1981 ipse,
1253 1911 1376 1982 legit
1412 1919 1468 1964 et
1493 1910 1606 1979 ipse
1640 1928 1652 1963 :
1688 1909 1751 1965 Si
1776 1909 2029 1964 tradidero

443 2020 628 2072 corpus
652 2020 816 2057 meum
839 2014 892 2058 ut
915 2003 1146 2065 ardeam,
1165 2004 1458 2055 charitatem
1485 2011 1652 2055 autem
1675 2018 1775 2055 non
1796 2001 2026 2068 Imbrum,

447 2094 576 2148 nihil
619 2095 740 2148 mihi
768 2096 970 2162 prodest
1007 2093 1061 2164 (Ι
1089 2092 1207 2146 Cor.
1237 2109 1349 2157 xm,
1382 2094 1417 2148 5
1510 2093 1622 2162 Ego
1651 2107 1756 2147 non
1783 2092 1925 2158 αἰεί),
1973 2092 2028 2147 Si

445 2186 648 2254 aliquas
677 2186 893 2251 injurias
913 2184 1062 2254 quasi
1084 2184 1243 2254 jactet
1288 2199 1347 2239 se
1379 2199 1594 2255 ptssnm
1623 2197 1742 2239 esse
1768 2197 1864 2254 pro
1884 2195 2033 2253 parte

455 2275 643 2329 Dotiati
667 2315 681 2337 ,
718 2285 811 2329 aut
837 2275 1011 2342 aliqua
1055 2275 1248 2328 datnua
1277 2284 1484 2329 terrena
1505 2315 1521 2338 ,
1555 2273 1679 2328 nihil
1715 2276 1762 2329 ei
1795 2275 2028 2343 prodest.

447 2367 559 2438 Ego
585 2367 700 2436 plus
728 2368 867 2430 dico,
899 2367 953 2422 Si
971 2366 1198 2436 patiatur
1224 2365 1352 2420 foris
1377 2365 1649 2420 inimicum
1675 2364 1890 2430 Christi,
1924 2381 2030 2420 non

446 2460 776 2516 Catholicam
827 2459 1039 2515 fratrem
1081 2474 1236 2513 suum
1271 2468 1594 2528 quaerentem
1625 2457 1850 2512 salutem
1874 2457 1991 2524 ejus
2014 2499 2029 2521 ,

450 2555 539 2607 sed
569 2553 838 2607 inimicum
867 2551 1059 2606 Christi
1087 2552 1132 2607 si
1178 2550 1305 2606 foris
1334 2551 1562 2619 patiatur
1586 2591 1601 2614 ,
1630 2559 1682 2605 ct
1710 2550 1851 2604 dicat
1873 2550 1918 2603 ei
1948 2549 2030 2602 fo-

452 2660 538 2700 ras
566 2645 633 2699 ab
661 2643 898 2699 Ecclesia
941 2641 1136 2696 Christi
1185 2641 1431 2696 inimicus
1469 2641 1702 2704 Christi,
1736 2640 1880 2693 Pone
1911 2637 2032 2693 thus

451 2737 627 2802 idolis,
653 2735 813 2790 adora
841 2733 971 2788 deos
991 2747 1173 2798 meos;
1201 2743 1250 2787 et
1285 2747 1387 2785 non
1416 2732 1646 2786 adorans
1669 2731 1942 2786 occidatur
1964 2731 2032 2784 ab

452 2830 668 2886 inimico
693 2828 888 2885 Christi
921 2845 936 2882 :
967 2827 1276 2898 sanguinem
1304 2823 1524 2880 fundere
1553 2833 1747 2895 potest,
1778 2838 2031 2878 coronam

451 2921 693 2989 accipere
721 2935 825 2973 non
854 2927 1047 2990 potest.

518 3013 572 3065 7.
605 3012 705 3081 ipsi
739 3024 1027 3077 noverunt,
1058 3011 1270 3082 quando
1301 3010 1352 3064 in
1383 3007 1679 3064 Collatione
1701 3019 1880 3064 nostra
1914 3007 2031 3063 fue-

445 3116 588 3169 runt,
621 3119 782 3174 quam
808 3103 1124 3173 Carthagine
1156 3102 1438 3156 habuimus
1457 3140 1471 3162 ,
1500 3099 1770 3169 quomodo
1799 3098 2028 3154 confessi

447 3207 592 3261 sunt,
635 3197 756 3268 quia
799 3204 1047 3265 parentes
1091 3209 1274 3249 eorum
1320 3192 1559 3246 fecerunt
1607 3190 2028 3259 persecutionem

445 3287 729 3346 Cmciliano
748 3286 1020 3358 episcopo.
1051 3285 1202 3340 ‘l‘unc
1229 3299 1258 3337 a
1289 3281 1561 3338 Catholica
1588 3283 1602 3314 ³
1633 3281 2026 3347 discordantes,

445 3380 676 3436 schisma
701 3375 941 3434 fecerunt
970 3394 984 3430 :
1015 3375 1276 3446 persecuti
1297 3382 1421 3429 sunt
1447 3373 1596 3428 illum
1624 3380 1872 3443 parentes
1890 3371 2032 3440 ipso-

445 3485 585 3536 rum,
615 3472 665 3524 id
686 3479 789 3537 cst,
815 3469 969 3540 primi
987 3469 1075 3538 qui
1107 3469 1346 3522 fecerunt
1368 3476 1574 3542 partem
1601 3464 1812 3528 Donati,
1845 3479 2030 3532 perse-

445 3563 550 3616 ruti
573 3562 696 3612 sunt
713 3559 1076 3621 Caecilianum,
1103 3555 1462 3627 perduxerunt
1483 3554 1632 3607 illum
1661 3551 2030 3622 persequendo

448 3665 612 3718 usque
677 3647 742 3704 ad
787 3645 1042 3718 judicium
1090 3645 1450 3715 Imperatoris.
1505 3643 1760 3698 liiserttnt
1807 3642 2027 3696 erimina

447 3739 611 3810 Ipsius
641 3738 981 3808 Imperatori,
1010 3753 1129 3808 qua:
1174 3752 1296 3792 vera
1345 3750 1451 3790 non
1495 3732 1813 3790 existebant.
1865 3732 2032 3788 Iussit

451 3832 622 3887 aitdiri
654 3847 868 3887 causam
901 3832 1212 3900 Imperator.
1239 3826 1428 3882 Audita
1450 3835 1533 3881 est
1556 3825 1696 3895 apud
1724 3825 2024 3896 episcopos,

448 3925 577 3983 falsa
601 3925 688 3982 illa
710 3923 934 3982 crimina
964 3923 1174 3978 inventa
1196 3927 1356 3986 sunt,
1379 3917 1653 3975 absolutus
1676 3925 1760 3972 est
1786 3916 2027 3973 Cmcilia-

445 4033 564 4073 nus.
587 4017 696 4072 Nec
722 4018 795 4072 illi
840 4033 869 4070 a
920 4013 1290 4086 persequendo
1314 4013 1650 4073 destiterunt,
1675 4011 1768 4065 sed
1799 4011 2030 4080 Impera-

447 4121 615 4164 torem
644 4124 787 4178 saepe
815 4107 1242 4176 interpellarunt,
1274 4103 1360 4158 ubi
1385 4113 1568 4174 postea
1588 4101 1820 4170 jndicem
1852 4116 2028 4156 causa:

442 4192 851 4256 eoitstituerunt.
875 4199 943 4255 Et
971 4201 1082 4269 ipse
1105 4199 1240 4251 inter
1265 4203 1444 4266 partes
1469 4194 1668 4247 audivit
1687 4203 1740 4248 et
1758 4195 2026 4263 cognovit.

444 4291 702 4361 Cognovit
743 4290 1053 4360 Imperator.
1095 4289 1430 4342 innocentem
1454 4284 1796 4340 Cmcilianum
1819 4284 2028 4354 judica-

445 4387 536 4439 vit.
563 4384 632 4438 Et
657 4399 776 4439 cum
803 4382 905 4438 hoc
926 4382 1302 4449 objieeremus,
1331 4379 1724 4434 contenderunt
1749 4379 2022 4434 nobiscum

443 4484 496 4528 et
521 4474 805 4538 dixerunt,
833 4473 956 4542 quia
981 4472 1323 4526 Carcilianum
1353 4469 1617 4524 damnat-it
1655 4469 1946 4537 Imperator
1975 4471 2026 4524 iu

442 4567 685 4621 exsilium
719 4565 903 4636 :qnod
940 4563 1128 4620 falsum
1173 4571 1277 4618 est.
1316 4560 1420 4618 Sed
1474 4570 1650 4616 tamen
1677 4562 1852 4618 videte
1901 4562 2027 4632 quid

441 4659 687 4713 dixerunt
723 4658 894 4725 :Quia
923 4657 1365 4727 persequentibus
1389 4654 1680 4724 majoribus
1717 4654 1829 4709 suis
1854 4654 2026 4710 addu-

440 4763 558 4804 etus
611 4759 694 4804 est
737 4750 803 4804 ad
843 4749 1218 4818 imperatorem
1265 4745 1604 4812 Caecilianus,
1658 4754 1714 4801 et
1755 4745 1946 4800 missus
1973 4746 2025 4800 in

443 4838 710 4893 exsilium.
752 4839 911 4896 Gesta
941 4839 1196 4910 legimus,
1225 4838 1624 4907 prosecutiones
1673 4837 1836 4907 ipsius
1879 4846 2022 4903 sunt,

443 4943 630 4983 manus
656 4929 822 4998 ipsius
858 4939 1069 4986 tenetur
1093 4931 1114 4962 ’
1141 4928 1527 4984 subscribeutis
1561 4928 1738 4982 verbis
1762 4929 1872 4983 suis
1896 4945 1910 4994 ;
1943 4930 2023 4982 in-

443 5022 664 5085 tendite,
711 5023 940 5079 obsecro
980 5039 1095 5090 vos,
1139 5021 1424 5091 dijudicate
1471 5019 1632 5076 modo
1664 5033 1878 5076 causam
1929 5036 2026 5074 no-

439 5129 624 5170 stram.
651 5117 806 5172 Certe
836 5116 1094 5184 persecuti
1123 5125 1244 5168 sunt
1274 5113 1502 5183 majores
1527 5113 1606 5167 sui
1640 5113 1979 5168 Cmoilianum
2003 5130 2022 5175 ',

439 5223 519 5261 rei
533 5215 584 5261 te
599 5205 664 5259 ad
691 5206 1064 5276 Imperatorem
1084 5203 1465 5274 perduxerunt,
1496 5213 1640 5258 certe
1665 5200 1718 5257 ut
1743 5203 2021 5257 damnare-

441 5310 526 5354 tur
554 5298 814 5355 fecerunt.
855 5295 990 5351 Nolo
1036 5296 1214 5352 dicere
1255 5297 1373 5366 quia
1416 5312 1519 5350 non
1572 5305 1656 5351 cst
1699 5295 2016 5350 damnatus:

504 5419 518 5448 ί
560 5425 682 5474 Am,
705 5428 737 5465 a
758 5412 1015 5465 ratltolico.

441 5535 450 5544 ο
501 5481 524 5544 ε
556 5479 798 5527 Fditioues
839 5477 1061 5541 quaedam
1094 5475 1443 5544 permutatione:
1483 5474 1632 5544 ipsius
1673 5483 1813 5544 amt,
1849 5489 2022 5544 prunus

435 5537 587 5609 ipsius
609 5537 873 5609 tenenturf
891 5537 1307 5609 οπερ.ςᾲιιξςειιςιωεδρ.Δ
1342 5537 1690 5609 Ρζοδοςηιὶοιζεξ
1735 5537 1812 5609 hic
1848 5538 2024 5609 indicat

439 5598 585 5656 ipsith
609 5601 801 5650 t-‘mcriti
824 5613 910 5650 ore
935 5601 982 5650 in
1001 5599 1262 5648 Collatioue
1283 5599 1641 5661 Carthaginiensi
1663 5598 1824 5661 factas,
1852 5607 1902 5648 et
1925 5612 2023 5648 tua-

440 5673 503 5708 nu
523 5662 674 5726 Laius
708 5663 1029 5726 subscriptis;
1069 5662 1339 5726 adquecas
1373 5659 1627 5726 pertinere
1665 5659 1744 5726 illa
1767 5661 2019 5726 signiﬁcat.

437 5731 548 5786 quze
569 5721 633 5768 de
654 5721 910 5786 caciiiaoo'
924 5721 1352 5786 persequentibus
1374 5721 1634 5786 majoribus
1661 5723 1763 5772 suis
1783 5721 1840 5770 ad
1865 5728 2020 5784 tmpe-

441 5785 649 5826 raturetn
673 5781 877 5832 adducto
899 5781 949 5833 et
971 5785 1020 5834 in
1044 5781 1270 5834 cisilium
1293 5781 1690 5834 misso'dixcrunt
1714 5781 1985 5834 Donatistae.

913 341 972 397 ς.
1005 333 1370 396 aucusrm
1409 329 1710 388 muscum
1747 323 1973 384 sentio
1999 320 2614 381 morsuum-essm
2656 325 3006 382 secus”;
3047 327 3341 382 PLt-ztnsu.

3595 329 3704 385 636

2129 445 2252 499 nolo
2265 445 2444 501 dicere
2467 445 2588 516 quia
2608 445 2863 504 innocens
2873 456 2959 503 est
2980 449 3373 516 pronuntiatus;
3401 449 3505 506 Sed
3523 450 3621 506 hoc
3641 459 3710 506 stt

2124 537 2264 608 quod
2295 537 2492 593 dicant.
2537 537 2760 605 Quando
2802 554 2922 594 eum
2967 540 3456 610 persequebantur,
3493 543 3712 612 quando

2124 629 2364 687 damnari
2388 630 2646 694 fecerunt,
2670 639 2797 687 tunc
2819 631 2945 702 quid
2971 641 3086 687 erat
3107 632 3463 687 Caecilianus?
3485 633 3711 700 Quando

2127 724 2547 791 persecutionem
2585 722 2882 790 patiebatur
2916 739 2946 775 ιι
2989 723 3280 792 majoribus
3313 725 3557 792 istorum,
3585 726 3711 794 quid

2125 813 2279 868 ent?
2311 815 2524 867 Dicatur
2552 813 2678 867 mihi
2701 855 2716 877 ,
2745 813 2870 882 quid
2900 813 3053 867 crati
3077 814 3408 868 Christianus
3435 823 3551 869 erat
3570 816 3596 867 l
3619 830 3710 870 ca-

2130 907 2357 962 tholicus
2382 905 2536 960 erati
2561 915 2652 959 aut
2687 905 2811 976 quid
2843 907 2998 959 erat?
3036 904 3150 960 Non
3195 906 3404 969 dietmt,
3435 905 3551 961 Non
3597 918 3708 962 erat

2127 997 2448 1061 catholicus;
2471 996 2582 1059 sed,
2616 997 2952 1052 criminosus.
2982 997 3211 1052 Possunt
3237 1013 3364 1068 ergo
3395 999 3500 1067 pati
3521 1015 3708 1068 pense-

2129 1089 2394 1142 cntionem
2431 1104 2460 1140 a
2501 1089 2699 1142 sanctis
2741 1088 2982 1143 homines
3009 1089 3307 1144 criminosi.
3346 1091 3570 1145 Prorsus
3610 1092 3714 1148 hoc

2129 1178 2449 1249 accipiamus
2473 1195 2486 1232 :
2523 1179 2845 1234 criminosus
2877 1191 2994 1234 erat
3021 1180 3333 1235 thcilianus
3355 1220 3370 1245 ,
3416 1182 3503 1249 qui
3531 1197 3714 1253 perse-

2129 1270 2395 1323 cutionem
2428 1269 2743 1337 patiebatur.
2765 1268 2854 1324 Sic
2880 1270 3022 1322 enim
3051 1285 3156 1324 non
3197 1269 3340 1334 dico,
3382 1270 3711 1326 Ilentieban-

2132 1369 2250 1426 tur;
2281 1359 2374 1414 sed
2419 1358 2735 1414 fallebantur
2764 1376 2778 1412 :
2811 1368 2868 1413 ut
2893 1367 2950 1414 et
2995 1374 3094 1414 nos
3139 1359 3245 1415 illis
3271 1363 3668 1417 consentiamus
3691 1403 3708 1429 ,

2130 1451 2446 1507 criminosus
2474 1460 2606 1506 erat.
2639 1452 2739 1520 Qui
2767 1452 3048 1519 iaciebant,
3076 1452 3203 1524 quid
3230 1457 3421 1510 erant?
3448 1455 3600 1524 Quod
3630 1459 3714 1513 vis

2131 1542 2268 1610 elige
2300 1559 2315 1597 :
2345 1543 2389 1596 si
2429 1541 2592 1613 iniqui
2640 1553 2827 1610 erant;
2853 1543 3044 1600 desere
3070 1545 3298 1615 iniquos,
3338 1548 3456 1602 veni
3490 1549 3555 1604 ad
3592 1565 3712 1606 nos.

2129 1631 2184 1687 Si
2213 1641 2391 1687 autem
2415 1633 2583 1687 sancti
2614 1640 2768 1688 erant
2788 1650 2802 1696 ;
2829 1643 3003 1703 potest
3025 1651 3154 1705 ergo
3178 1635 3292 1691 ﬁeri
3321 1646 3382 1691 ut
3399 1639 3566 1692 sancti
3591 1656 3717 1707 per-

2132 1733 2425 1792 sequantur
2469 1723 2743 1792 injustum.
2812 1723 2928 1780 Noli
2955 1726 3107 1781 nobis
3126 1726 3282 1782 irasci
3311 1769 3328 1794 ,
3366 1727 3411 1783 si
3437 1731 3715 1800 persequi-

2133 1831 2256 1870 mur
2285 1833 2300 1870 :
2329 1818 2432 1871 noli
2461 1818 2660 1883 dicere,
2687 1818 2866 1887 lnjusti
2900 1819 3030 1874 estis
3050 1820 3140 1889 qui
3169 1820 3568 1891 persequimini.
3591 1821 3712 1877 Iam

2133 1911 2275 1964 enim
2316 1909 2624 1965 ostendistis
2667 1912 2784 1979 quia
2817 1911 2928 1965 ﬁeri
2970 1921 3142 1980 potest
3179 1921 3239 1966 ut
3281 1929 3334 1967 et
3357 1912 3484 1982 justi
3528 1931 3712 1983 perse-

2133 2009 2364 2070 quantur
2415 2001 2690 2070 injustum.
2747 2003 2885 2057 Fieri
2946 2013 3155 2072 potest,
3209 2013 3302 2058 aut
3347 2019 3452 2059 non
3502 2007 3716 2076 potest!
3781 2028 3787 2032 ι

2135 2089 2308 2149 Unum
2333 2091 2400 2147 de
2426 2093 2634 2148 duobus
2675 2093 2884 2150 dicatur
2909 2093 3056 2148 mihi.
3087 2095 3144 2150 Si
3182 2095 3295 2150 ﬁeri
3342 2112 3446 2151 non
3491 2108 3662 2164 potest
3699 2117 3713 2153 :

2129 2198 2300 2248 quare
2347 2183 2506 2238 vestri
2555 2185 2820 2252 persecuti
2866 2194 2990 2240 sunt
3036 2184 3413 2242 Cecilianuml
3439 2186 3495 2244 Si
3538 2198 3715 2242 autem

2137 2274 2249 2328 tieri
2292 2283 2465 2344 potest
2492 2277 2654 2344 :quid
2686 2278 2938 2332 miraris?
2982 2279 3117 2347 Quid
3163 2279 3346 2334 laudas
3378 2296 3610 2350 pcenam,
3663 2292 3718 2338 et

2135 2381 2240 2419 non
2269 2365 2504 2422 ostendis
2529 2369 2788 2431 causam?
2815 2368 2994 2437 Beati,
3022 2370 3096 2424 ait
3129 2371 3403 2436 Dominus,
3434 2372 3521 2443 qui
3548 2390 3715 2438 perse-

2134 2459 2384 2514 cutionem
2409 2461 2688 2525 patiuntur.
2708 2461 2878 2526 Adde,
2921 2471 3128 2532 propter
3143 2463 3394 2532 justitiam
3423 2463 3636 2535 (Matth.
3659 2481 3713 2530 ν,

2137 2549 2204 2603 i0
2225 2547 2242 2616 )
2263 2591 2277 2611 .
2306 2556 2360 2603 et
2383 2550 2638 2619 separasti
2668 2552 2922 2618 latrones,
2949 2554 3204 2621 separain
3234 2554 3524 2618 maleficos,
3559 2570 3714 2623 sepa-

2135 2639 2263 2692 rasti
2285 2639 2576 2705 adulteros,
2595 2643 2850 2709 scparasti
2883 2641 3097 2714 impios,
3125 2646 3381 2712 sejmrasti
3407 2646 3715 2715 sacrilegos,

2135 2729 2393 2797 separain
2425 2728 2724 2785 bmreticos.
2755 2731 2914 2786 Tales
2957 2734 3379 2803 persecutionem
3429 2737 3716 2806 patiuntur,

2135 2821 2228 2875 sed
2258 2837 2361 2876 nou
2387 2832 2602 2892 propter
2616 2823 2898 2894 justitiam.
3544 2825 3559 2840 ⁸

2206 2913 2259 2968 8.
2295 2913 2361 2968 Ει
2402 2924 2576 2968 tamen
2614 2916 2823 2984 qualem
2867 2919 3288 2992 persecutionem
3321 2921 3516 2988 patitur
3556 2920 3716 2976 frater

2137 3014 2332 3066 uoster,
2363 3005 2450 3074 qui
2490 3005 2745 3060 adductus
2776 3017 2850 3060 cst
2880 3007 2946 3061 ad
2989 3010 3124 3063 nos?
3153 3010 3264 3079 Ipsa
3297 3019 3376 3064 est
3423 3015 3717 3078 pere-cutio

2135 3097 2455 3166 gloriosior:
2503 3097 2572 3152 de
2624 3098 2712 3152 illa
2759 3114 2978 3167 prorsus
3023 3101 3295 3170 profiteor.
3343 3101 3717 3171 Reprehendai

2134 3189 2222 3257 qui
2271 3190 2401 3250 vult,
2444 3190 2601 3244 talem
2659 3192 3080 3258 persecutionem
3133 3191 3405 3262 proﬁteor.
3451 3193 3717 3248 Psalmum

2137 3280 2299 3349 lego:
2342 3279 2696 3334 [tetra/tentem
2731 3283 2968 3348 proximo
3011 3299 3103 3337 suo
3141 3284 3362 3344 occulte;
3416 3283 3550 3336 hunc
3595 3301 3715 3353 per-

2134 3371 2372 3442 sequebar
2401 3370 2583 3441 (l’sul.
2632 3387 2664 3427 c
2688 3414 2701 3435 ,
2733 3373 2826 3440 5).
2873 3373 2928 3429 Si
2970 3383 3116 3429 recte
3177 3389 3470 3444 persequor
3511 3377 3718 3429 occulte

2134 3466 2378 3533 proximo
2419 3459 2817 3530 detrahentem,
2873 3481 2978 3520 non
3035 3466 3232 3522 reetius
3281 3483 3573 3537 persequor
3627 3468 3717 3522 Dei

2134 3555 2428 3612 Ecclesium
2457 3558 2663 3626 publice
2682 3558 3158 3628 blasphemantem,
3182 3558 3392 3629 quando
3418 3559 3562 3624 dicit,
3597 3558 3649 3613 Ν
3653 3577 3719 3612 an

2133 3657 2207 3701 est
2234 3647 2346 3714 ipsa
2376 3648 2630 3718 :quando
2657 3649 2814 3715 dicit,
2849 3649 3044 3704 Nostra
3070 3661 3143 3706 est
3179 3667 3294 3723 qua:
3331 3653 3381 3706 in
3409 3662 3550 3720 parte
3597 3663 3672 3706 est
3693 3669 3712 3708 :

2133 3737 2346 3808 quando
2369 3739 2498 3794 dicit
2521 3780 2538 3805 ,
2573 3738 2674 3794 Illa
2703 3741 2942 3796 meretrix
2959 3751 3030 3795 at
3047 3742 3073 3796 Ρ
3098 3742 3238 3814 Ergo
3260 3741 3714 3816 blasphemanlem

2135 3830 2430 3887 Ecclesia"!
2500 3847 2606 3887 non
2663 3833 2988 3909 persequar?
3025 3834 3325 3910 Persequar
3367 3841 3554 3910 plane.
3595 3842 3715 3910 quia

2135 3922 2433 3981 membrum
2451 3942 2568 3981 sum
2597 3928 2847 3983 Ecclesia:
2880 3947 2893 3984 :
2924 3945 3213 3999 persequar
3238 3931 3411 3999 plane.
3437 3931 3556 4000 quia
3583 3932 3716 3985 filius

2133 4035 2248 4073 sum
2282 4018 2555 4074 Ecclesim.
2586 4019 2754 4090 ipsius
2785 4037 2912 4076 voce
2939 4020 3188 4076 Ecclesia:
3220 4032 3359 4088 utor,
3391 4027 3498 4092 ipsa
3529 4022 3714 4077 Eccle-

2134 4110 2208 4161 sia
2241 4125 2333 4176 per
2366 4125 2450 4163 me
2480 4109 2608 4165 dicit
2633 4112 2682 4165 in
2725 4112 2955 4179 Psahno,
2990 4111 3276 4182 Persequar
3309 4116 3535 4168 inimicos
3562 4133 3716 4178 meos,

2134 4212 2180 4253 et
2204 4201 2624 4271 comprehendam
2652 4202 2788 4265 illos,
2818 4213 2862 4256 et
2889 4221 2988 4258 non
3010 4215 3272 4259 convertar
3296 4207 3453 4259 donec
3480 4206 3720 4275 deﬁciunt

2135 4292 2319 4365 (Paul.
2342 4310 2472 4360 xvu,
2500 4294 2614 4365 33).
2637 4295 2896 4350 Deficiunt
2935 4297 2986 4350 in
3012 4297 3154 4351 malo
3176 4338 3190 4358 ,
3224 4298 3501 4368 proﬁciant
3545 4299 3595 4352 in
3627 4299 3721 4352 bo-

2134 4400 2280 4441 num.
2315 4385 2550 4450 Fratres,
2581 4401 2647 4440 ne
2670 4387 2862 4455 putetis
2897 4387 3094 4458 aliquid
3124 4404 3320 4442 novum
3365 4388 3559 4444 factum
3601 4405 3719 4444 esse

2135 4476 2280 4530 fratri
2316 4486 2518 4530 nostro.
2565 4475 2695 4532 Pars
2730 4477 2917 4531 Donati
2947 4477 3160 4544 quando
3200 4479 3525 4550 prasvalchat
3574 4479 3716 4534 Cott-

2134 4571 2380 4623 stantina!
2401 4609 2417 4636 ,
2446 4568 2637 4623 inicum
2687 4577 2926 4624 nostrum
2949 4570 3388 4626 catechumenum
3435 4580 3616 4625 natum
3656 4571 3721 4626 de

2138 4659 2446 4730 parentibus
2473 4661 2776 4723 catholicis.
2806 4661 3123 4716 Petilianum
3168 4663 3402 4728 teouit',
3452 4664 3560 4716 vim
3597 4661 3716 4718 fecit

2136 4753 2334 4807 nolenti
2361 4795 2376 4820 ,
2407 4761 2672 4808 scrutatus
2712 4763 2795 4809 est
2840 4753 3125 4825 fugientem
3149 4797 3163 4822 ,
3211 4754 3415 4811 invenit
3442 4756 3715 4822 latentem,

2133 4844 2360 4899 extraxit
2400 4854 2722 4915 paventem,
2779 4845 3065 4915 baptizavit
3117 4855 3453 4911 trementem,
3507 4849 3719 4903 ordina-

2134 4941 2205 4993 \‘it
2234 4939 2522 4994 uolentem.
2555 4939 2692 4992 Ecce
2722 4939 2932 5007 qualem
2965 4939 3268 4994 violentiam
3293 4939 3414 4994 fecit
3436 4940 3486 4994 In
3515 4951 3716 4995 nostro.

2135 5031 2328 5098 Ilapuit
2372 5029 2458 5084 illa
2497 5028 2564 5084 ad
2600 5037 2863 5096 mortem,
2906 5043 3005 5084 nos
3044 5046 3147 5084 non
3198 5031 3455 5084 trahimus
3481 5031 3548 5085 ad
3580 5032 3719 5086 salu-

2131 5123 2270 5178 tem?

2199 5214 2253 5271 9.
2283 5213 2406 5268 Ilzcc
2431 5213 2638 5268 locutus
2657 5227 2773 5267 sum
2797 5213 3050 5267 Charitati
3076 5221 3269 5268 vestr.c
3289 5256 3302 5279 ,
3335 5225 3557 5284 propter
3585 5213 3711 5268 illud

2194 5413 2207 5444 ¹
2249 5418 2295 5460 ιη
2327 5417 2441 5460 ante
2485 5408 2961 5473 editis_legebatur,_
2988 5409 3245 5460 Politianus
3279 5409 3461 5473 tennit;
3493 5417 3544 5460 et
3581 5408 3716 5473 paulo

2131 5482 2235 5532 Wst
2257 5487 2270 5522 :
2290 5473 2456 5535 Rapuit
2476 5470 2559 5521 ille
2580 5471 2646 5520 ad
2667 5469 2883 5535 mortem.
2905 5471 3219 5535 Ijlu-ariorum
3242 5473 3318 5521 hic
3339 5469 3526 5535 Lusum
3551 5469 3716 5521 einen-

2129 5538 2245 5584 dzare
2270 5533 2363 5583 non
2385 5533 2675 5590 duint-amns,
2697 5533 3002 5582 considerato
3035 5533 3156 5583 libro
3195 5534 3411 5583 Secundo
3432 5543 3597 5582 contra
3635 5541 3716 5582 Pe-

2131 5597 2278 5647 tiliani
2296 5597 2513 5653 Litteris,
2539 5609 2584 5642 n.
2606 5594 2715 5653 2'59,
2736 5595 2817 5642 ubi
2841 5599 2899 5642 ad
2917 5595 3071 5656 ipsum
3096 5596 3414 5658 Augustinus,
3436 5611 3458 5639 ι
3469 5597 3710 5658 pisceruat

2139 5678 2158 5704 ι
2186 5669 2236 5707 te
2259 5665 2402 5714 Deus,
2429 5673 2457 5718 »γ
2490 5658 2660 5718 inquit.
2696 5675 2719 5702 ι
2738 5670 2765 5704 a
2790 5655 3134 5718 parthuuati,
3161 5655 3212 5705 et
3249 5658 3298 5705 in
3321 5655 3604 5705 catholicam
3636 5669 3706 5704 re-

2138 5740 2156 5764 s
2184 5727 2339 5768 vocet.
2367 5717 2495 5781 unde
2511 5717 2649 5781 te’illi
2673 5717 3074 5767 cateelunncnum
3099 5720 3353 5781 abreptum
3377 5718 3612 5767 tumtifcri
3635 5721 3706 5766 be

2141 5800 2159 5825 α
2187 5783 2315 5830 noris
2340 5779 2526 5829 vinculo
2548 5777 2834 5842 ligaverunt.
2857 5797 2877 5822 ι
