4070 6200
378 375 480 429 697

376 579 638 641 volumus,
668 584 723 630 ut
752 574 858 634 bic.
883 572 1002 637 hic;
1033 573 1126 627 sed
1150 573 1201 626 in
1234 572 1452 638 unitate,
1510 571 1563 627 in
1602 587 1734 643 pace
1776 589 1790 627 :
1845 569 1953 634 hic,

376 671 497 735 hic;
528 668 622 723 sed
658 668 709 721 in
735 664 1008 722 charitatis
1033 666 1307 719 societate.
1338 664 1487 717 Tunc
1514 662 1649 718 bene
1688 662 1790 717 hic.
1822 661 1954 717 Nam

377 760 566 815 melius
591 772 848 828 nusquam
878 772 1035 827 quam
1063 755 1167 811 hic.
1198 755 1301 810 Sed
1351 762 1568 825 praestet
1594 755 1867 820 Dominus,
1897 765 1953 809 ut

376 851 460 904 hic
487 851 663 919 potius
688 863 845 918 quam
878 861 1156 915 nusquam.
1201 845 1255 900 Si
1299 860 1402 900 non
1434 844 1542 911 hic,
1587 845 1725 900 absit
1752 856 1807 899 ut
1850 862 1953 899 non

374 940 521 1003 alibi.
550 939 727 993 absit:
754 938 871 1004 hic,
903 946 993 991 aut
1018 937 1163 991 alibi.
1197 934 1453 999 Audistis,
1492 936 1709 989 audivit.
1737 936 1870 1004 Quid
1901 937 1952 990 iu

368 1033 485 1101 ejus
505 1032 685 1085 animo
712 1031 850 1084 Deus
888 1029 1074 1099 egerit,
1115 1027 1229 1096 ipse
1267 1028 1428 1080 novit.
1460 1024 1568 1080 Nos
1596 1025 1735 1081 enim
1769 1043 1951 1081 aurem

377 1124 670 1178 forinsecus
697 1120 1054 1191 percutimus;
1084 1118 1173 1172 ille
1199 1118 1345 1171 novit
1373 1118 1515 1172 intus
1545 1117 1710 1187 loqui,
1756 1118 1846 1171 ille
1874 1118 1953 1171 in-

369 1224 454 1269 tus
480 1213 730 1284 praedicat
756 1226 962 1282 pacem,
987 1224 1085 1264 nec
1101 1217 1276 1263 cessat
1298 1207 1587 1279 praedicare
1611 1208 1657 1262 si
1682 1207 1946 1263 audiatur.

1062 370 1151 425 DE
1190 367 1431 425 GESTIS
1468 366 1608 424 CUM
1651 364 1973 429 EMERITO,
2014 364 2071 421 S.
2113 366 2474 424 AUGUSTINI
2517 360 2715 427 LIBER
2758 324 2954 430 UNCS.

376 487 518 558 quod
546 483 776 547 dixistis,
806 483 904 537 Aut
930 482 1032 549 hic,
1063 490 1150 535 aut
1175 498 1438 549 nusquam.
1468 479 1580 535 Hoc
1605 481 1743 535 enim
1771 490 1823 536 et
1860 494 1957 535 nos

3536 371 3639 425 09$

2065 479 2248 535 Aderit
2295 484 2659 539 misericordia
2714 486 2848 555 ejus,
2894 487 3264 556 adjuvantibus
3310 489 3645 544 orationibus

2064 573 2277 636 vestris,
2310 584 2367 627 ut
2406 575 2474 628 sit
2501 574 2802 631 fructuosus
2830 578 2979 632 labor
3009 588 3211 633 noster.
3245 578 3444 635 Tamen
3471 582 3513 634 si
3549 580 3646 633 ho-

2061 664 2148 719 die
2171 668 2563 721 communicare
2606 669 2833 725 noluerit
2856 712 2871 733 ,
2901 671 3141 741 quamvis
3170 670 3374 741 fatigari
3415 688 3519 726 non
3556 673 3648 727 de-
3676 700 3681 705 ι

2065 754 2312 821 beamus,
2338 758 2430 811 sed
2464 757 2661 814 instare
2687 770 2939 830 quantum
2981 774 3258 831 possumus
3283 805 3296 827 ,
3326 762 3609 818 debeamus
3627 780 3655 829 ;;

2062 862 2163 901 nec
2204 848 2282 901 sic
2320 858 2494 903 tamen
2540 850 2743 919 fatigari
2773 848 3048 907 debemus.
3099 852 3303 907 Dili'erri
3341 868 3641 922 possumus.

2062 938 2271 994 auferre
2324 938 2626 994 instantiam
2671 951 2903 996 nostram
2950 957 3048 997 nec
3096 956 3398 1013 possumus,
3431 944 3643 997 neede-

2062 1027 2267 1083 betnus.
2303 1030 2485 1085 Aderit
2530 1030 2620 1086 ille
2649 1033 2735 1101 qui
2776 1031 2879 1086 huc
2928 1032 3075 1087 illum
3115 1033 3180 1087 ad
3214 1047 3309 1087 nos
3354 1033 3638 1104 perduxit,

2061 1131 2119 1173 ut
2149 1135 2246 1173 nos
2278 1120 2435 1174 faciat
2459 1136 2578 1176 cum
2602 1121 2694 1175 illo
2734 1121 2786 1176 in
2819 1122 3018 1178 unitate
3060 1122 3333 1178 vobiscum
3368 1134 3423 1179 et
3464 1125 3515 1179 in
3544 1138 3639 1179 sua

2063 1225 2191 1281 pace
2219 1210 2469 1282 gaudere.

438 1341 845 1418 Subjungendus
876 1340 974 1418 hoc
1001 1341 1119 1418 loco
1143 1341 1263 1418 erit,
1298 1340 1342 1418 si
1388 1339 1674 1418 aliquando
1699 1341 2029 1418 reperiatur,
2050 1342 2129 1418 Ad
2159 1343 2434 1397 Emeritam
2462 1344 2750 1418 episcopum
2796 1344 3197 1413 Donatistarum,
3251 1357 3361 1418 post
3396 1346 3641 1403 Collatia-

368 1430 499 1472 που».
532 1411 834 1478 liberalius;
859 1413 1009 1480 cujus
1040 1411 1157 1465 libri
1186 1411 1426 1464 meminit
1454 1412 1781 1480 Augustinus
1808 1413 1858 1465 in
1888 1413 1979 1465 lib.
2002 1412 2036 1464 2
2064 1416 2320 1476 ltctract.,
2348 1430 2465 1483 cap.
2496 1416 2591 1468 46.

700 1531 968 1539 _____—-——-——-

525 1533 688 1543 ..ο-...α-

450 1534 688 1543 -._...___
700 1534 1751 1539 mm
1790 1534 2613 1542 w__w_______._.
3360 1538 3462 1545 ,Μ

384 1534 3609 1584 mm

1790 1530 2073 1539 ο--σ--ομ

1945 1570 2099 1580 -ο-ρο
2110 1572 2115 1576 .

1437 1644 1545 1705 AD
1598 1643 1854 1705 GESTA
1901 1644 2066 1707 CUM
2118 1646 2524 1716 EMERITO.

456 1769 609 1855 Fide
664 1766 771 1831 lib.
794 1766 858 1839 2,
903 1785 1055 1855 cap._
1094 1764 1218 1855 51Ἰ
1251 1765 1822 1855 Retractationum,
1866 1774 2013 1855 (opt.
2060 1768 2119 1843 1,
2153 1769 2272 1831 col.
2328 1769 2469 1844 650,
2528 1791 2567 1831 a
2611 1770 2810 1834 verbis
2838 1817 2854 1841 .
2910 1773 3256 1853 Aliquanto
3312 1782 3457 1855 post
3509 1779 3639 1839 col-

368 1849 701 1920 lationem,
733 1866 925 1926 usque
973 1842 1057 1906 ad
1089 1842 1358 1941 uerbum,
1390 1844 1803 1906 Consulibus.
1887 1846 1974 1907 M.

668 1999 697 2006 ρ.

708 1997 931 2005 W—

982 2124 1125 2239 ε.
1201 2126 1960 2239 AURELII
2031 2129 3039 2245 AUGUSTINI

1513 2316 2031 2381 HIPPONENSIS
2070 2285 2424 2401 Eiusdem

666 2480 936 2619 DE
1030 2472 1728 2622 GESTIS
1827 2471 2247 2621 CUM
2372 2478 3279 2628 EMERITO

837 2711 1561 2789 CAESAREENSI
1619 2713 2006 2785 DONAT
2022 2717 2059 2786 Ι
2075 2716 2538 2789 STABUM
2599 2717 3122 2790 EPISCOPO

1489 2864 1972 2971 LIBER
2062 2865 2503 2975 U'NU'S.

438 3194 485 3246 l.
523 3192 928 3248 Glotiosissimis
959 3189 1365 3261 imperatoribus
1388 3228 1401 3247 .
1429 3185 1661 3239 llonorio
1682 3182 1935 3237 duodeci-

361 3300 505 3339 mum
531 3327 546 3350 ,
576 3295 629 3339 et
668 3284 970 3338 Theodosio
995 3295 1238 3338 octavum
1268 3279 1573 3335 oonsulibus
1597 3278 1701 3347 (ιι),
1737 3273 1944 3329 duode~

361 3378 505 3430 eimo
531 3374 782 3429 calendas
811 3373 1044 3429 oetobris
1069 3415 1084 3439 ,
1112 3371 1369 3427 Caesareae
1394 3370 1446 3425 in
1474 3370 1697 3425 ecclesia
1722 3368 1902 3436 Majori
1926 3409 1944 3433 ,

361 3481 483 3521 cum
510 3465 787 3519 Denterins
806 3465 1087 3534 episcopus
1108 3462 1548 3532 mctropolitanus
1563 3458 1944 3524 Caesareensis,

362 3571 464 3609 una
489 3570 607 3608 cum
633 3554 826 3624 Alypio
849 3553 1194 3622 Thagastcnsi
1218 3593 1232 3617 ,
1256 3552 1552 3622 Augustino
1578 3550 1901 3619 llipponensi
1926 3590 1942 3615 ,

365 3646 606 3699 Possidio
636 3644 933 3699 (Ialamensi
958 3684 974 3709 ,
1009 3644 1227 3698 Rustico
1276 3643 1617 3698 Cartenitauo
1642 3682 1657 3705 ,
1708 3640 1946 3694 Palladio

363 3734 675 3805 Tigabitano
700 3775 714 3797 ,
745 3744 797 3787 et
816 3734 1024 3789 ca'teris
1044 3733 1308 3803 episc0pis
1332 3773 1348 3797 ,
1374 3732 1426 3786 in
1448 3732 1698 3788 exedram
1728 3745 1944 3799 proeeso

361 3828 597 3890 sissent,
651 3826 1002 3896 prmscntibus
1044 3824 1370 3895 presbyteris
1412 3832 1467 3877 et
1508 3822 1817 3876 diaconibus
1843 3862 1858 3884 ,
1892 3831 1947 3876 et

362 3920 618 3975 universo
657 3919 845 3984 clero,
891 3933 955 3973 ac
1006 3916 1432 3988 frequentissima
1490 3914 1683 3984 plebe,
1735 3912 1948 3967 adesset

360 4012 519 4065 etiam
549 4011 817 4066 Emeritns
847 4008 1011 4079 partis
1042 4008 1228 4062 Donati
1259 4008 1578 4075 episcopus;
1622 4003 1947 4073 AuguSIinus

362 4104 642 4173 episcopus
670 4103 922 4158 Ecclesim
952 4100 1231 4155 catholicae
1274 4097 1406 4151 dixit
1435 4116 1448 4152 :
1491 4096 1709 4150 Fratres
1744 4094 1945 4149 charis-

361 4195 481 4248 simi
509 4236 525 4256 .
555 4195 645 4264 qui
676 4195 741 4248 ah
770 4194 917 4247 initio
943 4192 1194 4247 Catholici
1222 4190 1393 4245 fuistis
1419 4229 1433 4255 ,
1463 4198 1518 4242 et
1541 4188 1859 4257 quicumque
1882 4185 1944 4239 ad

361 4286 686 4339 Catholicam
713 4301 778 4339 ex
811 4284 1206 4339 Donatistarum
1254 4296 1437 4336 errore
1478 4278 1694 4334 venistis
1721 4319 1735 4344 ,
1768 4288 1819 4332 ct
1852 4292 1944 4348 pa-

358 4394 478 4432 cem
510 4377 667 4447 hujus
695 4385 893 4432 sancta:
926 4375 1178 4430 Ecclesia:
1204 4372 1479 4429 catholica:
1504 4370 1828 4441 eognovistis
1850 4411 1864 4434 ,
1895 4378 1949 4425 et

363 4469 541 4529 veraci
560 4467 723 4522 corde
746 4468 993 4522 tenuistis
1015 4508 1029 4530 ,
1050 4475 1106 4521 et
1124 4465 1214 4536 qui
1235 4464 1407 4519 adhuc
1426 4463 1563 4518 forte
1587 4462 1654 4517 de
1673 4460 1948 4517 catholicae

361 4558 582 4615 unitatis
606 4558 829 4613 veritate
860 4557 1114 4612 dubitatis
1136 4597 1153 4622 ,
1190 4556 1372 4611 audite
1403 4570 1503 4608 nos
1535 4552 1790 4609 sollicitos
1820 4567 1947 4622 pura

363 4650 650 4705 dilectione
676 4664 775 4719 pro
800 4648 975 4703 vobis.
1002 4646 1229 4715 Quando
1261 4645 1401 4701 venit
1427 4644 1492 4699 ad
1517 4644 1654 4698 hanc
1678 4644 1947 4698 civitatem

362 4742 450 4795 die
480 4740 899 4795 nndiustertiana
943 4740 1108 4794 irater
1135 4747 1319 4792 noster
1350 4736 1618 4791 Emeritos
1648 4736 1948 4790 Donatistae

366 4848 481 4886 rum
509 4832 681 4885 adhuc
718 4832 1002 4901 episcopus
1028 4872 1041 4896 ,
1088 4830 1347 4899 perlatum
1394 4836 1477 4881 est
1523 4826 1587 4880 ad
1633 4842 1731 4881 nos
1777 4827 1951 4881 subito

365 4938 486 4977 eum
515 4937 634 4978 esse
664 4930 998 4989 pnesentem.
1056 4921 1123 4975 lit
1163 4918 1413 4988 quoniam
1443 4916 1701 4971 charitate
1727 4957 1742 4981 ,
1792 4931 1949 4984 quam

367 5016 508 5071 Dens
534 5016 677 5069 videt
700 5056 714 5081 ,
738 5013 1174 5068 desiderabamus
1194 5012 1310 5079 ejus
1335 5009 1669 5080 praesentiam
1696 5022 1712 5073 ;
1736 5007 1802 5060 ad
1830 5022 1949 5060 cum

371 5105 653 5160 videndum
685 5105 941 5158 continuo
982 5102 1382 5157 conmilavimus
1428 5118 1440 5154 :
1490 5097 1791 5154 invenimus
1830 5113 1950 5151 eum

370 5207 594 5251 stantem
628 5197 679 5249 in
707 5196 902 5265 platea.
932 5195 1091 5250 Facta
1125 5193 1350 5248 invicem
1380 5190 1695 5246 salutatione
1719 5230 1733 5253 ,
1769 5188 1955 5242 admo-

369 5290 580 5343 nuimus
607 5330 620 5350 ,
649 5286 788 5357 qunti
816 5286 1004 5340 durum
1036 5294 1180 5341 esset
1208 5300 1270 5339 ac
1316 5292 1466 5354 turpe
1514 5296 1634 5336 eum
1682 5281 1731 5335 in
1780 5280 1951 5351 platea

368 5394 646 5435 remanere
670 5416 687 5445 ,
720 5388 776 5432 ut
806 5378 869 5433 ad
900 5378 1181 5432 ecclesiam
1212 5376 1485 5454 nobiscum
1521 5374 1742 5429 veniret.
1771 5374 1837 5425 At
1866 5371 1954 5425 ille

371 5472 521 5523 nobis
547 5470 664 5525 sine
696 5469 798 5524 ulla
830 5469 1166 5524 recusatione
1193 5466 1462 5521 consensit
1491 5483 1505 5519 :
1540 5465 1625 5519 ubi
1666 5479 1764 5520 nos
1804 5471 1953 5532 puta-

370 5562 542 5615 vimus
565 5576 687 5616 eum
718 5560 786 5613 ita
809 5559 1239 5614 communionem
1266 5556 1578 5612 catholicam
1606 5572 1710 5609 non
1744 5568 1955 5609 recusa-

371 5663 545 5706 turum
563 5693 576 5711 .
599 5649 1044 5722 quemadmodum
1071 5651 1149 5706 vel
1174 5659 1521 5721 spontaneum
1546 5647 1732 5704 obtulit
1757 5645 1952 5701 adven-

432 5763 501 5819 (α)
535 5761 702 5811 Christi
730 5773 853 5810 anno
880 5759 983 5809 “8.

2052 3197 2161 3242 tum
2183 3230 2197 3255 ,
2227 3189 2310 3244 vel
2340 3189 2405 3243 ad
2436 3190 2715 3244 ecclesiam
2763 3191 2945 3245 venire
2987 3191 3203 3246 minime
3233 3190 3509 3246 dubitavit.
3541 3192 3634 3246 Illo

2052 3290 2230 3333 autem
2262 3281 2312 3332 in
2343 3281 2688 3349 perversitate
2711 3280 2962 3336 haeretica
2987 3322 3002 3345 ,
3032 3282 3272 3351 quamvis
3304 3283 3436 3335 intra
3465 3282 3633 3337 eccle-

2054 3369 2185 3424 siam
2217 3369 2531 3425 catholicam
2558 3412 2571 3434 ,
2602 3370 2800 3426 diutius
2827 3381 3132 3426 remorante
3154 3413 3169 3435 ,
3215 3372 3477 3427 allocutus
3515 3388 3631 3427 sum

2054 3460 2400 3515 Dilectionem
2453 3470 2725 3526 Vestram,
2778 3462 2915 3517 sicut
2958 3463 3269 3518 meminisse
3319 3465 3629 3536 dignamini.

2049 3550 2209 3604 Multa
2236 3552 2345 3605 dixi
2373 3567 2491 3621 quae
2515 3553 2740 3608 audistis
2765 3595 2780 3619 ,
2808 3562 2863 3608 et
2885 3570 3002 3624 qua:
3041 3556 3157 3611 sine
3190 3554 3352 3611 dubio
3379 3565 3630 3626 quantum

2052 3645 2274 3711 potestis
2299 3644 2459 3697 etiam
2486 3646 2805 3701 meministis
2834 3663 2848 3700 :
2893 3647 3054 3701 multa
3082 3648 3149 3702 de
3180 3663 3306 3717 pace
3329 3689 3344 3714 ,
3373 3650 3532 3703 multa
3564 3650 3631 3705 de

2049 3734 2307 3786 eharitate
2330 3775 2342 3792 .
2371 3737 2532 3786 multa
2556 3735 2623 3788 de
2639 3745 2839 3789 sancta:
2863 3736 3116 3791 Ecclesia:
3138 3738 3411 3792 catholicm
3434 3781 3447 3805 ,
3471 3756 3628 3809 quam

2053 3821 2195 3875 Deus
2225 3822 2469 3891 promisit
2499 3831 2553 3874 et
2583 3824 2827 3891 prmstitit
2852 3865 2866 3887 ,
2899 3826 3119 3879 unitate.
3149 3826 3203 3880 In
3236 3844 3338 3895 quo
3363 3843 3482 3882 meo
3511 3844 3627 3885 ser-

2051 3928 2209 3968 mone
2233 3922 2286 3968 et
2306 3912 2406 3968 vos'
2426 3905 2738 3984 alloquebar
2755 3926 2808 3970 et
2833 3916 2977 3969 illum
3002 3916 3361 3983 exhortabar;
3388 3927 3441 3972 et
3465 3935 3631 3988 quan-

2053 4015 2161 4059 tum
2190 4006 2242 4060 in
2266 4020 2352 4061 me
2377 4014 2623 4076 poterant
2642 3996 2844 4061 viscera
2870 4006 3143 4061 eharitatis
3168 4049 3182 4074 ,
3211 4024 3397 4064 omnes
3422 4010 3472 4064 in
3501 4012 3629 4080 peri-

2050 4098 2171 4154 culo
2220 4099 2412 4153 anima:
2459 4112 2570 4153 sua:
2612 4099 2928 4153 constitutos
2977 4098 3029 4153 in
3078 4099 3170 4153 illo
3214 4114 3336 4153 meo
3385 4116 3629 4157 sermone

2049 4190 2409 4261 parturiebam
2436 4231 2451 4255 ,
2482 4196 2536 4243 et
2561 4204 2748 4259 parere
2780 4190 3001 4243 Domino
3026 4189 3325 4257 cupiebam.
3352 4190 3461 4246 Hoc
3488 4194 3625 4245 enim

2051 4290 2103 4333 et
2134 4280 2321 4334 beatus
2350 4280 2543 4333 Paulus
2572 4280 2846 4349 apostolus
2876 4280 3002 4333 dixit
3031 4280 3344 4349 quilumlam
3392 4300 3406 4335 :
3458 4280 3629 4336 Filioh'

2050 4373 2150 4425 mei
2172 4413 2187 4433 ,
2215 4388 2342 4441 quos
2368 4372 2551 4425 iterant
2580 4372 2808 4442 parturio
2831 4414 2847 4438 ,
2876 4373 3034 4425 donec
3058 4372 3283 4427 Christus
3311 4377 3551 4446 [armetur
3577 4375 3628 4429 in

2051 4465 2189 4519 vobis
2220 4466 2238 4537 (
2262 4463 2432 4519 Colat.
2462 4480 2536 4529 tv,
2567 4466 2634 4521 l9
2663 4463 2703 4536 ).
2748 4464 2853 4521 Sed
2879 4469 3037 4519 etiam
3066 4476 3181 4535 post
3211 4482 3509 4522 sernmnctn
3537 4484 3635 4522 no-

2052 4565 2221 4611 strum
2250 4572 2370 4609 cum
2398 4555 2572 4609 adhuc
2600 4555 2649 4609 in
2685 4555 2768 4609 illa
2811 4571 2906 4610 sua
2953 4555 3263 4625 perduraret
3303 4558 3588 4627 pertinacia
3612 4597 3627 4619 ,

2054 4664 2151 4703 nec
2177 4648 2256 4703 sic
2294 4646 2685 4717 desperandum
2732 4649 3071 4717 putavimus:
3113 4648 3205 4703 sed
3254 4663 3352 4702 nec
3396 4648 3463 4703 de
3502 4666 3627 4719 quo-

2052 4754 2211 4809 quam
2238 4782 2252 4803 ,
2277 4738 2530 4807 quamdiu
2552 4738 2683 4792 vivit
2710 4738 2764 4792 in
2792 4737 2893 4792 hoc
2917 4734 3139 4806 corpore
3163 4779 3177 4801 ,
3208 4739 3423 4793 homine
3447 4738 3640 4808 ἀνενε-

2056 4832 2279 4886 ramlum
2305 4840 2566 4899 putamus.
2597 4830 2779 4901 Neque
2805 4831 2946 4886 enim
2969 4831 3045 4885 sic
3071 4831 3177 4885 dixi
3209 4873 3223 4895 ,
3255 4832 3634 4889 nudiustertius

2057 4938 2140 4975 nte
2168 4938 2270 4975 non
2297 4923 2612 4989 desperasse
2642 4964 2657 4987 ,
2687 4931 2743 4976 ut
2769 4921 2925 4976 hodie
2951 4921 3172 4977 audeam
3200 4922 3505 4993 desperare.

2125 5012 2177 5066 2.
2218 5012 2322 5068 Sed
2350 5012 2415 5066 ad
2447 5013 2588 5067 hunc
2624 5013 2904 5067 articulum
2948 5027 3104 5067 causa
3147 5013 3398 5082 perducta
3428 5023 3509 5068 est
3534 5056 3549 5080 ,
3578 5024 3635 5068 ut

2057 5104 2305 5173 quoniam
2338 5103 2485 5157 venit
2510 5144 2523 5166 ,
2552 5111 2605 5157 et
2631 5113 2886 5173 quantum
2917 5105 3260 5173 cognovimus
3284 5146 3298 5169 ,
3332 5114 3518 5173 sponte
3550 5120 3636 5157 ve-

2060 5195 2132 5246 nit
2158 5234 2172 5258 ,
2200 5208 2305 5247 non
2327 5193 2396 5247 sit
2425 5192 2547 5247 huic
2566 5193 2823 5249 Ecclesiae
2845 5192 3201 5250 inii-uetuosus
3222 5195 3337 5265 ejus
3354 5194 3632 5250 adventus.

2058 5288 2163 5341 Ant
2191 5286 2332 5341 enim
2360 5327 2373 5348 ,
2404 5285 2543 5355 quod
2573 5287 2740 5355 magis
2765 5293 3011 5356 optamus
3047 5294 3101 5340 et
3143 5287 3385 5356 cupimus
3411 5326 3427 5351 ,
3477 5286 3635 5339 etiam

2057 5377 2122 5431 de
2149 5378 2290 5430 illius
2315 5377 2486 5431 salute
2515 5377 2786 5431 vobiscum
2820 5377 2870 5429 in
2916 5376 3176 5431 catholica
3217 5391 3347 5446 pace
3384 5374 3635 5444 gaudebi-

2060 5485 2176 5524 mus
2204 5487 2216 5522 :
2249 5479 2339 5522 aut
2365 5468 2408 5522 si
2440 5510 2454 5533 ,
2486 5469 2626 5538 qttod
2654 5469 3023 5524 abominamur
3053 5477 3105 5522 et
3131 5469 3456 5523 detestamur
3480 5508 3495 5532 ,
3527 5468 3638 5536 ipse

2061 5564 2113 5617 in
2145 5562 2227 5617 illa
2258 5562 2544 5634 pertinacia
2578 5560 2942 5631 perduravcrit
2965 5602 2979 5626 ,
3012 5559 3215 5615 debetis
3241 5575 3335 5612 vos
3363 5558 3478 5627 ejus
3504 5573 3637 5628 prae-

2060 5657 2228 5710 sentia
2258 5653 2449 5709 melius
2472 5666 2629 5708 nosse
2653 5651 2777 5722 quid
2809 5651 3014 5706 intersit
3042 5650 3178 5705 inter
3204 5648 3517 5705 catholicam
3546 5664 3638 5720 pa-

2061 5760 2177 5800 cem
2206 5753 2259 5801 et
2303 5744 2608 5801 ltmreticam
2651 5741 3056 5797 dissensionem.
3088 5740 3259 5796 Partis
3283 5741 3421 5799 enim
3458 5736 3650 5797 Donati
