4024 6196
416 328 521 391 699

412 447 691 516 episcopus
717 454 792 498 est
819 485 832 507 ,
863 442 954 496 sed
988 438 1273 496 Donatistis
1295 441 1310 470 ¹
1336 438 1492 508 hujus
1519 438 1749 493 civitatis
1778 435 1988 491 ordina-

414 547 516 591 tus.
547 538 687 605 Quos
717 533 1017 588 Donatistas
1052 533 1106 587 in
1151 530 1366 585 nomine
1405 530 1603 584 Christi
1647 529 1700 582 in
1730 526 1992 598 gremium

413 626 724 683 catholicum
749 625 857 693 jam
901 639 1088 693 magna
1128 638 1195 677 ex
1240 633 1388 692 parte
1433 621 1764 690 suscepimus
1792 662 1807 684 ,
1840 620 1910 674 ita
1938 629 1995 674 ut

412 732 551 787 pene
579 730 764 768 omnes
790 713 1149 768 communioni
1176 712 1449 767 catholica:
1470 712 1698 765 sociatos
1722 725 1841 765 esse
1866 724 1993 779 gau-

412 807 655 861 deamus.
686 804 792 862 Sed
820 806 1069 876 quoniam
1095 814 1149 861 et
1179 805 1266 874 qui
1288 803 1397 872 jam
1426 804 1953 860 communicaverunt
1978 843 1993 868 ,

419 915 523 953 non
549 897 758 968 quidem
790 897 1024 952 universi
1050 938 1065 960 ,
1095 895 1187 950 sed
1217 896 1431 966 quidam
1473 893 1720 949 videntur
1747 893 1813 948 de
1840 894 1950 962 ipsa
1978 933 1994 960 ,

418 1001 475 1043 ut
502 990 657 1059 paulo
686 1000 807 1045 ante
835 990 940 1044 dixi
969 1031 984 1053 ,
1012 988 1271 1043 catholica
1300 988 1525 1042 veritate
1562 982 1988 1055 duinitare;qui-

420 1083 540 1137 dam
571 1098 697 1137 vero
725 1097 829 1136 non
862 1082 1047 1136 saltem
1076 1080 1318 1134 dubitant
1345 1122 1360 1145 ,
1391 1078 1485 1133 sed
1512 1078 1683 1131 adhuc
1709 1075 1874 1131 corde
1907 1092 1999 1145 po-

418 1173 503 1226 siti
538 1173 586 1225 in
617 1183 767 1240 parte
803 1172 987 1224 Donati
1013 1212 1026 1235 ,
1061 1171 1393 1240 przcsentiam
1424 1168 1574 1222 nobis
1601 1167 1851 1222 exhibent
1875 1182 1997 1221 eor-

425 1266 697 1335 poralem,
757 1264 869 1318 sive
926 1264 1060 1327 viri,
1119 1264 1229 1318 sive
1285 1262 1532 1325 feminae,
1588 1276 1746 1314 carne
1818 1260 1995 1323 intus,

420 1356 613 1423 spiritu
641 1351 767 1408 feris
798 1372 809 1407 :
858 1353 1053 1407 bonum
1081 1368 1200 1407 esse
1226 1352 1550 1406 aestimamus
1582 1350 1886 1421 episcopum
1922 1349 2000 1418 ip-

423 1459 600 1496 Sorum
634 1445 957 1513 interrogare
978 1483 993 1508 ,
1027 1452 1081 1496 ut
1107 1443 1149 1495 si
1182 1442 1341 1495 habet
1371 1440 1567 1509 aliquid
1593 1440 1732 1510 quod
1766 1456 1860 1508 pro
1887 1441 1996 1508 ipsa

423 1543 569 1602 parte
610 1535 782 1589 adhuc
821 1535 997 1599 dicat,
1044 1541 1160 1603 post
1207 1532 1394 1585 factam
1442 1532 1578 1599 apud
1631 1530 1998 1600 Carthaginem

421 1625 667 1678 omnibus
698 1635 872 1678 nolam
902 1625 1280 1687 Collationem;
1329 1623 1372 1675 si
1418 1623 1581 1676 habet
1620 1622 1815 1692 aliquid
1859 1622 2001 1691 quod

420 1717 593 1770 adhuc
636 1717 813 1781 dicat,
860 1716 997 1770 (Ιίοςιι
1043 1716 1159 1768 sine
1210 1714 1511 1784 pra‘judicio
1556 1713 1723 1782 partis
1772 1713 1994 1777 Donati,

421 1807 569 1876 quod
617 1817 792 1861 tamen
838 1808 1092 1877 prodesse
1136 1806 1401 1859 existimet
1446 1803 1634 1869 vobis,
1681 1804 1733 1858 in
1778 1802 2015 1872 quorum

421 1900 632 1953 civitate
662 1914 757 1968 pro
788 1909 959 1951 vestra
982 1899 1031 1951 in
1056 1898 1267 1951 Christo
1295 1898 1462 1950 salute
1489 1911 1546 1950 se
1567 1896 1833 1949 existimat
1857 1895 2002 1949 ordi-

423 1997 607 2042 natum
635 2006 648 2041 :
679 1998 732 2042 et
761 2004 865 2042 nos
880 1987 1321 2057 respondebinnts
1339 1987 1455 2041 sine
1478 1986 1787 2055 pra-iudicio
1807 1985 2001 2040 Catho-

428 2082 540 2136 licae
565 2099 579 2148 ;
607 2081 855 2150 quoniam
882 2082 1040 2135 modo
1066 2081 1245 2135 nullus
1268 2089 1448 2150 ptrtes
1472 2078 1802 2134 defensionis
1825 2078 1999 2147 impo-

423 2176 525 2227 sttit
556 2192 569 2228 :
624 2173 765 2243 quod
809 2183 1031 2237 tamen,
1072 2171 1213 2226 sicut
1251 2171 1583 2224 :estimanws
1620 2164 1676 2225 et
1715 2170 1997 2233 volumus,

423 2262 679 2333 prodesse
708 2263 857 2317 vobis
882 2263 1045 2332 possit
1069 2260 1415 2330 praesentibus
1437 2269 1617 2313 contra
1645 2268 1957 2330 praesentem
1984 2276 2003 2313 ε

423 2366 479 2406 ιιι
510 2354 553 2407 si
584 2353 832 2408 seductus
860 2362 943 2407 est
967 2394 981 2414 ,
1014 2368 1117 2406 non
1144 2352 1364 2406 seducat
1391 2367 1405 2414 ;
1438 2351 1478 2404 si
1512 2360 1686 2405 autem
1713 2365 1811 2404 nos
1837 2348 1999 2405 sedu-

421 2445 709 2509 cebamus,
765 2444 879 2513 ipso
927 2451 1190 2511 pra-sonte
1236 2442 1333 2511 qui
1380 2440 1509 2495 Foris
1554 2441 1777 2495 furuisse
1836 2440 2001 2495 multa

418 2534 627 2604 iactitat
644 2575 660 2599 ,
684 2544 971 2603 arguamus
989 2574 1003 2595 ,
1026 2532 1325 2587 refellantur
1346 2548 1359 2594 ;
1384 2531 1761 2584 convincamur
1780 2529 2003 2592 ,.docea-

427 2642 562 2679 mur.
596 2624 706 2679 Iloc
732 2633 1010 2694 propterea
1039 2622 1152 2676 dixi
1180 2664 1192 2683 ,
1223 2636 1288 2675 ne
1335 2620 1455 2674 ideo
1495 2619 1636 2689 loqui
1680 2619 1848 2682 nolit,
1880 2620 2001 2688 quia

423 2724 599 2785 potest
636 2716 813 2770 dicere
837 2758 852 2783 ,
898 2712 1089 2770 Emito
1127 2712 1259 2768 mihi
1294 2710 1452 2766 modo
1495 2726 1617 2781 pars
1663 2722 1779 2766 mea
1826 2720 2003 2779 partes

423 2811 747 2865 defensionis
777 2810 1046 2879 imposuit.
1080 2808 1192 2862 Non
1224 2808 1363 2861 enim
1394 2816 1511 2875 post
1550 2806 1716 2875 ipsam
1756 2805 2004 2859 Collatin-

425 2920 546 2973 nem
572 2919 679 2957 non
709 2903 1021 2971 loquebatur
1047 2942 1061 2964 ,
1091 2910 1181 2954 aut
1214 2908 1329 2969 post
1357 2899 1499 2952 illam
1524 2898 1871 2952 Collatinnem
1898 2911 2001 2949 non

424 2995 490 3049 ad
522 2995 674 3048 istam
699 2994 967 3049 civitatem
996 2994 1182 3055 venit,
1228 3000 1318 3044 aut
1364 2989 1430 3044 de
1474 2989 1569 3042 ista
1615 2988 1880 3056 provincia
1908 2986 2005 3040 ali-

425 3084 640 3154 quando
686 3083 970 3147 discessit,
1017 3090 1106 3135 aut
1151 3081 1419 3134 credimus
1457 3095 1576 3130 eum
1625 3080 1841 3131 omnino
1885 3084 2005 3145 post

434 3175 574 3227 illaut
600 3173 947 3229 Collationem
977 3171 1102 3224 nulli
1134 3169 1332 3223 homini
1359 3169 1576 3221 verbum
1604 3178 1698 3236 pro
1726 3176 1874 3236 parte
1905 3168 2007 3220 Do-

430 3264 551 3318 nati
588 3262 797 3318 fecisse.
843 3261 973 3315 Novi
1010 3276 1131 3330 qua:
1178 3259 1326 3312 vobis
1371 3259 1682 3312 dicebantur
1712 3276 1724 3312 :
1756 3273 1849 3311 vos
1871 3258 2005 3311 alle-

428 3370 565 3423 quor
587 3396 605 3421 ,
630 3353 718 3423 qui
746 3366 810 3408 ex
844 3350 1131 3421 ipsa'parte
1161 3351 1380 3405 venistis
1404 3366 1418 3413 ;
1444 3350 1563 3403 novi
1594 3347 1716 3417 qttid
1731 3347 2005 3401 dicebatur

426 3444 576 3498 vobis
600 3485 615 3505 .
646 3458 735 3496 uos
762 3443 1045 3512 Coguiloris
1079 3442 1258 3495 emisse
1294 3440 1610 3494 sententiam.
1643 3436 1779 3491 Novi
1816 3437 2005 3490 dictum

425 3550 533 3588 esse
569 3533 705 3586 vobis
728 3572 753 3595 ,,
786 3531 920 3602 quod
959 3532 1046 3584 ille
1090 3530 1243 3599 fuerit
1285 3529 1649 3582 communionis
1694 3536 1914 3593 uosme,
1957 3537 2005 3581 et

427 3633 689 3695 propterea
713 3623 841 3677 istos
862 3620 998 3691 loqui
1020 3622 1189 3676 omm'a
1214 3632 1327 3689 qua:
1349 3619 1531 3672 vellent
1549 3657 1568 3684 ,
1594 3617 1799 3672 minime
1823 3620 2006 3687 permi-

425 3722 529 3783 sit;
554 3729 601 3773 et
640 3733 726 3772 eos
773 3725 1015 3787 potestate
1044 3716 1210 3786 potius
1255 3712 1500 3783 Oppressit
1533 3727 1686 3782 quam
1726 3712 2005 3776 veritate‘;

425 3812 557 3884 quod
578 3811 907 3880 loquebantur
929 3824 1029 3861 non
1055 3807 1267 3876 accepit.
1302 3804 1401 3860 ista
1440 3805 1617 3859 omnia
1650 3803 1846 3874 iactata
1883 3811 2007 3857 sunt

416 3912 553 3972 post
576 3901 927 3957 Collatiouem
954 3940 970 3964 ,
1001 3900 1113 3953 sive
1140 3898 1207 3950 ab
1236 3898 1350 3967 ipso
1374 3937 1389 3959 ,
1434 3897 1555 3949 sive.
1587 3894 1657 3948 ab
1703 3892 2007 3947 hominibus

423 3994 811 4050 communionis
836 3992 995 4047 illius.
1023 3989 1159 4059 Quid
1185 3982 1456 4045 interestis
1487 4002 1709 4056 quorvcs
1730 3988 2007 4055 perturbe-

425 4087 553 4140 mini
578 4128 593 4150 ,
625 4099 765 4155 quos
787 4083 1040 4139 volumus.
1062 4082 1115 4135 in
1140 4079 1407 4134 eatludiea
1432 4093 1561 4147 pace
1595 4091 1715 4132 esse
1746 4078 2005 4147 tranquil-

426 4179 550 4233 los?
578 4178 634 4234 Si
659 4177 855 4232 absens
881 4183 1027 4230 esset
1046 4215 1062 4240 ,
1094 4172 1324 4227 dicerem
1353 4171 1422 4226 de
1450 4172 1539 4224 illo
1568 4170 1754 4225 vobis:
1788 4169 2007 4235 Quiau-

426 4283 524 4322 mu
548 4267 807 4322 conturbat
826 4281 929 4329 vos,
946 4264 1162 4331 portabit
1210 4262 1473 4332 iudicium,
1507 4260 1804 4332 quicumque
1830 4270 1903 4315 est
1922 4261 2007 4315 ille

426 4366 441 4419 ί
453 4357 795 4427 tituat.v,lO).
816 4356 937 4410 Haec
952 4354 1093 4409 enim
1110 4370 1227 4420 quzn
1245 4353 1375 4417 dixi,
1396 4353 1537 4407 beati
1548 4352 1695 4407 Pauli
1709 4353 1865 4407 verba
1885 4360 2008 4408 sunt

424 4451 684 4505 adversus
707 4449 955 4502 absentes
978 4486 993 4508 ,
1024 4461 1054 4499 a
1090 4434 1280 4513 quibus
1320 4444 1587 4512 simplices
1633 4444 2003 4498 turbabantur.

427 4543 574 4598 Nune
593 4549 769 4595 autem
797 4551 1033 4609 presens
1051 4546 1132 4593 est
1159 4554 1173 4591 :
1203 4535 1359 4591 modo
1384 4535 1804 4605 nobisdiguetur
1823 4535 2005 4591 dicere

422 4648 589 4703 quare
618 4629 909 4684 advenerit.

497 4724 549 4778 3.
592 4721 780 4776 Frater
809 4719 1041 4774 Emerite
1062 4759 1077 4785 ,
1112 4731 1354 4787 prmsens
1377 4730 1436 4771 es
1470 4733 1482 4767 :
1519 4711 1902 4773 Cellationibus
1926 4717 2005 4772 in-

426 4811 652 4867 terfuisti
680 4810 702 4842 ³
727 4827 743 4877 ;
774 4810 818 4865 si
848 4810 1019 4863 victus
1041 4824 1103 4863 es
1125 4849 1141 4875 ,
1170 4822 1334 4877 quare
1362 4805 1597 4859 venisti?
1634 4806 1690 4860 Si
1730 4816 1906 4859 autem
1954 4817 2004 4862 te

425 4908 618 4960 vietum
649 4918 768 4959 esse
797 4917 901 4956 non
934 4908 1087 4970 putas
1111 4940 1125 4963 ,
1157 4898 1374 4968 loquere
1402 4897 1542 4951 unde
1572 4897 1664 4953 tibi
1691 4898 1859 4952 victor
1884 4914 2001 4954 esse

425 4994 698 5050 videaris?
728 4992 879 5047 Tunc
906 4991 1047 5046 enim
1080 4988 1251 5043 victus
1275 5000 1333 5040 es
1358 5028 1375 5051 ,
1406 4988 1459 5040 si
1480 4987 1699 5041 veritate
1726 4988 1893 5043 victus
1921 5005 2001 5044 es.

419 5090 472 5145 Si
498 5098 675 5144 autem
704 5083 1101 5139 viderisvietus
1129 5088 1390 5150 potestate
1414 5119 1430 5143 ,
1460 5089 1512 5133 ct
1542 5078 2001 5147 vicistitver-itate;

419 5201 527 5240 non
573 5190 658 5239 est
695 5181 781 5234 h:e
832 5187 1067 5249 potestas
1090 5218 1115 5243 ,.
1147 5191 1257 5244 qua
1287 5173 1457 5229 victus
1500 5172 1740 5227 videris:
1787 5171 2003 5226 audiant

483 5319 497 5349 ¹
536 5323 669 5369 ιον..
692 5310 778 5363 sed
799 5322 829 5361 a
854 5306 1144 5369 Donatistis;
1168 5306 1324 5357 addita
1350 5305 1709 5369 przepositione,
1734 5317 1780 5362 a,
1800 5314 1917 5369 quae
1954 5304 2002 5354 in

417 5349 828 5441 ...οίιιέιῗέζιείῑδῐε
843 5349 1109 5433 3377.3;
1127 5349 1915 5429 EJC'Zi-ii'iii-loiitii'iéééiiaiiiii;
1955 5349 2003 5416 ξε

418 5437 692 5490 bwtatistis-

483 5487 669 5563 5
712 5491 1311 5563 Am.,_quam_probitate.
1358 5487 1857 5563 Firtehlegendum,‘
1891 5487 2004 5563 quia

418 5549 724 5672 pro!
745 5549 873 5621 quod
897 5549 1210 5621 loquebantur
1230 5566 1322 5602 non
1358 5551 1571 5614 accepit;
1607 5549 1708 5612 νει,
1732 5550 1858 5613 quod
1894 5562 2003 5614 qua:

439 5636 494 5679 eq
667 5636 695 5669 ιι
728 5657 741 5669 .
1127 5674 1153 5679 η
1212 5676 1221 5679 _
1292 5675 1319 5679 __
1555 5674 1564 5679 _
1686 5674 1701 5679 _
1732 5673 1741 5679 .

484 5673 513 5712 δ’
538 5683 709 5744 autem
736 5680 1026 5744 editionum.
1053 5674 1388 5744 Collationibus
1401 5686 1516 5744 eum
1548 5673 1820 5734 interfuisti.
1863 5679 1998 5724 Forte

422 5739 702 5802 legendum,
729 5740 978 5792 tollatiam'
998 5738 1241 5789 uobiscum
1266 5738 1538 5797 lltlel'fttiali.

1343 328 1430 383 DE
1470 326 1710 383 GESTIS
1744 324 1885 382 CUM
1927 322 2245 389 ENERITO,
2285 323 2347 381 S.
2386 324 2754 382 AUGUSTINI

3572 333 3678 389 700

2102 435 2246 490 cives
2277 436 2350 490 tui
2379 436 2477 507 (ιι),
2506 436 2645 493 unde
2672 446 2722 492 te
2752 437 3002 495 victorem
3037 442 3317 508 pra'snmis
3339 457 3480 499 esse.
3529 449 3597 502 At
3631 451 3675 503 si

2100 531 2237 584 nosti
2275 530 2534 585 adversus
2577 542 2630 586 te
2670 533 2939 587 victricem
2976 532 3138 590 fuisse
3184 536 3460 593 veritatem
3485 578 3505 607 ,
3552 542 3676 609 quid

2099 621 2272 675 adhuc
2302 622 2506 691 respuis
2544 622 2845 677 unitatem?
2885 624 3152 678 Emeritos
3195 627 3477 697 episcopus
3518 636 3680 702 partis

2101 711 2289 767 Donati
2317 712 2449 768 dixit
2474 732 2488 768 :
2509 713 2665 770 Gesta
2694 715 2964 781 indicant,
2988 718 3030 770 si
3055 719 3222 773 vietos
3242 735 3357 774 smn
3384 764 3398 778 .
3420 734 3514 777 aut
3540 727 3671 779 vici:

2100 805 2143 856 si
2176 805 2396 858 veritate
2423 804 2592 859 victus
2617 821 2733 860 sum
2760 845 2776 871 ,
2808 816 2897 861 aut
2928 819 3188 875 potestate
3224 827 3508 882 oppressus
3536 831 3652 869 sum
3671 862 3686 875 .

2102 896 2431 964 Augustinus
2479 897 2762 965 cpiscopus
2820 897 3073 953 Ecclesia:
3139 903 3413 955 catholicae
3481 904 3613 959 dixit
3666 925 3678 959 :

2098 984 2275 1050 Quare
2301 1001 2428 1055 ergo
2455 987 2685 1042 venisti?
2708 987 2975 1043 Emeritos
3001 991 3281 1060 episcopus
3310 996 3471 1062 partis
3496 997 3680 1051 Donati

2101 1075 2274 1130 dixit:
2308 1075 2377 1131 Ut
2409 1077 2508 1131 hoc
2550 1078 2779 1133 dicerem
2803 1118 2821 1147 ,
2868 1081 3010 1148 quod
3059 1083 3304 1152 requiris.
3358 1089 3682 1156 Augustinus

2100 1167 2381 1237 episcopus
2424 1168 2676 1225 Ecclesia:
2716 1172 2991 1227 catholica:
3027 1174 3202 1230 dixit:
3242 1176 3478 1247 nequire
3515 1197 3680 1250 quase

2103 1261 2350 1321 veneris;
2383 1262 2483 1315 hoc
2510 1279 2614 1316 non
2642 1280 2934 1333 quaarerem
2960 1306 2975 1330 ,
3009 1267 3052 1320 si
3098 1282 3199 1320 non
3239 1270 3493 1324 veniSses.
3525 1274 3680 1328 Εηιθ-

2103 1349 2235 1403 ritus
2266 1350 2545 1421 episcopus
2570 1354 2733 1423 partis
2764 1349 2950 1409 Donati
2994 1356 3129 1411 dixit
3166 1361 3373 1413 notario
3411 1362 3498 1432 qui
3539 1366 3689 1420 exei-

2105 1438 2279 1507 piebat
2309 1457 2323 1494 :
2353 1435 2478 1496 Fac.

2173 1531 2227 1584 4.
2269 1530 2505 1599 Cumque
2535 1532 2783 1589 reticeret
2806 1577 2819 1601 ,
2844 1532 3163 1607 Augusﬁnus
3191 1534 3466 1609 episcopus
3495 1542 3680 1597 Κορια-

2104 1621 2196 1675 δίέυ
2225 1623 2503 1679 catholica
2530 1624 2706 1679 dixit:
2756 1626 2812 1682 Si
2856 1643 2982 1695 ergo
3024 1634 3122 1683 sub
3170 1632 3391 1687 veritate
3435 1613 3671 1697 tacuisti,

2104 1727 2209 1765 non
2238 1712 2352 1765 sine
2385 1727 2543 1767 causa
2574 1716 2764 1771 venisti
2789 1756 2803 1779 ,
2838 1717 2935 1771 nisi
2967 1720 3085 1787 quia
3126 1720 3254 1775 istos
3290 1722 3551 1792 decipere
3588 1742 3683 1778 vo-

2104 1801 2267 1855 luisti.
2310 1805 2679 1873 Cumqucdin
2721 1792 3003 1870 reticeret.
3045 1812 3370 1880 Augustinus
3404 1816 3686 1886 episcopis

2106 1890 2358 1947 Ecclesia:
2380 1896 2657 1949 catholicae
2679 1897 2810 1949 dixit
2835 1916 2846 1949 :
2876 1899 3074 1953 Videtis
3098 1942 3112 1963 ,
3138 1900 3330 1957 fratres
3354 1943 3368 1965 ,
3393 1905 3478 1957 diu
3507 1914 3686 1960 taeeud

2105 1991 2254 2047 tem;
2302 1999 2495 2037 moneo
2531 1995 2589 2039 ut
2633 1988 2828 2056 optetis
2874 1990 3271 2058 resipisccntem
3298 2033 3314 2057 ,
3361 1994 3583 2048 obsecro
3618 2010 3686 2049 ne

2102 2074 2401 2140 sequamini
2443 2086 2775 2144 pereuntem.
2823 2077 3197 2134 Verumtamen
3244 2083 3491 2149 quoniam
3538 2095 3683 2153 gesta

2102 2163 2415 2219 Collationis
2436 2177 2629 2220 nostra:
2649 2170 3114 2236 commemoravit,
3140 2171 3227 2225 ubi
3248 2189 3505 2241 apparere
3530 2189 3686 2244 posse

2104 2253 2237 2315 dixit
2261 2297 2283 2320 ,
2307 2264 2480 2311 utrum
2512 2258 2732 2312 veritate
2757 2259 2825 2312 sit
2851 2259 3021 2315 vietus
3044 2301 3057 2322 .
3082 2276 3147 2315 an
3175 2272 3435 2330 potestate
3460 2280 3685 2334 oppres-

2105 2356 2196 2397 Sns
2224 2362 2236 2396 :
2271 2346 2431 2399 multa
2458 2354 2584 2400 sunt
2609 2346 2821 2416 quidem
2846 2389 2862 2413 ,
2886 2349 2972 2402 ubi
3002 2351 3283 2419 superfluis
3307 2362 3360 2405 et
3385 2356 3685 2409 moratoriis

2107 2435 2567 2503 prosecutionibus
2587 2446 2737 2507 gesta
2757 2440 3099 2494 cunmlarunt
3116 2482 3132 2507 ,
3159 2443 3289 2495 nihil
3317 2443 3455 2497 aliud
3482 2447 3687 2511 magnis

2098 2526 2307 2597 viribus
2336 2537 2555 2597 agentes
2577 2569 2592 2592 ,
2621 2527 2721 2582 nisi
2752 2538 2805 2583 ut
2838 2530 2977 2585 nihil
2996 2542 3244 2600 ageretur
3271 2551 3282 2587 :
3321 2534 3414 2587 sed
3464 2535 3685 2591 Domino

2110 2616 2427 2684 praesidente
2456 2659 2469 2680 ,
2498 2628 2546 2673 et
2575 2635 2788 2673 causam
2819 2636 2965 2673 suam
2988 2633 3177 2691 agente
3200 2668 3214 2689 ,
3237 2634 3452 2678 ventum
3477 2637 3559 2680 est
3582 2644 3687 2694 quo

2109 2707 2413 2761 noluerunt.
2444 2702 2589 2762 Dicta
2618 2725 2775 2764 causa
2804 2719 2963 2780 atque
2989 2711 3201 2767 del-inita
3230 2724 3328 2768 est.
3360 2714 3464 2769 Sed
3494 2718 3537 2769 si
3567 2734 3687 2770 om-

2109 2797 2191 2848 nia
2222 2806 2367 2867 gesta
2396 2799 2545 2853 vobis
2574 2799 2750 2868 legere
2778 2801 3001 2855 velimus
3029 2820 3043 2856 :
3083 2819 3381 2871 quanquam
3410 2807 3683 2872 praesenti-

2111 2888 2206 2943 bus
2238 2888 2383 2944 vobis
2412 2892 2623 2946 fratrem
2652 2902 2705 2947 et
2740 2894 3113 2963 coepisc0pum
3157 2911 3333 2949 meum
3382 2898 3683 2953 Deuterium

2109 2981 2382 3049 obstringo
2411 3024 2424 3045 ,
2454 2992 2504 3034 ιιι
2534 2984 2980 3049 quemadmodum
3015 2985 3067 3037 fit
3101 2987 3239 3053 apud
3268 2987 3641 3056 Carthaginem
3668 3032 3683 3055 ,

2110 3073 2245 3137 apud
2276 3070 2593 3139 Thagastcm
2619 3113 2631 3135 ,
2661 3072 2800 3140 apud
2831 3072 3228 3128 Constantinam
3255 3117 3268 3138 ,
3302 3078 3441 3146 apud
3487 3078 3684 3147 [lippu-

2111 3177 2273 3225 nem,
2320 3160 2457 3229 apud
2504 3176 2692 3217 omnes
2733 3163 3011 3233 diligentes
3059 3167 3360 3232 licclesias,
3409 3169 3490 3222 sic
3527 3170 3684 3223 etiam

2108 3254 2360 3322 deinceps
2388 3255 2563 3311 facere
2589 3272 2692 3311 non
2721 3257 3018 3327 pigrescat;
3053 3266 3109 3315 ut
3135 3262 3290 3313 annis
3314 3262 3560 3317 onmibus
3592 3278 3688 3329 per

2104 3343 2427 3414 jejuniorum
2454 3347 2567 3401 dies
2592 3388 2619 3411 ,.
2637 3347 2687 3401 id
2714 3358 2795 3401 est
2818 3389 2833 3413 ,
2864 3349 3422 3420 Quadragesimaante
3450 3352 3683 3420 Pascha,

2110 3436 2321 3502 quando
2348 3436 2497 3491 vobis
2521 3440 2749 3494 maxime
2768 3440 3271 3510 jejunautibus'plus
3294 3454 3444 3498 Vacat
3465 3445 3682 3511 audire,

2110 3526 2299 3580 eadem
2323 3539 2475 3597 gesta
2496 3528 2805 3585 Collationis
2830 3548 2924 3600 per
2944 3549 3112 3587 annos
3138 3534 3377 3603 singulos
3401 3577 3414 3595 ,
3442 3538 3686 3591 universa

2107 3632 2140 3671 a
2170 3618 2339 3685 capite
2368 3618 2420 3673 in
2454 3618 2613 3674 linem
2642 3638 2707 3675 ex
2733 3622 2921 3676 ordine
2950 3624 3272 3678 re’eitcntur:
3314 3633 3487 3680 tamen
3516 3640 3574 3679 ut
3601 3627 3686 3680 di-

2109 3723 2231 3763 cere
2260 3723 2525 3778 emperam
2550 3753 2566 3777 ,
2598 3711 2718 3781 quia
2760 3727 2864 3766 non
2902 3714 3078 3767 omnia
3120 3715 3269 3769 vobis
3308 3716 3465 3770 modo
3510 3718 3689 3787 legero

2111 3816 2394 3870 possumus
2418 3843 2435 3867 ,
2463 3802 2752 3874 dignamini
2784 3805 2931 3873 prius
2954 3805 3153 3861 audire
3180 3815 3302 3861 ante
3340 3807 3687 3863 Collationem

2109 3909 2242 3963 quas
2270 3896 2469 3950 litteras
2498 3895 2804 3952 dederimus
2830 3897 2893 3951 ad
2927 3898 3265 3967 Cognitorem
3291 3940 3309 3965 ,
3333 3899 3420 3954 ubi
3447 3903 3688 3971 promisi-

2112 4000 2230 4037 mus
2253 4026 2267 4049 ,
2304 3987 2380 4039 vel
2412 3987 2859 4055 quemadmodum
2894 3990 3090 4058 StISt'ipi
3138 3990 3432 4053 vellemus,
3476 3991 3521 4045 si
3569 3992 3691 4047 victi

2111 4074 2395 4130 fuissemus
2420 4117 2438 4142 ,
2471 4078 2551 4132 vel
2582 4079 3030 4147 quemadmodum
3060 4096 3156 4133 eos
3179 4082 3573 4150 susciperemus
3598 4122 3615 4146 ,
3647 4081 3691 4136 si

2111 4168 2443 4223 vim-erctnus
2466 4210 2479 4234 ,
2511 4179 2570 4223 ut
2597 4170 2865 4225 videretur
2894 4188 2995 4225 non
3028 4172 3078 4225 in
3107 4174 3449 4229 contentione
3473 4216 3486 4239 ,
3518 4174 3611 4229 sed
3640 4175 3691 4227 in

2112 4258 2408 4315 humilitate
2431 4276 2551 4316 esse
2577 4262 2816 4315 victoria.

2183 4351 2233 4406 5.
2279 4353 2498 4423 Alypius
2527 4352 2810 4421 episcoms
2840 4354 3091 4409 Ecclesia!
3115 4354 3396 4410 catholicae
3412 4355 3692 4423 epistolam

2112 4445 2350 4499 recitavit
2378 4463 2392 4499 :
2426 4443 2725 4499 Honorabili
2749 4458 2817 4499 ac‘
2834 4446 3157 4501 dilectissimo
3182 4448 3290 4515 [ilio
3318 4487 3332 4511 ,
3378 4448 3484 4501 viro
3511 4449 3694 4502 claris-

2111 4540 2238 4592 simo
2265 4548 2310 4591 et
2330 4537 2588 4607 spectabili
2607 4579 2621 4604 ,
2650 4539 2845 4593 tribuno
2871 4549 2917 4594 et
2960 4540 3158 4594 acturio
3201 4539 3502 4594 Marcellino
3522 4581 3538 4605 ,
3585 4541 3694 4593 Διιο

2110 4628 2293 4689 rrlius,
2335 4628 2596 4695 Silvanus,
2628 4637 2676 4681 et
2700 4629 2917 4682 uniuersi
2958 4630 3182 4698 episcopi
3208 4630 3464 4684 catholici.
3510 4628 3694 4684 Edicto

2112 4719 2505 4788 Spectabilitatis
2526 4729 2645 4783 tua,
2671 4729 2975 4787 quamcum;
2998 4719 3298 4774 Collatiom's
3338 4720 3693 4790 tranquillitati

2068 4812 2077 4821 '
2108 4806 2358 4875 quietique
2399 4807 2679 4869 servandae,
2701 4816 2747 4859 et
2787 4806 2983 4860 ueritati
3047 4806 3439 4877 utituifcslanda:
3475 4824 3547 4875 ac,
3577 4824 3695 4859 ntu-

2110 4898 2306 4952 uiemla:
2331 4896 2615 4952 consultum
2644 4907 2736 4963 est,
2766 4899 2819 4951 in
2848 4898 3077 4953 omnibus
3106 4916 3193 4951 uos
3236 4901 3533 4959 consentire.
3566 4902 3694 4953 sicut

2108 4988 2617 5058 admoueredignatus
2630 5004 2699 5054 es,
2732 5005 2820 5057 per
2847 4990 2939 5043 has
2958 4990 3147 5043 litteras
3170 4990 3456 5042 iutimmuus
3478 4990 3695 5058 (b).lllo

2110 5073 2279 5136 ctiam,
2305 5072 2509 5125 veritate
2531 5072 2731 5139 conﬁsi,
2758 5088 2847 5126 nos
2870 5073 3065 5125 uinculo
3096 5072 3401 5124 conditionis
3424 5073 3666 5140 obstringi
3674 5101 3691 5111 ο

2110 5174 2249 5221 mus,
2272 5165 2323 5208 ut
2351 5157 2394 5209 si
2416 5155 2555 5208 nobis
2580 5156 2633 5208 Ιιὶ
2660 5173 2772 5209 cum
2791 5155 2973 5226 quibus
2989 5157 3185 5227 agimus
3212 5157 3557 5210 demonstrare
3600 5172 3689 5220 po-

2110 5242 2318 5302 tuerint,
2349 5256 2461 5292 cum
2491 5240 2764 5292 secundum
2796 5239 2887 5293 Dei
2932 5240 3202 5313 promissa
3220 5239 3396 5309 populi
3424 5239 3693 5293 christiani

2108 5347 2454 5399 usquequaque
2481 5331 2748 5385 crescendo
2782 5332 2897 5401 jam
2927 5347 3161 5401 magnam
3205 5340 3395 5399 partem
3432 5332 3566 5384 orbis
3595 5331 3691 5383 im-

2172 5486 2243 5549 (η)
2280 5484 2359 5533 Adi
2394 5486 2653 5549 Possidium
2680 5488 2726 5535 in
2748 5488 2993 5549 augustiui
3012 5488 3131 5546 Vita,
3156 5500 3261 5549 cap.
3288 5488 3358 5539 ll.

2171 5547 2243 5608 (ιι)
2276 5547 2502 5611 ριιιθιιτιιιι
2520 5548 2595 5597 hic
2617 5547 2903 5598 minime'ad
2928 5547 3223 5611 propositum
3246 5550 3522 5611 necessaria
3540 5548 3693 5597 silen-

2110 5610 2176 5659 tio
2202 5609 2433 5674 praeteriit
2458 5608 2549 5674 itly,
2572 5612 2662 5674 ius.
2691 5619 2815 5659 lianc
2851 5607 3289 5674 ipsein-epistolam
3327 5607 3500 5669 totatit,
3545 5620 3597 5661 et
3638 5625 3698 5674 ex

2108 5668 2226 5719 actis
2247 5668 2521 5736 mllatiouisf
2545 5668 2923 5734 redintegratum
2943 5707 2956 5732 ,
2984 5668 3108 5723 inter
3136 5668 3500 5736 angustiaiauas
3523 5672 3701 5724 retuli-

2109 5747 2215 5782 mus
2258 5732 2425 5781 ordine
2457 5731 2553 5779 1:38.
