4024 6196
285 437 373 495 701

284 549 564 622 pleoissent,
590 554 638 600 et
663 545 714 601 in
737 554 965 601 ceteram
987 542 1321 597 dilatarentur
1349 540 1681 612 implendam,
1700 542 1863 596 subito

195 667 200 670 -
286 639 555 695 Ecclesium
580 631 766 692 Christi
796 635 964 691 nescio
1010 649 1224 705 quorum
1243 675 1258 699 ,
1311 649 1437 704 quos
1475 631 1565 686 isti
1586 641 1824 686 accusant
1849 673 1864 696 ,

283 739 596 804 peccatorum
646 727 834 799 perisse
860 725 1192 798 contagione,
1239 732 1285 776 et
1327 723 1382 776 in
1417 723 1530 778 sola
1571 722 1869 777 remansisse

285 829 421 890 parte
447 817 636 872 Donati
665 832 685 871 :
725 817 769 872 si
794 817 886 869 hoc
905 858 920 882 ,
951 823 1006 868 ut
1031 813 1221 867 dictum
1263 823 1335 867 est
1353 853 1370 880 ,
1398 812 1739 890 demonstrare
1779 828 1872 884 po-

285 883 464 962 tuerint
481 948 497 974 ,
524 905 691 960 nullos
711 904 856 976 apud
870 921 952 959 eos
975 903 1188 957 honores
1208 883 1524 973 episcopatus
1541 883 1867 972 requiremus,

284 999 368 1054 sed
390 1014 565 1054 eorum
590 1013 856 1067 sequemur
873 1012 966 1068 pro
1010 995 1120 1051 sola
1160 1005 1346 1049 teterna
1384 996 1545 1049 salute
1569 996 1832 1052 consilium
1851 1036 1868 1062 ,

285 1089 459 1161 quibus
487 1089 613 1142 tanti
654 1089 871 1159 gratiam
898 1086 1119 1156 beneﬁcii
1147 1102 1237 1155 pro
1266 1085 1466 1158 cognita
1495 1087 1698 1140 veritate
1721 1086 1870 1160 debe-

286 1179 463 1234 bimus.
499 1177 558 1233 Si
585 1158 748 1232 autem
775 1193 865 1230 nos
895 1177 1061 1248 potius
1087 1177 1389 1230 voluerimus
1416 1176 1676 1230 ostendere
1696 1158 1874 1230 Eccle-

289 1270 414 1324 sium
441 1267 629 1324 Christi
651 1269 875 1322 onmium
896 1310 911 1336 ,
940 1285 1041 1320 non
1083 1267 1246 1320 solum
1275 1267 1656 1338 Africanarum,
1705 1282 1875 1320 verum

287 1359 437 1414 etiam
455 1359 903 1414 transmarinarum
928 1357 1296 1428 provinciarum
1320 1395 1335 1422 ,
1360 1356 1732 1427 multarumque
1749 1372 1872 1428 gen-

290 1450 414 1504 tium
440 1449 606 1520 spatia
634 1448 944 1520 feracissima
974 1446 1276 1517 populorum
1297 1445 1443 1515 copia
1463 1446 1571 1516 iam
1598 1454 1839 1499 tenentem
1859 1485 1875 1511 ,

290 1550 331 1595 et
360 1542 494 1594 sicut
535 1541 778 1610 scriptum
809 1546 880 1590 est
904 1577 920 1606 ,
946 1547 1050 1590 toto
1097 1535 1287 1589 mundo
1317 1536 1706 1607 fructificantem
1729 1547 1878 1606 atque

289 1638 615 1692 crescentem,
645 1630 900 1682 nullorum
920 1627 1177 1680 hominum
1221 1627 1315 1680 sibi
1339 1628 1726 1681 commixtorum
1755 1643 1877 1697 pec-

289 1720 415 1774 catis
463 1720 624 1790 perire
669 1719 887 1790 potuisse
913 1733 932 1772 :
956 1722 1006 1772 st’
1045 1717 1256 1787 denique
1299 1719 1557 1786 ipsorum,
1593 1733 1717 1787 quos
1761 1727 1879 1770 tunc

290 1827 530 1866 accusare
554 1812 818 1865 toluerunt
860 1809 1026 1881 potius
1042 1851 1054 1872 ,
1084 1823 1233 1877 quam
1257 1810 1549 1862 convincere
1574 1807 1876 1873 valuerunt,

291 1903 611 1971 quaestionem
640 1901 900 1969 deﬁnitam
926 1901 966 1967 ί,
1013 1900 1236 1969 quamvis
1281 1916 1380 1952 non
1427 1899 1479 1952 i‘n
1528 1899 1598 1952 eis
1637 1896 1882 1952 Ecclesiae

293 2009 448 2046 causa
468 1993 737 2056 consistat,
772 2001 817 2044 et
845 1988 1172 2046 Carcilianum
1205 1989 1548 2054 innocentem,
1577 1987 1694 2042 illas
1713 1998 1880 2041 autem

293 2083 534 2138 violentos
558 2091 604 2138 et
632 2081 971 2136 calamuiosos
990 2080 1362 2150 essejudicatos
1385 2080 1446 2133 ab
1473 2095 1528 2133 eo
1558 2080 1874 2148 imperatore,

292 2173 362 2227 ad
385 2173 532 2244 cujus
570 2174 781 2227 examen
829 2170 1203 2224 criminationes
1248 2186 1366 2224 snas
1418 2169 1551 2222 ultro
1597 2169 1881 2222 accusando

299 2266 546 2319 miserunt
576 2280 596 2320 :
623 2275 905 2334 postremo,
937 2263 978 2317 si
1007 2262 1258 2333 quidquid
1285 2262 1346 2315 de
1375 2261 1589 2330 peccatis
1616 2261 1883 2333 quorumli-

303 2353 382 2407 bet
408 2353 667 2407 hominum
689 2353 940 2415 dixerint,
969 2353 1043 2404 vel
1068 2351 1302 2404 humanis
1331 2351 1638 2404 documentis
1659 2391 1675 2416 ,
1706 2349 1784 2404 vel
1805 2347 1886 2403 di-

294 2445 424 2497 vinis
449 2441 818 2512 probaverimus
837 2483 853 2507 ,
880 2433 967 2495 aut
995 2458 1167 2495 eorum
1194 2442 1527 2495 innocentiam
1553 2443 1695 2511 falsis
1717 2442 1883 2495 crimi-

295 2535 448 2589 nibus
477 2535 748 2604 appetitam
768 2575 784 2600 ,
814 2547 902 2586 aut
930 2533 1117 2587 Christi
1142 2531 1424 2586 Ecclesium
1443 2573 1457 2598 ,
1487 2533 1632 2603 cujus
1660 2545 1884 2586 commu-

296 2626 442 2680 nioni
463 2625 774 2679 cohaeremus
793 2665 809 2691 ,
839 2624 992 2677 nullis
1017 2639 1187 2676 eorum
1213 2621 1410 2676 delictis
1431 2638 1540 2676 esse
1559 2623 1886 2687 destructum;

297 2718 372 2769 sic
402 2717 511 2785 ejus
538 2714 795 2768 nobiscum
818 2722 1013 2767 teneant
1042 2713 1282 2766 unitatem
1303 2753 1318 2778 ,
1349 2722 1402 2764 ut
1429 2728 1530 2765 non
1571 2713 1738 2766 solum
1760 2714 1888 2765 riam

298 2806 480 2861 salutis
506 2805 761 2857 inveniant
781 2845 796 2870 ,
825 2802 912 2857 sed
939 2819 1031 2856 nec
1061 2802 1303 2856 honorem
1320 2800 1611 2870 epicopatus
1633 2801 1886 2855 amittant.

301 2895 485 2966 Neque
528 2896 659 2950 enim
699 2895 750 2948 in
788 2895 857 2947 eis
903 2894 1088 2947 divina:
1130 2893 1461 2948 Sacramenta
1506 2893 1758 2956 veritatis,
1803 2893 1890 2946 sed

300 2995 578 3040 commenta
606 2985 814 3038 humani
842 2983 1146 3038 detestamur
1173 2984 1357 3037 erroris
1385 2997 1406 3036 :
1429 2981 1607 3051 quibus
1648 2982 1885 3048 sublatis,

301 3082 581 3148 fraternum
615 3089 786 3150 pectus
821 3077 1204 3147 complectentur
1247 3076 1525 3130 christiana
1551 3074 1691 3129 nobis
1720 3075 1890 3129 citari-

302 3181 406 3223 tate
431 3172 773 3240 coniunctum,
805 3167 938 3234 quod
965 3183 1095 3219 nunc
1135 3165 1362 3220 dolemus
1389 3165 1695 3218 dissensione
1717 3165 1894 3218 diabo-

302 3262 405 3313 lica
445 3267 750 3329 separatum.
805 3253 994 3308 Poterit
1034 3255 1223 3324 quippe
1280 3253 1615 3322 unusquisque
1665 3262 1894 3307 nostrum

303 3350 512 3404 honoris
540 3348 635 3403 silli
659 3347 794 3400 socio
839 3343 1074 3416 copulato
1112 3343 1325 3396 vicissim
1355 3343 1527 3396 sedere
1561 3343 1891 3407 eminentius,

299 3443 435 3496 sicut
479 3437 739 3508 peregrino
782 3437 1014 3504 episcopo
1047 3444 1206 3506 ﬁtfo
1230 3433 1518 3486 considente
1539 3433 1750 3504 collega.
1785 3431 1894 3486 Iloc

300 3549 422 3586 cum
465 3529 673 3583 alternis
698 3527 916 3581 basilicis
944 3527 1172 3594 utrinque
1199 3523 1506 3588 conceditur,
1534 3533 1745 3592 utroque
1771 3524 1897 3577 alte-

300 3639 419 3676 runt
456 3638 569 3675 cum
592 3621 778 3673 honore
802 3627 972 3669 mittito
998 3616 1328 3687 prtevenientc
1346 3613 1366 3646 ’
1401 3632 1412 3667 :
1446 3615 1562 3682 quin
1591 3615 1683 3667 ubi
1705 3630 1892 3684 proscc-

303 3713 410 3782 ptio
441 3711 700 3764 charitatis
725 3707 1008 3761 dilataverit
1046 3706 1200 3759 corda
1221 3747 1234 3770 ,
1269 3707 1512 3774 possessio
1551 3705 1690 3774 pacis
1716 3721 1815 3758 non
1836 3706 1894 3772 ﬁt

303 3814 523 3876 angusta
555 3818 574 3857 :
601 3814 655 3856 ut
681 3819 781 3855 uno
811 3816 982 3853 eorum
1009 3784 1244 3866 defuncto
1263 3838 1277 3859 ,
1301 3796 1534 3864 deinceps
1548 3795 1661 3864 jam
1683 3795 1894 3864 singulis

303 3895 495 3965 singuli
547 3891 758 3964 pristino
804 3905 944 3943 more
981 3887 1269 3942 succedant.
1325 3884 1441 3938 Nec
1482 3900 1664 3938 nomon
1703 3884 1896 3954 aliquid

306 3991 395 4056 ﬁet
425 4003 445 4041 :
471 4001 589 4040 nam
609 3983 702 4038 hoc
727 3997 790 4036 at:
807 3981 970 4050 ipsius
993 3976 1334 4046 separationis
1352 3974 1587 4037 exordio,
1621 3973 1675 4027 in
1704 3975 1774 4028 eis
1808 3974 1894 4045 qui

304 4079 547 4130 dantnuto
576 4073 786 4147 nefariae
806 4068 1113 4125 discissionis
1152 4082 1321 4120 errore
1348 4064 1552 4118 unitatis
1579 4063 1897 4118 dulcedinem

305 4170 385 4225 uel
425 4183 535 4224 sero
561 4171 864 4237 sapuerunt,
893 4159 1140 4214 catholica
1168 4156 1367 4211 dilectio
1395 4155 1678 4209 custodiuit.
1709 4155 1810 4208 Atat
1852 4156 1897 4208 si

306 4267 442 4333 forte
466 4257 644 4330 populi
679 4253 939 4309 christiani
965 4247 1177 4319 singulis
1206 4247 1518 4300 delectantur
1538 4245 1818 4314 episoOpis,
1849 4255 1896 4299 et

306 4357 525 4408 duorum
552 4345 862 4403 consortium
883 4342 1128 4398 inusitata
1169 4353 1338 4392 rerum
1379 4337 1509 4409 facie
1551 4335 1766 4390 tolerare
1795 4352 1895 4388 non

309 4452 553 4516 possunt,
583 4439 787 4509 utrique
810 4436 874 4489 de
901 4433 1067 4487 medio
1090 4429 1446 4488 (incedattsus:
1473 4437 1520 4480 et
1547 4426 1775 4480 “etesiis
1790 4425 1898 4479 sin-

309 4536 476 4605 gulis,
521 4532 763 4585 damnata
790 4522 1080 4581 schismatis
1101 4533 1306 4586 ctutsa,
1340 4520 1394 4571 in
1440 4517 1642 4570 imitate
1679 4516 1894 4587 paciﬁca

309 4623 624 4688 constitutis,
652 4619 714 4674 ab
741 4618 823 4672 his
843 4615 932 4688 qui
959 4611 1146 4684 singuli
1173 4612 1226 4665 in
1257 4607 1484 4664 ccclesiis:
1507 4607 1723 4678 singulis
1757 4607 1896 4664 inve.

310 4718 514 4768 nientur
543 4712 733 4765 unitate
760 4710 904 4781 facta
924 4719 1016 4774 per
1042 4703 1164 4756 loca.
1181 4700 1466 4755 messoria
1499 4697 1897 4768 siuguliconsti-

311 4815 517 4859 tuantur
545 4799 765 4873 episcopi
789 4797 884 4870 (α).

385 4897 438 4951 6.
474 4895 540 4949 Et
585 4907 706 4948 eum
749 4889 988 4960 legeret,
1024 4882 1352 4954 Augustinus
1377 4881 1665 4950 episcopus
1701 4880 1835 4935 dixit
1880 4898 1895 4934 :

316 4989 504 5043 Dicam
525 4981 782 5040 Cltaritati
828 4985 1050 5044 vestra,
1081 4985 1138 5030 et
1181 4987 1609 5027 commemorem.
1636 4986 1747 5026 rem
1775 4970 1897 5024 «latis-

313 5075 579 5134 cissimam
595 5083 650 5130 et
665 5071 1054 5137 suavissimam,
1077 5081 1233 5136 quam
1257 5063 1480 5119 Domino
1503 5062 1793 5132 adiuuante
1808 5078 1898 5116 su-

317 5184 444 5223 mus
459 5166 684 5237 experti.
711 5163 846 5216 Cum
889 5171 1010 5213 ante
1055 5159 1222 5228 ipsum
1253 5153 1604 5209 Collationom
1637 5153 1774 5208 inter
1802 5169 1900 5207 nos

315 5259 478 5328 aliqui
504 5257 696 5311 fratres
721 5253 789 5308 de
819 5251 920 5306 liae
944 5264 1001 5303 re
1029 5247 1473 5314 collocuta-amur,
1501 5242 1622 5312 quia
1648 5257 1744 5313 pro
1769 5257 1898 5311 pace

311 5349 514 5406 Christi
560 5345 794 5417 episcopi
822 5341 1196 5401 debentessc,
1224 5343 1316 5388 aut
1358 5332 1554 5388 debeant
1601 5346 1718 5386 non
1744 5345 1896 5395 esse;

315 5440 458 5512 quod
511 5439 656 5494 vobis
706 5431 974 5490 fatendum
1021 5437 1138 5494 est,
1183 5425 1672 5493 circumspicientes
1713 5436 1899 5476 omnes

383 5616 397 5647 ι
435 5620 493 5663 ιιι-
508 5613 652 5678 epist.
687 5609 788 5670 193,
825 5601 1136 5672 uacationem
1196 5595 1682 5650 densonstruverimus
1707 5565 1810 5648 esse
1830 5594 1892 5661 fi.

317 5685 486 5785 ’³⁸⁸έηῖίά
528 5735 700 5784 eadem
739 5729 958 5796 ειιίειοιι,
985 5733 1183 5788 uterque
1206 5721 1266 5772 ab
1288 5723 1520 5770 tr’terturo
1541 5719 1716 5769 honore
1740 5727 1898 5770 nmtua

320 5797 622 5850 ora'renitar.

384 5844 464 5920 tot
492 5861 621 5917 \ide,
645 5869 786 5919 supra
810 5855 986 5905 Hrct‘ic.
1009 5850 1168 5900 (:nllat.
1194 5848 1272 5897 die
1301 5847 1338 5906 l,
1358 5857 1462 5909 cap.
1489 5844 1536 5892 ὅ.

1685 427 1886 485 LIBER
1927 388 2129 485 UNUS.

3345 465 3348 467 .
3440 414 3546 471 7οὶ

1977 541 2165 598 fratres
2183 548 2236 596 et
2257 538 2597 610 coepiscopos
2623 545 2832 592 nostros
2849 576 2864 604 ,
2888 550 2992 591 non
3020 532 3171 590 facile.
3195 530 3344 587 nobis
3364 545 3552 585 occur-

1975 634 2159 688 rebant
2173 633 2260 703 qui
2284 631 2381 685 hoc
2409 628 2603 684 vellent
2628 626 2928 698 suscipere,
2954 635 3008 681 et
3031 621 3098 680 de
3128 622 3226 678 hac
3256 621 3553 677 humilitate

1975 726 2198 782 Domino
2243 723 2564 779 sacriﬁcare.
2612 719 2963 784 Dicebamus,
3011 727 3067 772 ut
3093 716 3204 772 fieri
3249 714 3419 780 solut,
3466 713 3555 768 Ille

1976 827 2178 888 potest,
2227 815 2315 870 ille
2342 831 2446 869 non
2483 821 2688 886 potest;
2721 811 2808 866 ille
2837 809 3103 865 consentit
3142 807 3280 873 hoc,
3312 806 3398 860 illc
3443 821 3551 859 non

1977 909 2197 972 tolerat;
2246 905 2522 975 loquentes
2566 901 2734 973 magis
2780 916 2876 971 pro
2906 896 3295 968 suspicionibus
3324 894 3552 959 nostris,

1975 1001 2064 1069 qui
2093 995 2253 1052 corda
2280 996 2492 1051 illorum
2515 993 2699 1049 videre
2730 992 2948 1046 minime
2977 1000 3301 1060 poteramus.
3331 987 3553 1056 Quando

1975 1100 2151 1144 autem
2178 1098 2389 1144 ventum
2440 1097 2520 1142 est
2549 1095 2607 1140 ut
2650 1084 2752 1140 hoc
2789 1083 2963 1154 palam
3007 1082 3187 1147 ﬁeret,
3232 1082 3284 1135 in
3333 1081 3557 1134 concilio

1978 1183 2344 1236 universorum
2374 1189 2478 1234 tam
2507 1176 2771 1248 frequenti
2800 1190 2936 1245 pene
2971 1183 3321 1228 trecentorum
3349 1173 3556 1239 cpisco-

1981 1287 2165 1342 porutn
2190 1310 2209 1338 ,
2236 1270 2314 1324 sic
2344 1268 2538 1338 placuit
2564 1267 2811 1321 omnibus
2829 1306 2842 1330 ,
2889 1265 2966 1318 sic
2993 1271 3305 1318 exarserunt
3334 1276 3516 1314 omnes
3539 1301 3556 1324 ,

1982 1375 2036 1419 ut
2063 1363 2230 1434 parati
2260 1370 2438 1418 essent
2481 1360 2844 1432 episcopatum
2875 1373 2966 1426 pro
2993 1355 3184 1410 CltriSti
3220 1354 3419 1408 unitate
3462 1351 3558 1404 dc-

1982 1471 2178 1526 p0ncre
2201 1495 2216 1518 ,
2244 1464 2297 1510 ct
2324 1470 2426 1510 non
2457 1453 2680 1524 perdere
2698 1493 2712 1517 ,
2737 1450 2828 1505 sed
2856 1450 2964 1504 Deo
2982 1449 3145 1501 tutius
3163 1444 3559 1501 commendare.

1985 1551 2096 1604 Duo
2121 1548 2192 1602 ibi
2224 1547 2308 1602 vix
2357 1546 2734 1608 inventisunt,
2781 1543 2970 1612 quibus
3013 1539 3318 1609 displiceret
3363 1555 3378 1592 :
3427 1553 3562 1592 unus

1981 1647 2220 1694 annosus‘
2259 1652 2422 1692 senex
2446 1678 2462 1702 ,
2509 1636 2596 1706 qui
2630 1635 2728 1688 hoc
2757 1634 2916 1687 ctiam
2959 1632 3139 1686 dicere
3165 1630 3379 1686 liberius
3402 1643 3562 1683 ausus

1981 1739 2082 1794 est,
2113 1729 2268 1786 aliter
2286 1729 2610 1782 voluntatem
2659 1741 2807 1779 suam
2858 1724 3013 1778 tacito
3058 1722 3558 1790 vultusigttilicavit.

1982 1818 2085 1875 Sed
2136 1828 2474 1889 posteaquam
2502 1816 2646 1870 illum
2675 1832 2853 1871 senem
2888 1813 3104 1868 liberius
3131 1812 3231 1865 hoc
3265 1812 3524 1865 dicentem
3544 1851 3560 1874 ,

1984 1912 2160 1965 obruit
2185 1908 2422 1963 omnium
2451 1907 2677 1962 fraterna
2705 1906 3000 1974 correptio,
3037 1903 3125 1957 illo
3171 1910 3408 1956 tnumnte
3435 1917 3562 1954 scn-

1986 2005 2202 2058 tentiam
2222 2045 2237 2066 ,
2270 2001 2472 2056 voltum
2500 2000 2659 2055 etiam
2689 1997 2779 2052 ille
2803 1995 3043 2051 mutavit.
3077 1993 3269 2051 Audite
3295 2009 3420 2063 ergo
3444 1993 3562 2062 «pii-

1987 2095 2084 2148 bus
2101 2093 2270 2148 modis
2291 2093 2449 2146 etiam
2465 2089 2574 2161 ipsa
2588 2088 2884 2145 exhortatio
2908 2086 3043 2142 facta
3061 2096 3161 2152 est,
3183 2096 3398 2156 propter
3420 2084 3564 2140 illum

1986 2188 2072 2256 qui
2098 2187 2170 2240 ait
2201 2204 2216 2239 :
2246 2183 2347 2253 Qui
2375 2201 2427 2239 se
2454 2181 2707 2244 Ιιιωιὶίὶιιι,
2741 2177 3043 2234 exaltabitur
3071 2177 3223 2248 (Luc.
3251 2193 3406 2238 xvnt,
3438 2178 3548 2244 14).

2057 2277 2110 2331 7..
2161 2274 2507 2345 itotnlcgit:
2555 2271 2690 2340 Quid
2736 2271 2870 2323 enim
2916 2267 3198 2322 dubitemus
3247 2267 3567 2333 Redemptori

1989 2376 2157 2418 nostro
2181 2363 2486 2432 sacriﬁcium
2512 2362 2658 2415 istius
2687 2359 2985 2412 humilitatis
3006 2356 3186 2425 o/ferre
3207 2356 3233 2410 Γ
3254 2357 3331 2410 An
3351 2372 3462 2410 vero
3484 2357 3572 2410 ille

1992 2456 2053 2509 de
2079 2452 2215 2508 coriis
2241 2453 2294 2506 in
2324 2451 2549 2506 Iutmana
2575 2449 2795 2504 membra
2820 2447 3072 2503 descendit
3097 2489 3109 2514 ,
3139 2457 3193 2501 ut
3219 2445 3436 2500 membra
3465 2447 3573 2518 ejus
3647 2493 3652 2496 .

1991 2562 2207 2601 essemus
2222 2561 2243 2612 ;
2267 2553 2316 2599 et
2341 2559 2454 2607 nos,
2487 2558 2550 2596 ne
2594 2542 2706 2612 ipsa
2732 2541 2841 2610 ejus
2868 2539 3087 2593 membra
3114 2536 3308 2593 crudeli
3337 2537 3576 2592 divisione

1991 2637 2259 2699 lanientur,
2284 2636 2346 2688 de
2369 2634 2620 2688 cathedris
2641 2631 2940 2687 descendere
2958 2630 3330 2704 formidamus?
3359 2629 3576 2699 Propter

1994 2747 2083 2784 nos
2103 2729 2231 2783 nihil
2250 2728 2594 2798 sufficientius,
2617 2742 2766 2797 quam
2791 2723 3055 2778 christiani
3078 2723 3251 2792 ﬁdeles
3272 2731 3317 2776 et
3344 2723 3577 2775 obedien-

1994 2831 2064 2873 tes
2083 2835 2254 2873 sumus
2283 2834 2303 2874 :
2330 2820 2424 2872 hoc
2446 2833 2563 2888 ergo
2581 2833 2776 2886 semper
2795 2817 2970 2869 simus.
2995 2813 3238 2883 Episcoyi
3264 2824 3432 2868 autem
3460 2830 3576 2882 pro—

1995 2922 2103 2979 pter
2155 2909 2452 2961 christianos
2492 2907 2707 2976 papulas
2747 2906 3040 2959 ordinantur
3071 2920 3088 2958 :
3115 2903 3250 2974 quod
3278 2921 3395 2976 ergo
3438 2904 3577 2958 chri-

1994 2999 2170 3053 stianis
2189 2997 2390 3070 pupulis
2417 2997 2486 3051 ad
2527 2996 2852 3051 christianum
2883 3013 3056 3067 pacem
3102 2983 3333 3065 prodest,
3380 2996 3473 3048 hoc
3513 2998 3579 3049 de

1996 3104 2164 3146 nostra
2181 3092 2464 3162 episcopatu
2478 3091 2744 3161 faciamus.
2769 3089 3094 3158 Augustinus
3115 3088 3393 3158 cpiscopus
3409 3087 3542 3142 dixit
3563 3104 3576 3141 :

1999 3183 2223 3252 l‘mptor
2247 3195 2346 3236 nos
2374 3180 2474 3235 hoc
2500 3179 2757 3235 debemus
2786 3194 2903 3234 esse
2933 3179 3076 3249 quod
3111 3194 3224 3232 vos.
3252 3178 3388 3247 Quid
3415 3177 3579 3233 debes

1997 3289 2114 3328 esse
2143 3283 2223 3338 tu,
2255 3273 2568 3343 cuicumque
2593 3273 2782 3342 loquor
2821 3271 3094 3326 vestrum?
3121 3269 3579 3336 (lltristianus,.li-

1998 3367 2160 3432 dctis,
2185 3366 2446 3440 qobediens
2475 3383 2491 3418 :
2539 3365 2640 3421 boc
2688 3374 2741 3418 tu
2773 3376 2988 3434 propter
3018 3372 3096 3428 te,
3128 3363 3228 3418 hoc
3252 3371 3308 3418 et
3331 3378 3432 3433 ego.
3455 3377 3581 3434 pro-

2000 3467 2117 3526 pter.
2147 3474 2250 3512 me.
2278 3457 2418 3527 Ergo
2445 3456 2582 3525 quod
2612 3465 2665 3509 tu
2693 3466 2907 3526 propter
2935 3465 3022 3520 te,
3041 3465 3206 3524 ctogo
3233 3463 3447 3525 propter
3473 3469 3580 3520 tne,

1999 3562 2212 3616 semper
2238 3561 2360 3602 esse
2399 3546 2654 3601 debemus
2706 3545 2858 3612 Quod
2885 3555 3060 3600 autem
3091 3561 3216 3599 sum.
3241 3553 3454 3614 propter
3491 3553 3578 3608 te,

1999 3638 2097 3690 sim
2119 3677 2134 3700 ,
2182 3637 2226 3690 si
2272 3636 2363 3690 tibi
2393 3635 2608 3710 prodest
2650 3653 2663 3690 :
2697 3651 2803 3690 non
2826 3635 2926 3690 sint
2952 3676 2968 3700 ,
3015 3634 3184 3690 sitibi
3216 3634 3387 3688 obest.
3441 3632 3581 3688 Ecce

1999 3729 2138 3797 quod
2163 3727 2361 3782 dictum
2387 3735 2506 3781 est:
2534 3726 2810 3780 attendite.
2845 3724 2972 3778 ltctn
3003 3723 3138 3792 legit.
3156 3740 3175 3772 τ,
3203 3723 3261 3775 Si
3287 3723 3414 3776 servi
3438 3722 3583 3774 utiles

1999 3833 2202 3882 sumus,
2215 3833 2304 3870 cur
2323 3815 2530 3869 Domini
2541 3815 2738 3868 aeternis
2758 3815 2912 3868 lucris
2924 3831 3015 3882 pro
3029 3813 3211 3866 nostris
3230 3809 3583 3882 temporalibus

1999 3908 2383 3964 sublimitatibus
2413 3906 2730 3961 invidemus?
2761 3901 3082 3975 Episcopalis
3111 3901 3328 3973 dignitas
3353 3903 3583 3970 fructuo-

1999 4001 2105 4056 sior
2117 3999 2257 4055 noln's
2286 4000 2402 4065 erit,
2414 3999 2458 4052 si
2468 4014 2664 4070 gregem
2679 3996 2862 4050 Christi
2878 3995 3107 4066 deposita
3126 3993 3286 4063 magis
3305 3992 3583 4066 collegerit,

2001 4107 2148 4162 quam
2169 4100 2366 4145 retenta:
2385 4089 2689 4162 disperserit.
2711 4088 2950 4158 Cumque
2970 4086 3237 4153 recitaret,
3255 4083 3585 4154 Augustinus

2002 4184 2284 4253 cpiscopus
2299 4181 2428 4236 dixit
2445 4199 2458 4234 :
2483 4181 2705 4236 Fratres
2724 4179 2862 4246 mei,
2879 4179 2924 4234 si
2950 4177 3230 4234 Dominum
3256 4176 3577 4245 cogitamus,

2003 4276 2269 4330 locusistc
2286 4275 2461 4338 uitiae,
2477 4271 2942 4343 spcculattiuiutris
2957 4281 3060 4335 est,
3081 4269 3468 4339 nonfustigiusn
3493 4283 3585 4324 ω-

2005 4368 2314 4438 perbientis.
2349 4368 2558 4422 Sitcunt
2571 4367 2702 4420 volo
2737 4365 2966 4421 retinere
2987 4363 3351 4433 episcopatum
3381 4375 3580 4427 metam,

2002 4461 2250 4530 disperge
2275 4457 2722 4529 gmgemeristi,
2736 4452 3584 4526 tptomudoestdamnumgregis,

2003 4551 2176 4606 honor
2201 4548 2471 4620 pastoris?
2499 4547 2641 4602 item
2659 4548 2785 4617 legit
2813 4566 2839 4602 ι.
2862 4545 3119 4617 Namqua
3143 4548 3309 4616 fronte
3335 4545 3392 4598 in.
3415 4547 3587 4615 futatim

1983 4642 2198 4704 siccato
2239 4640 2537 4710 promissum
2561 4655 2601 4692 ιι
2631 4639 2829 4692 Christo
2875 4636 3185 4706 sperabimus
3231 4636 3510 4695 tacueram,
3544 4633 3588 4687 si

2004 4733 2332 4787 clarissimum
2377 4730 2430 4784 iu
2462 4731 2557 4784 hoc
2581 4729 2772 4783 sarculo
2798 4737 2964 4780 noster
2997 4727 3162 4780 honor
3185 4725 3389 4794 impedit
3418 4723 3586 4777 unita-

2004 4834 2100 4876 tem
2125 4823 2152 4876 2
2184 4819 2308 4878 Hac
2334 4829 2596 4893 ploptcrca
2619 4818 2939 4874 Prcstantia
2981 4825 3081 4870 true
3113 4814 3590 4869 scribenda-cumvi-

2007 4931 2166 4980 rnusv,
2188 4923 2234 4969 st
2280 4921 2339 4967 ut
2361 4928 2450 4984 per
2479 4922 2528 4966 te
2553 4912 2863 4965 iuuatcscant
2892 4908 3122 4962 «intibus
3150 4907 3496 4976 postidmnns;
3536 4914 3589 4958 ut

2005 5008 2062 5062 in
2087 5005 2569 5077 adjutorioDumini
2588 5002 2689 5058 Dei:
2708 5002 2886 5066 nostri,
2915 5017 3012 5071 quo
3039 4999 3588 5067 adsuonenteistrupro-

2008 5100 2286 5163 mittimus,
2313 5107 2359 5153 st
2405 5114 2502 5168 quo
2545 5096 2817 5168 adjuuaute
2866 5109 2966 5147 nos
2997 5092 3204 5161 implere
3243 5105 3396 5161 posse
3426 5087 3589 5154 enim.

2007 5192 2173 5244 dianus
2191 5230 2214 5256 ,
2238 5189 2388 5244 etiam
2434 5196 2552 5242 ante
2575 5185 2934 5249 Collatiouem,
2964 5183 3012 5236 si
3050 5181 3174 5250 ﬁeri
3203 5189 3400 5250 potest.”
3435 5177 3588 5230 corda

2010 5282 2269 5335 hominum
2294 5279 2375 5334 vel
2393 5279 2641 5347 inﬁrma,
2663 5276 2750 5331 vel:
2765 5275 2940 5339 dura,
2957 5274 3054 5342 pia.
3069 5272 3288 5324 charitas
3311 5279 3586 5333 attenuet,

2007 5383 2096 5426 aut
2121 5372 2351 5435 edouwt;
2379 5385 2439 5424 ac
2463 5369 2536 5424 sic
2566 5369 2681 5439 jam
2721 5366 2957 5436 paciﬁcis:
2990 5363 3233 5416 mallibus
3255 5376 3360 5414 non
3382 5358 3589 5411 resistu-

2009 5482 2122 5519 mns
2161 5458 2840 5533 ntanifostissimwwva'itnti,
2861 5467 2908 5512 et
2951 5454 3589 5522 tlisputtuiamm'uostratu

2010 5558 2086 5610 rel
2116 5557 2459 5623 pimcedannts
2500 5551 2771 5608 concordia
2790 5590 2805 5614 ,
2834 5549 2908 5604 vel
2932 5564 3215 5608 scrutamur.
3254 5542 3438 5612 Neque
3457 5540 3590 5594 enim

2007 5651 2280 5717 desperare
2311 5647 2546 5700 debemus
2567 5643 2907 5708 ,.si.-recolunt
2947 5654 3055 5693 esse
3094 5639 3352 5705 paciﬁcos.
3386 5635 3586 5695 beatos,

2007 5741 2246 5811 quoniam
2270 5736 2366 5805 ipsi
2392 5735 2486 5800 ﬁlii
2515 5733 2606 5788 Dei
2635 5733 2936 5786 vocabuntur
2963 5727 3172 5800 (Matth.
3206 5742 3237 5778 ν
3258 5767 3273 5787 .
3304 5724 3357 5794 9)
3383 5765 3399 5790 ,
3432 5722 3588 5776 multo

2010 5831 2212 5902 dignius
2241 5839 2283 5884 ct
2311 5826 2528 5897 facilius
2564 5841 2646 5879 cos
2693 5825 2816 5878 velle
2861 5833 2911 5873 ut
2959 5837 3075 5890 pars
3123 5817 3309 5872 Donati
3359 5814 3586 5869 universo
