4024 6196
406 364 509 419 ⁸1(ιὸ

408 483 515 534 orbi
541 482 823 535 christiano
850 479 1215 541 reconcilietur,
1249 494 1397 547 quam
1418 481 1673 535 universus
1700 482 1832 534 orbis
1860 483 1986 535 chri-

406 574 597 626 stianus
629 590 660 624 α
685 582 827 640 parte
861 570 1048 624 Donati
1070 569 1407 637 rebaptizetur
1437 586 1455 625 :
1480 588 1591 624 cum
1622 572 1899 642 prttsertim
1927 572 1989 626 de

412 661 710 714 Maximiani
739 661 980 732 sacrilego
1026 670 1071 715 et
1116 661 1351 713 damnato
1394 662 1659 715 schismate
1705 664 1986 727 uenientes,

404 768 525 820 quos
547 751 695 804 etiam
720 763 1027 805 terrenarum
1051 762 1348 820 potestatum
1362 752 1674 821 jussionibus
1700 752 1990 805 insectando

404 844 670 898 emendare
695 852 959 907 curarunt,
993 852 1133 895 tanta
1171 842 1429 910 diligentia
1460 844 1756 910 qumsierunt
1776 884 1789 906 ,
1822 854 1873 895 ut
1902 859 1988 895 nec

408 929 718 999 Raptismum
762 934 824 985 ab
874 934 943 987 eis
968 932 1138 986 datum
1164 933 1444 986 rescindere
1472 933 1743 999 auderent,
1776 941 1819 986 et
1842 948 1991 1002 quos—

405 1025 522 1074 dam
544 1039 712 1075 eorum
740 1024 1004 1076 damnatos
1030 1024 1137 1076 sine
1157 1023 1263 1076 ulla
1291 1023 1493 1075 honoris
1518 1023 1850 1074 diminutione
1877 1039 1988 1073 sus-

411 1113 668 1179 ciperent,
718 1114 960 1183 quosdam
996 1130 1107 1166 vero
1143 1113 1194 1166 in
1240 1112 1377 1165 illius
1415 1112 1721 1165 discissionis
1760 1111 1992 1165 societate

409 1203 699 1271 impolluta:
729 1220 832 1257 esse
860 1213 1133 1257 censerent.
1166 1206 1391 1268 Quorum
1436 1204 1565 1256 inter
1610 1219 1663 1256 se
1708 1202 1993 1255 concordia:

406 1307 504 1345 non
536 1292 811 1346 inridemus
841 1309 859 1346 :
888 1294 974 1346 sed
998 1310 1081 1348 eos
1107 1303 1300 1363 Oportet
1328 1293 1586 1346 advertere
1616 1310 1764 1362 quam
1803 1293 1882 1361 pie
1906 1309 1991 1343 ra-

413 1398 550 1434 mum
579 1399 609 1434 a
632 1400 685 1437 se
714 1388 929 1453 fractum
960 1393 1097 1436 tanto
1125 1385 1289 1437 studio
1316 1382 1464 1436 radix
1489 1382 1736 1436 catholica
1763 1383 1990 1451 inquirit,

406 1473 451 1524 si
495 1489 662 1525 ranms
709 1474 815 1541 ipse
852 1473 1077 1527 similiter
1104 1490 1133 1525 α
1173 1490 1226 1526 se
1268 1488 1476 1541 parvum
1518 1476 1743 1543 fragmen
1784 1472 1994 1523 incisum

407 1562 479 1613 sic
500 1561 734 1631 colligere
777 1562 1044 1615 laboravit.
1070 1562 1138 1615 Et
1166 1563 1264 1616 alia
1296 1579 1473 1616 manu.
1506 1562 1754 1632 Optumus
1782 1572 1855 1627 te,
1886 1561 1991 1629 ﬁli,

407 1652 457 1702 in
491 1649 706 1704 Domino
731 1652 850 1704 bene
880 1652 1059 1706 valere.

478 1760 530 1813 8.
570 1760 686 1826 Quo
728 1762 951 1815 recitato
994 1762 1322 1831 Augustinus
1366 1762 1651 1833 episcopus
1678 1762 1808 1816 dixit
1842 1781 1853 1815 :
1886 1764 1996 1817 Au-

407 1848 539 1917 dite,
567 1850 655 1922 qui
684 1854 932 1916 nescitis;
979 1853 1157 1908 audite
1179 1896 1192 1917 ,
1220 1854 1443 1908 obsecro
1472 1870 1586 1908 vos.
1624 1856 1731 1909 Deo
1759 1856 1954 1923 gratias
1978 1895 1994 1919 ,

407 1940 529 2008 quia
560 1938 673 2008 ipso
718 1950 979 2009 praesente
1018 1942 1223 2012 loquor.
1255 1943 1480 1997 Causam
1526 1945 1678 1998 istam
1725 1943 1994 1998 Maximiao

411 2028 667 2083 nistarum
690 2072 704 2093 ,
732 2046 888 2100 quam
916 2032 1038 2087 volo
1062 2032 1219 2087 modo
1245 2033 1395 2086 vobis
1422 2048 1688 2102 exponere
1710 2077 1724 2100 ,
1754 2036 1842 2089 ubi
1874 2051 1993 2089 om-

411 2120 553 2173 nium
584 2121 967 2176 calumniarum
1010 2139 1221 2178 suarum
1266 2132 1512 2193 tanquam
1556 2125 1809 2179 malarum
1855 2142 1997 2180 mer—

324 2260 333 2269 ,
409 2211 546 2262 cimn
581 2225 765 2264 navem
798 2210 1068 2281 fregerunt
1100 2230 1113 2266 :
1147 2228 1361 2267 causam
1388 2230 1515 2284 ergo
1545 2214 1698 2269 istam
1731 2215 2000 2269 Maximia-

411 2303 667 2357 nistarum
688 2319 807 2359 eum
832 2306 987 2359 toties
1006 2305 1388 2376 objecissemus
1410 2307 1461 2360 in
1481 2314 1661 2361 nostra
1681 2306 1995 2372 Collatione,

412 2392 541 2446 nihil
569 2393 824 2447 adversus
846 2410 961 2447 eam
987 2394 1164 2449 dicere
1193 2404 1507 2464 potuerunt;
1534 2396 1582 2448 id
1607 2405 1685 2450 est
1708 2438 1722 2463 ,
1747 2397 2000 2452 adversus

410 2479 762 2551 objectionem
788 2494 1021 2537 nosnam
1049 2486 1204 2538 toties
1227 2486 1500 2551 insertam,
1522 2487 1676 2540 toties
1698 2488 1972 2555 repetitam

415 2574 571 2628 toties
592 2590 772 2628 eorum
807 2576 1065 2630 frontibus
1094 2576 1279 2630 illisam
1301 2620 1315 2644 ,
1347 2577 1476 2631 nihil
1507 2577 1726 2632 omnino
1771 2594 1997 2648 respon-

416 2666 543 2721 dere
568 2675 885 2736 potuerunt,
917 2668 1037 2737 quia
1067 2668 1205 2738 quod
1235 2670 1615 2739 responderent
1647 2686 1748 2724 non
1770 2662 2001 2724 invene-

413 2766 551 2809 runt.
589 2756 778 2811 Audite
816 2774 941 2827 ergo
979 2758 1117 2811 illam
1149 2758 1445 2829 diligenter.
1478 2760 1615 2815 Ecce
1644 2760 1729 2815 hic
1759 2769 1836 2815 est
1860 2802 1873 2826 ,
1902 2777 1998 2814 au-

411 2848 489 2902 dit
518 2864 601 2901 me
632 2867 645 2903 :
675 2850 718 2904 si
764 2851 1011 2910 mentior,
1046 2850 1351 2919 redargnat,
1400 2851 1621 2920 probare
1649 2866 1733 2906 me
1762 2852 1999 2921 compel—

413 2938 503 2992 lat.
533 2939 691 2995 Gesta
713 2941 923 3011 quidem
950 2942 1059 3012 ipsa
1087 2941 1171 2996 hic
1200 2957 1304 2996 non
1332 2953 1483 3009 sunt,
1512 2942 1604 2997 sed
1632 2943 1700 2997 ibi
1729 2944 1795 2997 sit
1819 2960 2000 2998 causa.

414 3027 666 3084 Fcramus
695 3031 954 3099 quaslibet
981 3030 1297 3097 dilationes,
1330 3041 1384 3085 ut
1427 3030 1492 3087 ad
1536 3033 1853 3086 documenta
1902 3050 1999 3088 ne-

410 3111 637 3165 erssaria
670 3113 973 3177 veniamus,
1005 3113 1047 3166 si
1078 3113 1369 3181 probavero
1396 3115 1533 3183 quod
1563 3115 1702 3169 dico.
1735 3115 1788 3171 Si
1819 3126 1996 3171 tamen

412 3200 535 3255 inde
566 3199 787 3268 dubitat,
810 3212 919 3269 aut,
947 3202 1089 3272 quod
1114 3203 1284 3267 absit,
1308 3203 1549 3258 dubitare
1571 3220 1628 3259 se
1654 3204 1796 3274 lingit
1815 3246 1830 3270 ,
1858 3206 1996 3275 quod

412 3304 540 3358 pace
568 3290 682 3359 ejus
726 3289 983 3357 dixerim,
1016 3308 1121 3347 non
1166 3295 1550 3361 communicet,
1592 3295 1634 3349 si
1667 3310 1771 3350 non
1804 3297 1995 3365 proba-

411 3394 556 3434 vero.
583 3379 639 3436 Si
669 3391 844 3436 autem
874 3382 974 3437 scit
1014 3382 1123 3453 jam
1153 3398 1238 3437 me
1286 3398 1467 3437 verum
1510 3384 1720 3448 dicere,
1762 3395 1817 3441 et
1851 3388 1999 3440 novit

410 3481 689 3537 prepterea
719 3473 1044 3540 respondere
1090 3474 1355 3540 noluisse,
1388 3474 1509 3545 quia
1538 3476 1676 3545 quod
1708 3477 1996 3546 responde-

412 3568 493 3612 ret
538 3576 641 3614 non
671 3562 842 3628 potuit
872 3564 1146 3627 invenire;
1191 3580 1319 3634 rogo
1348 3580 1444 3625 vos
1477 3574 1533 3619 ut
1575 3568 1670 3636 ipsi
1707 3568 1953 3637 judicetis
1978 3610 1992 3634 ,

409 3649 536 3719 quid
584 3653 652 3705 sit
699 3651 1023 3707 tolerabilius
1068 3654 1121 3707 in
1168 3653 1371 3710 honore
1415 3669 1512 3709 suo
1550 3657 1821 3727 suscipere
1863 3674 1889 3710 a
1937 3674 1995 3714 se

410 3738 715 3794 damnatum
738 3784 752 3806 ,
783 3757 851 3796 an
884 3741 1098 3798 fratrem
1127 3760 1417 3815 agnoscere
1443 3762 1546 3800 non
1575 3748 1856 3818 aliquando
1883 3766 1911 3803 a
1937 3766 1994 3805 se

408 3831 729 3886 convictum.
779 3831 1037 3889 lntcndite
1057 3876 1073 3901 ,
1118 3837 1375 3904 obsecro,
1407 3837 1585 3893 audite
1615 3841 1990 3895 narrationem.

478 3924 531 3979 9.
574 3924 924 3981 Maximianus
949 3928 1162 3997 quidam
1195 3930 1450 3985 diaconus
1472 3930 1571 3985 fuit
1594 3933 1977 4004 Carthagine"-

350 4064 351 4067 η
414 4014 509 4081 sis,
535 4015 584 4068 in
616 4024 761 4083 parte
793 4017 1016 4083 Donati;
1048 4020 1159 4072 sive
1189 4021 1380 4075 merito
1405 4022 1668 4090 superbim
1694 4040 1824 4090 sua),
1856 4026 1986 4088 sive,

418 4112 477 4158 ut
514 4104 611 4174 ipsi
641 4114 844 4174 putant,
892 4109 1083 4161 merito
1102 4108 1323 4176 justitia:
1366 4124 1495 4176 sure,
1533 4111 1752 4167 oll‘endit
1788 4114 1989 4185 episco-

415 4203 538 4256 pum
564 4203 739 4254 suum,
776 4190 824 4244 id
851 4199 952 4257 est,
987 4190 1308 4247 Primianum
1335 4192 1802 4262 Carthaginensem
1829 4213 1843 4261 ;
1878 4202 1990 4253 sive

415 4278 617 4348 inique,
649 4280 693 4333 si
731 4282 995 4350 superbus
1033 4284 1343 4349 meliorem;
1374 4285 1486 4339 sive
1508 4284 1671 4354 juste,
1724 4287 1767 4341 si
1796 4288 1989 4357 probus

413 4370 808 4438 improbiorem.
842 4373 1344 4429 Exeommunicatus
1369 4383 1451 4429 est
1476 4391 1505 4429 a
1546 4376 1834 4442 Primiano,
1865 4392 1984 4445 per-

408 4460 547 4513 rexit
581 4460 645 4514 ad
683 4462 963 4531 episcopos
998 4464 1223 4531 vicinos,
1269 4466 1553 4520 concitavit
1585 4466 1835 4520 invidiam
1870 4468 1986 4523 Pri-

407 4551 603 4616 miano,
630 4552 1036 4607 aocusaviteum
1066 4556 1202 4624 apud
1227 4555 1363 4611 illos.
1397 4556 1622 4611 Ventum
1654 4566 1737 4612 est
1764 4557 1829 4611 ad
1854 4557 1987 4612 Car-

407 4640 674 4710 thaginem
721 4658 734 4695 :
781 4642 1063 4698 voluerunt
1108 4645 1196 4713 qui
1241 4656 1497 4700 venerunt
1545 4648 1691 4701 nmlti
1732 4648 1981 4718 episcopi

408 4729 715 4796 Donatista',
744 4731 809 4785 ad
839 4747 897 4787 se
920 4733 1102 4788 venire
1129 4734 1489 4800 Primiannm;
1532 4736 1670 4791 sicut
1707 4737 1987 4791 voluerunt

406 4816 636 4889 majores
675 4821 893 4877 istorum
922 4824 988 4877 ad
1032 4839 1091 4879 se
1127 4826 1309 4880 venire
1337 4826 1698 4880 (Lucilianum.
1734 4825 1985 4882 Factionc

406 4913 637 4983 cognita,
667 4915 836 4969 noluit
873 4915 937 4969 ad
985 4917 1116 4970 istos
1144 4918 1326 4971 venire
1370 4917 1699 4983 Primianus;
1750 4919 1888 4972 sicut
1915 4918 1982 4973 ad

404 5009 522 5063 illos
553 5007 717 5062 noluit
747 5008 930 5063 venire
969 5007 1628 5063 Cmcilianus..Damnatus
1667 5020 1749 5064 est
1775 5010 1842 5065 ab
1869 5010 1981 5065 istis

398 5100 591 5154 absens
622 5099 920 5154 Primianus
943 5116 957 5165 ;
987 5100 1125 5155 sicut
1145 5101 1213 5153 ah
1238 5101 1342 5154 illis
1369 5101 1649 5154 damnatus
1676 5110 1758 5155 est
1786 5103 1980 5157 absens

394 5190 729 5244 (Zzecilianus.
783 5192 1003 5257 Qualem
1061 5192 1341 5261 imaginem
1392 5209 1567 5249 rerum
1625 5194 1787 5247 voluit
1842 5195 1979 5249 Deus

394 5291 517 5335 ante
547 5282 734 5336 oculos
759 5292 969 5336 nostros
994 5283 1190 5338 recenti
1214 5293 1452 5353 tempore
1483 5299 1699 5353 ponere,
1727 5286 1974 5353 quoniam

394 5375 551 5430 nimis
568 5376 779 5445 antiqua
799 5374 907 5444 jam
936 5374 1145 5431 dolebat
1174 5376 1389 5431 oblivio.
1429 5376 1713 5431 Damnatus
1743 5385 1825 5430 est
1852 5376 1970 5430 abs-

392 5479 509 5517 eus.
559 5466 642 5520 Ab
666 5465 783 5520 aliis
811 5466 1073 5534 episc0pis
1105 5468 1269 5536 mutis
1294 5467 1480 5521 Donati
1506 5468 1801 5521 Primianus
1824 5484 1973 5521 com-

320 5568 331 5573 '
395 5558 630 5612 munioui
656 5568 739 5614 est
780 5559 1088 5622 restitutus;
1120 5560 1227 5629 ipio
1246 5560 1373 5629 quia
1416 5574 1538 5615 eum
1567 5575 1670 5614 non
1709 5559 1974 5630 deposue-

398 5653 539 5710 runt,
571 5648 621 5701 in
665 5663 761 5703 sua
802 5647 930 5703 sede
959 5648 1195 5702 ﬁrmatus
1235 5658 1336 5703 est.
1370 5648 1609 5703 Danmati
1651 5658 1773 5703 sunt
1805 5648 1970 5702 Maxi-

398 5736 684 5801 mianistaz;
714 5742 847 5794 sicut
874 5755 903 5792 a
928 5738 1219 5809 peregrinis
1235 5740 1501 5809 episcopis
1526 5748 1573 5794 et
1602 5740 1968 5794 transmarinis

1318 361 1401 415 DE
1427 360 1666 419 GESTIS
1702 364 1843 424 CUM
1882 366 2202 436 EMERITO,
2242 369 2299 425 S.
2342 368 2708 426 AUGUSTI?“

3558 373 3663 432 τοι

2091 483 2338 538 absoluto
2366 484 2648 539 Czeciliano
2671 485 2855 539 meruit
2885 486 3122 541 damnari
3157 487 3413 543 Donatus.
3448 491 3674 544 Dainna-

2096 584 2178 629 tus
2230 586 2313 629 est
2375 573 2721 629 Maximianus
2767 592 2883 631 cum
2934 577 3211 632 duodecim
3278 580 3675 635 ordinatorihus

2095 665 2225 717 suis.
2272 664 2449 719 Factio
2476 665 2687 735 quidem
2735 667 2843 736 ipsa
2889 667 3141 737 plurimos
3182 669 3510 737 continebat,
3551 688 3667 726 cen-

2096 761 2206 807 tum
2244 766 2391 807 erant
2426 754 2664 810 fortassis
2694 757 2947 828 episcopi.
2977 757 3079 816 Sed
3124 776 3188 812 ne
3234 762 3404 828 major
3432 764 3677 835 pra-cisio

2098 841 2268 909 ﬁeret,
2301 845 2383 898 isti
2418 846 2695 900 voluerunt
2721 849 2900 915 paucis
2930 849 3172 918 dcjectis,
3197 852 3375 905 multis
3403 853 3678 921 imponere

2095 937 2446 1006 disciplinam.
2496 938 2823 993 Damnarunt
2878 942 3020 993 solos
3068 941 3154 1010 qui
3205 944 3491 999 adfuerunt
3540 944 3671 997 ordi

2099 1029 2295 1082 nationi
2344 1029 2666 1097 Maximiani,
2700 1031 2913 1101 quando
2954 1041 3137 1086 contra
3176 1035 3480 1103 episcopum
3518 1051 3671 1090 suum

2102 1118 2283 1173 illicito
2309 1128 2389 1171 est
2418 1120 2655 1173 elevatus
2682 1121 2981 1189 episcopus.
3015 1122 3202 1176 Czeteri
3228 1123 3277 1176 in
3307 1124 3418 1192 ipsa
3443 1123 3673 1177 factione

2097 1209 2390 1273 constituti,
2443 1211 2485 1263 si
2536 1210 2709 1264 redire
2756 1211 2822 1265 ad
2875 1211 3162 1265 Ecelesiam
3207 1214 3423 1279 vellent,
3472 1215 3524 1269 in
3566 1216 3677 1269 suis

2098 1302 2534 1370 permitterentur
2562 1300 2873 1355 honoribus.
2914 1302 3102 1358 Verbis
3123 1304 3334 1373 quidem
3364 1304 3472 1359 suis
3497 1315 3675 1359 osten-

2099 1392 2295 1446 debant
2332 1408 2423 1447 eos
2456 1390 2581 1447 foris
2610 1408 2730 1449 esse
2775 1394 2839 1448 ab
2887 1395 3120 1450 Ecclesia
3153 1414 3165 1448 :
3198 1412 3354 1467 quem
3384 1399 3523 1452 enim
3556 1400 3679 1454 hor-

2101 1484 2227 1537 taris
2258 1494 2313 1538 ut
2357 1483 2536 1548 intret,
2585 1483 2713 1538 foris
2756 1494 2857 1540 est.
2897 1485 3196 1540 Constituto
3223 1502 3350 1557 ergo
3390 1488 3495 1550 die,
3539 1490 3647 1543 intr

2100 1590 2255 1647 quem
2289 1576 2428 1629 diem
2466 1576 2510 1629 si
2536 1577 2787 1642 redirent,
2814 1577 2889 1643 eis
2912 1576 3040 1630 nihil
3069 1577 3315 1632 obessent
3347 1594 3462 1648 qua:
3488 1578 3680 1631 adver-

2099 1685 2189 1723 sus
2213 1669 2532 1722 Primianum
2559 1667 2895 1732 dicebantur,
2941 1668 3157 1723 decreto
3190 1669 3463 1738 Bagaiensi
3498 1670 3676 1722 lirma-

2101 1768 2242 1812 runt.
2274 1758 2563 1815 Damnatus
2599 1770 2680 1812 est
2707 1758 3053 1813 Maximianus
3081 1775 3200 1813 cum
3235 1759 3532 1813 duodecim.
3560 1760 3680 1815 Ca:-

2101 1851 2179 1921 pit
2222 1850 2326 1920 agi,
2380 1859 2437 1903 ut
2478 1850 2713 1904 damnati
2755 1849 2822 1905 de
2853 1849 3085 1905 basilicis
3131 1849 3474 1919 pellerentur.
3520 1850 3681 1904 luter-

2102 1940 2364 2010 pellantur
2413 1938 2660 2009 judiees,
2720 1940 3126 2008 interpellantur
3180 1941 3564 2009 proconsules,
3626 1941 3677 1994 in

2097 2031 2354 2100 judicium
2399 2030 2655 2101 allegatnr
2695 2031 2997 2101 episc0pale
3022 2031 3311 2099 Bagaiense
3348 2032 3630 2085 concilium
3662 2049 3676 2082 τ

2101 2122 2347 2176 dicuntur
2398 2121 2653 2183 haeretici,
2713 2121 3149 2175 demonstrantur
3198 2121 3456 2185 damnati,
3510 2125 3671 2191 impe-

2103 2223 2308 2267 trantur
2338 2213 2625 2282 jussioncs,
2672 2214 2864 2266 auxilia
2912 2224 3319 2283 Congregantur,
3367 2215 3573 2267 venitur
3615 2214 3677 2265 ad

2102 2303 2391 2377 ejiciendos
2420 2304 2486 2360 de
2525 2304 2756 2358 basilicis
2784 2304 3023 2360 homines
3049 2305 3345 2370 damnatos,
3388 2314 3440 2359 et
3479 2306 3529 2359 in
3574 2320 3671 2358 sua

2105 2397 2390 2466 pertinacia
2430 2398 2763 2450 constitutos.
2797 2396 2901 2452 Illis
2943 2396 3331 2460 condemnatis,
3378 2396 3552 2465 p0puli
3584 2397 3672 2466 qui

2106 2489 2351 2543 favebant
2383 2490 2689 2544 restiterunt
2717 2507 2729 2543 :
2760 2488 2847 2541 ubi
2878 2504 2979 2542 non
3010 2497 3310 2557 potuerunt,
3345 2488 3466 2542 victi
3509 2499 3627 2543 sunt
3657 2505 3672 2550 ;

2106 2580 2155 2634 iu
2184 2579 2356 2634 locum
2384 2595 2567 2634 eorum
2607 2579 2695 2648 qui
2735 2578 2853 2634 victi
2901 2588 3025 2632 sunt
3054 2588 3105 2633 ct
3135 2580 3364 2648 expulsi,
3413 2579 3500 2632 alii
3534 2580 3677 2631 ordi-

2104 2672 2210 2726 nati
2254 2680 2397 2725 sunt.
2447 2670 2528 2725 Ex
2568 2670 2759 2740 quibus
2789 2669 2920 2724 duos
2966 2671 3231 2731 novimus,
3274 2680 3325 2723 nt
3368 2669 3434 2724 de
3473 2670 3681 2723 cteteris

2107 2771 2395 2828 taceamus,
2440 2778 2599 2815 unum
2645 2761 2992 2826 Felicianum,
3035 2759 3259 2813 alterum
3306 2760 3679 2814 Vra-testatum

2076 2853 2495 2925 rAssuritauum.
2540 2852 2685 2918 Quos
2736 2859 2853 2921 post
2892 2866 3057 2903 annos
3104 2850 3235 2905 duos
3279 2862 3367 2903 aut
3412 2859 3537 2917 tres,
3586 2865 3683 2919 per

2103 2940 2350 3011 Optatqu
2387 2941 2757 2997 Gildonianum
2785 2950 2901 3011 post
2930 2941 3122 2996 multas
3162 2941 3264 2995 illis
3296 2941 3462 2995 illatas
3494 2957 3679 3010 perse-

2102 3033 2341 3087 cutiones
2359 3031 2658 3102 judiciariis
2685 3030 3143 3102 prosecutionibus
3169 3040 3224 3086 et
3258 3040 3363 3085 tota
3391 3032 3676 3084 acrimonia

2103 3133 2420 3193 potestatum
2461 3124 2509 3176 in
2553 3125 2660 3177 suis
2702 3124 2986 3178 honoribus
3025 3134 3391 3192 susceperunt.
3432 3122 3555 3175 l’ost
3588 3124 3680 3177 da-

2105 3216 2422 3270 mnationem
2464 3232 2634 3278 suam,
2665 3224 2783 3285 post
2821 3216 3156 3284 ejectionem,
3204 3223 3323 3285 post
3354 3216 3681 3283 persecutio-

2104 3324 2196 3363 nes
2220 3316 2566 3377 susceperunt
2595 3307 2711 3361 illos
2741 3307 2791 3359 in
2834 3306 3121 3360 honoribus
3162 3305 3290 3369 suis,
3325 3304 3680 3375 adjnnxernnt

2100 3401 2199 3456 sibi
2223 3402 2395 3456 socios
2422 3411 2577 3469 atque
2600 3399 2846 3468 collegas.
2878 3397 3007 3451 Nam
3037 3398 3086 3450 in
3118 3398 3232 3450 IuCO
3259 3397 3413 3450 unius
3440 3396 3675 3466 ip~orum

2102 3490 2404 3545 Praetextati
2434 3487 2753 3549 Assuritani,
2799 3488 2959 3541 alium
2998 3488 3107 3555 jam
3151 3484 3532 3539 ordinaverunt
3577 3501 3675 3537 no—

2100 3583 2241 3637 mine
2271 3583 2547 3651 Rogatum,
2572 3580 2659 3650 qui
2689 3580 2845 3634 modo
2864 3580 3154 3634 catholicus
3180 3589 3279 3642 est,
3304 3579 3383 3631 cui
3411 3577 3676 3632 exercitus

2100 3676 2343 3739 istorum,
2374 3672 2422 3727 id
2453 3680 2552 3733 est,
2582 3687 2771 3739 agmen
2807 3669 3321 3731 Circumcelliomun,
3363 3669 3593 3738 linguam
3623 3678 3677 3724 ct

2100 3781 2311 3820 manum
2347 3762 2599 3833 praecidit.
2648 3761 2726 3816 llli
2771 3769 2945 3815 autem
2987 3760 3074 3829 qui
3117 3775 3209 3829 per
3251 3757 3417 3827 ipsum
3465 3770 3675 3827 tempus

2099 3872 2203 3925 quo
2248 3856 2321 3909 illi
2353 3853 2585 3909 damnati
2618 3852 2747 3907 foris
2797 3860 2970 3917 erant,
3025 3851 3190 3905 ferme
3234 3867 3325 3919 per
3366 3851 3670 3914 triennium,

2098 3951 2338 4018 haptizati
2371 3958 2493 4003 sunt
2512 3964 2538 4001 a
2569 3948 2853 4014 damnatis,
2880 3947 3123 4018 baptizati
3153 3956 3276 4000 sunt
3306 3945 3435 4000 foris
3462 3947 3527 4001 ab
3562 3946 3664 3999 Ee-

2096 4042 2255 4096 clesia
2301 4042 2543 4106 istorum,
2586 4041 2664 4094 sic
2707 4048 2829 4093 sunt
2874 4038 3123 4107 suscepti.
3171 4037 3337 4091 Nemo
3376 4038 3525 4100 dixit,
3557 4038 3671 4091 Non

2098 4134 2260 4189 habes
2301 4133 2644 4202 Baptismd'm,
2676 4133 2796 4200 quia
2836 4130 2967 4185 foris
2997 4146 3055 4185 es
3084 4131 3394 4199 baptizatus.
3425 4132 3486 4185 Et
3517 4132 3656 4188 rclt’r

2097 4226 2322 4294 plizatur
2364 4225 2451 4295 qui
2480 4224 2623 4279 venit
2665 4224 2731 4278 de
2761 4223 2993 4294 Epheso,
3029 4223 3098 4278 de
3138 4224 3383 4294 Smyrna,
3411 4223 3475 4277 de
3502 4223 3670 4277 Thes-

2093 4316 2347 4379 salonica,
2379 4316 2446 4371 de
2489 4315 2698 4370 creteris
2737 4313 2989 4368 Ecclesiis
3023 4329 3153 4382 quas
3180 4328 3281 4369 suo
3310 4313 3489 4367 labare
3535 4313 3667 4382 Apoo

2093 4410 2233 4463 stoli‘
2260 4409 2646 4479 plantaverunt,
2686 4418 2741 4460 et
2779 4405 2845 4460 ad
2872 4421 3002 4476 quas
3030 4406 3254 4475 legimus
3298 4406 3486 4459 missas
3526 4406 3668 4472 Apo-

2091 4503 2350 4558 stolorum
2380 4500 2663 4570 Epistolas,
2686 4515 2818 4569 quas
2842 4498 3092 4553 audimus
3109 4498 3162 4552 in
3186 4498 3409 4553 ecclesia
3437 4497 3667 4553 recitari.

2164 4594 2251 4649 10.
2290 4593 2563 4648 Sententia
2592 4601 2799 4648 tenetur
2831 4608 2845 4644 :
2874 4601 2930 4645 et
2956 4599 3211 4659 quantum
3249 4589 3570 4651 audivimus,
3600 4588 3669 4642 ab

2093 4688 2208 4758 ipso
2238 4685 2397 4740 fratre
2418 4694 2622 4749 nostro,
2650 4699 2805 4753 quem
2842 4683 2985 4738 Dens
3006 4681 3162 4738 faciat
3184 4692 3428 4753 pacatum
3453 4678 3668 4735 fratrem

2094 4788 2353 4841 nostrum,
2392 4776 2459 4830 ab
2506 4776 2605 4829 isto
2648 4774 2886 4829 Emerita
2924 4783 3004 4827 est
3032 4773 3226 4826 dictata
3274 4771 3536 4827 sententia
3581 4772 3667 4824 ubi

2092 4870 2162 4923 illi
2188 4867 2422 4923 damnati
2450 4874 2591 4921 sunt.
2625 4865 2853 4934 chatur
2878 4865 2989 4932 ipsa
3036 4864 3297 4918 sententia
3344 4863 3431 4916 ubi
3465 4862 3540 4915 illi
3571 4862 3669 4913 da~

2090 4960 2253 5013 mnati
2285 4965 2428 5023 sunt,
2457 4967 2511 5011 et
2544 4958 2747 5026 legatur
2774 4955 3036 5010 sententia
3067 4954 3152 5007 ubi
3185 4952 3528 5008 Cecilianum
3572 4952 3665 5005 da.

2090 5058 2403 5103 Intraverunt
2443 5047 2672 5116 majores
2701 5048 2958 5104 istorum;
2988 5053 3041 5097 et
3065 5045 3337 5098 videamus
3364 5045 3449 5112 qui
3481 5044 3555 5097 rei
3588 5059 3670 5113 pe-

2083 5145 2229 5213 jores
2274 5140 2393 5194 facti
2430 5149 2573 5203 sunt,
2618 5139 2705 5208 qui
2749 5137 2996 5207 graviore
3033 5137 3294 5191 sententia
3345 5135 3536 5204 puniti,
3580 5135 3668 5203 qui

2086 5233 2308 5301 strepitu
2349 5231 2550 5298 tnajore
2579 5229 2833 5282 damnati.
2865 5229 2938 5283 lbi
2982 5226 3116 5281 dixit
3144 5244 3157 5279 :
3186 5226 3323 5280 Licet
3350 5227 3481 5278 enim
3525 5226 3664 5292 oipe~

2084 5325 2157 5377 rei
2204 5321 2408 5377 seminis
2453 5321 2629 5374 noxios
2682 5332 2855 5390 partus
2898 5319 3123 5372 venenati
3177 5317 3307 5370 uteri
3350 5316 3525 5369 alveus
3580 5316 3666 5368 diu

2085 5414 2281 5476 texerit,
2328 5420 2374 5465 et
2411 5410 2637 5477 concepti
2678 5410 2877 5462 sceleris
2922 5409 3023 5461 uda
3066 5408 3283 5477 coagula
3328 5407 3381 5459 in
3432 5406 3667 5473 aspiciunt

2083 5504 2305 5569 membra
2330 5502 2473 5554 tardo
2494 5516 2545 5553 se
2570 5500 2736 5552 calore
2758 5498 3137 5567 reparaverint,-
3172 5507 3335 5550 tamen
3367 5507 3663 5565 conceptum

2081 5597 2216 5650 virus
2239 5602 2556 5648 eranescente
2586 5590 2876 5643 umbraculo
2907 5590 3150 5643 occultari
3180 5606 3279 5644 non
3306 5590 3488 5657 potuit.
3524 5588 3659 5641 Nam

2080 5690 2171 5742 etsi
2199 5703 2330 5751 sero,
2359 5685 2613 5755 publicum
2642 5695 2806 5737 tamen
2838 5685 3051 5753 fucinus,
3081 5693 3127 5736 et
3165 5684 3493 5753 parricidium
3516 5698 3663 5736 suum

2082 5779 2180 5849 fcta
2202 5778 2443 5833 scelerum
2472 5786 2578 5829 tota
2605 5784 2915 5845 pepertrunt.
2945 5774 3092 5841 Quod
3114 5784 3226 5827 ante
3247 5776 3542 5843 prmdictum
3559 5786 3663 5825 est:
