4024 6196
262 272 358 327 70$

260 410 275 440 ι
304 388 539 444 l’arturiit
558 386 875 455 iniustitiam,
909 388 1135 454 concepit
1163 387 1407 452 dolorem,
1441 397 1487 440 et
1509 390 1697 457 peperit
1726 387 1825 441 ini—

250 483 483 550 quitatem
512 498 528 530 ι
573 476 743 547 (Psal.
772 494 863 544 vn,
910 480 1020 549 15).
1058 477 1163 534 Sed
1192 481 1429 547 quoniam
1454 495 1686 534 serenum
1722 480 1826 545 iam

247 571 404 641 fulget
440 586 467 623 e
492 570 680 631 nubilo.
712 587 801 624 nec
825 582 894 624 est
929 574 1140 643 confusa
1167 573 1432 626 criminum
1465 574 1591 626 silva
1617 590 1730 629 cum
1761 575 1827 627 ad

249 679 440 728 plenam
474 663 733 735 designata
771 674 888 717 sunt
926 666 1130 717 nomina
1161 665 1523 736 :indulgentite
1563 667 1694 718 enim
1729 682 1824 718 an-

252 756 386 807 tehac
419 758 602 823 fuerat,
634 756 753 815 dum
780 756 1055 809 clementia:
1079 756 1377 810 dimittimus
1408 758 1612 821 lineam,
1642 757 1823 809 invenit

249 864 390 899 causa
417 863 539 915 quos
577 847 773 916 puniat.
820 848 885 903 Et
918 848 1053 905 inter
1085 860 1275 907 cetera
1306 868 1319 903 :
1352 849 1661 921 Loquamur,
1694 850 1819 902 elia-

248 937 421 990 rissimi
465 940 668 1007 fratres,
718 939 999 993 scltismatis
1027 956 1227 1005 causas,
1269 944 1387 1011 quia
1414 943 1519 1007 iam
1559 959 1658 993 non
1702 958 1821 1009 pos-

246 1046 408 1083 sumus
455 1039 615 1083 tacere
660 1048 918 1101 personas.
967 1032 1336 1091 Maximianum
1385 1034 1505 1100 ﬁdei
1556 1034 1818 1097 (catulum,

247 1121 454 1174 veri‘atis
482 1122 790 1186 adulterum,
830 1121 1074 1177 Ecclesia:
1102 1125 1275 1178 matris
1305 1125 1582 1188 inimicum,
1615 1124 1815 1186 Datluc,

248 1213 418 1278 Utere,
469 1225 516 1267 et
560 1215 747 1269 Abirou
792 1216 1095 1270 ministrum.
1137 1216 1261 1271 Ilaac
1302 1217 1459 1271 verba
1503 1226 1628 1270 sunt
1656 1215 1819 1284 partis

247 1307 419 1359 Donati
454 1306 507 1359 in
550 1306 983 1371 Maximianistas,
1029 1309 1130 1362 isto
1175 1319 1231 1363 ut
1258 1309 1554 1363 audivimus
1583 1309 1816 1364 dit-tante

246 1396 455 1464 prolata.
485 1396 642 1451 Scitis
672 1409 845 1451 autem
873 1399 959 1467 qui
989 1399 1094 1452 sint
1132 1400 1355 1465 Datlian,
1385 1398 1577 1457 Chorc.
1603 1409 1656 1452 ct
1685 1400 1813 1452 Abi-

245 1504 352 1541 ron.
405 1487 507 1558 Ipsi
564 1491 732 1558 primo
790 1490 1019 1544 schisma
1081 1492 1345 1554 fecerunt,
1413 1491 1607 1561 quibus
1658 1508 1819 1560 ptem

243 1581 424 1634 usitata
484 1597 588 1636 non
644 1586 872 1646 suffecit,
928 1584 1074 1635 vivos
1127 1595 1309 1652 aperta
1352 1594 1490 1639 terra
1544 1584 1814 1637 devoravit

244 1669 418 1739 (Num.
453 1688 562 1738 XVI,
595 1672 708 1740 5'2).
754 1672 955 1738 Dutltte,
1000 1674 1227 1729 Cltoreet
1267 1675 1455 1728 Abiron
1506 1678 1810 1740 ministrant,

240 1760 392 1814 verba
433 1761 597 1830 ipsius
643 1771 765 1815 sunt
803 1762 865 1815 de
909 1764 1050 1833 pacis
1090 1767 1276 1833 gremio
1318 1766 1577 1819 sententice
1622 1767 1811 1836 fulmen

237 1854 463 1905 excussit.
497 1853 687 1909 Audite
729 1855 921 1908 adhuc.
963 1853 1028 1908 Et
1065 1856 1200 1925 quod
1240 1858 1406 1911 adhuc
1444 1875 1574 1921 eum,
1620 1859 1808 1928 inquit,

237 1943 487 1997 dehiscens
528 1954 665 1998 terra
689 1962 789 1998 non
818 1946 1093 2013 ub..0rbuit,
1142 1950 1209 2001 ad
1252 1952 1414 2018 majus
1433 1950 1687 2018 judicium
1710 1954 1809 2003 ‘su-

232 2034 361 2095 peris
406 2038 688 2090 reservavit.
731 2037 931 2108 Raptus
972 2041 1105 2094 enim
1149 2059 1346 2110 panum
1390 2044 1471 2097 sui
1511 2044 1809 2113 compendio

233 2123 505 2180 [iteraverat
554 2129 767 2198 funeris,
820 2146 999 2186 usuras
1040 2149 1173 2187 nunc
1221 2135 1463 2204 gravioris
1505 2136 1694 2206 colligit
1733 2140 1806 2209 [e-

232 2216 380 2281 noris,
428 2235 542 2271 cum
581 2230 804 2275 mortuus
846 2223 1049 2279 interest
1087 2226 1226 2279 vivis.
1273 2226 1443 2283 Verba
1481 2240 1603 2283 Sunt
1644 2230 1807 2299 ipsius

232 2307 604 2364 Maximianum
631 2314 953 2379 damnantis,
983 2319 1066 2371 vel
1098 2320 1292 2388 potius,
1327 2331 1382 2373 ut
1409 2323 1525 2389 ipse
1550 2322 1697 2382 dicit.
1722 2339 1808 2376 ore

228 2400 463 2468 veridica,
496 2404 844 2463 fulminantis.
876 2409 938 2461 Et
970 2419 1145 2462 tamen
1184 2411 1392 2466 collecti
1419 2423 1542 2467 sunt
1571 2415 1803 2482 aspidas,

227 2490 444 2560 vipera»,
479 2497 789 2562 parricidm;
838 2514 936 2553 nec
978 2500 1292 2556 exsufﬂatur
1318 2502 1616 2574 Baptismus
1646 2521 1803 2575 quem

223 2582 368 2637 dedit
402 2586 568 2654 aspis,
598 2588 795 2656 vipera,
826 2591 1108 2659 parricida.
1152 2594 1389 2649 Audistis
1412 2604 1640 2664 quantus
1671 2598 1805 2669 ignis

224 2676 484 2729 exarserit
527 2679 863 2748 eloquentiae,
911 2684 1122 2751 quando
1177 2686 1375 2739 invenit
1431 2687 1609 2743 fenum
1661 2692 1803 2760 quod

225 2777 400 2831 posset
433 2766 732 2825 incendere.
780 2771 966 2827 Frater
998 2775 1254 2838 Emerita.
1298 2780 1578 2847 amplexus
1607 2798 1663 2836 es
1694 2783 1802 2836 fra-

226 2861 354 2908 trem
390 2869 534 2911 tuam
575 2861 922 2929 Felicionem,
967 2866 1037 2919 tui
1084 2868 1193 2921 oris
1220 2868 1436 2923 fulmine
1479 2874 1802 2929 condemna-

224 2955 326 3000 tum
358 2966 373 3001 :
401 2965 628 3022 agnosce
669 2952 888 3011 fratrem
925 2967 1069 3012 tuum
1121 2960 1446 3028 Denterium,
1501 2964 1592 3018 tibi
1640 2967 1798 3020 etiam

220 3053 414 3107 genere
435 3044 710 3100 sociatum.
1314 3122 1315 3125 η

286 3134 374 3188 Η.
418 3134 902 3208 Quotiescumque,
956 3140 1146 3196 fratres
1202 3144 1327 3207 mei,
1380 3160 1591 3199 causam
1644 3146 1797 3202 istam

218 3218 742 3292 Maximianistarum,
783 3243 941 3298 quam
982 3232 1122 3285 sicut
1170 3233 1313 3301 potui
1360 3235 1508 3289 vobis
1555 3239 1796 3305 exposui,

217 3314 292 3367 eis
310 3328 434 3368 cum
466 3316 518 3369 in
543 3314 837 3374 Collatione
863 3334 1162 3391 ageremus,
1190 3323 1502 3393 objccimus,
1529 3326 1643 3394 plus
1678 3328 1799 3383 inde

218 3406 395 3471 taenit,
424 3422 585 3475 quam
628 3410 786 3463 modo
812 3411 865 3464 in
894 3413 1140 3467 onmibus
1180 3424 1335 3469 tacet.
1380 3416 1492 3471 Non
1538 3434 1597 3472 se
1623 3421 1801 3472 oceu'—

217 3505 323 3549 teut
350 3498 803 3567 tergiversatoria,
830 3517 933 3555 non
955 3502 1285 3570 defensioue,
1311 3506 1403 3560 sed
1435 3506 1575 3576 fuga.
1609 3509 1799 3563 Dicunt

215 3589 349 3643 enim
382 3589 527 3659 quod
553 3590 860 3646 dilationem
903 3594 1011 3648 illis
1036 3594 1302 3660 dederint,
1340 3607 1394 3653 et
1423 3599 1557 3652 intra
1588 3599 1797 3653 dilatio-

215 3688 330 3733 nem
358 3681 481 3734 illos
514 3696 640 3735 suos
678 3685 1035 3753 susceperint.
1082 3684 1195 3742 Hoc
1228 3688 1415 3742 falsum
1455 3699 1556 3745 est.
1589 3692 1795 3747 Duode-

214 3769 310 3823 cim
341 3772 486 3825 enim
527 3786 648 3827 cum
688 3773 1005 3829 Maximiano
1034 3776 1268 3831 damnati
1300 3789 1423 3831 sunt
1446 3795 1460 3843 ;
1487 3783 1666 3834 ceteri
1697 3797 1791 3835 au-

215 3867 316 3914 tem
348 3877 455 3916 non
494 3863 714 3917 aderant
751 3865 1071 3920 ordinationi
1108 3867 1241 3935 ejus,
1272 3868 1483 3937 quando
1509 3871 1556 3922 ei
1598 3886 1807 3924 manus.

215 3951 454 4021 imposita
494 3964 576 4010 est
604 3974 617 4009 :
649 3955 753 4010 illis
790 3956 1097 4013 dilationem
1141 3959 1421 4017 dederunt.
1465 3959 1596 4016 Nam
1636 3963 1793 4018 verba

214 4042 372 4111 ipsius
415 4048 513 4099 ista
546 4057 686 4101 sunt.
721 4048 830 4102 Nec
869 4053 1033 4105 solum
1072 4052 1227 4117 nunc,
1270 4052 1457 4123 inquit,
1489 4056 1688 4110 sceleris
1717 4058 1795 4110 sui

211 4150 341 4191 mors
355 4139 504 4209 justa
532 4141 831 4195 condenmat
852 4157 872 4206 ;
893 4144 1045 4197 trahit
1081 4146 1228 4198 etiam
1258 4146 1327 4199 ad
1353 4149 1657 4202 consortium
1692 4151 1793 4203 cri-

212 4228 355 4282 minis
378 4232 626 4299 plurimos
651 4244 824 4287 catena
851 4237 1122 4306 sacrilegii,
1150 4237 1210 4290 de
1230 4239 1407 4307 quibus
1435 4241 1676 4311 scriptum
1698 4252 1791 4307 est,

217 4337 234 4368 ι
275 4317 534 4376 Venenum
565 4318 797 4392 aspidem
824 4328 914 4379 sub
942 4328 1087 4381 labiis
1112 4345 1305 4396 eorum,
1339 4347 1552 4401 quorum
1592 4351 1646 4389 os
1685 4352 1792 4387 ma-

212 4411 475 4465 ledictione
509 4423 553 4466 et
584 4417 921 4473 amaritudine
940 4418 1144 4489 plenum
1174 4431 1283 4485 est;
1316 4425 1501 4477 veloces
1533 4425 1682 4495 pedes
1702 4443 1790 4480 co-

214 4519 316 4555 rum
343 4505 412 4558 ad
441 4503 805 4571 e/fundendum
832 4512 1144 4581 sanguinem.
1173 4513 1418 4568 Contritio
1449 4528 1494 4567 et
1520 4517 1791 4589 infelicitas

211 4592 262 4645 in
286 4594 375 4648 riis
404 4612 601 4661 eorum,
651 4606 693 4650 et
723 4600 853 4652 viam
880 4602 1017 4669 pacis
1058 4619 1156 4655 non
1182 4615 1518 4675 cognoverunt
1544 4622 1561 4659 .'
1595 4624 1694 4661 non
1719 4620 1789 4662 est

212 4684 355 4737 timor
395 4685 493 4739 Dei
518 4698 635 4739 ante
679 4690 850 4743 oculos
889 4707 1060 4743 eorum
1090 4710 1109 4743 ι
1146 4689 1315 4761 (Ρδαί.
1341 4709 1447 4759 χιιι,
1484 4694 1560 4765 5).
1605 4695 1786 4751 Nolle—

211 4790 315 4827 uuts
334 4777 537 4847 quidem
560 4788 797 4847 tanquam
820 4781 1012 4851 preprii
1029 4783 1255 4851 corporis
1274 4799 1442 4836 secare
1456 4784 1752 4849 juncturam
1772 4802 1791 4840 :

209 4867 290 4917 sed
316 4868 557 4936 quoniam
591 4870 882 4923 tabescentis
922 4872 1138 4927 vulneris
1169 4874 1378 4942 putredo
1406 4876 1643 4945 pestifera
1674 4879 1789 4945 plus

210 4957 349 5010 liabet
383 4958 437 5011 in
480 4959 757 5015 abscisione
786 4961 1063 5028 salaminis,
1094 4980 1244 5033 quam
1269 4966 1320 5019 in
1356 4967 1647 5020 remissione
1684 4985 1787 5022 me-

208 5047 511 5114 dicaminis;
542 5052 739 5105 inventa
784 5063 855 5106 est
892 5070 1043 5107 causa
1080 5057 1348 5122 salubrior,
1391 5074 1451 5111 ne
1481 5075 1569 5127 per
1608 5070 1786 5113 cuncta

208 5143 427 5196 membra
451 5148 685 5212 pestilens
704 5150 940 5218 irreperet
963 5150 1117 5214 virus,
1157 5160 1210 5203 ut
1233 5152 1584 5219 compendiosa
1614 5153 1787 5208 dolore

209 5244 377 5287 natum
406 5224 607 5291 decidat
630 5241 827 5293 vulnus.
854 5239 1064 5293 Famosi
1088 5258 1204 5312 ergo
1225 5244 1445 5297 criminis
1472 5260 1583 5298 reos
1612 5262 1630 5299 :
1658 5261 1795 5301 cecc.

210 5332 1154 5362 nm:

1589 264 1594 269 ’
1659 275 1858 331 LIBER
1904 274 2099 335 UNUS.

2131 5344 2149 5353 ο
2170 5338 2614 5351 -ι-..ο-ΑΜ“·’-·-““
2650 5339 2930 5353 ιστζ-κῖσκ--ιιν
2890 5352 2893 5353 ,
2938 5339 3053 5353 ~,:;~
3068 5340 3190 5353 2—,
3142 5352 3149 5353 κ
3180 5350 3190 5353 ,

1792 5345 2123 5353 -..-.--ν.--τη

3416 298 3525 363 706,

1939 393 2173 448 nominat
2198 396 2497 467 duodecim,
2525 402 2661 459 inter
2685 422 2815 476 quos
2843 419 2892 463 et
2938 405 3251 462 Felicianum
3282 420 3338 466 et
3370 413 3513 464 [δι’-ιι.

1937 492 2213 554 textatum,
2232 493 2340 546 ~scd
2386 495 2598 551 nomina
2628 500 2859 555 onmintn
2905 500 3034 559 inibi
3063 518 3167 556 non
3194 516 3509 569 occurrunt;

1933 584 1988 629 et
2023 575 2182 633 infert
2210 580 2288 635 sic
2320 599 2333 634 :
2364 583 2453 654 qui
2486 586 2684 654 funesto
2731 602 2881 659 opere
2919 593 3214 655 perditionis
3246 611 3331 648 vas
3358 599 3511 649 sordi-

1932 665 2049 717 dum
2072 669 2280 724 collecta
2300 675 2587 743 fa’culentia
2612 680 2958 747 glutinarunt;
2988 683 3080 735 sed
3105 694 3150 736 et
3186 686 3390 737 clericos
3418 690 3513 739 uli-

1928 758 2129 826 quando
2180 761 2416 817 Ecclesia:
2445 767 2784 839 Carthaginis,
2820 773 2906 840 qui
2945 771 3063 825 dum
3103 774 3321 843 facinori
3349 777 3505 830 inter-

1928 858 2081 913 sunt,
2138 851 2317 905 illicito
2369 855 2578 911 incestui
2634 860 2952 928 prtt'buerunt
3015 863 3354 926 lenocinium;
3418 866 3512 919 Del

1928 943 2240 1010 pra'sidentis
2284 947 2511 1014 arbitrio,
2563 951 2857 1007 universalis
2911 956 3108 1008 concilii
3163 973 3250 1010 ore
3297 958 3510 1011 veridico

1926 1032 2191 1089 damnatos
2215 1053 2320 1092 esse
2337 1042 2639 1109 cognoscite.
2670 1041 2770 1097 Eos
2796 1055 2959 1097 autem
2982 1063 3103 1111 quos
3126 1050 3365 1119 sacrilegi
3389 1067 3508 1105 sur-

1924 1127 2025 1178 culi
2051 1143 2149 1180 non
2179 1130 2407 1196 polluere
2435 1132 2709 1199 plantaria,
2740 1138 2834 1189 ltoc
2875 1149 2967 1201 est,
3002 1140 3085 1203 qui
3127 1156 3156 1191 a
3200 1139 3509 1195 Maximiani

1922 1217 2085 1287 capite
2110 1221 2342 1289 proprias
2388 1239 2566 1278 manus
2595 1227 2873 1279 verecundo
2898 1229 3018 1297 [ξάρὶ
3057 1232 3248 1297 pudore
3279 1242 3506 1285 retraxe-

1921 1319 2059 1371 runt,
2095 1310 2163 1362 ad
2203 1319 2410 1364 matrem
2439 1311 2716 1368 Ecclesiam
2744 1318 2906 1370 redire
2930 1320 3244 1389 permisimus
3262 1321 3359 1393 (a).
3398 1321 3504 1372 Yo-

1922 1390 2098 1452 lcbant
2145 1402 2412 1468 pumicare
2459 1403 2643 1460 faciem
2675 1423 2845 1472 suam,
2891 1411 3012 1479 quia
3056 1412 3328 1481 sacrilegis
3359 1414 3504 1479 igno-

1919 1488 2155 1550 scebaot,
2181 1502 2233 1544 et
2257 1502 2438 1561 aperte
2464 1495 2821 1552 Schismaticis
2850 1500 2985 1553 viam
3024 1502 3278 1555 redeundi
3307 1519 3503 1557 conce-

1918 1577 2132 1632 debant.
2167 1582 2299 1648 Quid
2348 1594 2427 1637 est
2474 1583 2606 1640 hoc?
2654 1588 2821 1657 Rogo,
2875 1591 3034 1645 modo
3077 1591 3203 1645 mihi
3253 1592 3503 1665 dignetur

1917 1684 2206 1738 exponere,
2258 1675 2526 1744 quomodo
2566 1692 2662 1732 eos
2703 1680 2945 1750 sacrilegi
2997 1683 3192 1735 surculi
3243 1701 3347 1737 non
3398 1687 3502 1753 pol-

1918 1759 2064 1816 luere
2103 1763 2384 1832 plantaria.
2418 1767 2592 1831 Quarc
2616 1769 2719 1823 illis
2744 1770 3052 1827 dilationem
3081 1773 3194 1837 das,
3226 1776 3267 1828 si
3302 1777 3499 1829 nullam

1918 1861 2121 1918 partem
2145 1853 2193 1906 in
2223 1854 2523 1910 Maximiani
2551 1858 2838 1914 schismate
2866 1862 3065 1916 habere
3098 1868 3419 1929 potuerunt?
3444 1868 3498 1921 Si

1913 1951 2089 1994 autem
2118 1945 2247 1996 Socii
2279 1956 2402 1998 sunt
2429 1946 2693 2014 factionis,
2724 1953 2967 2019 quamvis
2996 1968 3098 2006 non
3131 1955 3322 2007 fuerint
3361 1973 3499 2023 pra:-

1913 2043 2097 2088 sentes
2122 2036 2441 2092 erdinationi
2465 2056 2478 2103 ;
2505 2043 2771 2109 quomodo
2794 2044 2910 2097 illos
2937 2059 3041 2097 non
3065 2046 3304 2114 inquinat
3331 2048 3501 2103 Mosi-

1913 2125 2140 2192 mianus,
2173 2137 2225 2182 et
2256 2137 2423 2183 totum
2461 2134 2642 2185 urbem
2678 2144 2937 2189 terrarum
2982 2139 3147 2193 semel
3177 2141 3372 2192 absens
3404 2141 3497 2194 duo

1912 2227 2150 2281 innatus,
2202 2222 2415 2274 tertium
2451 2239 2687 2292 prteseus
2736 2226 3013 2281 absolutus
3054 2229 3295 2297 inquinat
3336 2229 3499 2285 Carci-

1910 2306 2122 2360 lianus?
2148 2308 2260 2362 Non
2303 2311 2541 2377 inquinat
2584 2314 2710 2367 Afer
2747 2313 2925 2379 Afros,
2957 2317 3109 2371 vivus
3137 2319 3306 2381 vivns,
3338 2330 3496 2375 notus

1910 2406 2085 2463 notos,
2118 2400 2384 2470 particeps
2404 2404 2611 2468 socios;
2639 2413 2691 2458 ct
2720 2403 3032 2461 ϐωοὶιίίιιιυε
3054 2408 3292 2477 inquinat
3320 2421 3497 2466 trans-

1908 2492 2165 2557 marinos,
2215 2493 2450 2563 inquinat
2500 2497 2654 2566 longe
2705 2499 2924 2566 positos,
2969 2500 3209 2569 inquinat
3254 2518 3360 2557 non
3397 2504 3493 2558 da-

1908 2583 2156 2636 mnatos?
2202 2583 2396 2639 Tecum
2427 2586 2564 2641 sedit
2598 2603 2630 2640 a
2673 2598 2724 2642 te
2752 2589 3053 2657 dinotatas,
3097 2603 3151 2649 et
3178 2610 3281 2648 non
3322 2604 3375 2650 te
3402 2597 3487 2651 in-
3508 2626 3531 2637 ι

1906 2675 2089 2744 quinat
2145 2676 2485 2733 Felicianus?
2539 2680 2649 2750 Ego
2698 2681 2847 2736 illum
2892 2700 2996 2737 non
3050 2687 3176 2752 vidi,
3226 2697 3279 2741 tu
3329 2689 3489 2743 istum

1907 2769 2043 2820 nosti
2076 2786 2088 2820 :
2119 2784 2217 2838 ego
2247 2769 2394 2823 illum
2439 2771 2771 2826 innocentem
2799 2776 2980 2838 credo,
3015 2786 3069 2830 tu
3097 2779 3252 2831 istum
3294 2796 3491 2835 noceo-

1907 2865 2011 2910 tem
2039 2857 2319 2912 damnasti.
2356 2862 2459 2913 Aut
2502 2862 2544 2914 si
2589 2862 2770 2916 fateris
2811 2863 3105 2920 innocentis
3138 2879 3185 2922 te
3215 2870 3377 2925 fuisse
3406 2887 3489 2925 rc—

1904 2959 2201 3021 ceptorem,
2246 2953 2428 3006 fateris
2471 2962 2522 3007 te
2572 2955 2865 3009 innocentis
2896 2958 3057 3013 fuisse
3098 2959 3485 3017 danmatorem.

1983 3046 2065 3099 12.
2113 3046 2179 3099 Et
2211 3055 2408 3108 tamen,
2438 3050 2625 3100 lmtres
2654 3050 2781 3113 mei,
2811 3065 2915 3103 non
2948 3051 3241 3107 invidemus
3267 3069 3489 3108 concor-

1903 3135 2004 3189 diae
2042 3136 2313 3205 ipsorum:
2341 3137 2477 3190 inter
2505 3152 2564 3191 se
2602 3139 2852 3192 suscitata
2894 3140 3011 3193 odia
3038 3142 3300 3197 diabolica
3342 3144 3490 3199 finie-

1905 3236 2060 3291 runt;
2092 3226 2357 3295 quomodo
2395 3236 2597 3296 putant,
2634 3229 2683 3281 in
2714 3244 2894 3299 pacem
2930 3232 3219 3287 redierunt.
3256 3236 3357 3291 Sed
3387 3237 3487 3292 hoc

1903 3315 2022 3370 dico
2051 3335 2064 3370 :
2091 3317 2134 3369 si
2177 3332 2356 3371 ramus
2388 3317 2585 3372 fractus
2624 3320 2866 3388 qumsivit
2890 3322 3171 3392 virgultum
3210 3340 3241 3379 a
3280 3340 3340 3381 se
3379 3326 3487 3381 fra—

1904 3417 2081 3474 ctum;
2129 3425 2231 3475 qua
2262 3409 2531 3479 diligentia
2564 3411 2723 3466 debet
2763 3414 2923 3468 arbor
2961 3416 3070 3485 ipsa
3118 3434 3360 3486 qnmrere
3402 3436 3488 3474 ra—

1903 3515 2049 3553 mum
2075 3515 2141 3553 ex
2171 3515 2231 3554 se
2261 3500 2519 3554 fractum?
2553 3503 2675 3555 Ideo
2712 3504 2984 3566 sudantes.
3019 3506 3136 3561 ideo
3164 3508 3486 3573 laboramus,

1903 3590 2021 3643 ideo
2050 3589 2189 3644 inter
2226 3606 2411 3645 eorum
2439 3608 2586 3646 arma
2625 3602 2681 3646 et
2706 3605 2956 3648 cruentas
2982 3597 3141 3652 furias
3164 3596 3490 3654 Circumeu-

1900 3680 2100 3734 lionmn
2132 3682 2410 3748 periclitati
2457 3696 2662 3743 sumus,
2702 3692 2755 3737 ct
2796 3683 2972 3739 adhuc
3015 3686 3269 3755 reliquias
3296 3703 3485 3743 eorum

1901 3771 2273 3840 qualicumque
2299 3770 2491 3822 donata
2532 3786 2560 3821 a
2593 3772 2699 3823 lteo
2728 3774 2980 3841 patientia
3023 3776 3329 3841 toleramus,
3359 3778 3484 3832 dum

1900 3860 2059 3912 arbor
2092 3857 2282 3927 qumrit
2311 3873 2538 3924 ramum,
2557 3859 2681 3911 dum
2706 3876 2833 3927 grex
2861 3876 2925 3914 ex
2955 3862 3079 3917 ovili
3106 3862 3304 3917 Christi
3323 3880 3482 3920 ovem

1903 3950 2160 4019 perditam
2205 3950 2415 4020 quarrit.
2465 3948 2520 4004 Si
2562 3952 2914 4019 pastoralibus
2944 3954 3236 4010 visceribus
3280 3958 3482 4025 praediti

1899 4056 2105 4105 suunis,
2138 4055 2235 4110 per
2258 4055 2414 4110 sepes
2451 4051 2504 4095 et
2532 4042 2712 4110 Spinas
2752 4057 2851 4096 nos
2886 4053 3163 4099 coarctare
3203 4045 3480 4103 debemus.

1900 4131 2150 4186 Membris
2190 4131 2437 4187 laceratis
2473 4148 2625 4186 ovem
2657 4148 2980 4202 quaeramus,
3023 4146 3075 4189 et
3107 4138 3306 4205 pastori
3338 4140 3484 4208 prin-

1898 4225 2110 4293 cipique
2159 4224 2395 4278 omnium
2445 4240 2564 4279 cum
2614 4225 2794 4279 la'titia
2843 4237 3171 4295 reperiemus
3213 4227 3361 4298 (Luc.
3392 4247 3480 4294 xv,

1900 4316 2040 4382 4-6).
2081 4314 2238 4368 Multa
2281 4315 2511 4370 diximus
2552 4316 2710 4369 etiam
2751 4316 2975 4386 fatigati,
3017 4326 3073 4373 et
3114 4328 3290 4374 tamen
3319 4320 3482 4377 frater

1898 4416 2099 4470 noster,
2140 4416 2358 4475 propter
2384 4420 2541 4473 quem
2569 4405 2667 4459 ista
2694 4407 2923 4462 dicimus
2951 4410 3121 4474 vobis,
3149 4418 3203 4462 et
3230 4410 3316 4464 cui
3342 4412 3483 4479 pari-

1899 4508 1977 4553 ter
2001 4497 2246 4560 dicimus,
2277 4507 2329 4552 et
2355 4512 2451 4565 pro
2478 4512 2583 4565 quo
2608 4508 2749 4550 tanta
2777 4499 3210 4566 aginmsradhuc
3237 4504 3480 4571 pertinax

1896 4589 2163 4645 consistit.
2209 4588 2554 4643 Constantcm
2602 4602 2661 4641 se
2710 4598 2855 4656 putat
2915 4590 3166 4643 fortitudo
3220 4591 3474 4646 crudelis.

1895 4679 2010 4735 Non
2041 4680 2214 4733 adhuc
2241 4677 2308 4733 de
2336 4694 2466 4731 vana
2489 4688 2540 4732 et
2569 4677 2696 4733 falsa
2730 4679 3034 4735 fortitudine
3060 4681 3337 4750 glorietur.
3368 4684 3475 4737 Au-

1894 4774 2002 4827 diat
2034 4771 2344 4841 Apostolum
2386 4770 2674 4835 dicentem,
2726 4768 2897 4823 Virtus
2937 4771 2989 4824 in
3035 4772 3332 4839 infirmitate
3360 4791 3478 4842 per-

1895 4866 2063 4934 ﬁcitur
2090 4863 2132 4935 (l
2164 4863 2281 4918 Cor.
2319 4879 2412 4927 χιι,
2443 4861 2521 4931 9).
2552 4862 2777 4917 Oremus
2807 4877 2904 4931 pro
2946 4861 3057 4916 illo.
3092 4861 3241 4918 Unde
3279 4866 3480 4918 scimus

1894 4956 2017 5025 quid
2061 4956 2188 5009 velit
2216 4953 2397 5008 Deus?
2440 4953 2620 5007 Multa:
2661 4954 3006 5023 cogitationes,
3053 4954 3186 5009 sicut
3224 4956 3477 5024 scriptum

1893 5055 1993 5109 cst,
2034 5048 2085 5100 in
2124 5046 2273 5099 corde
2296 5044 2427 5107 viri;
2458 5044 2725 5098 consiliator
2766 5055 2932 5099 autem
2970 5043 3174 5099 Domini
3216 5056 3379 5100 manet
3422 5048 3475 5100 in

1891 5152 2131 5195 (etet-num
2159 5137 2340 5208 (Prov.
2377 5152 2487 5201 ιικ,
2520 5137 2635 5206 21).

1953 5254 2024 5315 (a)
2046 5254 2160 5302 vide
2196 5251 2278 5300 lib.
2301 5250 2328 5299 ~l
2351 5259 2515 5300 contra
2537 5258 2782 5307 crescam,
2807 5263 2888 5297 nn.
2912 5248 3023 5308 μ,
3043 5250 3089 5307 5,
3114 5250 3192 5298 38.

1150 5383 2514 5488 ansasﬁas'tﬁ’axmaimi

296 5496 451 5559 Vide
505 5498 614 5559 lib.
650 5499 712 5572 2,
748 5498 1010 5572 0071.59.
1048 5499 1617 5571 Retractatienum,
1642 5510 1786 5561 tem.
1820 5502 1879 5575 1,
1942 5499 2060 5561 col.
2107 5497 2248 5573 655,
2299 5517 2337 5557 a
2392 5494 2615 5570 verbis,
2674 5497 2796 5557 Per
2845 5495 3008 5556 idem
3051 5503 3302 5572 tempus
3354 5492 3471 5573 (a),

234 5594 428 5657 usque
459 5577 539 5637 ad
563 5579 767 5645 verba.
801 5579 1352 5657 Thamugadcnsis
1384 5582 1746 5657 episcopus.

2032 5579 2118 5638 M.

264 5651 423 5730 illi.“
463 5666 554 5714 εει,
580 5658 773 5729 circiter
808 5670 984 5729 annum
1020 5651 1188 5729 (inrisu
1228 5656 1333 5730 430;
1357 5651 1468 5730 pain
1491 5651 1663 5730 adhoc
1700 5659 2036 5730 feretemtsus.
2064 5656 2659 5730 pertinentqui-troxime
2677 5653 3046 5730 aute‘recensiti
3059 5651 3470 5730 iit-ligfllctlﬂ-ttf

203 5713 330 5768 suae
353 5717 481 5775 libri,
506 5726 571 5769 De
597 5720 756 5768 anima
783 5728 833 5768 et
858 5719 963 5781 ejus
984 5721 1199 5783 origine,
1223 5726 1289 5767 De
1311 5718 1596 5783 adulterinis
1613 5721 1862 5783 conjugiis,
1888 5713 2566 5778 (:oiiuu'adversaritimt'cgis
2592 5725 2643 5765 et
2676 5716 3033 5778 Pmpbctarum.
3059 5713 3258 5765 Dulcitio
3282 5713 3473 5765 tribuno

207 5789 379 5829 eadem
404 5782 652 5830 occasione
674 5783 852 5842 scripta
878 5780 954 5833 est
975 5781 1177 5841 epistola
1201 5793 1325 5828 nunc
1349 5780 1454 5830 '10s.
