4024 6196
963 408 1104 519 s.
1180 389 1939 514 cunnus:
2011 276 3053 499 aucu'rv
3511 271 3545 463 .

1534 575 2049 649 HIPPONENSIS
2086 544 2438 636 suscepi

667 720 1639 898 CONTRA
1752 706 3335 875 GAUDENTIUM

1181 970 2111 1105 DONATISTARUM
2154 957 2825 1053 EPISCOPUM

1722 1142 1990 1235 arieti
2044 1141 2194 1233 bne
2229 1142 2336 1227 καί.

1808 1330 2212 1366 W-

1396 1454 1658 1564 LIB
1669 1447 1870 1556 ER
1954 1442 2591 1550 PBLMU'S.

1277 1650 1328 1692 In
1349 1654 1446 1706 quo
1464 1635 1714 1688 Gandentii
1736 1631 1846 1680 (itte
1862 1628 1923 1678 ad
1942 1624 2197 1675 Dulcitium
2220 1627 2440 1689 spem
2456 1628 2745 1680 ceruum”,

1837 1764 2203 1823 reme:

459 1912 683 1971 CAPUT
722 1906 1004 1966 Ριιιιιωι.
1028 1935 1100 1946 -
1126 1903 1181 1957 i.
1213 1896 1540 1956 Gaudentius
1568 1890 1965 1948 Donatistarum

393 2002 851 2074 Tltamngadensis
887 1998 1167 2069 episcopus
1186 2034 1203 2059 ,
1232 2005 1354 2046 cum
1382 2004 1441 2042 se
1470 1987 1641 2055 ipsum
1671 1983 1722 2035 in
1748 1978 1973 2036 ecclesia

395 2070 710 2169 quibusdam
753 2092 852 2147 sibi
882 2086 1148 2157 adiunctis
1170 2081 1392 2153 perditis
1432 2074 1716 2132 incendere
1747 2070 1979 2124 minare-

399 2157 522 2254 tur;
550 2187 665 2241 viro
708 2181 982 2253 spectabili
1020 2176 1234 2232 tribuno
1276 2181 1331 2227 et
1370 2167 1578 2223 notario
1610 2162 1867 2224 Dulcitio,
1893 2157 1977 2212 cui

398 2276 976 2352 piissimuslmperator
987 2270 1138 2339 leges
1163 2279 1286 2321 suas
1315 2258 1680 2329 exsequendas
1701 2267 1828 2307 cura
1860 2264 1981 2318 pcr-

399 2345 639 2429 ilciendac
663 2366 879 2423 unitatis
904 2360 1155 2433 iniunxit,
1184 2355 1386 2427 agenti,
1417 2360 1475 2406 ut
1500 2345 1817 2418 Oportebat,
1846 2356 1968 2393 cum

403 2463 706 2519 furentibus
731 2431 1030 2518 mansuete,
1074 2459 1129 2505 et
1154 2449 1301 2519 prius
1326 2444 1393 2501 ad
1446 2437 1692 2497 eumdem
1733 2431 1983 2489 Gauden-

411 2552 773 2607 tium-litteras
796 2544 1045 2617 paciﬁcus
1064 2539 1234 2601 danti,
1249 2536 1380 2591 duas
1397 2529 1672 2598 rescripsit
1694 2522 1945 2594 epistolas
1967 2539 1983 2575 :

413 2661 569 2700 snam
602 2612 896 2696 breviorem
919 2677 935 2701 ,
966 2643 1020 2689 et
1049 2628 1412 2702 perlatoribus
1435 2664 1451 2689 ,
1483 2622 1619 2677 sicut
1648 2617 1841 2673 indicat
1859 2654 1877 2681 ,
1910 2612 1986 2667 fc-

412 2734 732 2791 stinantibns
778 2728 1115 2787 festinatam;
1142 2721 1368 2775 alteram
1402 2712 1739 2784 prolixiorem
1762 2748 1775 2770 ,
1806 2704 1858 2758 in
1887 2718 1988 2772 qua

415 2824 707 2881 secundum
734 2821 1035 2891 Scripturas
1062 2829 1119 2868 se
1144 2807 1483 2880 respondisse
1522 2798 1821 2870 diligentius
1846 2794 1992 2848 arbi-

418 2929 606 2974 tratur.
639 2916 713 2970 ita
741 2885 870 2982 ergo
892 2908 1088 2978 scripta
1116 2905 1232 2975 ejus
1258 2898 1550 2970 opitulante
1590 2890 1814 2948 Domino
1844 2885 1995 2940 insti-

421 3012 492 3065 tui
523 3010 751 3063 relutarc
773 3046 788 3068 ,
835 3012 893 3056 ut
919 3001 1078 3055 etiam
1101 2973 1190 3065 qui
1216 3000 1341 3047 sunt
1365 2986 1577 3056 ingenio
1602 2981 1861 3036 tardiores
1883 3016 1899 3041 ,
1926 2973 1992 3027 ad

422 3100 599 3157 omnia
628 3112 715 3153 me
739 3091 1081 3162 respondisse
1097 3102 1200 3142 non
1225 3083 1487 3139 dubitent.
1515 3076 1645 3131 Nam
1671 3073 1815 3142 prius
1836 3068 1995 3123 verba

424 3190 537 3263 ejus
566 3204 775 3260 ponam,
794 3158 986 3239 deinde
1013 3188 1189 3234 nostra
1215 3172 1530 3243 subiungam
1554 3185 1569 3222 :
1592 3158 1697 3221 non
1717 3163 1793 3218 sic
1813 3174 2000 3230 quem-

424 3253 708 3341 admodum
762 3277 902 3340 feci,
929 3289 1047 3329 cum
1096 3266 1337 3325 Petiliam
1366 3261 1556 3318 litteris
1597 3253 1999 3326 responderem.

428 3377 502 3431 lbi
536 3374 677 3429 enim
711 3369 946 3441 puriora
974 3362 1200 3433 singula,
1230 3354 1443 3427 quando
1473 3352 1632 3407 verba
1660 3347 1826 3417 ipsius
1851 3344 1997 3397 inse-

430 3476 641 3528 runtur,
682 3436 911 3531 positum
948 3467 1062 3520 est,
1104 3452 1384 3507 Petilianus
1428 3445 1602 3499 dixit:
1638 3436 1850 3510 quando
1888 3448 2003 3489 mea

429 3528 752 3615 reddttsunr,
785 3546 1093 3618 Augustinus
1141 3537 1415 3609 respondit.
1463 3532 1619 3589 Unde
1670 3528 1836 3593 mihi,
1887 3534 2006 3580 tnu-

430 3660 589 3718 quasu
620 3614 884 3699 mentitus
900 3632 1110 3697 fuerim,
1143 3627 1491 3686 calumniatus
1513 3631 1597 3678 est
1620 3663 1635 3687 ,
1666 3618 1852 3674 dicens
1876 3614 2009 3685 quod

433 3711 691 3808 nunquam
729 3743 921 3785 mecum
936 3724 1168 3779 cominus
1188 3715 1513 3788 disputaverit
1541 3731 1561 3768 :
1582 3711 1732 3783 quasi
1764 3717 2009 3778 propter-

433 3847 496 3883 ea
544 3799 649 3881 inin
699 3822 893 3879 dixerit
920 3816 1062 3889 quod
1084 3811 1324 3881 scripsit,
1350 3808 1472 3878 quia
1502 3806 1603 3862 hoc
1631 3818 1734 3858 non
1761 3803 1812 3856 in
1839 3799 2012 3854 verbis

434 3922 553 3990 ejus
577 3917 749 3973 audivi
768 3956 785 3981 ,
808 3911 905 3968 sed
934 3913 983 3964 in
1011 3904 1206 3963 litteris
1233 3901 1334 3972 legi
1360 3917 1375 3965 ;
1407 3909 1497 3953 aut
1524 3913 1623 3965 ego
1654 3896 1773 3950 ideo
1802 3907 1906 3946 non
1930 3907 2014 3944 re-

438 4007 741 4081 sponderim
762 4046 776 4070 ,
804 4004 926 4074 quia
961 4016 1067 4054 non
1094 4011 1161 4051 eo
1211 3999 1475 4064 prtesentc
1512 3990 1714 4041 locutus
1739 3998 1856 4038 sum
1878 4023 1893 4046 ,
1920 3979 2013 4034 scd

442 4071 651 4170 scriptis
689 4098 804 4165 ejus
824 4071 1064 4147 uicissim
1093 4083 1380 4141 scribendo
1400 4077 1671 4149 respondi.
1698 4073 1834 4143 Quid
1861 4071 2018 4125 facia-

446 4164 565 4250 mus
583 4164 887 4245 nominibus
928 4182 1020 4252 qui
1054 4180 1156 4234 tale
1184 4192 1277 4231 cor
1325 4173 1557 4235 habent,
1585 4177 1676 4223 aut
1703 4180 1796 4221 eos
1830 4164 2019 4235 quibus

444 4286 641 4355 scripta
668 4296 765 4335 sua
794 4279 1126 4332 innotescere
1150 4267 1369 4337 cupiunt
1393 4306 1407 4331 ,
1437 4263 1543 4319 tale
1568 4275 1660 4315 cor
1687 4258 1877 4314 habere
1902 4255 2019 4324 opi-

448 4351 677 4431 nantur?
728 4369 835 4426 Sed
890 4364 1048 4420 etiam
1102 4359 1293 4414 talibus
1335 4356 1415 4410 sic
1462 4351 1847 4409 satisfaciamus
1898 4363 1911 4399 :
1970 4353 2023 4397 in

448 4465 664 4539 quando
692 4461 939 4533 ponimus
962 4453 1123 4509 verba
1152 4444 1453 4510 Gaudentii,
1481 4458 1587 4499 non
1605 4441 1862 4504 dicamus,
1882 4434 2026 4491 (Iun-

455 4532 651 4614 domins
674 4553 836 4618 dixit;
861 4548 973 4615 sed,
1008 4544 1167 4601 Verba
1190 4540 1436 4612 Epistolis
1457 4553 1475 4591 :
1500 4547 1554 4591 et
1573 4532 1782 4605 quando
1808 4546 2029 4599 respon-

454 4650 797 4719 demus,nun
820 4617 1064 4696 dicamus
1085 4677 1101 4703 ,
1134 4630 1443 4704 Augustinus
1481 4622 1768 4693 respondit;
1794 4619 1886 4675 sed
1907 4659 1923 4679 ,
1952 4617 2029 4671 Αιι

466 4744 571 4795 tusc
593 4716 873 4808 responsio.
899 4732 986 4787 Sic
1011 4743 1138 4797 ergo
1160 4722 1472 4793 incipiamus
1496 4715 1737 4772 refellere
1752 4709 2029 4767 Gaudentii

457 4830 734 4903 epistolam
764 4828 992 4898 priorem
1021 4835 1086 4876 ac
1110 4816 1430 4873 breviorem.

529 4923 587 4979 3.
616 4891 789 4976 Verba
811 4913 1062 4987 Epistulae
1094 4928 1108 4962 :
1143 4902 1460 4965 Honorabili,
1491 4915 1550 4952 ac
1574 4896 1782 4951 nimium
1807 4892 1968 4955 nobis,
1990 4891 2035 4945 si

465 5019 536 5073 sic
580 5012 826 5073 uolueris,
855 4983 1190 5061 desiderando
1218 4994 1442 5051 Dulcitio
1488 4988 1685 5044 tribuno
1720 4995 1768 5040 et
1818 4983 2033 5045 notario,

470 5106 783 5164 Gciudcntins
809 5099 1095 5169 episcopus.
1127 5089 1207 5145 Ad
1236 5088 1350 5144 haec
1386 5080 1663 5153 responsio
1691 5095 1707 5131 :
1736 5076 1849 5133 Non
1874 5075 2038 5130 debe-

464 5216 591 5255 unus
618 5197 777 5251 etiam
808 5192 910 5246 ista
948 5187 1216 5242 discutere
1235 5222 1252 5247 ,
1276 5192 1343 5234 ne
1369 5171 1752 5247 propemodum
1781 5170 1831 5223 in
1859 5181 2044 5238 snper-

444 5290 594 5347 -Iuis
618 5288 983 5342 immorentur,
1009 5290 1129 5332 cum
1157 5271 1267 5328 sint
1296 5268 1411 5325 loca
1439 5261 1737 5321 necessaria
1761 5299 1778 5326 ,
1806 5274 1923 5330 qua:
1948 5270 2075 5310 nos-

472 5380 742 5453 aliquanto
766 5368 963 5426 diutius
987 5364 1129 5435 loqui
1154 5367 1363 5431 cogant.

547 5442 776 5525 etiam
818 5460 879 5515 ιι.
904 5488 976 5502 -
1003 5458 1057 5513 s.
1091 5452 1263 5510 Verba
1302 5446 1597 5518 Διῑιιιειοιπες
1628 5442 1904 5512 Religionis
1943 5449 2050 5493 tua:

478 5564 666 5631 scripta
695 5554 893 5629 percepi
920 5568 1007 5623 per
1036 5564 1119 5603 eos
1145 5589 1159 5612 ,
1192 5560 1314 5611 quos
1341 5551 1385 5596 et
1407 5540 1623 5595 moribus
1647 5546 1691 5591 et
1716 5536 1939 5591 instimtu
1961 5546 2052 5586 suo

444 5704 447 5705 ν
546 5652 621 5713 (a)
651 5646 814 5711 δαίμ]
837 5645 1027 5695 circiter
1050 5648 1226 5689 annum
1250 5632 1354 5683 420.

2078 1887 2273 1985 cunctis
2306 1889 2484 1985 charos
2530 1906 2636 1944 esse
2678 1892 2998 1961 manifestans
3040 1900 3131 1947 est.
3167 1890 3249 1947 Ad
3284 1890 3401 1946 inec
3426 1906 3652 1963 respuo-

2081 1975 2160 2079 sio
2440 1978 2540 2079 bac
2573 1980 2850 2036 discutiam
2877 1981 3144 2051 quosnodo
3182 1981 3399 2045 dixeris.
3428 1974 3660 2053 Religio-5

2082 2070 2159 2121 nis
2180 2076 2295 2132 tum,
2325 2070 2522 2125 homini
2550 2086 2707 2141 quem
2734 2072 2908 2142 potius
2935 2071 3285 2141 irreligiosum
3314 2081 3488 2141 putas.
3512 2073 3654 2128 Bed-

2082 2160 2260 2215 didisti
2280 2161 2475 2232 quippe
2502 2162 2955 2223 huiioriliceutiam
2974 2206 2991 2227 .
3022 2164 3159 2220 sicut
3188 2163 3515 2220 reddendam
3542 2167 3655 2219 αἱ-

2085 2250 2307 2305 stimasti
2357 2270 2370 2305 :
2420 2253 2542 2322 quia
2602 2254 2688 2309 ille
2738 2264 2790 2310 te
2844 2254 3278 2310 honoriﬁcentius
3321 2256 3564 2309 tractavit
3600 2257 3654 2308 in

2087 2344 2275 2399 litteris
2300 2360 2430 2415 quas
2454 2345 2520 2410 ad
2544 2355 2600 2400 te
2623 2345 2769 2401 dedit
2793 2386 2808 2411 ,
2839 2362 2995 2416 quam
3024 2346 3318 2401 catholicus
3345 2345 3655 2401 lucretich

2088 2434 2287 2498 debuit,
2320 2445 2513 2506 putans
2538 2447 2677 2493 tuam
2700 2446 2933 2495 mentem
2960 2438 3051 2495 tali
3077 2437 3191 2493 tieri
3219 2438 3661 2493 sermocinatione

2090 2528 2403 2582 sanabilem.

2161 2618 2390 2676 CAPUT
2447 2619 2532 2675 ΙΙΙ.
2560 2651 2630 2661 —
2655 2620 2708 2675 6.
2744 2620 2912 2675 Verba
2938 2620 3191 2689 Epistolas
3220 2637 3234 2675 :
3265 2618 3329 2673 In
3347 2619 3523 2690 quibus
3563 2630 3667 2673 tant

2094 2711 2273 2814 multo,
2298 2711 2467 2781 inquit
2487 2754 2500 2776 ,
2525 2729 2557 2765 a
2602 2722 2691 2765 tua
2733 2711 3035 2783 Dignatione
3058 2712 3195 2765 dicta
3216 2720 3369 2776 sunt,
3399 2727 3513 2780 quia
3538 2726 3670 2763 mute

2095 2803 2290 2858 interim
2335 2805 2609 2859 conticesco
2628 2820 2650 2868 ;
2696 2805 2783 2859 sed
2826 2806 3063 2874 quoniam
3100 2803 3287 2874 ingenii
3347 2805 3419 2857 tui
3459 2819 3672 2858 arma

2097 2895 2265 2951 minus
2294 2897 2521 2957 advertit.
2543 2898 2677 2967 quod
2704 2914 2797 2952 nos
2824 2898 2875 2951 in
2899 2896 3075 2952 eodm
3105 2897 3293 2965 scripto
3321 2912 3409 2950 nec
3432 2896 3676 2951 innocen-

2101 2996 2172 3041 tes
2200 2988 2362 3058 ptime,
2382 3004 2470 3041 nec
2492 3005 2599 3042 reos
2624 3003 2843 3042 asserere
2868 2987 3092 3058 potuisti.
3115 2986 3192 3040 Ad
3218 2986 3332 3041 luce
3357 2986 3633 3054 responsio
3654 3004 3674 3042 :

2101 3078 2377 3145 Quomodo
2408 3094 2510 3133 non
2536 3080 2762 3135 asseruit
2781 3094 2902 3135 reos
2922 3121 2937 3147 ,
2960 3093 3094 3148 quos
3116 3077 3256 3134 dixit
3284 3078 3427 3133 male
3447 3092 3675 3146 Oﬁllﬂ'ﬁ-

2102 3170 2294 3241 galos?
2319 3170 2596 3240 Quomodo
2637 3188 2743 3226 non
2786 3172 3014 3227 asseruit
3054 3158 3201 3225 reum
3226 3212 3242 3235 ,
3272 3186 3392 3225 cum
3440 3169 3633 3224 dixerit
3655 3209 3674 3232 ,

2104 3262 2243 3332 quod
2272 3271 2322 3318 te
2349 3262 2483 3318 duce
2509 3264 2823 3319 miserorum
2844 3262 3034 3317 anima:
3061 3260 3286 3315 nefando
3312 3260 3453 3315 exitu
3482 3260 3683 3328 peritu—

2108 3370 2183 3413 ra:
2212 3353 2351 3420 sint;
2374 3353 2632 3421 adjiciens
2670 3360 2723 3408 te
2760 3352 3056 3422 intelligere
3082 3351 3300 3415 debere,
3325 3359 3522 3420 Quanta
3553 3360 3604 3405 te
3624 3362 3686 3403 et

2110 3443 2163 3496 in
2203 3442 2304 3497 hoc
2333 3442 2529 3497 mundo
2565 3442 2791 3509 invidia,
2821 3452 2877 3498 et
2916 3443 2967 3495 in
2998 3443 3086 3496 illo
3127 3442 3316 3497 ultimo
3361 3440 3561 3510 judicio
3584 3442 3686 3495 de-

2111 3533 2342 3599 Speratio
2394 3530 2587 3600 poterit
2648 3530 2948 3586 manere‘?
2992 3528 3268 3597 Quomodo
3313 3543 3418 3583 non
3459 3530 3689 3582 asseruit

2114 3637 2286 3686 reum,
2308 3637 2463 3691 quem
2489 3622 2624 3677 sicut
2647 3623 2817 3692 potuit
2836 3621 3146 3678 exhortatus
3164 3624 3263 3684 est,
3287 3629 3346 3675 ut
3370 3619 3687 3674 ἰιιιιιειιιάιιιιι

2115 3713 2340 3767 aliorum
2385 3721 2599 3767 secutus
2641 3712 2976 3781 exemplum,
3007 3711 3228 3766 dimisso
3268 3724 3449 3765 errore
3495 3709 3691 3779 prioris

2119 3803 2404 3869 brereseos,
2438 3811 2489 3857 te
2512 3803 2577 3856 ad
2608 3817 2763 3856 unam
2803 3813 2857 3857 et
2885 3817 3062 3856 veram
3092 3802 3185 3857 Dei
3221 3799 3461 3855 conferas
3488 3800 3642 3855 fidem
3664 3802 3691 3851 ἲ

2122 3894 2492 3949 Verumtamen
2529 3911 2631 3948 non
2662 3893 2880 3949 Tribuni
2926 3894 3084 3949 verba
3111 3891 3427 3959 defendere,
3456 3892 3553 3946 sed
3582 3892 3692 3945 lia:-

2118 3984 2272 4038 retici
2313 3984 2543 4038 refutare
2580 3983 2930 4053 suscepimus.
2976 3983 3031 4038 Si
3071 3982 3195 4053 quid
3224 3997 3349 4052 ergo
3389 3983 3487 4035 iste
3513 3989 3697 4035 noster

2123 4086 2371 4145 tanquam
2412 4074 2575 4129 laicus
2615 4075 2854 4129 militaris
2886 4074 3019 4129 dixit
3044 4074 3307 4129 incautius
3327 4113 3340 4138 ,
3363 4073 3481 4143 quis
3513 4072 3560 4127 ei
3588 4086 3696 4124 non

2125 4166 2390 4236 ignOscat?
2411 4167 2528 4236 quis
2553 4165 2805 4220 Ecclesiae
2832 4166 3105 4222 catholica:
3132 4166 3201 4220 de
3232 4166 3402 4219 verbis
3422 4166 3539 4234 ejus
3563 4179 3700 4233 prte-

2119 4259 2460 4329 judicnndum
2487 4274 2605 4312 esse
2630 4258 2949 4313 contendat?
2976 4257 3051 4312 Tu
3079 4257 3391 4326 perpensius
3417 4256 3699 4311 considera

2126 4351 2247 4422 quid
2278 4350 2508 4421 loquaris
2538 4391 2553 4416 ,
2582 4366 2737 4420 quem
2766 4365 2885 4421 pars
2914 4350 3097 4403 Donati
3125 4348 3178 4404 in
3208 4358 3383 4402 nostra
3404 4343 3707 4400 Collatinus

2128 4457 2245 4511 qua:
2268 4440 2405 4509 apud
2431 4440 2799 4519 Carthaginem
2827 4439 2961 4493 facta
2983 4449 3084 4504 est,
3112 4454 3203 4495 sex
3227 4438 3343 4492 aliis
3368 4436 3699 4505 adiunctum,

2129 4533 2286 4597 etiam
2313 4531 2642 4586 defensorem
2671 4546 2781 4585 sum
2801 4530 3077 4586 divisionis
3107 4528 3287 4584 edidit.

2200 4624 2425 4681 CAPUT
2465 4623 2551 4678 IV.
2582 4626 2725 4677 —5.
2757 4622 2926 4677 Verba
2964 4622 3257 4691 Epistolas:
3289 4619 3437 4687 Quod
3461 4617 3505 4671 si
3535 4617 3714 4670 crimi-

2136 4735 2304 4785 nosas,
2337 4716 2542 4787 inquit,
2571 4715 2858 4781 existimas,
2883 4712 3125 4786 fugienda
3143 4720 3216 4767 est
3243 4710 3375 4766 vobis
3418 4710 3715 4761 daiimamla

2136 4810 2365 4863 societas.
2390 4806 2468 4861 Ad
2492 4806 2605 4861 hinc
2634 4804 2910 4876 responsio
2931 4821 2945 4858 ;
2977 4801 3140 4857 Plane
3167 4800 3406 4872 fugienda
3428 4809 3511 4854 est
3537 4812 3712 4852 socie-

2143 4910 2219 4955 tas
2236 4898 2662 4961 criminosorum,
2682 4895 2775 4951 sed
2796 4904 2997 4951 nonest
3013 4892 3306 4964 respuenda
3327 4899 3716 4946 correctorum.

2144 4988 2272 5045 illud
2297 5003 2423 5060 ergo
2453 4987 2734 5042 salubriter
2757 4988 2827 5040 ita
2855 4984 3175 5050 devitanius,
3197 4993 3251 5038 ut
3281 4982 3382 5037 hoc
3410 4982 3718 5037 miscricut-

2143 5080 2280 5135 diter
2306 5080 2548 5143 rclimus,
2576 5086 2817 5147 optemus
2836 5116 2850 5142 ,
2877 5076 3153 5131 instemus.

2217 5168 2442 5227 CAPUT
2485 5167 2545 5221 γ.
2579 5166 2725 5223 -—-6.
2773 5166 2943 5221 Verba
2982 5164 3271 5236 Epistula:
3318 5162 3378 5219 Si
3416 5178 3532 5219 vero
3572 5163 3723 5216 niuo-

2147 5273 2311 5318 centes
2336 5278 2425 5315 nos
2455 5271 2622 5331 putas,
2648 5258 2837 5331 inquit,
2858 5258 2992 5330 quod
3008 5258 3162 5312 snam
3186 5257 3294 5327 ipse
3314 5255 3489 5313 dixisti
3507 5295 3525 5323 ,
3549 5271 3726 5325 pass-

2149 5366 2345 5410 cutores
2374 5355 2423 5407 in
2450 5352 2551 5422 ﬁds
2571 5350 2759 5406 Christi
2785 5350 3034 5404 constituti
3055 5351 3297 5405 sustinere
3319 5348 3617 5419 gaudemus.
3643 5344 3727 5398 Ad

2218 5471 2235 5503 ί
2273 5479 2391 5525 am"
2415 5466 2714 5534 destinando
2726 5464 2894 5534 prurit
2909 5458 3731 5534 ρᾳξιηαιιηδωωὶθωαιιεαι-

2155 5531 2269 5581 dum
2292 5538 2476 5593 putant,
2501 5525 2799 5589 despuenda
2820 5526 2992 5589 poterit
3007 5537 3147 5586 pasta
3162 5535 3370 5575 mansit.
