4070 6200
407 256 510 311 ⁸109

411 370 525 425 lure
569 365 844 435 resttonsio
871 383 886 419 ι
915 364 1257 419 Consideravi
1294 364 1498 418 litteras
1545 360 1762 416 'ﬁibuni
1817 357 1883 412 ad
1925 367 1979 412 te

409 463 578 515 datas.
603 468 658 512 et
684 470 944 525 nusquam
970 457 1018 508 in
1047 455 1127 508 eis
1157 454 1255 521 legi
1285 453 1422 524 quod
1443 462 1492 507 te
1517 452 1708 507 dixerit
1734 451 1986 504 inuocem

410 563 516 606 tem
543 568 556 607 :
579 551 670 604 sed
693 549 760 602 ab
783 547 903 602 aliis
926 547 1161 605 audisse.
1191 546 1279 601 vel
1303 546 1618 614 aignovisse
1644 541 1980 612 prudentum.

407 646 494 702 Sic
519 653 694 698 autem
725 645 776 696 in
806 642 1095 712 Scripturis
1121 641 1316 695 sanctis
1335 679 1351 705 ,
1369 655 1476 692 uoti
1511 637 1686 692 solum
1715 635 1864 701 boni,
1890 649 1983 688 ve.-

408 754 525 793 rum
575 737 735 792 etiam
773 736 900 790 mali
932 736 1104 788 vocari
1148 733 1344 790 solent.
1371 730 1501 785 Nam
1539 730 1639 785 hoc
1680 729 1751 782 ibi
1787 741 1983 782 neuneu

404 831 564 885 etiam
605 842 824 898 serpens
857 826 1086 881 hominis
1113 825 1367 894 deceptor
1393 822 1616 891 accepit.
1661 818 1813 887 Quod
1841 818 1982 872 enim

403 921 616 990 quidam
645 918 970 988 interpretati
999 927 1140 982 sunt,
1165 913 1611 985 sapientissimum
1625 909 1866 965 orantium
1890 908 1985 961 be-

404 1011 624 1064 stiarum
665 1006 813 1080 (Gen.
849 1022 939 1068 ιιι,
971 1009 1060 1078 l);
1106 1003 1574 1076 prudentissimum
1615 1001 1786 1068 potius
1825 996 1984 1067 ενινοὶ

404 1101 616 1154 cmlices
661 1099 859 1152 habent
893 1096 1006 1169 (s);
1039 1095 1180 1154 unde
1221 1095 1272 1149 in
1329 1093 1544 1148 latinam
1584 1091 1817 1160 linguam
1847 1088 1983 1140 seri-

408 1200 556 1259 ptnra
587 1190 673 1243 illa
705 1189 952 1241 translata
999 1196 1100 1241 est.
1141 1184 1246 1240 Sed
1273 1185 1318 1238 si
1346 1197 1440 1239 eos
1482 1181 1772 1253 putandum
1798 1189 1881 1233 est
1906 1180 1986 1232 in-

407 1289 659 1332 nocentes
679 1293 710 1331 a
737 1276 971 1330 Tribono
999 1277 1119 1330 esse
1147 1274 1317 1328 dictos
1336 1312 1351 1338 ,
1377 1287 1510 1342 quos
1537 1286 1566 1324 a
1589 1279 1648 1324 te
1671 1269 1736 1324 ad
1763 1268 1982 1323 exitium

353 1385 356 1388 ’
408 1369 576 1426 teucri
609 1369 739 1423 dixit
773 1368 999 1432 invitos;
1029 1365 1162 1436 quid
1199 1365 1391 1420 mirum
1435 1363 1478 1417 si
1507 1372 1560 1417 et
1587 1361 1694 1415 illic
1719 1360 1834 1414 ﬁeri
1864 1374 1985 1414 cre-

406 1459 558 1524 didit,
585 1458 725 1528 quod
758 1458 807 1510 iu
841 1457 962 1511 aliis
1005 1457 1135 1512 locis
1164 1457 1356 1510 factmo
1395 1469 1514 1510 esse
1557 1451 1841 1522 cognovit?
1867 1449 1984 1504 Non

405 1561 486 1605 est
511 1565 641 1621 ergo
674 1549 816 1603 unde
857 1547 1086 1618 gaudeas
1127 1557 1176 1601 te
1223 1547 1328 1617 puli
1368 1544 1830 1615 persecutionem,
1860 1556 1983 1596 cum

407 1643 643 1695 inn-enire
674 1655 778 1694 non
808 1639 977 1708 possis
1006 1638 1272 1708 quomodo
1294 1646 1347 1691 te
1370 1651 1581 1690 asseras
1618 1636 1979 1689 innocentem.

405 1731 557 1784 Absit
581 1739 756 1784 autem
789 1738 847 1782 ut
875 1729 974 1783 ista
1001 1727 1298 1796 persecutio
1323 1724 1548 1780 dicenda
1577 1725 1644 1779 sit
1686 1725 1984 1790 hominum,

404 1835 523 1873 eum
561 1821 630 1875 sit
667 1819 839 1888 potius
882 1833 977 1887 pro
1016 1817 1317 1870 hominibus
1361 1814 1645 1869 liberandis
1689 1819 1986 1883 persecutio

405 1909 673 1971 vitiorum,
704 1909 916 1979 qualem
945 1906 1070 1964 facit
1094 1906 1250 1976 ψει-ῖς
1275 1907 1434 1960 etiam
1459 1904 1730 1974 diligentia
1753 1904 1989 1958 medico-

406 2015 544 2054 rum.
572 1998 826 2067 Quamvis
851 1997 952 2053 etsi
992 1997 1181 2052 essetis
1213 1996 1557 2062 innocentes,
1589 1994 1711 2050 hinc
1744 1993 1983 2049 efﬁcere-

406 2089 534 2144 mini
558 2099 811 2145 nocentes
833 2131 850 2158 ,
881 2089 1002 2160 quia
1029 2087 1272 2146 occidere
1304 2088 1499 2157 cupitis
1525 2087 1851 2142 innocentes.
1883 2086 1984 2153 Qui

403 2179 543 2234 enim
567 2195 627 2238 se
653 2179 964 2234 innocentes
988 2187 1252 2234 conantur
1278 2192 1520 2232 asserere
1539 2217 1555 2242 ,
1584 2185 1637 2232 et
1667 2186 1844 2231 numen
1867 2179 1985 2230 vita:

405 2285 516 2325 sum
542 2271 726 2325 nolunt
753 2285 986 2338 [xit-cere,
1021 2269 1148 2339 quid
1172 2269 1317 2323 aliud
1345 2255 1503 2337 quam
1525 2268 1835 2323 innocentes
1857 2284 1985 2328 con-

406 2362 687 2416 vincuntur
712 2362 956 2416 occidere
974 2361 997 2413 Ἰ
1903 2362 1907 2368 ’

476 2451 698 2506 CAPUT
741 2451 825 2504 Vl.
855 2451 996 2505 --7.
1047 2449 1220 2506 Verba
1261 2450 1510 2519 Epistolas
1556 2467 1570 2503 :
1605 2448 1672 2503 lu
1702 2449 1796 2504 hac
1820 2460 1985 2503 autem

405 2543 645 2607 ecclesia,
679 2543 880 2612 inquit,
911 2543 963 2596 in
986 2559 1084 2612 qua
1122 2559 1302 2595 nomen
1333 2541 1428 2594 Dei
1467 2551 1514 2595 et
1543 2541 1732 2596 Christi
1759 2543 1902 2611 ejus,
1931 2551 1985 2596 ut

405 2636 555 2687 etiam
582 2633 688 2704 ipse
713 2632 904 2696 dixisti,
935 2633 986 2686 in
1015 2634 1221 2686 ueritate
1257 2648 1452 2701 semper
1476 2641 1547 2685 est
1572 2636 1940 2704 frequentatum
1967 2675 1982 2699 ,

407 2741 498 2776 nos
525 2732 611 2776 aut
647 2723 743 2776 vivi
781 2724 1022 2791 quamdiu
1063 2722 1171 2775 Deo
1203 2722 1446 2792 placuerit
1486 2739 1834 2792 permanentes
1857 2767 1870 2789 ,
1901 2734 1987 2776 aut

407 2826 461 2869 ut
485 2817 689 2886 dignum
727 2824 801 2870 est
834 2815 927 2869 Dei
961 2815 1191 2886 familia,
1215 2815 1348 2868 intra
1379 2814 1631 2870 dominica
1671 2825 1835 2871 castra
1871 2817 1989 2871 vita:

407 2907 592 2960 exitum
622 2907 984 2960 terminamus:
1003 2905 1094 2958 sub
1126 2921 1183 2962 ea
1206 2905 1395 2958 scilicet
1435 2905 1749 2970 conditione,
1781 2907 1898 2976 quia
1931 2908 1976 2962 si

409 2997 487 3049 vis
511 2997 662 3067 fuerit
690 3005 918 3064 operata,
947 3004 1066 3050 tunc
1101 2994 1155 3047 id
1185 2994 1364 3062 poterit
1405 2993 1621 3048 evenire.
1652 2991 1820 3048 Nemo
1851 2995 1985 3047 enim

405 3096 507 3139 tam
529 3086 731 3139 demens
755 3094 850 3147 est,
876 3094 930 3141 ut
959 3085 1100 3137 nullo
1129 3083 1415 3151 impellente
1437 3083 1640 3156 festinet
1659 3083 1727 3136 ad
1751 3094 1982 3138 mortem.

406 3179 484 3232 Ad
516 3179 630 3232 bzrc
667 3176 943 3247 responsio
970 3192 985 3230 :
1017 3175 1197 3243 Neque
1228 3175 1328 3229 hoc
1357 3175 1408 3227 in
1436 3174 1655 3258 Tribuni
1688 3175 1878 3230 litteris
1903 3176 1980 3232 le-

403 3270 561 3338 gitur,
587 3284 614 3318 a
646 3277 699 3321 te
728 3268 1026 3322 invocatum
1059 3266 1108 3326 in
1139 3265 1361 3322 veritate
1382 3279 1578 3320 nomen
1601 3264 1714 3327 Dei,
1738 3266 1988 3334 quamvis

403 3359 596 3412 dixerit
623 3357 942 3412 iumentum.
973 3356 1284 3424 Quanquam
1323 3353 1532 3410 etiamsi
1562 3352 1784 3412 dixisset
1807 3394 1822 3420 ,
1857 3367 1987 3423 pos-

404 3459 487 3504 set
516 3449 615 3503 hoc
643 3448 884 3517 intelligi,
913 3463 1017 3501 non
1045 3446 1112 3502 ad
1131 3457 1358 3501 vestram
1379 3447 1623 3515 gloriam,
1654 3447 1747 3502 sed
1775 3447 1842 3502 ad
1873 3464 1985 3517 ιισισ

404 3558 546 3598 nam.
573 3541 704 3597 Nam
731 3541 872 3596 etde
897 3540 1138 3610 gentibus
1169 3539 1342 3609 impiis
1374 3539 1656 3608 Apostolus
1683 3539 1818 3597 dixit
1845 3583 1856 3604 ,
1883 3541 1984 3606 Qui

402 3637 654 3691 veritatem
679 3635 730 3687 in
751 3634 1012 3703 iniquitate
1035 3632 1254 3687 detinent
1285 3631 1458 3702 (Rom.
1485 3648 1524 3696 ι,
1557 3631 1647 3699 18)
1679 3650 1694 3687 :
1727 3643 1784 3686 ut
1811 3645 1864 3688 et
1891 3649 1986 3688 Vos

405 3727 603 3793 facitis,
645 3725 737 3795 qui
782 3724 1054 3779 veritatem
1102 3722 1354 3792 Baptismi
1397 3721 1561 3776 divini
1607 3722 1660 3780 in
1709 3721 1990 3791 iniquitate

403 3818 650 3878 detinens
673 3815 874 3872 erroris
897 3813 1132 3868 humani.
1165 3811 1313 3869 Unde
1339 3827 1437 3868 nos
1459 3827 1580 3868 cum
1602 3821 1834 3868 vestram
1863 3827 1981 3867 cor-

404 3912 624 3981 rigimus
663 3909 988 3979 iniquitatem
1011 3949 1023 3967 ,
1055 3922 1158 3959 non
1206 3905 1390 3975 utique
1413 3903 1671 3962 debemus
1714 3904 1852 3958 illius
1890 3903 1990 3958 Sa-

402 4001 658 4057 cramenti
724 3997 1030 4054 rescindere
1095 3995 1393 4050 veritatem.
1468 3995 1743 4050 Proﬁterh
1820 4010 1988 4052 sane.

405 4095 660 4148 innocens
681 4091 842 4144 homo
863 4129 879 4155 ,
905 4088 1026 4143 aliis
1049 4087 1264 4157 quidem
1291 4086 1469 4141 verbis
1488 4127 1503 4152 ,
1535 4099 1655 4139 cum
1683 4069 1917 4144 ecclesia.
1935 4096 1986 4138 te

402 4200 466 4240 ac
494 4194 612 4240 tuos
642 4182 965 4237 iuterituros.
992 4178 1123 4233 Ciun
1153 4177 1296 4232 enim
1321 4175 1485 4241 dicis,
1509 4177 1564 4229 in
1589 4175 1820 4240 ecclesia,
1853 4174 1984 4244 quid

403 4274 544 4330 aliud
570 4273 652 4326 vis
678 4271 919 4340 intelligi,
950 4269 1050 4324 nisi
1075 4283 1198 4324 cum
1225 4267 1486 4332 ecclesia;
1515 4265 1730 4336 quando
1753 4265 1968 4335 quidem

405 4367 454 4421 id
485 4379 643 4437 agere
666 4363 874 4434 ignibus
908 4358 1214 4431 purpuras?
1243 4359 1369 4414 Haec
1391 4368 1471 4414 est
1493 4360 1796 4415 innocentia
1821 4359 1986 4427 partis

408 4457 596 4514 Donati
623 4497 639 4522 ,
674 4463 731 4509 ut
769 4454 870 4509 hoc
920 4452 1128 4506 faciatis
1173 4450 1434 4521 adjunctis
1468 4450 1728 4504 mortibus
1770 4451 1980 4513 vestris,

402 4548 540 4619 cpiod
559 4547 718 4602 etiam
747 4544 884 4615 apud
913 4542 1283 4612 Cartlmginem
1313 4541 1366 4595 in
1393 4540 1641 4595 invidiam
1663 4550 1898 4595 nostram
1916 4540 1984 4595 de

405 4641 634 4696 basilicis
674 4653 794 4710 quin
819 4645 1010 4692 vestra:
1037 4635 1279 4699 filerunt,
1307 4634 1447 4689 sicut
1477 4633 1721 4701 potuistis
1740 4673 1758 4698 ,
1779 4642 1984 4688 etcum

403 4733 594 4803 quibus
623 4729 897 4800 potuistis,
931 4728 1120 4782 iecisse
1158 4724 1537 4781 assereramini
1577 4725 1694 4778 sine
1725 4723 1986 4778 mortibus

313 4837 334 4855 ε
406 4825 616 4878 vestris.
653 4823 784 4889 Quis
810 4821 951 4876 enim
983 4834 1076 4872 vos
1097 4834 1204 4872 non
1246 4817 1432 4872 credat
1470 4815 1718 4884 solando,
1749 4815 1937 4872 fecisse
1965 4817 1982 4852 ⁸

403 4917 542 4986 quod
575 4917 746 4970 facere
775 4915 934 4969 etiam
973 4909 1249 4965 moriendo
1287 4909 1605 4979 disponitis?
1634 4908 1688 4962 Si
1718 4915 1893 4963 autem
1923 4909 1985 4963 ιι.

407 5011 491 5062 Iud
521 5024 615 5061 vos
642 5025 744 5060 non
777 5006 974 5061 fecistis
997 5045 1010 5065 ,
1041 5005 1139 5058 hoc.
1168 5013 1313 5057 certe
1340 5001 1588 5056 furiosius
1609 5012 1692 5056 est
1716 4999 1856 5069 quod
1888 5015 1985 5054 vos

407 5098 584 5153 facere
619 5095 948 5167 pra-paratis.
984 5093 1090 5148 Sed
1127 5092 1347 5158 dixisti,
1376 5093 1511 5146 siris
1550 5093 1700 5163 fuerit
1736 5101 1984 5161 operata:

405 5199 459 5244 et
509 5186 828 5258 adiunxisti,
865 5185 1028 5239 Nemo
1054 5195 1124 5238 est
1150 5185 1283 5238 enim
1325 5194 1426 5236 tam
1459 5182 1697 5247 denunt,
1722 5182 1808 5250 qui
1843 5181 1985 5235 nullo

403 5279 696 5348 impellente
739 5277 934 5348 festinet
961 5276 1029 5329 ad
1070 5283 1297 5329 mortem.
1341 5274 1550 5341 Quanto
1589 5283 1672 5328 est
1723 5286 1852 5341 ergo
1893 5270 1988 5326 de-

411 5369 641 5425 nieutior
661 5410 675 5434 ,
707 5368 800 5438 qui
836 5381 956 5423 cum
998 5363 1298 5437 imponatur
1335 5363 1400 5420 ad
1428 5364 1586 5421 vitam
1609 5404 1625 5431 ,
1656 5363 1869 5420 festinet
1916 5360 1983 5416 ad

412 5471 639 5517 mortem
656 5462 678 5514 ’ἒ

469 5613 488 5643 ι
527 5608 653 5673 Apud
680 5617 778 5673 Am.
790 5603 1038 5673 ,At'eltmdo.

470 5673 543 5733 la)
561 5668 594 5721 't
604 5668 960 5720 'lu'ouitttctutos.

1151 251 1418 306 CONTRA
1461 246 1930 307 CAUDENTIUM,
1970 246 1983 298 Ξ

2090 245 2431 303 lUGUS‘l‘lNl
2468 246 2676 304 LIBER
2714 246 2984 304 PRIMUS.

3570 250 3673 305 7H)

2165 359 2389 415 CAPUT
2421 359 2525 414 VII.
2547 390 2619 402 -—
2641 361 2696 415 8.
2734 360 2906 417 Verba
2924 362 3181 435 Epistulae
3208 381 3224 418 :
3257 361 3359 420 Eos
3387 367 3671 435 euth

2092 449 2347 503 nobiscum
2391 462 2506 506 sunt
2528 492 2543 514 ,
2595 451 2766 521 inquit
2788 489 2804 515 .
2833 462 3006 507 testem
3053 451 3216 508 [tcum
3255 455 3412 522 {acim
3461 455 3671 523 ejusque

2090 542 2258 594 omnia
2289 541 2638 605 Sacramenta,
2664 543 2803 611 quod
2830 544 3124 600 exhortatus
3149 560 3262 600 sum
3281 585 3296 608 ,
3325 555 3374 596 et
3396 547 3666 612 impensu-

2090 630 2214 683 sime
2231 631 2466 700 persuasi
2483 670 2498 695 ,
2529 641 2582 687 tu
2607 631 2692 701 qui
2716 632 2916 686 haberet
2941 635 3251 690 celeritatem
3278 635 3449 704 egredi
3472 675 3487 700 ,
3518 651 3666 690 secu-

2089 738 2177 775 rus
2216 722 2412 790 publice
2450 727 2693 792 fateretur
2729 741 2750 778 :
2794 739 2886 780 nec
2917 741 3010 779 nos
3059 726 3191 780 enim
3238 726 3419 785 insitos
3461 729 3670 788 retinere

2092 828 2356 880 possumus
2373 853 2390 877 ,
2413 815 2502 883 qui
2527 814 2796 870 didicimus
2822 815 2890 870 ad
2919 815 3012 870 Dei
3054 816 3206 882 ﬁdem
3235 819 3433 872 nullum
3461 836 3566 873 esse
3585 836 3664 876 co-

2089 903 2323 972 gendum.
2361 903 2440 958 Ad
2465 903 2579 960 Iure
2598 907 2880 974 responsio
2907 922 2921 958 :
2953 907 3058 964 Cur
3081 916 3258 967 autem
3280 923 3384 964 non
3405 920 3456 967 te
3483 911 3668 970 etiam.

2089 994 2132 1046 si
2166 1011 2269 1048 non
2313 994 2600 1050 invitorum
2629 1008 2976 1064 retentarent,
3006 1009 3186 1054 tamen
3219 999 3288 1055 ad
3313 999 3509 1056 bonum
3535 1015 3676 1069 opus

2090 1083 2486 1142 esbortatoneui
2509 1088 2847 1154 apertissime
2883 1087 3176 1156 proﬁteris,
3199 1089 3408 1160 siquod
3439 1091 3674 1148 [neutros

2088 1196 2146 1235 es
2171 1182 2366 1235 bonum
2395 1195 2475 1236 est
2493 1183 2518 1233 ι
2545 1185 2626 1236 An
2675 1181 2808 1236 forte
2835 1197 2992 1252 quam
3035 1183 3231 1238 malum
3278 1185 3348 1238 sit
3369 1193 3425 1238 et
3449 1185 3562 1253 ipse
3588 1187 3669 1238 in~

2092 1272 2305 1342 telligis,
2337 1282 2500 1340 atque
2528 1272 2576 1326 id
2606 1271 2869 1327 furtivum
2896 1282 2946 1327 te
2973 1275 3143 1342 magis
3165 1283 3220 1328 ut
3247 1284 3450 1330 terrens
3469 1313 3486 1338 ,
3511 1289 3672 1343 quam

2089 1371 2145 1416 ut
2169 1363 2390 1433 impleas
2415 1364 2760 1419 comminari:
2781 1405 2796 1428 ,
2823 1373 2913 1418 aut
2943 1364 3252 1426 mentiendo
3293 1364 3552 1432 inﬁtialis,
3582 1376 3674 1421 aut

2091 1467 2272 1506 rerum
2293 1453 2519 1508 dicendo
2545 1453 2810 1510 crudelis?

2157 1545 2383 1600 CAPUT
2416 1544 2622 1598 Vlll.-—
2641 1544 2696 1598 9.
2722 1544 2890 1600 Verba
2908 1544 3157 1613 Epistolas
3183 1563 3197 1599 :
3224 1543 3304 1601 Er
3325 1558 3453 1603 Αιιι
3481 1561 3624 1605 usu
3653 1564 3664 1599 :

2093 1635 2225 1703 Opto
2253 1647 2301 1689 te
2321 1637 2622 1692 incolumem
2647 1637 2700 1690 in
2721 1636 3012 1707 reipublicat
3040 1637 3233 1696 actibus
3261 1638 3546 1707 ﬂorentem,
3575 1648 3622 1692 et
3641 1654 3675 1692 ιι

2089 1726 2492 1782 Christianorum
2533 1729 2878 1798 inquietudine
2919 1728 3254 1784 recedentem.
3297 1729 3382 1787 Ad
3426 1729 3542 1788 huic
3591 1745 3675 1789 re-

2088 1819 2352 1888 sponsio:
2380 1820 2668 1876 Possumus
2694 1835 2814 1874 eum
2840 1828 2896 1875 et
2921 1835 3019 1874 nos
3043 1829 3230 1888 optare
3259 1821 3601 1884 incolumem,
3620 1832 3675 1876 et

2090 1909 2144 1964 in
2189 1909 2492 1978 reipublicae.-
2520 1910 2727 1964 actibus
2755 1908 3031 1964 ﬂorentem
3049 1949 3067 1975 ,
3096 1909 3190 1966 sed
3217 1924 3323 1966 nou
3366 1910 3434 1969 ab
3463 1910 3675 1968 haereti-

2088 2001 2271 2058 coruin
2302 2003 2635 2058 correctione
2659 2003 3046 2072 quiescentem.

2157 2091 2383 2148 C.\PUT
2447 2090 2539 2146 IX.
2577 2119 2652 2133 —-
2688 2090 2774 2146 l0.
2827 2089 2998 2147 Verba
3070 2091 3321 2159 Epistolas
3367 2091 3618 2146 secudae
3657 2109 3673 2150 ;

2093 2183 2394 2237 Ilonombt'li
2423 2193 2472 2235 et
2510 2183 2645 2236 annui
2666 2181 2852 2247 affectu
2893 2182 3226 2238 desiderando
3258 2181 3499 2246 Dulcitio,
3527 2181 3669 2236 Gau—

2089 2275 2287 2326 dentius
2305 2274 2588 2343 episcopus.
2618 2274 2696 2327 Ad
2726 2274 2838 2328 lure
2860 2274 3139 2341 responsio
3163 2291 3176 2325 :
3206 2272 3262 2329 Si
3293 2274 3441 2330 muni
3471 2275 3667 2332 all'ectu

2089 2363 2358 2418 desideras
2387 2364 2672 2426 hominem,
2701 2379 2866 2434 quare
2895 2379 3012 2418 cum
3043 2365 3133 2419 illo
3163 2375 3345 2420 tenero
3365 2365 3560 2422 Christi
3583 2381 3675 2420 re-

2089 2453 2234 2522 spuis
2256 2455 2548 2508 uilitatem?
2576 2457 2652 2509 An
2685 2455 2957 2510 reddendo
2977 2455 3172 2510 malum
3209 2455 3359 2526 quasi
3388 2471 3482 2524 pro
3511 2456 3675 2524 malo,

2089 2561 2247 2616 quem
2295 2556 2441 2604 tuum
2482 2556 2879 2616 persecutorem
2917 2555 3110 2616 putas,
3162 2547 3493 2616 rebaptizare
3533 2546 3678 2604 desi-

2090 2637 2244 2690 deras
2263 2637 2286 2689 ν
2753 2695 2764 2699 ,
3043 2695 3046 2698 .

2159 2725 2386 2781 CAPUT
2424 2725 2492 2790 Χ.
2515 2755 2586 2769 -—-
2616 2727 2702 2780 ll.
2732 2726 2911 2782 Verba
2940 2726 3187 2795 Epistolas
3217 2744 3232 2781 :
3259 2727 3436 2782 Solent
3455 2728 3570 2794 sibi,
3599 2729 3676 2781 in-

2091 2817 2223 2887 quit,
2249 2816 2360 2871 sola
2386 2817 2525 2886 fama
2545 2818 2670 2880 noti,
2693 2833 2893 2885 cluntre,
2922 2827 3011 2872 ast
3038 2817 3225 2874 incerto
3250 2820 3265 2852 ⁸
3297 2819 3506 2875 invicem
3535 2835 3674 2888 aspr-

2090 2917 2175 2960 ctu
2193 2908 2341 2962 verba
2371 2908 2600 2972 miscere,
2627 2916 2714 2960 aut
2737 2907 2977 2982 incogniti
3001 2909 3179 2966 saltem
3201 2925 3300 2962 non
3317 2909 3523 2964 horrere
3542 2927 3674 2980 pra-

2089 2998 2301 3052 seutiant
2349 3013 2368 3050 :
2411 3006 2498 3050 tua
2536 3013 2648 3050 vero
2673 3013 2884 3052 censura
2902 3038 2916 3060 ,
2970 2997 3107 3067 quod
3134 2998 3386 3051 absentem
3423 3015 3504 3056 me
3529 2999 3672 3054 ince-

2090 3088 2244 3148 neris,
2263 3088 2571 3158 gratulatum
2591 3097 2669 3152 te;
2689 3086 2824 3152 quod
2843 3096 3009 3140 autem
3029 3087 3281 3152 redierim,
3303 3089 3674 3152 contristatum,

2090 3178 2268 3232 litteris
2306 3177 2567 3232 intimasti.
2607 3177 2685 3236 Ad
2714 3177 2828 3241 bace
2861 3178 3176 3244 reSpthio:
3209 3177 3322 3232 Non
3358 3193 3545 3235 omnes
3586 3183 3674 3250 qui

2089 3268 2191 3320 sibi
2220 3267 2332 3322 sola
2366 3249 2501 3320 fama
2539 3268 2648 3320 noti
2687 3277 2850 3329 sunt,
2876 3267 3058 3322 videre
3094 3269 3320 3322 invicem
3347 3270 3551 3336 volunt,
3581 3249 3675 3325 sed

2090 3373 2224 3427 quos
2252 3357 2386 3413 bene
2424 3358 2536 3428 ipa
2567 3356 2703 3414 fatua
2747 3357 3108 3416 commendat.
3152 3357 3342 3414 Mirum
3385 3369 3470 3415 est
3497 3371 3674 3416 autem

2093 3465 2280 3504 revera
2308 3449 2449 3518 quod
2471 3450 2564 3506 tibi
2599 3450 2820 3513 accidit,
2850 3459 2908 3504 ut
2937 3459 2990 3504 tu
3009 3465 3131 3505 eum
3155 3451 3676 3508 desiderandmudi-

2091 3555 2214 3607 cas,
2241 3556 2270 3596 a
2301 3556 2406 3610 quo
2449 3550 2500 3599 te
2539 3542 2962 3610 persecutionem
3005 3543 3212 3611 perpeti
3255 3543 3532 3612 quereris:
3583 3545 3674 3599 ille

2091 3641 2272 3685 autem
2303 3632 2392 3699 qui
2421 3641 2472 3686 te
2495 3633 2855 3700 persequitur,
2889 3633 3161 3690 absentem
3192 3643 3242 3688 te
3272 3634 3420 3687 malit
3445 3649 3592 3698 esse,
3621 3647 3676 3691 et

2093 3722 2222 3774 nolit
2241 3737 2363 3776 eum
2383 3737 2542 3790 quem
2566 3723 2918 3791 persequitur,
2945 3723 3209 3778 invenire.
3243 3723 3346 3780 Sed
3375 3725 3475 3780 hoc
3505 3727 3669 3794 unde,

2093 3813 2192 3866 nisi
2221 3816 2343 3880 quia
2369 3821 2422 3868 te
2458 3813 2634 3880 potius
2661 3827 2846 3866 eorum
2877 3822 3272 3880 persecutorem
3321 3815 3487 3869 voluit
3512 3816 3672 3872 intel-

2093 3904 2200 3973 ligi,
2227 3916 2456 3971 quorum
2488 3902 2541 3957 in
2577 3901 2791 3958 Clu-isto
2819 3902 3045 3960 salutem
3078 3913 3165 3956 tua
3193 3905 3472 3974 praesentia
3497 3907 3673 3962 credi-

2091 3995 2168 4050 dit
2189 3993 2475 4062 impediri?
3345 3979 3350 3982 ’
3625 4040 3636 4048 .

2159 4085 2383 4141 CAPUT
2430 4084 2520 4140 XI.
2562 4115 2633 4124 -—
2673 4083 2758 4140 12.
2800 4083 2970 4140 Verba
3017 4084 3268 4152 Epistula:
3310 4104 3324 4138 :
3383 4087 3489 4144 Sed
3541 4105 3674 4158 quo-

2091 4165 2236 4232 niam~
2255 4177 2507 4248 praeterita
2535 4176 2635 4241 die,
2662 4176 2852 4245 inquit,
2882 4191 2944 4228 ne
2967 4175 3021 4228 in
3054 4176 3312 4247 cpi-stolari
3339 4194 3579 4248 responso
3602 4173 3672 4234 si-

2090 4270 2294 4325 luissem
2324 4277 2529 4338 propter
2552 4283 2745 4321 moram
2786 4267 3124 4337 portantium,
3154 4278 3291 4322 certa
3320 4285 3530 4340 quotque
3555 4274 3676 4325 ιιι-ε.

2092 4363 2205 4417 ctim
2229 4369 2378 4431 atque
2401 4358 2608 4414 breviter
2631 4357 2854 4414 intimari
2878 4372 2896 4411 :
2924 4374 3058 4412 nunc
3085 4359 3208 4411 milii
3231 4357 3547 4430 Dignationis
3571 4371 3673 4414 tua:

2084 4455 2287 4522 scriptis
2325 4459 2654 4508 sacrosancttc
2685 4450 2809 4522 legis
2843 4450 3027 4506 diuina:
3061 4451 3220 4505 verbis
3250 4462 3337 4504 est
3364 4455 3673 4524 responden-

2090 4546 2232 4602 dum.
2265 4530 2510 4597 Dominus
2529 4543 2697 4596 dixit:
2723 4559 2741 4594 ι
2777 4539 3104 4596 lunocentem
3130 4551 3174 4596 et
3193 4543 3391 4613 justum
3413 4560 3514 4598 non
3543 4545 3674 4598 occi-

2089 4637 2210 4699 des;
2240 4633 2535 4705 purgatione
2558 4648 2656 4686 non
2687 4630 2926 4702 purgabis
2949 4647 3090 4686 reum
3122 4650 3142 4684 ›
3183 4631 3375 4706 (Exod.
3409 4649 3558 4700 χχιιι,
3591 4633 3668 4705 7).

2089 4727 2289 4786 Certum
2313 4733 2390 4779 est
2418 4725 2604 4795 igitur,
2631 4722 2685 4776 in
2720 4720 2811 4775 Dei
2843 4720 3042 4796 judicio
3079 4723 3192 4794 pari
3221 4725 3430 4781 crimine
3460 4729 3672 4797 parique

2089 4829 2232 4874 reatu
2255 4833 2362 4872 esse
2387 4815 2638 4870 devinctos
2660 4855 2676 4880 ,
2699 4813 2785 4880 qui
2813 4808 2955 4868 reum
2979 4812 3265 4880 absolverit,
3292 4824 3338 4869 et
3364 4816 3449 4888 qui
3475 4816 3672 4870 occide.

2090 4913 2156 4968 rit
2200 4910 2530 4964 innocentem.
2579 4904 2641 4961 Si
2671 4914 2790 4962 ante
2815 4904 3213 4960 communionem
3240 4905 3314 4960 rei
3359 4915 3501 4960 erant
3525 4947 3538 4968 ,
3566 4924 3598 4959 a
3626 4916 3674 4960 te

2091 5004 2378 5060 nominatus
2398 4999 2624 5054 Gabinus
2648 4999 2690 5063 ⁸,
2719 4997 2796 5053 vel
2835 4997 2999 5050 ceteri
3043 4997 3304 5070 fidefragi,
3337 4998 3391 5052 in
3420 4988 3562 5052 'malo
3596 4999 3675 5052 illi

2093 5099 2241 5168 lapsu
2263 5102 2514 5150 consortes
2538 5089 2811 5146 secundum
2842 5087 2936 5143 Dei
2964 5105 3103 5144 voces
3143 5088 3333 5144 absolvi
3360 5089 3561 5144 clinium
3585 5089 3676 5141 de-

2093 5189 2326 5244 buerunt.
2350 5184 2410 5239 Si
2433 5193 2597 5237 autem
2621 5193 2859 5252 tanquam
2893 5180 3176 5236 innocentes
3198 5181 3272 5234 vel
3299 5181 3458 5235 sancti
3485 5179 3673 5250 recepti

2091 5287 2225 5340 sunt,
2257 5292 2411 5343 quare
2438 5275 2492 5328 in
2530 5290 2588 5328 ea
2615 5273 2714 5342 ﬁde
2744 5281 3087 5343 permanentes
3110 5311 3127 5338 ,
3159 5272 3294 5328 unde
3318 5271 3448 5327 velut
3470 5282 3674 5325 sanctos

2092 5369 2340 5439 accipitis,
2368 5365 2592 5423 occiditis
2617 5363 2943 5420 innocentes?
2969 5361 3048 5417 Ad
3081 5361 3194 5418 lucc
3237 5361 3512 5434 responsio
3541 5379 3552 5414 :
3584 5361 3670 5415 lu-

2097 5461 2297 5516 vidiose
2326 5467 2380 5514 et
2411 5456 2735 5512 mendaciter
2775 5455 3024 5523 loqueris.
3069 5452 3160 5507 Ille
3194 5453 3389 5524 quippe
3419 5452 3481 5506 ad
3510 5468 3665 5521 quem

2161 5596 2180 5627 ί
2217 5590 2464 5643 Par-censis
2480 5596 2626 5652 vetus
2647 5591 2752 5652 ita,
2770 5583 2984 5652 infecto;
3004 5582 3130 5635 forte
3155 5595 3261 5647 pro,
3285 5581 3474 5634 inserto.

2164 5657 2185 5688 ³
2217 5655 2346 5705 Idem
2369 5659 2449 5702 its.
2475 5651 2552 5700 hic
2575 5658 2625 5700 et
2649 5649 2787 5706 intra,
2809 5645 3044 5697 Gabinius.

3391 5819 3426 5839 6
