4070 6200
382 282 478 357 τιι

387 412 640 481 loqueris,
670 423 774 476 non
804 405 909 461 tale
937 410 1256 475 praeceptore
1280 401 1489 468 accepit
1520 411 1577 453 ut
1603 398 1921 453 occidamini
1948 440 1961 459 ,

382 502 476 557 sed
503 511 564 556 ut
589 496 959 568 corrigamiui;
986 494 1129 565 quod
1155 494 1199 547 si
1239 492 1536 556 nolueritis,
1570 507 1638 546 ne
1664 492 1964 545 correctio-

385 610 507 650 nem
537 590 836 662 impediatis
863 588 1108 652 aliorum,
1135 587 1186 641 iu
1211 585 1459 641 exsilium
1479 583 1783 637 mittemini.
1812 581 1966 649 Quod

383 686 425 737 si
455 698 484 736 a
524 683 683 752 justis
727 680 841 735 lieri
887 692 993 732 non
1035 676 1193 731 debet
1230 674 1440 745 iniustis
1464 715 1479 740 ,
1510 688 1608 729 cur
1641 674 1800 728 etiam
1832 672 1966 727 falso

383 774 626 829 voluistis
674 771 739 827 de
780 769 1052 825 Czrciliaui
1114 766 1306 821 exsilio
1348 766 1402 819 itt
1444 774 1622 819 nostra
1670 762 1968 817 Collatioue

383 865 595 933 gloriari
622 903 637 926 ,
664 875 773 933 quo
789 876 912 916 eum
940 860 1160 914 missum
1190 858 1377 912 vestris
1402 854 1694 925 majoribus
1720 854 1967 908 instanti-

385 956 481 1008 bus
529 969 559 1008 a
599 952 945 1007 Constantino
987 949 1310 1018 imperatore
1351 945 1604 1002 dixistis?
1645 945 1748 1000 Iste
1787 954 1966 999 autem

385 1045 631 1099 tribunus
664 1042 730 1097 atl
767 1057 925 1113 quem
958 1040 1178 1107 scribis,
1205 1039 1289 1094 cui
1322 1039 1492 1108 legum
1522 1051 1620 1107 pro
1655 1036 1858 1090 unitate
1886 1037 1966 1088 la-

386 1143 559 1188 tarum
583 1133 603 1166 ⁸
629 1148 755 1189 cura
785 1131 1031 1186 mandata
1065 1138 1149 1186 est
1167 1172 1181 1195 ,
1206 1144 1375 1198 usque
1399 1127 1536 1183 adeo
1558 1127 1668 1181 vult
1691 1134 1750 1180 ut
1779 1126 1927 1181 vivas
1949 1164 1964 1189 ,

388 1214 675 1280 ut'timeat
718 1239 785 1278 ne
824 1222 938 1293 ipse
981 1232 1034 1275 te
1080 1220 1314 1276 occidas.
1357 1218 1499 1274 Ecce
1539 1219 1831 1273 constitui”
1877 1217 1969 1271 tibi

386 1326 510 1371 ante
550 1315 736 1369 oculos
776 1314 947 1383 ipsum
973 1354 989 1378 ,
1017 1320 1072 1366 et
1096 1323 1150 1365 te
1184 1311 1382 1381 ipsum.
1427 1308 1547 1379 ipse
1589 1318 1642 1363 te
1680 1309 1733 1362 in
1773 1304 1969 1364 Christi

389 1423 518 1477 pace
544 1406 657 1462 vult
700 1405 911 1469 vivere;
937 1413 991 1458 tu
1019 1404 1071 1458 in
1105 1411 1253 1472 parte
1281 1401 1469 1457 Donati
1513 1410 1564 1454 te
1604 1400 1802 1470 qumris
1829 1400 1971 1455 occi-

387 1499 513 1553 dere
538 1514 550 1550 :
581 1496 699 1565 quis
726 1503 955 1548 vestrum
982 1494 1049 1547 sit
1071 1503 1191 1547 tuus
1223 1502 1548 1561 persecutor,
1577 1504 1829 1562 agnosce.

458 1587 682 1644 CAPUT
712 1586 828 1641 XII.
848 1615 920 1627 -
944 1586 1029 1639 15.
1060 1584 1293 1641 Gabinus
1315 1592 1492 1637 autem
1514 1581 1625 1651 jam
1647 1589 1849 1646 noster,
1882 1581 1970 1650 qui

387 1682 483 1736 fuit
508 1679 793 1751 aliquando
834 1689 1013 1733 vester
1036 1718 1051 1743 ,
1083 1684 1137 1731 et
1166 1677 1252 1729 alii
1281 1691 1440 1745 quam
1488 1673 1702 1745 plurimi
1727 1713 1742 1740 ,
1771 1673 1861 1743 qui
1908 1688 1972 1727 ex

388 1774 539 1829 vobis
564 1775 630 1826 ad
661 1786 759 1825 nos
790 1769 1128 1825 considerata
1165 1767 1428 1823 catholica
1474 1766 1699 1819 veritate
1743 1762 1972 1819 transie-

390 1876 533 1932 runt,
557 1881 662 1920 non
695 1865 813 1920 ideo
836 1863 927 1918 tibi
956 1861 1236 1916 videantur
1262 1875 1292 1913 a
1322 1867 1500 1913 vestra
1528 1857 1845 1927 contagione
1867 1869 1973 1908 non

391 1959 554 2012 fuisse
579 1955 784 2027 purgati
808 1994 823 2021 ,
850 1954 973 2023 quia
1014 1968 1116 2006 non
1160 1958 1283 2003 sunt
1307 1964 1336 2002 a
1365 1948 1520 2003 nobis
1548 1946 1878 2016 rebaptizati.
1911 1945 1971 1999 lli

389 2049 532 2104 enim
561 2047 649 2117 qui
677 2044 909 2100 nondum
941 2042 1188 2112 baptisati
1210 2047 1368 2103 sunt,
1398 2055 1426 2093 a
1460 2038 1691 2109 peccatis
1727 2036 1977 2091 omnibus

393 2142 445 2195 iu
467 2139 724 2193 catholica
769 2133 1009 2190 Ecclesia
1044 2134 1253 2188 lavacro
1296 2130 1713 2201 regenerationis
1753 2128 1977 2183 abluun~

395 2241 483 2286 tur
510 2248 523 2283 :
555 2230 607 2285 iu
653 2229 734 2284 eis
772 2235 950 2282 autem
995 2227 1085 2296 qui
1129 2224 1230 2279 hoc
1271 2223 1714 2286 Sacramentum,
1759 2236 1865 2276 non
1911 2220 1977 2273 ad

392 2321 645 2377 auxilium
668 2359 683 2382 ,
716 2317 809 2373 sed
839 2316 905 2371 ad
943 2313 1204 2387 judicium
1240 2312 1373 2368 iuris
1396 2312 1699 2382 accipiunt,
1725 2311 1847 2383 quia
1880 2326 1979 2366 nec

395 2415 447 2469 in
485 2413 763 2467 desertore
800 2407 1056 2462 violamus
1098 2406 1462 2460 characterem
1492 2405 1694 2473 regium
1718 2445 1733 2467 ,
1758 2403 1817 2457 ﬁt
1849 2401 1979 2457 illud

394 2502 536 2573 quod
557 2501 790 2569 scripum
812 2507 914 2562 est,
945 2495 1180 2551 Charitas
1207 2496 1429 2565 cooperit
1468 2492 1837 2547 multitudinem
1866 2509 1979 2562 pec-

396 2602 624 2646 catorum
646 2588 687 2658 (I
715 2587 854 2643 Pctr.
881 2603 957 2653 tv,
980 2587 1057 2658 8).
1088 2587 1226 2642 Ecce
1264 2583 1709 2656 quemadmodum
1734 2593 1978 2653 possunt,

397 2698 532 2754 quos
569 2697 673 2736 nou
714 2688 925 2751 oportet
966 2676 1257 2748 baptizari,
1293 2678 1405 2747 ipsa
1445 2675 1720 2731 catholica:
1760 2675 1983 2729 unitatis

398 2772 656 2829 charitate
703 2770 982 2837 mandari,
1012 2778 1071 2823 ut
1099 2784 1206 2823 non
1244 2767 1463 2837 incipiat
1498 2766 1578 2821 eis
1623 2766 1763 2821 intus
1806 2765 1983 2821 inesse

397 2863 537 2935 quod
562 2874 615 2918 et
640 2864 771 2919 foris
793 2865 964 2917 inerat
986 2901 1001 2928 ,
1034 2860 1130 2917 sed
1163 2860 1378 2931 incipiat
1421 2860 1499 2915 eis
1543 2859 1802 2930 prodesse
1843 2859 1983 2913 intus

399 2955 541 3025 quod
570 2952 700 3009 l‘oris
727 2954 932 3008 obcrat.
978 2951 1093 3007 Non
1134 2953 1311 3023 itaque
1339 2967 1368 3004 a
1397 2951 1551 3005 vobis
1575 2949 1869 3020 accipimus
1888 2966 1981 3004 ve-

402 3050 477 3101 Iut
504 3055 750 3110 sanctos;
783 3046 849 3101 ad
878 3061 975 3100 nos
1001 3046 1143 3100 enim
1194 3044 1519 3100 transeundo
1544 3044 1981 3106 sanctilicantur;

401 3141 491 3210 qui
522 3138 787 3193 manendo
816 3138 956 3208 apud
984 3152 1081 3191 vos
1120 3136 1289 3191 sancti
1324 3150 1444 3191 esse
1472 3135 1692 3189 cumino
1719 3149 1823 3188 non
1859 3147 1984 3202 pas-

400 3242 527 3287 sunt
554 3246 570 3286 :
596 3245 693 3287 nec
718 3246 812 3285 vos
834 3230 1144 3285 innocentes
1172 3227 1485 3294 occidimus,
1518 3242 1652 3298 quos
1673 3226 1836 3282 etiam
1866 3240 1987 3281 reos

404 3340 426 3376 ι
438 3325 582 3377 ivere
615 3322 879 3376 volumus.

473 3412 699 3470 CAPUT
737 3411 1045 3467 XllL—H.
1075 3409 1181 3468 Sed
1204 3420 1258 3465 tu
1285 3411 1373 3481 qui
1403 3410 1763 3465 testimonium
1791 3409 1986 3465 divina!

404 3505 549 3558 vocis
575 3505 708 3558 bene
737 3503 953 3568 recolis,
985 3512 1042 3557 et
1069 3502 1223 3556 nobis
1247 3500 1436 3569 objicis
1461 3502 1627 3555 Deum
1649 3502 1869 3565 dixisse,
1891 3500 1988 3554 ln-

404 3605 661 3651 nocentem
686 3604 735 3649 et
767 3595 963 3662 justum
1011 3609 1113 3647 non
1158 3592 1394 3647 occides:
1421 3593 1467 3647 si
1515 3591 1773 3647 innocens
1822 3607 1885 3647 es
1933 3602 1987 3647 et

404 3688 613 3758 justus,
657 3701 823 3758 quare
870 3698 920 3741 te
994 3685 1228 3741 occidis?
1275 3684 1384 3741 Nos
1440 3694 1491 3741 te
1547 3686 1885 3741 innocentem
1935 3695 1989 3739 et

404 3782 601 3853 iustum
630 3773 735 3833 non
767 3778 995 3834 dicimus
1017 3819 1033 3843 ,
1060 3787 1113 3832 et
1135 3787 1312 3833 tamen
1337 3778 1584 3832 nolumus
1611 3787 1663 3830 ut
1685 3777 1946 3832 occidaris
1971 3794 1984 3830 :

390 3874 462 3927 ἰιι
488 3881 539 3927 te
568 3873 907 3925 innocentem
935 3876 989 3923 et
1004 3869 1208 3938 justum
1229 3867 1526 3933 arbitraris,
1559 3876 1614 3922 et
1638 3867 1907 3921 inium-uti
1935 3876 1990 3921 et

404 3964 545 4035 justo
589 3979 695 4017 non
733 3962 927 4032 parcis.
974 3958 1177 4014 Certum
1217 3969 1291 4013 est
1324 3960 1515 4029 igitur,
1544 3959 1657 4029 ipse
1696 3958 1909 4026 dixisti,
1936 3960 1990 4014 in

406 4055 502 4110 Dei
531 4053 727 4128 judicio
761 4055 870 4123 puri
909 4053 1116 4105 crimine
1148 4051 1358 4121 parique
1393 4060 1538 4105 reatu
1569 4066 1674 4105 esse
1715 4051 1988 4115 devinctos,

404 4149 489 4218 qui
510 4164 649 4201 reum
678 4145 946 4200 absolverit
964 4184 979 4206 ,
1010 4152 1056 4197 et
1075 4144 1162 4213 qui
1188 4144 1499 4197 innocentem
1527 4144 1789 4198 occiderit.
1818 4143 1992 4212 Quare

405 4254 534 4307 ergo
591 4237 861 4292 absolvisti
917 4235 1241 4291 Felicianum
1295 4236 1741 4292 tnaximianistam
1795 4238 1992 4292 reum?

406 4331 581 4398 Quare
620 4330 957 4383 innocentem
1001 4327 1201 4381 occidis
1244 4336 1296 4381 et
1339 4337 1390 4382 te
1424 4328 1638 4398 ipsum?
1664 4328 1773 4383 Nos
1813 4341 1990 4384 autem

410 4435 507 4473 nec
537 4434 682 4473 reum
704 4417 1036 4472 absolvimus
1060 4459 1075 4484 ,
1099 4416 1192 4471 sed
1219 4425 1274 4471 ut
1300 4428 1569 4473 mereatur
1596 4420 1820 4485 absolvi,
1850 4422 1991 4490 prius

407 4509 602 4579 corrigi
628 4508 871 4579 cupimus
899 4526 912 4562 :
938 4523 1036 4564 nec
1063 4521 1113 4563 te
1139 4509 1499 4577 innocentem,
1528 4512 1643 4567 sive
1668 4512 1757 4567 tibi
1785 4529 1987 4589 parcas,

406 4604 521 4660 sive
548 4613 598 4657 te
624 4602 836 4657 occidas
858 4644 874 4670 ,
906 4601 950 4657 si
984 4602 1035 4656 iu
1070 4611 1218 4671 parte
1250 4602 1439 4657 Donati
1482 4607 1823 4671 remanseris,
1854 4606 1991 4675 judi-

408 4709 614 4749 cantus.
653 4693 784 4748 Nam
820 4692 888 4749 de
915 4693 1241 4765 quantalibet
1273 4694 1576 4749 innocentia
1618 4696 1861 4765 glorieris
1884 4738 1897 4760 ,
1940 4707 1992 4754 te

411 4786 585 4857 ipsum
616 4784 949 4841 innocentem
975 4784 1270 4840 occidendo
1289 4828 1303 4852 ,
1336 4786 1589 4841 innocens
1613 4803 1732 4843 esse
1761 4805 1864 4842 non
1894 4804 1991 4859 po-

412 4878 578 4929 teris:
613 4875 711 4930 nisi
743 4874 879 4931 forte
907 4875 1031 4929 mihi
1077 4876 1406 4945 respondeas
1446 4887 1501 4931 et
1531 4878 1677 4934 dicas
1701 4921 1716 4945 ,
1740 4879 1873 4934 Cum
1907 4896 1992 4936 me

410 4966 618 5033 occido,
647 4982 751 5021 non
778 4966 1112 5022 innocentem
1151 4967 1331 5037 utique
1360 4968 1547 5023 occido
1570 5011 1583 5032 ,
1615 4972 1738 5040 quia
1766 4971 1874 5040 ipsa
1898 4987 1994 5025 vo-

410 5058 613 5114 luntate
638 5072 740 5126 qua
771 5072 856 5110 me
894 5055 1139 5112 occidere
1163 5067 1339 5111 statuo
1362 5098 1378 5125 ,
1410 5074 1534 5114 rcus
1557 5060 1759 5115 emcior
1788 5064 1986 5130 animo,

413 5150 721 5220 priusquam
755 5161 950 5218 corpus
992 5150 1256 5204 occidero.
1295 5150 1408 5205 lioc
1433 5152 1476 5205 si
1506 5152 1639 5208 dicis
1658 5194 1674 5220 ,
1703 5169 1885 5209 verum
1909 5155 1991 5211 di-

410 5244 491 5299 cis
511 5286 525 5308 ,
547 5253 601 5298 et
630 5242 779 5297 miris
800 5242 970 5296 modis
999 5251 1048 5296 te
1073 5244 1369 5319 accusando
1397 5244 1661 5301 defendis.
1685 5247 1818 5302 Cum
1846 5250 1989 5304 enim

410 5341 468 5388 te
495 5333 733 5388 ostendis
763 5334 815 5387 in
859 5342 911 5389 te
940 5333 1233 5389 occidendo
1260 5336 1407 5405 prius
1437 5337 1549 5406 ipso
1580 5340 1849 5409 proposito
1874 5342 1990 5395 neri

413 5434 715 5493 nocentem,
744 5426 929 5499 procul
959 5424 1119 5480 dubio
1143 5428 1377 5482 facinore
1405 5440 1729 5500 perpetrato,
1763 5447 1917 5487 nemo
1941 5441 1993 5489 te

475 5597 749 5683 ἱ
764 5599 1205 5683 Ρξ-τςςὲῇξηςράοι.
1242 5608 1297 5653 At
1320 5602 1452 5663 editi,
1478 5603 1633 5670 legum
1669 5608 1982 5673 proimilqata-

411 5669 550 5713 Mt;
572 5668 765 5719 omisso,
786 5672 876 5722 pro
899 5668 1089 5712 ωηιαιε.

476 5720 499 5749 ⁸
528 5722 580 5764 tn
602 5720 775 5768 eodem
796 5721 996 5784 codice,
1026 5728 1271 5777 constituo.

1370 288 1636 345 CONTRA
1680 285 2079 341 GAUDESTIU
2092 285 2157 350 ii,
2200 285 2257 340 5.
2280 283 2665 373 AUGUSTI?"

3551 293 3657 346 7i!

2074 398 2351 452 convineet
2377 398 2519 467 quod
2545 398 2803 454 occideris
2832 400 3187 455 innocentem.
3218 398 3330 454 Hae
3357 400 3535 471 itaque
3563 420 3653 456 ηι-

2077 488 2216 541 tiune
2244 487 2542 557 colligitur,
2571 490 2712 558 quod
2753 506 2873 544 cum
2912 490 3061 544 multi
3096 490 3408 546 innocentu
3443 494 3509 548 ab
3536 495 3656 549 aliis

2072 579 2399 643 occidantur,
2428 595 2458 635 a
2486 595 2545 636 se
2589 582 2705 650 ipso
2751 582 2927 638 nullus
2966 582 3222 637 innocens
3254 583 3548 640 occidatur.
3582 587 3655 644 Ea

2073 672 2267 741 quippe
2310 671 2629 742 cogitatione
2667 688 2767 743 qua
2796 673 3043 729 occidere
3067 688 3125 729 se
3167 673 3281 743 ipse
3309 675 3546 740 molitur,
3575 678 3659 733 iu-

2075 760 2319 814 nocentia
2363 761 2509 830 prius
2548 762 2907 831 exspoliatur,
2943 770 2999 816 ut
3022 778 3145 817 cum
3186 778 3244 818 se
3286 765 3517 831 occidit,
3550 784 3657 824 non

2076 849 2332 905 innocens
2353 852 2629 906 moriatur.
2661 852 2771 907 lloc
2792 853 2884 907 tibi
2915 854 3270 923 contingeret,
3299 856 3343 908 si
3372 868 3659 928 antequam

2076 949 2128 995 te
2147 941 2391 997 occidere
2428 957 2755 1011 prazparares
2778 985 2791 1006 ,
2833 944 3092 999 innocens
3135 960 3320 1002 esses:
3349 962 3491 1003 nunc
3531 965 3661 1004 vero

2074 1033 2196 1102 quia
2223 1042 2275 1088 et
2303 1042 2458 1088 antea
2487 1033 2599 1103 jam
2628 1035 2908 1091 hmrctieus
2948 1035 3207 1092 innocens
3228 1054 3333 1092 non
3364 1054 3486 1094 eras
3509 1079 3526 1105 ,
3552 1057 3660 1096 non

2072 1127 2196 1190 erit,
2242 1127 2287 1182 si
2337 1136 2392 1184 te
2438 1128 2731 1198 omideris,
2786 1137 2891 1185 tua:
2938 1130 3229 1201 iniquitatis
3283 1133 3535 1200 initium,
3562 1135 3657 1190 sed

2074 1229 2439 1289 augmentum.

2142 1307 2372 1366 CAPUT
2410 1309 2550 1365 XIV.
2584 1340 2655 1354 —
2693 1312 2779 1367 15.
2830 1311 3003 1369 Verba
3055 1312 3308 1383 Epistolas
3342 1332 3360 1368 :
3405 1314 3546 1370 Nam
3596 1318 3661 1371 de

2075 1408 2249 1452 sancto
2300 1397 2526 1455 Emerita
2547 1442 2564 1466 ,
2600 1401 2795 1470 inquit,
2828 1402 3136 1457 ϐωστρεηεὶ
3177 1406 3308 1481 falso
3340 1405 3409 1459 ad
3444 1422 3531 1461 eos
3568 1425 3661 1476 pro

2074 1498 2208 1541 certo
2229 1489 2367 1557 [antu
2396 1490 2637 1559 pervenit.
2664 1490 2815 1557 Quod
2839 1493 2881 1547 si
2905 1503 3049 1556 esset,
3067 1495 3237 1562 apttd‘
3261 1497 3556 1564 Apostolus
3581 1499 3661 1550 di-

2077 1588 2269 1631 centem
2294 1619 2308 1642 ,
2367 1597 2386 1629 ι
2427 1579 2488 1633 Si
2516 1580 2807 1634 exciderunt
2836 1598 2867 1634 α
2896 1582 2997 1651 ﬁde
3019 1584 3226 1653 quidam
3263 1585 3483 1648 illorum,
3510 1604 3658 1639 nunt-

2076 1668 2200 1736 quid
2247 1668 2521 1737 inﬁdelitas
2558 1669 2763 1724 illorum
2812 1672 2963 1740 ﬁdem
3003 1673 3098 1727 Dei
3135 1676 3425 1731 coacuarit.’
3467 1677 3606 1731 Absit
3635 1700 3657 1731 ο

2083 1759 2255 1826 (Rom.
2287 1777 2378 1827 Ill,
2412 1762 2489 1826 5).
2530 1762 2608 1817 Ad
2652 1763 2765 1818 hare
2807 1767 3087 1833 responsio
3119 1785 3133 1820 :
3163 1765 3451 1822 Dicendum
3488 1778 3572 1823 est
3596 1771 3665 1824 du

2082 1851 2321 1907 Emerita
2358 1850 2723 1917 Caesarecnsi,
2748 1855 2890 1923 quod
2936 1854 3115 1911 dicere
3146 1866 3200 1910 tu
3227 1855 3467 1912 timuisti.
3506 1858 3661 1914 Falsa

2079 1942 2289 2012 quidem
2310 1944 2378 1999 de
2403 1944 2493 1998 illo
2514 1945 2648 1999 fama
2671 1946 2866 2014 iactata
2889 1956 2989 2009 est,
3014 1949 3154 2017 quod
3176 1949 3469 2003 catholicus
3492 1950 3665 2006 factus

2078 2035 2148 2088 sit
2176 2052 2188 2087 :
2218 2034 2312 2090 sed
2339 2037 2787 2105 quemadmodum
2817 2038 2919 2093 ltoc
2937 2040 3187 2104 audistis;
3222 2042 3290 2095 ita
3320 2048 3488 2095 totum
3517 2044 3661 2112 quod

2082 2124 2274 2179 factum
2301 2137 2384 2180 est
2409 2170 2424 2193 ,
2452 2142 2611 2183 nosse
2649 2129 2913 2197 potuisus.
2954 2130 3064 2185 Cur
3091 2146 3218 2201 ergo
3263 2133 3444 2187 laudes
3483 2137 3665 2204 coepi-

2081 2217 2226 2285 sc0pi
2272 2217 2381 2283 tui,
2414 2218 2566 2286 cujus
2613 2219 2706 2273 tibi
2750 2236 2844 2289 pro
2869 2222 3114 2291 exemplo
3164 2238 3357 2277 nomen
3396 2224 3665 2294 ol-jectum

2080 2316 2199 2373 est,
2230 2317 2406 2365 tacere
2434 2311 2690 2366 voluisti?
2723 2313 2971 2368 Proiecto
3008 2314 3053 2369 si
3104 2313 3228 2369 fecit
3267 2316 3464 2387 aliquid
3511 2318 3671 2374 laude

2081 2399 2297 2469 dignum
2331 2401 2382 2455 in
2405 2410 2550 2457 tanto
2575 2402 2826 2468 articulo,
2855 2420 2959 2457 non
2991 2405 3087 2458 abs
3116 2415 3166 2459 te
3209 2405 3306 2460 fuit
3356 2406 3538 2479 utique
3580 2425 3668 2464 re-

2085 2492 2375 2547 ticendum.
2416 2492 2521 2549 Sed
2548 2494 2667 2564 quia
2700 2494 2817 2564 ejus
2847 2495 3091 2550 laudibus
3130 2510 3238 2550 non
3268 2499 3347 2550 vis
3372 2506 3430 2552 ut
3459 2509 3508 2552 te
3536 2499 3691 2553 iuvit

2081 2582 2212 2638 dere
2236 2583 2470 2652 potuisse
2494 2585 2796 2653 credamus,
2822 2601 2987 2655 quare
3014 2602 3142 2657 ergo
3170 2589 3399 2655 tacuisti,
3424 2589 3525 2644 nisi
3546 2592 3671 2660 quia

2084 2672 2150 2728 de
2174 2674 2276 2727 illo
2299 2675 2619 2730 erubescere
2647 2676 2899 2730 timuisti?
2926 2675 3085 2732 Venit
3106 2694 3235 2749 ergo
3267 2679 3531 2734 Emeritus
3556 2683 3665 2736 Cie.

2086 2780 2314 2833 saream,
2344 2765 2449 2820 illic
2490 2767 2679 2837 positis
2707 2777 2762 2822 et
2790 2768 3143 2838 prwsentibus
3181 2771 3352 2825 nobis.
3392 2770 3549 2825 Venit
3568 2787 3668 2826 au-

2087 2867 2193 2913 tem
2221 2874 2326 2914 non
2357 2861 2723 2930 apprehensus
2747 2860 3063 2933 cujusquam
3103 2864 3413 2934 sagacitate,
3442 2880 3548 2919 non
3576 2865 3672 2919 ad-

2086 2949 2280 3008 ductus
2344 2951 2563 3005 alterius
2629 2960 2931 3021 potestate;
2982 2952 3076 3007 sed
3139 2954 3401 3007 excitatus
3458 2955 3671 3024 propria

2086 3043 2358 3097 voluntate
2390 3042 2570 3097 videre
2601 3057 2698 3096 nos
2736 3043 2922 3097 voluit.
2956 3042 3194 3097 Vidimus
3214 3060 3335 3099 eum
3355 3086 3370 3108 ,
3401 3044 3466 3099 ad
3500 3048 3672 3100 ecclw

2088 3136 2220 3188 siam
2279 3132 2594 3189 catholicam
2642 3136 2845 3205 pariter
2893 3136 3177 3198 venimus,
3222 3136 3387 3190 adfuit
3438 3137 3670 3192 maxims

2087 3226 2372 3282 multitudo
2404 3244 2417 3280 :
2446 3226 2574 3281 nihil
2604 3243 2698 3297 pro
2724 3242 2815 3281 sua
2843 3243 2937 3281 seu
2962 3236 3135 3282 vestra
3157 3227 3467 3283 defensione
3493 3229 3671 3282 dii-ere

2089 3319 2296 3390 potuit;
2344 3318 2740 3373 communicare
2787 3317 2994 3382 noluit,
3041 3316 3238 3373 dilatus
3292 3320 3669 3388 perseveravit,

2089 3413 2363 3467 convictus
2389 3411 2688 3477 obmutuit,
2720 3410 2922 3465 illresus
2964 3410 3241 3466 abscessit.
3271 3411 3405 3479 Quid
3433 3413 3544 3466 lteri
3577 3428 3672 3481 po.

2091 3503 2189 3556 tuit
2220 3517 2316 3572 pro
2346 3511 2525 3557 nostra
2558 3501 2928 3556 mansetudiue
2953 3502 3150 3567 lenius,
3180 3502 3304 3572 quid
3338 3519 3433 3573 pro
3453 3505 3673 3558 veritate

2096 3591 2362 3647 catholica
2386 3593 2407 3625 ³
2440 3593 2713 3659 invictius;
2745 3592 2869 3662 quid
2896 3607 2993 3663 pro
3021 3602 3194 3647 vestra
3213 3634 3228 3657 ,
3258 3592 3304 3647 si
3329 3595 3534 3663 sapitis,
3558 3610 3674 3650 eor-

2091 3686 2326 3740 rcctioue
2351 3685 2647 3741 salubrius?
2672 3684 2804 3740 Cum
2832 3685 2972 3739 enim
3010 3694 3200 3757 sponte
3228 3685 3292 3740 ad
3329 3702 3426 3740 nos
3454 3687 3553 3741 nisi
3581 3702 3675 3757 pro

2090 3776 2241 3830 vobis
2268 3785 2452 3831 contra
2479 3790 2576 3831 nos
2614 3776 2851 3831 dicturus
2876 3776 3073 3847 aliquid
3106 3792 3212 3830 nou
3256 3776 3520 3843 venisset,
3549 3793 3675 3846 pro.

2094 3864 2230 3921 l'eeto
2250 3866 2491 3930 dixisset;
2513 3866 2557 3921 si
2582 3866 2723 3937 quod
2747 3866 2969 3933 diceret,
2994 3867 3298 3922 invenisset.
3319 3866 3677 3937 Quacumque

2091 3950 2231 4005 enim
2258 3959 2316 4004 ut
2344 3950 2545 4004 veniret
2575 3958 2963 4019 praeparaverat
2984 3949 3183 4017 dicere,
3206 3950 3489 4020 adiuvante
3513 3952 3675 4007 mise-

2092 4042 2320 4098 rieordia
2366 4042 2574 4097 Domini
2617 4052 2741 4097 ante
2764 4052 2889 4098 sunt
2919 4055 3101 4097 nostra
3146 4043 3505 4113 praventirme
3532 4042 3675 4099 refu-

2095 4142 2221 4191 tata,
2246 4147 2403 4202 quam
2443 4132 2585 4188 illius
2621 4132 3077 4189 eireumventione
3110 4133 3333 4202 prolata.
3360 4134 3429 4189 Et
3456 4143 3605 4190 certe
3631 4135 3676 4191 si

2096 4232 2246 4291 initas
2282 4239 2404 4278 eum
2443 4224 2678 4293 potuisse
2700 4265 2716 4292 ,
2751 4224 2843 4280 sed
2881 4226 3117 4281 uoluisse
3159 4225 3524 4295 respondere;
3565 4228 3679 4297 lege

2093 4315 2234 4385 quod
2262 4330 2381 4370 cum
2411 4316 2502 4371 illo
2528 4327 2703 4371 aetum
2732 4324 2848 4381 cst,
2877 4328 2932 4371 et
2956 4316 3070 4386 ipse
3110 4319 3393 4389 responde.
3423 4317 3482 4374 Si
3504 4320 3557 4373 in
3585 4334 3677 4389 ps.

2094 4422 2210 4461 cem
2249 4405 2566 4462 catholicam
2613 4408 2890 4462 transisset
2938 4409 3240 4475 Emeritos,
3272 4408 3521 4465 diceretis
3556 4426 3677 4465 eum

2096 4514 2199 4551 non
2230 4498 2405 4552 divina
2446 4498 2785 4552 miseratione
2828 4498 3168 4553 consensisse
3199 4500 3382 4554 lumini
3418 4501 3674 4563 vet-initis,

2094 4587 2186 4643 sed
2238 4587 2457 4657 ponderi
2510 4588 2894 4657 persecutionis
2939 4587 3167 4643 lmmana
3212 4589 3519 4646 infirmitate
3568 4607 3679 4647 ces-

2094 4680 2249 4735 sisse.
2276 4679 2333 4735 Si
2359 4679 2588 4749 denique
2613 4690 2797 4750 captus
2822 4680 3175 4735 adduceretur
3194 4682 3411 4748 invitus,
3442 4700 3544 4737 non
3570 4685 3677 4738 inoo

2096 4772 2178 4841 pia
2202 4771 2560 4841 respondendi
2594 4812 2609 4834 ,
2637 4770 2728 4826 sed
2759 4770 3019 4826 evadendi
3054 4774 3278 4827 consilio
3321 4774 3547 4828 tacuisse
3589 4792 3620 4844 p
3650 4793 3681 4826 o

2096 4876 2275 4919 vestro
2298 4866 2516 4920 arbitrio
2547 4864 2837 4935 jactaretis.
2871 4866 3023 4921 Nune
3047 4882 3174 4922 vero
3216 4868 3431 4939 quando
3461 4870 3673 4939 quidem

2096 4957 2237 5011 ultro
2284 4958 2462 5021 venit,
2495 4958 2730 5028 profecto
2770 4959 2909 5029 quod
2959 4962 3152 5024 tacuit,
3182 4977 3288 5016 non
3317 4963 3491 5032 lingua
3526 5004 3539 5026 ,
3591 4963 3680 5015 sed

2054 5102 2055 5109 η
2095 5063 2253 5102 causa
2290 5050 2482 5104 deiecit
2508 5068 2521 5103 :
2548 5050 2687 5119 quod
2730 5061 2907 5105 autem
2953 5054 3181 5108 transire
3223 5054 3278 5107 lu
3315 5056 3571 5106 unitatem
3598 5069 3682 5105 ea-

2097 5140 2346 5194 tliolicam
2376 5140 2576 5205 noluit,
2605 5140 2835 5196 animum
2866 5145 3149 5212 superbam
3178 5142 3419 5198 crnifusiu
3453 5146 3681 5213 pertina-

2095 5230 2362 5285 cissimam
2409 5230 2564 5289 fecit.
2587 5229 2693 5288 Sed
2740 5233 2841 5288 hoc
2881 5243 3137 5302 quantum
3169 5234 3233 5287 ad
3265 5233 3435 5302 ipsius
3464 5234 3682 5289 exitiun

2096 5335 2254 5393 atque
2282 5325 2621 5395 supplicium,
2651 5335 2854 5382 tantum
2885 5327 2950 5381 ad
2978 5329 3202 5382 aliorum
3224 5331 3633 5387 conﬁrmatione
3654 5351 3681 5383 η

2097 5419 2428 5488 salutemque
2459 5418 2701 5489 profecit.
2743 5420 2799 5476 Si
2826 5421 2968 5476 enim
3001 5420 3241 5477 viderent
3271 5424 3563 5480 Emeritam
3592 5440 3678 5480 no-

2159 5613 2177 5677 ξ
2211 5618 2348 5671 Loco,
2371 5612 2521 5677 apud,
2542 5617 2665 5665 torte
2691 5617 2976 5677 legendum,
3000 5619 3135 5668 andi.

2096 5672 2584 5786 “(Lugovauiéusibus
2609 5672 2798 5727 videtur
2825 5672 3106 5742 legendum,
3157 5692 3245 5745 pro
3289 5680 3486 5735 ueritate
3508 5680 3673 5732 Catho-
