4070 6200
260 893 314 942 θ

341 276 446 331 715

336 388 418 443 bis
455 386 933 444 communicautem
953 426 971 454 ,
998 388 1396 459 suspicarentur
1425 387 1693 443 hominem
1734 386 1917 442 formi-

335 480 547 534 dantem
576 499 590 533 :
617 492 736 532 cum
777 487 954 533 autem
980 478 1224 533 viderunt
1246 487 1300 532 et
1326 478 1377 532 in
1404 490 1555 549 parte
1582 479 1766 532 Donati
1796 493 1918 547 per-

335 578 658 632 manentem,
683 579 737 623 et
758 578 933 623 tamen
955 570 1208 623 adversus
1234 567 1557 623 Catholicam
1587 571 1918 633 reticentem,

336 661 504 731 magis
533 662 638 714 illis
677 663 920 731 apparuit
960 669 1144 716 contra
1172 676 1298 715 suos
1325 661 1531 715 silendo
1559 662 1807 715 clamare.
1838 662 1920 714 Au

339 767 467 806 vero
493 767 613 806 cmn
642 766 771 815 voce
798 760 954 821 atque
976 767 1069 807 ore
1095 766 1225 806 Sano
1268 761 1322 805 et
1365 752 1533 807 libero
1579 762 1779 814 staret,
1815 767 1919 805 non

339 852 455 897 erat
482 858 576 912 pro
606 852 779 912 vcstt‘a
806 858 963 897 causa
994 853 1176 897 coiitra
1221 858 1318 896 nos
1346 845 1495 897 testis
1518 843 1740 897 idoneus
1765 844 1919 897 Eme-

333 908 624 998 ritus-ille,
683 908 772 987 ille
826 932 1121 997 Emeritos,
1173 931 1426 1002 inquam,
1478 944 1531 987 et
1576 932 1822 987 inimicus
1866 940 1923 987 et

334 1024 555 1079 mutus?

404 1114 632 1172 CAPUT
658 1114 774 1169 XV.
801 1144 873 1153 —
905 1114 991 1169 16.
1019 1113 1124 1171 Sed
1154 1115 1289 1171 bene
1317 1116 1405 1169 tibi
1439 1115 1584 1169 visus
1613 1130 1670 1170 es
1697 1123 1912 1169 vestros

335 1205 649 1261 auctoritate
668 1205 1213 1276 videlicetapostolica
1236 1207 1501 1262 consolari
1526 1226 1538 1260 :
1564 1222 1668 1260 non
1700 1214 1915 1276 propter

335 1298 646 1362 Emeritum,
691 1298 781 1368 qui
834 1312 938 1352 non
993 1299 1161 1368 potuit
1213 1298 1331 1367 plus
1364 1298 1539 1353 facere
1576 1312 1671 1366 pro
1719 1297 1868 1353 vobis
1896 1338 1912 1363 ,

331 1405 489 1459 quam
518 1388 659 1459 quod
689 1402 795 1442 non
823 1388 1099 1443 inveniens
1128 1390 1252 1458 quid
1284 1384 1587 1459 loqueretur
1621 1403 1717 1457 pro
1741 1388 1912 1453 vobis,

331 1496 435 1534 non
481 1489 657 1534 tamen
699 1480 953 1534 abscessit
984 1495 1011 1532 a
1045 1480 1226 1544 vobis;
1259 1480 1352 1535 sed
1385 1489 1600 1550 propter
1627 1480 1793 1543 alios,
1823 1480 1912 1548 qui

332 1583 509 1629 vestro
536 1587 717 1628 errore
755 1572 1012 1627 derelicto
1043 1572 1093 1626 in
1118 1573 1424 1627 societatem
1455 1572 1769 1626 catholicam
1798 1587 1912 1624 mu-

331 1664 445 1728 tati,
479 1664 530 1717 in
557 1663 753 1718 melius
777 1666 1149 1732 aggregantur,
1183 1662 1610 1718 commemorasti
1638 1670 1912 1733 propterea

329 1754 528 1809 dixisse
582 1753 927 1822 Apostolutn,
975 1753 1034 1806 Si
1064 1752 1272 1823 quidam
1314 1753 1517 1807 illorum
1558 1752 1849 1806 exciderunt
1882 1768 1915 1803 a

330 1845 451 1911 fide,
479 1844 720 1913 numquid
764 1844 1039 1912 inﬁdelitas
1067 1843 1274 1897 illorum
1299 1844 1452 1911 ﬁdem
1492 1841 1587 1897 Dei
1615 1843 1913 1896 evacuabit?

337 1934 499 1987 Absit.
533 1932 740 1987 Revera
770 1932 870 1986 hoc
896 1941 1080 1997 restat,
1110 1942 1167 1986 ut
1191 1932 1450 1987 excidisse
1478 1932 1722 1987 dicantur
1748 1948 1777 1986 a
1811 1932 1914 1987 tide

328 2026 417 2094 qui
448 2026 556 2080 Deo
581 2024 944 2091 crediderunt,
978 2034 1032 2079 et
1074 2024 1230 2079 fidem
1276 2033 1455 2078 tenere
1485 2024 1574 2094 qui
1604 2023 1912 2077 hominibus

326 2116 569 2171 credunt.
623 2114 689 2168 In
723 2115 912 2168 semine
957 2125 1044 2167 tuo
1086 2114 1436 2167 benedicentur
1492 2130 1662 2167 omnes
1699 2122 1909 2184 gentes,

326 2206 459 2260 dixit
491 2206 627 2260 Deus
661 2204 812 2277 (Gen.
843 2218 977 2268 χχιι,
1012 2202 1121 2275 18).
1159 2205 1293 2258 Ecce
1330 2204 1414 2258 cui
1452 2203 1697 2268 credunt,
1727 2203 1816 2272 qui
1844 2218 1911 2258 ex

325 2296 476 2350 vobis
516 2295 581 2349 ad
633 2310 730 2348 nos
782 2305 1080 2349 transeunt.
1122 2288 1388 2348 Caeciliani
1442 2303 1659 2362 peccato
1687 2294 1912 2367 periisse

326 2385 708 2440 transmarinas
756 2395 941 2453 gentes
982 2382 1225 2436 homines
1252 2383 1516 2437 dixerunt.
1552 2383 1687 2437 Ecce
1719 2381 1912 2452 quibus

322 2478 567 2540 credunt,
599 2475 687 2545 qui
731 2475 782 2527 in
830 2485 1005 2529 vestra
1044 2474 1300 2528 societate
1346 2475 1654 2543 persistuut.
1687 2473 1755 2527 Et
1780 2473 1912 2526 dicis

322 2582 420 2622 eos
447 2566 708 2620 excidisse
746 2582 773 2616 a
813 2564 913 2617 lide
943 2563 1034 2633 qui
1065 2563 1221 2617 fidem
1252 2563 1342 2616 Dei
1365 2563 1531 2616 secuti
1563 2571 1708 2626 sunt,
1736 2570 1789 2616 et
1817 2576 1911 2615 eos

326 2657 481 2711 tidem
530 2657 726 2711 habere
768 2655 859 2709 Dei
898 2655 986 2724 qui
1028 2656 1078 2709 in
1118 2655 1299 2710 verbis
1328 2655 1599 2708 hominum
1633 2670 1909 2709 remanse-

325 2739 467 2802 runt.
504 2748 602 2802 Ubi
634 2756 714 2800 est
744 2762 872 2816 ergo
898 2746 1038 2816 quod
1085 2746 1207 2801 huic
1251 2747 1529 2800 sententia:
1556 2747 1651 2802 abs
1681 2757 1732 2803 te
1760 2762 1913 2802 com-

326 2851 632 2893 memorant:
677 2840 931 2893 Continuo
960 2838 1230 2908 subjungit
1262 2841 1570 2921 Apostolus,
1603 2838 1699 2893 Est
1741 2852 1910 2896 autem

326 2932 462 2985 Deus
502 2948 671 2997 verax,
705 2930 867 2984 ontnis
896 2940 1063 2983 autem
1101 2930 1251 2985 homo
1294 2931 1513 2985 mendax
1546 2930 1719 3002 (Rom.
1748 2948 1826 2999 Ill,
1852 2933 1904 2999 3,

322 3026 412 3095 4);
441 3025 484 3077 si
510 3041 541 3080 a
572 3024 673 3078 fide
696 3024 1011 3078 exciderunt
1039 3023 1125 3091 qtti
1157 3023 1381 3077 credunt
1416 3023 1557 3092 quod
1596 3024 1731 3078 dixit
1771 3025 1908 3079 Deus

323 3134 504 3180 verax,
547 3126 601 3170 et
651 3118 702 3169 in
746 3116 847 3168 fide
896 3114 1301 3184 persistuntqui
1346 3115 1739 3185 creduntquod
1769 3116 1909 3171 dixit

323 3208 482 3262 homo
512 3204 780 3261 mendax?

390 3297 614 3353 CAPUT
636 3297 861 3351 XVI.—
883 3297 967 3350 l7.
1002 3295 1173 3348 Verba
1208 3294 1455 3363 Epistolas
1489 3313 1499 3347 :
1534 3294 1732 3365 Fugam
1759 3296 1902 3363 nti/ti,

319 3390 511 3459 inquit,
539 3389 681 3456 quasi
701 3404 762 3440 ea:
782 3386 888 3457 lege
909 3385 1181 3456 persuades
1209 3400 1227 3436 :
1257 3384 1343 3438 sed
1374 3387 1536 3452 [actor
1561 3384 1684 3454 legis
1711 3394 1906 3439 tantum

317 3483 466 3535 debet
510 3480 711 3544 audiri;
756 3478 875 3547 quia
920 3477 1117 3529 Paulus
1142 3475 1401 3545 apostolus
1426 3475 1565 3535 dicit,
1604 3494 1622 3525 ‹
1663 3473 1782 3529 Non
1813 3493 1906 3528 au-

318 3575 508 3627 ditores
543 3571 665 3641 legis
696 3570 829 3640 justi
859 3578 979 3622 sunt
1014 3568 1154 3636 apud
1180 3566 1375 3632 Deum,
1411 3566 1499 3619 sed
1535 3569 1752 3637 [actores
1781 3568 1903 3637 legis

317 3662 725 3734 iustificabuntur
761 3678 779 3711 ι
816 3658 924 3730 (Id.
956 3674 1014 3725 It,
1049 3656 1162 3726 15).
1198 3655 1336 3709 Nam
1375 3656 1494 3709 audi
1540 3665 1586 3709 et
1632 3656 1904 3711 Dominum

319 3755 584 3813 dicentem,
619 3769 637 3802 ι
677 3750 811 3816 Quia
840 3751 1000 3803 bonus
1024 3756 1195 3818 pastor
1224 3747 1446 3799 animant
1471 3763 1618 3799 suam
1645 3747 1783 3815 ponit
1807 3763 1902 3813 pro

319 3847 491 3900 ovibus
517 3845 624 3897 suis
655 3858 673 3896 :
698 3840 1035 3895 mercenarius
1077 3848 1280 3903 autent,
1326 3838 1475 3905 cujus
1514 3852 1614 3889 non
1645 3846 1760 3889 sunt
1789 3853 1902 3889 aves

320 3937 557 4006 proprias,
588 3934 719 3988 videt
749 3933 927 4001 lupum
952 3930 1247 3993 uenientem,
1268 3937 1314 3981 et
1331 3925 1494 3997 fugit;
1525 3937 1569 3979 et
1592 3927 1741 3996 lupus
1768 3926 1902 3996 rapit

317 4044 401 4082 eas
426 4037 474 4081 et
502 4024 745 4096 dispergit
782 4041 800 4075 ›
828 4020 1007 4095 (Joan.
1036 4036 1091 4085 χ,
1123 4020 1209 4084 Η,
1241 4016 1352 4089 12).
1395 4016 1473 4070 Ad
1519 4012 1634 4069 lucc
1675 4032 1900 4085 respon-

316 4120 398 4173 sio
440 4136 453 4171 :
492 4116 632 4171 Ecce
668 4111 936 4185 quomodo
981 4109 1224 4179 intelligit
1269 4107 1611 4178 Evangelium
1647 4122 1767 4175 pars
1800 4108 1904 4160 Do-

317 4210 447 4264 nati.
495 4208 641 4263 Itane
685 4203 973 4274 Apostolus
994 4243 1009 4268 ,
1043 4215 1148 4255 non
1182 4207 1383 4268 pastor,
1421 4197 1513 4251 sed
1543 4198 1901 4253 mercenarius

316 4300 451 4365 erat,
483 4294 696 4371 quando
726 4310 819 4364 per
844 4307 1051 4346 murum
1084 4290 1139 4343 in
1166 4297 1344 4358 sporta
1388 4287 1718 4354 submissus,
1770 4288 1902 4357 fugit

317 4406 506 4445 manus
531 4391 648 4458 ejus
673 4386 761 4456 qui
801 4400 922 4439 eum
965 4378 1422 4450 comprehendere
1463 4377 1709 4447 cupiebat
1750 4377 1896 4448 (Act.

326 4498 397 4546 ts,
432 4479 555 4549 25);
598 4487 653 4532 ct
703 4485 756 4530 tu
805 4489 863 4529 es
906 4481 1121 4544 pastor,
1173 4470 1263 4540 qui
1304 4485 1393 4524 eas
1437 4484 1567 4538 quas
1605 4469 1900 4522 dominicas

316 4587 443 4626 oves
471 4572 510 4635 ¹,
541 4580 598 4622 ιιι
644 4582 827 4623 errore
872 4566 923 4617 in
968 4563 1147 4617 animo
1187 4569 1424 4629 pereant,
1481 4558 1659 4613 furore
1705 4575 1898 4629 corpus

317 4663 642 4725 interimant,
686 4660 845 4713 etiam
884 4665 1055 4710 tecmn
1103 4653 1179 4706 vis
1219 4650 1474 4721 perdere,
1508 4662 1678 4704 tecum
1705 4652 1899 4719 qtueris

316 4752 556 4806 occidere
575 4791 589 4815 ,
619 4763 717 4803 nec
740 4746 890 4801 audis
915 4753 1176 4815 pastorem
1205 4751 1577 4811 pastorumque
1603 4741 1896 4811 principem

316 4828 599 4907 dicenlem,
634 4838 744 4892 Fur
769 4854 869 4891 non
895 4837 1027 4889 venit
1056 4833 1153 4887 nisi
1170 4841 1221 4885 ut
1247 4832 1440 4885 occidat
1455 4841 1502 4884 et
1526 4832 1702 4901 perdat
1720 4831 1895 4901 (Joan.

317 4950 368 4993 χ.
393 4933 523 5003 10)?
552 4931 631 4985 Ad
665 4930 766 4984 hoc
795 4925 1008 4991 venisti,
1040 4925 1128 4993 qui
1152 4921 1528 4977 abseesseras?
1552 4921 1615 4974 ad
1648 4921 1748 4976 hoc
1777 4921 1898 4982 red-

314 5024 394 5077 isti
415 5063 432 5087 ,
466 5022 553 5091 qui
577 5016 847 5088 ingeras?
878 5015 989 5070 Hoc
1012 5029 1146 5083 opus
1190 5011 1321 5066 furis
1341 5019 1495 5065 estet
1518 5012 1759 5075 latronis,
1791 5027 1894 5065 non

317 5115 542 5182 pastoris
567 5121 723 5180 atque
745 5106 999 5162 custodis.
1021 5103 1398 5158 Verumtamen
1425 5101 1585 5155 etiam
1615 5101 1767 5156 nobis
1790 5118 1893 5156 non

315 5220 361 5260 tc
391 5204 721 5274 cogentibus,
756 5200 873 5253 vide
902 5198 1024 5268 quia
1054 5210 1243 5249 omnes
1280 5195 1511 5265 collegas
1541 5202 1659 5248 tuos
1688 5195 1774 5263 qui
1813 5193 1896 5247 fu-

312 5305 537 5363 gerunt,
589 5308 692 5346 non
730 5300 993 5360 pastores,
1022 5285 1117 5341 scd
1159 5284 1518 5340 mercenarios
1557 5284 1777 5354 intelligi
1806 5302 1895 5339 vo-

316 5384 476 5438 luisti.
526 5381 632 5436 Scd
676 5381 721 5435 si
775 5386 957 5434 essent
998 5374 1137 5445 apud
1191 5385 1241 5429 te
1290 5374 1571 5429 dominica:
1609 5391 1759 5439 oves,
1805 5386 1896 5429 aut

315 5484 486 5529 tecum
528 5473 809 5537 venirent,
854 5479 908 5523 ut
947 5469 1104 5523 etiam
1139 5477 1190 5521 te
1218 5475 1515 5521 correctum
1550 5477 1764 5537 possent
1795 5467 1893 5522 ha-

380 5669 397 5701 ί
428 5675 583 5734 Forte,
608 5664 694 5728 qui
712 5679 789 5715 eas
812 5678 927 5725 mtas
949 5663 1082 5726 apud
1106 5669 1150 5712 te
1191 5677 1289 5713 esse
1314 5662 1436 5713 diris
1482 5660 1743 5713 rlominica':
1767 5678 1888 5715 ores.

566 5752 834 5829 Parnm”
870 5751 1093 5809 XHll.

1715 270 1916 328 LIBER
1957 270 2229 332 PRIMUS.

3507 291 3614 346 1H

2032 388 2159 444 bere
2191 400 2454 460 pastorem
2476 436 2490 461 ,
2519 404 2609 450 aut
2635 406 2687 453 te
2712 396 2933 455 dimisso
2958 398 3202 470 fugerent
3225 402 3290 457 ad
3320 412 3610 472 pastorem.
3648 440 3657 447 κ

2028 478 2387 539 Mercenarius
2431 496 2609 543 autem
2658 503 2815 558 quem
2866 491 3128 561 signiﬁcat
3166 493 3444 561 Dominus,
3496 494 3635 553 viso‘

2028 571 2171 642 lupo,
2207 589 2314 629 non
2343 590 2589 646 corpore.
2642 580 2735 634 sed
2783 582 2962 636 animo
2988 581 3141 653 fugit,
3171 584 3384 654 quando
3409 585 3608 645 deserit

2027 663 2220 719 timore
2258 665 2538 736 justitiam.
2572 671 2718 725 Sicut
2746 671 2877 742 fugit
2912 673 3189 730 Secundus
3218 686 3394 729 vester
3419 676 3609 747 Tigisi-

2029 764 2182 813 tanus
2207 760 2766 833 quando‘Purpurium
2806 765 3160 823 Limatensem
3208 768 3277 823 de
3322 769 3611 826 homicidio

2025 849 2350 919 confessum,
2383 856 2653 926 magisque
2682 858 2994 924 terribilem,
3036 874 3103 915 ne
3153 861 3434 928 primatum
3489 878 3608 931 per-
3688 926 3709 945 κ

2025 941 2176 997 deret
2202 945 2282 999 vel
2312 946 2696 1016 episcopatum,
2731 951 2927 1005 timuit.
2967 950 3204 1022 COrpore
3238 964 3417 1009 autem
3446 955 3607 1010 etiam

2025 1034 2146 1089 boni
2177 1036 2252 1091 illi
2279 1049 2519 1106 pastores
2547 1042 2786 1110 Apostoli
2819 1043 2870 1097 in
2899 1046 3267 1112 persecutione
3311 1045 3562 1117 fugerunt
3590 1087 3606 1109 .

2025 1142 2124 1183 nec
2152 1129 2272 1183 ideo
2306 1140 2480 1186 tamen
2511 1148 2638 1188 oves
2664 1133 2860 1192 Christi
2891 1151 3016 1191 cura
3056 1146 3111 1192 et
3155 1139 3334 1192 animo
3382 1140 3609 1209 relique-

2024 1229 2166 1274 runt.
2199 1220 2254 1276 Si
2284 1237 2411 1292 ergo
2438 1232 2493 1277 e1
2521 1234 2572 1277 tu
2601 1236 2783 1297 pastor
2806 1242 2954 1281 esses
2973 1269 2989 1291 ,
3019 1229 3165 1296 prius
3194 1229 3209 1260 ¹
3240 1230 3291 1282 in
3323 1230 3428 1297 lupi
3456 1240 3608 1300 parte

2024 1325 2126 1364 non
2158 1326 2339 1377 esses;
2369 1313 2566 1368 deinde
2603 1315 2884 1385 imperium
2930 1317 3138 1373 Domini
3172 1319 3276 1384 tui,
3305 1321 3392 1389 qui
3419 1335 3608 1376 servos

2021 1414 2146 1455 suos
2175 1400 2357 1471 fugere
2389 1403 2439 1457 in
2471 1406 2931 1473 persecutionihus
2954 1408 3146 1477 jussit,
3177 1424 3272 1479 per
3316 1425 3378 1463 os
3419 1415 3602 1480 cujus-

2021 1489 2146 1545 libet
2173 1492 2332 1546 etiam
2359 1496 2654 1561 peccatoris
2675 1496 2987 1553 obedienter
3002 1499 3266 1566 audisses,
3292 1515 3392 1555 nec
3415 1512 3601 1556 contra

2023 1581 2305 1636 Dominum
2345 1592 2489 1637 tuum
2536 1588 2987 1656 argumentareris
3029 1598 3084 1643 ct
3125 1590 3355 1658 diceres,
3414 1592 3605 1647 Factor

2021 1674 2143 1745 legis
2173 1686 2365 1730 tantunt
2391 1678 2533 1732 debet
2556 1680 2746 1746 audiri,
2776 1682 2896 1751 quia
2932 1679 3127 1736 Paulus
3151 1685 3411 1752 apostolus
3440 1686 3601 1750 dicit,

2025 1782 2043 1814 ι
2085 1763 2206 1819 Νοη
2232 1768 2485 1822 auditores
2511 1770 2633 1840 legis
2646 1773 2776 1840 justi
2803 1783 2918 1826 sunt
2948 1772 3086 1843 apud
3115 1773 3302 1841 Deum,
3328 1777 3418 1829 sed
3436 1779 3605 1846 facto-

2021 1872 2099 1910 res
2125 1855 2247 1927 legis
2265 1859 2706 1928 justi/icabuntur.
2742 1882 2761 1914 ι

2087 1969 2315 2027 CAPUT
2353 1972 2514 2027 xvu.
2558 2005 2630 2015 -
2675 1976 2761 2031 is.
2804 1977 2940 2045 Quid
2983 1979 3032 2032 in
3080 1979 3238 2033 aliam
3287 1958 3604 2040 sententiam

2018 2061 2179 2116 verba
2211 2065 2488 2119 manifesta
2519 2068 2874 2122 convenitis?
2916 2070 3201 2126 Auditures
3242 2073 3371 2141 legis
3406 2085 3458 2128 et
3499 2092 3603 2129 non

2021 2153 2247 2208 factores
2275 2156 2414 2224 apud
2447 2157 2610 2211 Deum
2646 2159 2820 2227 justos
2860 2163 3102 2231 negavit;
3147 2164 3214 2218 ab
3260 2164 3560 2220 hominibus
3586 2207 3600 2231 ,

2017 2245 2232 2311 quando
2262 2262 2445 2301 verum
2478 2247 2679 2313 dicunt,
2705 2250 2874 2304 audiri
2898 2267 3002 2304 non
3029 2252 3328 2321 prohibuit;
3355 2272 3440 2320 ne,
3469 2257 3605 2311 sicut

2021 2340 2096 2398 tu,
2130 2334 2438 2403 loqueretur
2465 2347 2649 2392 contra
2691 2340 2972 2394 Dominum
3028 2357 3180 2396 suum
3228 2343 3490 2401 dicentem
3537 2348 3604 2401 de

2017 2425 2333 2494 quibusdam
2353 2470 2367 2493 ,
2399 2428 2527 2495 Quae
2565 2430 2772 2493 dicunt,
2808 2432 2995 2501 facite;
3028 2450 3144 2504 quae
3171 2446 3339 2489 autent
3371 2439 3563 2506 faciunt
3588 2482 3601 2504 ,

2019 2516 2176 2570 nolite
2202 2521 2399 2584 facere:
2416 2518 2587 2572 dicunt
2612 2522 2763 2585 enim,
2796 2532 2841 2575 et
2868 2540 2969 2576 non
2998 2526 3191 2595 faciunt
3216 2526 3426 2595 (Matth.
3455 2546 3601 2593 xxttt,

2019 2607 2098 2678 5).
2145 2607 2305 2662 Vides
2333 2610 2779 2679 quemadmodum
2829 2613 3074 2671 Christus
3120 2625 3176 2672 ct
3217 2634 3314 2688 per
3362 2620 3605 2676 homines

2016 2697 2286 2754 auditores
2313 2710 2368 2754 et
2394 2702 2770 2769 praedicatores
2798 2707 2929 2774 legis
2958 2717 3011 2759 et
3043 2725 3147 2761 non
3192 2710 3441 2775 factores,
3470 2713 3605 2767 alios

2018 2803 2135 2843 eam
2167 2799 2341 2844 tamen
2377 2792 2561 2847 audire
2590 2796 2861 2863 pratcepit,
2896 2806 2950 2850 et
2979 2799 3093 2865 ejus
3118 2813 3236 2853 esse
3266 2803 3489 2855 factores
3514 2821 3527 2856 :
3550 2817 3606 2857 et

2018 2888 2074 2934 tu
2113 2881 2265 2945 dicis,
2299 2880 2489 2936 Factor
2517 2885 2641 2954 legis
2667 2894 2863 2939 tantum
2898 2887 3038 2941 debet
3079 2890 3281 2955 audiri;
3321 2901 3375 2945 et
3422 2892 3603 2948 volens

2016 2972 2337 3041 redarguere
2364 2975 2514 3043 quasi
2544 2985 2937 3043 persecutorem
2968 2986 3133 3042 tuum,
3161 2979 3394 3050 loqueris
3407 2981 3602 3037 adver-

2015 3075 2107 3116 sus
2132 3062 2437 3117 Creatorem
2469 3072 2635 3117 tuum.
2668 3065 2943 3121 Peccatori
2987 3069 3201 3138 quidem
3241 3070 3368 3125 dicit
3413 3072 3550 3127 Deus
3575 3115 3588 3139 ,

2019 3151 2210 3223 thuid
2238 3163 2291 3206 tu
2317 3170 2525 3208 enarras
2543 3157 2770 3227 justitias
2796 3174 2930 3212 meas
2950 3201 2964 3223 ,
3011 3170 3059 3214 et
3086 3163 3303 3215 assumis
3335 3172 3600 3218 testamen-

2015 3253 2121 3296 tum
2158 3260 2322 3299 meum
2362 3263 2450 3313 per
2496 3263 2552 3301 os
2592 3258 2733 3300 tuum
2760 3248 2933 3321 (Psal.
2959 3267 3102 3314 xm,
3138 3252 3260 3324 16)?
3304 3254 3408 3309 Sed
3440 3256 3559 3310 ideo
3582 3298 3597 3319 ,

2013 3336 2135 3404 quia
2162 3337 2234 3391 illi
2265 3337 2394 3392 nihil
2437 3339 2676 3408 prodest,
2724 3343 2813 3411 qui
2858 3342 3026 3408 dicit,
3060 3354 3114 3399 et
3142 3347 3281 3415 quod
3318 3347 3447 3402 dicit
3492 3365 3594 3405 non

2015 3428 2156 3482 facit.
2189 3428 2412 3484 Prode~t
2435 3439 2612 3485 autem
2645 3432 2716 3486 illi
2745 3433 2835 3503 qui
2865 3435 3024 3488 etiam
3049 3451 3147 3504 per
3176 3438 3371 3492 malum
3399 3438 3598 3495 boumn

2012 3517 2177 3580 audit,
2219 3527 2275 3573 et
2315 3520 2456 3590 quod
2499 3508 2647 3576 audit
2675 3521 2820 3577 facit.
2865 3523 2988 3578 Non
3014 3535 3087 3579 est
3117 3528 3330 3596 quidem
3371 3531 3599 3598 speciosa

2012 3608 2124 3662 laus
2151 3609 2205 3663 in
2231 3624 2317 3664 ore
2342 3614 2615 3679 peccatoris
2641 3613 2825 3686 (Eccli.
2876 3631 2963 3681 xv,
2997 3616 3052 3689 9)
3088 3636 3103 3673 :
3130 3619 3223 3674 sed
3252 3623 3489 3691 speciosa
3518 3636 3601 3678 est

2012 3700 2067 3754 in
2097 3701 2202 3755 vita
2232 3704 2578 3774 moribusque
2602 3706 2848 3774 factoris,
2881 3710 3089 3765 etiamsi
3119 3713 3255 3767 hanc
3280 3716 3507 3770 audierit
3530 3733 3596 3773 ex

2010 3803 2107 3843 ore
2134 3792 2448 3858 peccatoris.
2464 3795 2863 3859 Quantumlibet
2881 3811 3012 3866 ergo
3036 3801 3279 3856 existima
3303 3804 3345 3857 Τ
3349 3806 3594 3861 ribuuunt

2011 3894 2130 3933 esse
2158 3890 2493 3949 peccatorem
2525 3924 2539 3948 ,
2583 3893 2637 3937 et
2685 3886 2815 3956 legis
2847 3902 2952 3942 non
2992 3904 3112 3946 esse
3143 3892 3394 3949 factorem
3428 3914 3441 3951 :
3467 3899 3595 3953 ohe-

2010 3969 2218 4025 dienter
2266 3980 2442 4027 tamen
2472 3974 2624 4041 audi,
2657 3991 2764 4030 non
2810 3978 2989 4044 istum,
3015 3980 3107 4035 sed
3132 3982 3280 4037 illum
3306 3987 3464 4040 etiam
3498 4004 3595 4057 per

2012 4062 2169 4117 istum
2196 4063 2286 4133 qui
2315 4064 2462 4132 dicit,
2491 4065 2553 4122 Si
2578 4082 2663 4120 vos
2686 4071 2932 4140 persecuti
2958 4073 3146 4141 fuerim
3171 4075 3221 4127 in
3250 4091 3352 4130 una
3371 4079 3589 4140 civitate.

2008 4155 2169 4225 fugite
2194 4156 2246 4208 in
2274 4155 2431 4210 aliam
2470 4157 2682 4230 (Matth.
2720 4176 2777 4226 x,
2805 4159 2920 4233 25).
2944 4163 3082 4228 Quid
3120 4167 3309 4221 statis?
3335 4168 3511 4222 audite
3540 4181 3596 4225 et

2011 4248 2203 4319 fugite;
2247 4249 2490 4305 Christus
2532 4251 2636 4307 hoc
2683 4254 2936 4323 imperat,
2992 4272 3096 4311 non
3147 4257 3431 4313 Tribunus.
3483 4262 3593 4317 Nisi

2008 4339 2147 4397 forte
2171 4343 2462 4412 respondes
2490 4353 2543 4398 et
2565 4345 2719 4413 dicis,
2763 4348 2850 4402 Ait
2875 4348 3089 4418 quidem
3115 4351 3378 4417 Christus,
3411 4354 3473 4409 Si
3508 4373 3595 4411 ros

2010 4435 2255 4503 persecuti
2282 4435 2469 4505 fuerint
2492 4435 2547 4489 in
2577 4437 2674 4490 ista
2712 4439 2942 4507 ciuitate,
2994 4441 3151 4513 fugite
3179 4443 3231 4497 in
3270 4444 3427 4498 aliam
3452 4462 3471 4500 :
3497 4450 3591 4503 sed

2007 4541 2173 4595 quare
2201 4526 2268 4581 de
2299 4528 2396 4580 ista
2423 4528 2635 4582 civitate
2653 4529 2944 4596 discedam,
2964 4534 3177 4601 quando
3197 4550 3295 4589 nec
3316 4537 3419 4591 iste
3441 4553 3594 4592 meus

2008 4627 2088 4671 est
2115 4626 2444 4685 perseeutor,
2475 4634 2574 4674 nec
2602 4634 2701 4690 ego
2723 4620 2919 4675 Christi
2947 4635 3063 4675 sum
3104 4624 3347 4679 auditor?
3387 4628 3462 4679 Ac
3493 4642 3591 4696 per
3638 4645 3656 4667 ο

2008 4708 2110 4764 hoc
2133 4709 2177 4764 si
2201 4711 2480 4776 manseris,
2510 4712 2666 4781 lupus
2700 4728 2758 4767 es
2787 4714 3046 4779 saeviens;
3081 4716 3124 4770 si
3159 4716 3356 4786 fugeris
3376 4759 3391 4783 ,
3436 4718 3590 4790 lupus

2006 4817 2065 4856 es
2093 4801 2303 4856 timens.
2341 4803 2406 4857 Et
2433 4805 2683 4873 quoniam
2713 4820 2942 4874 sponsus
2968 4807 3116 4874 dicit,
3148 4806 3266 4863 Nisi
3299 4812 3590 4881 cognoveris

2008 4893 2336 4962 temetipsum,
2367 4910 2397 4948 ο
2425 4896 2637 4963 pulchra
2666 4896 2721 4949 in
2752 4896 3065 4965 mulieribus,
3100 4898 3181 4952 cxi
3212 4908 3266 4952 tu
3291 4901 3343 4954 in
3372 4902 3592 4972 vestigiis

2005 4999 2212 5054 gregum
2242 4993 2461 5049 tuorum,
2503 4995 2551 5039 et
2584 5003 2733 5056 pasce
2780 4987 2953 5041 htedos
2994 4997 3108 5053 tuos
3152 4990 3206 5042 in
3254 4991 3591 5045 tabernaculis

2007 5084 2265 5144 pastorum
2292 5074 2462 5144 (Cant.
2491 5094 2528 5138 ι,
2558 5079 2615 5148 7)
2650 5095 2663 5131 :
2695 5080 2901 5134 etiamsi
2949 5089 2999 5133 te
3024 5090 3292 5150 pastorem
3322 5096 3442 5136 esse
3469 5082 3591 5152 εἷος

1958 5188 1965 5191 λ
2005 5165 2186 5230 riaris,
2231 5176 2406 5221 tamen
2455 5168 2576 5237 quia
2615 5169 2681 5223 de
2716 5168 2841 5223 ovili
2884 5169 3152 5226 dominico
3180 5172 3372 5239 existi,
3408 5172 3590 5227 lnedos

2008 5268 2124 5312 tuos
2153 5259 2345 5326 pascis;
2374 5275 2477 5313 non
2504 5275 2635 5315 oves
2656 5258 2874 5315 Christi.

2077 5371 2298 5427 CAPUT
2342 5370 2526 5426 xvut.
2573 5404 2642 5413 —
2674 5346 2761 5428 19'.
2810 5373 2984 5429 Verba
3018 5375 3268 5444 Epistula)
3303 5393 3315 5428 ε
3351 5374 3588 5442 Deinde,

2004 5463 2192 5531 inquit,
2221 5477 2333 5531 qua:
2356 5463 2466 5516 lora
2492 5474 2654 5530 erunt,
2686 5481 2799 5535 gnte
2826 5466 2875 5518 in
2926 5467 3018 5518 huc
3058 5467 3414 5534 persecutionis
3465 5483 3585 5535 pro-

2069 5605 2085 5634 ¹
2119 5602 2193 5650 sic
2234 5600 2483 5650 Parcensis
2516 5608 2658 5650 vetus
2696 5602 2870 5651 codex.
2910 5610 2964 5648 Λι
3004 5601 3142 5653 editi.
3182 5600 3316 5661 ptiar
3362 5615 3378 5651 .·
3425 5613 3472 5648 ut
3518 5657 3523 5662 _

2003 5671 2149 5715 bene.

2771 5744 3207 5821 (νίτρῳ-[τοὶς
3240 5748 3264 5816 ,1
