4070 6200
382 310 542 365 ’7l5

402 426 601 487 .cclla,
645 421 863 490 undique
905 415 1194 489 perturbata
1248 411 1609 483 trauquiliitate
1660 412 1712 477 ‘,
1752 408 2022 463 servandos

392 562 400 570 .
446 529 683 585 tanquam
734 515 784 566 in
816 521 1012 582 portum
1056 510 1301 578 recipiant
1343 504 1645 568 sacerdotes,
1678 503 1879 571 quando
1919 498 2028 553 Do-

394 616 403 639 ’
441 609 610 661 minus
656 604 871 666 dixerit,
927 619 946 653 ε
992 600 1119 654 Cum
1152 616 1235 651 ros
1289 596 1514 666 persequi
1562 596 1801 661 coeperint
1840 592 1893 645 in
1930 591 2026 644 hac

393 736 407 749 ,λ
443 702 661 765 civitate,
705 699 864 769 fugite
892 697 943 749 in
975 695 1172 749 aliam?
1208 713 1225 746 ι
1259 692 1387 747 Tute
1426 703 1545 745 tunc
1588 691 1841 761 fugiebant
1886 688 2027 757 Apo-

398 826 413 844 ι
441 793 576 857 stoli,
607 792 724 860 quia
765 789 1011 843 neminem
1049 802 1140 855 pro
1169 786 1239 839 eis
1268 784 1511 854 proscribi
1534 785 1757 853 jusserat
1788 778 2023 847 Impera-

396 914 405 931 .
442 895 537 935 tor.
588 879 742 935 Nunc
780 896 894 933 rtro
939 877 1337 932 Christianorum
1376 883 1651 945 receptores
1699 870 2025 943 proscriptio-

399 973 585 1026 ..nibus
623 971 781 1025 territi
827 973 871 1035 ’,
920 968 1143 1039 pericula
1193 966 1537 1035 formidantes,
1581 980 1681 1017 non
1728 964 1888 1015 solum
1925 978 2025 1014 non

404 1094 415 1112 ι
442 1063 716 1131 recipiunt,
759 1076 928 1113 rerum
958 1060 1108 1113 etiam
1148 1058 1314 1111 ridere
1343 1058 1515 1111 timent
1544 1072 1668 1126 quos
1708 1053 1854 1106 tacite
1883 1068 2025 1105 rene-

404 1162 638 1205 t-rantur.
684 1152 763 1206 Ad
809 1151 920 1205 lucc
953 1150 1231 1218 responsio
1261 1165 1273 1202 :
1308 1148 1416 1201 Hoc
1468 1146 1621 1216 plane
1665 1144 1841 1207 laudo,
1882 1142 2024 1212 quod

404 1290 421 1294 ..
444 1245 727 1315 agnoscitis
759 1260 886 1308 Vos;
918 1242 1008 1296 sed
1039 1240 1180 1311 quod
1226 1255 1329 1294 non
1379 1256 1474 1293 vos
1516 1238 1799 1307 corrigitis,
1847 1236 2033 1311 doleo.

1427 296 1700 353 CONTRA
1742 291 2212 351 GAUDENTIUM.
2252 289 2309 348 S.
2352 292 2717 349 AUGUSTI?"

3613 297 3715 352 7l5

2135 404 2249 460 hzec
2278 408 2554 476 responsio
2584 426 2597 464 :
2626 408 2925 465 Secundum
2965 409 3091 464 istas
3112 418 3318 465 vestras
3347 407 3714 468 fallacis-simas

2132 496 2549 567 vanissimasque
2577 498 2842 563 rationes,
2876 498 3096 553 habenis
3127 499 3314 553 laxatis
3344 511 3503 570 alque
3529 500 3712 556 dimis-

2130 587 2204 639 sis
2250 586 2494 641 humanat
2528 588 2754 644 licentia:
2803 590 3057 659 impunita
3098 600 3310 658 peccata
3343 593 3518 644 onmia
3549 593 3715 647 relin-

2129 687 2386 748 quautnr,
2431 680 2588 735 nullis
2634 681 2890 751 oppositis
2944 681 3210 750 repagulis
3262 683 3436 752 legum
3484 684 3714 739 nocendi

2136 768 2357 824 audacia
2380 780 2434 825 et
2452 762 2758 826 lasciviendi
2790 772 2951 826 libido
2975 773 3283 832 bacehetur:
3305 791 3407 828 non
3440 791 3531 830 rex
3557 794 3714 831 suum

2132 876 2372 930 regnum,
2406 877 2510 915 non
2541 862 2645 917 dux
2682 863 2927 927 militem,
2974 880 3079 916 non
3125 864 3498 931 provincialem
3523 866 3713 935 judex.

2132 967 2234 1005 non
2264 951 2509 1006 dominus
2533 968 2768 1021 servum,
2802 969 2904 1007 non
2929 955 3149 1008 maritus
3172 971 3413 1020 uxorem,
3439 971 3537 1010 nec
3566 967 3717 1026 pater

2132 1042 2297 1096 tilium
2346 1059 2376 1097 a
2426 1043 2671 1099 libertate
2711 1053 2765 1098 et
2802 1046 3062 1098 suavitate
3103 1046 3351 1113 peccandi
3386 1046 3545 1099 minis
3592 1049 3717 1102 ullis

2133 1136 2369 1204 pmnisvc
2397 1146 2722 1206 eumpescat.
2770 1135 2990 1190 Auferte
3018 1136 3157 1205 quod
3196 1152 3323 1190 sana
3353 1137 3588 1191 doctrina
3620 1156 3718 1207 pro

2130 1228 2353 1282 sanitate
2378 1227 2525 1281 orbis
2556 1237 2816 1282 terrarum
2858 1228 3130 1296 Sapienter
3171 1244 3263 1296 per
3299 1229 3608 1297 Apostulnm
3634 1232 3714 1283 di-

406 1314 580 1404 inid
611 1335 751 1391 enim
781 1334 879 1389 hac
909 1341 995 1387 tua
1028 1332 1359 1402 professione
1398 1330 1731 1384 manifestius
1757 1370 1770 1389 ,
1803 1342 1903 1397 qua
1934 1314 2106 1385 tle-ig
2131 1320 2219 1375 vit.
2250 1329 2302 1372 et
2328 1328 2380 1372 ut
2406 1318 2730 1373 confirmetis
2768 1320 2818 1373 in
2844 1320 3063 1373 arbitrio
3092 1329 3235 1373 tanto
3267 1322 3473 1389 pejora,
3518 1335 3720 1392 quanto

406 1431 614 1483 .claras
639 1427 788 1492 satis,
819 1441 923 1479 non
953 1440 1044 1478 vos
1076 1422 1141 1476 ad
1167 1438 1353 1477 eorum
1383 1422 1647 1490 pertinere
1675 1418 2022 1479 consortium,

418 1506 633 1588 rquibns
665 1515 919 1570 Dominus
948 1516 1052 1577 ait,
1096 1513 1158 1568 Si
1202 1529 1285 1565 ros
1316 1511 1557 1582 persecuti
1591 1510 1777 1579 fuerint
1823 1509 1873 1561 in
1925 1525 2027 1561 una

411 1610 672 1671 .ciritate,
715 1606 873 1677 fugite
912 1606 961 1658 in
1006 1604 1207 1658 aliam?
1235 1602 1434 1671 Nempe
1463 1602 1562 1654 hoc
1586 1609 1665 1654 est
1694 1599 1833 1668 quod
1872 1598 2027 1669 paulo

416 1709 566 1754 :antc
594 1700 731 1763 dixi,
766 1711 920 1767 posse
949 1706 999 1751 te
1027 1695 1153 1749 mihi
1183 1694 1465 1749 verissime
1496 1690 1819 1760 respondere
1856 1690 1901 1745 si
1942 1689 2025 1743 di-

444 1807 555 1858 vas,
587 1789 696 1844 Nec
722 1789 821 1844 iste
849 1803 1000 1843 meus
1024 1796 1101 1842 est
1139 1793 1485 1855 persecutor,
1536 1798 1635 1838 rec
1678 1797 1777 1851 ego
1820 1783 2031 1836 auditor

421 1899 561 1935 sunt
610 1879 828 1937 Qtristi.
876 1880 1013 1934 Ecce
1060 1878 1158 1932 hoc
1186 1877 1521 1944 apertissime
1569 1876 1719 1928 dicis.
1748 1872 2029 1939 Quomodo

420 1976 675 2030 .cnimes
698 1972 908 2028 auditor
929 1969 1149 2031 Christi,
1195 1984 1316 2023 cum
1362 1968 1449 2021 ille
1494 1967 1604 2020 Suis
1653 1965 1983 2019 auditoribus
2011 2004 2028 2029 ,

425 2066 548 2121 .ltoc
572 2071 675 2128 est,
699 2060 1048 2117 sectatoribus
1081 2058 1372 2128 promittat,
1404 2072 1567 2126 usque
1591 2055 1642 2110 in
1671 2056 1832 2109 linem
1848 2053 2031 2109 smcnli

428 2172 551 2211 vuon
578 2155 849 2209 defuturas
880 2151 945 2206 ad
980 2165 1114 2219 quas
1152 2147 1459 2219 confugiant
1485 2148 1725 2202 civitates
1746 2188 1759 2209 ,
1792 2144 2032 2215 quando.

404 2250 675 2315 ﬁcttmqnc
725 2242 1147 2313 persecutionem
1194 2239 1332 2309 passi
1374 2238 1600 2301 fttetint,
1651 2237 1864 2302 dicens,
1906 2235 2033 2291 Cum

428 2344 611 2390 autem
635 2342 993 2404 persequentur
1014 2349 1099 2385 ros
1125 2332 1176 2384 in
1208 2330 1406 2384 civitate
1428 2331 1546 2395 ista,
1580 2329 1735 2399 fugite
1761 2330 1813 2382 in
1837 2328 1993 2381 aliam
2014 2341 2034 2379 :

434 2444 591 2480 amen
641 2427 754 2480 dico
793 2425 963 2487 vobis,
1005 2441 1103 2477 non
1145 2422 1554 2476 consummabilis
1602 2422 1821 2475 ciuitates
1871 2418 2036 2474 Israel

441 2517 606 2570 donec
641 2516 803 2569 veniat
843 2513 1009 2566 Filius
1050 2507 1310 2565 hominis?
1340 2511 1416 2566 Tu
1444 2522 1621 2566 autem
1655 2511 1704 2563 in
1733 2512 1833 2564 hac
1857 2524 2035 2579 perse-

443 2608 697 2669 cutione,
744 2619 907 2676 quam
951 2618 1046 2658 vos
1097 2603 1380 2673 querimini
1431 2602 1661 2671 perpeti,
1696 2602 1804 2669 jam
1846 2600 2036 2655 deesse

447 2698 601 2754 vobis
625 2696 760 2752 dicis
789 2697 931 2759 loca,
954 2708 1062 2765 quo
1093 2694 1294 2765 fugere,
1325 2704 1379 2747 et
1404 2694 1488 2747 ubi
1523 2702 1770 2762 tanquam
1805 2693 1856 2745 in
1880 2702 2036 2762 portu

450 2788 667 2860 possitis
719 2787 793 2842 ab
840 2787 939 2840 hac
990 2794 1305 2853 tempestate
1375 2784 1742 2853 requiescere;
1817 2783 2039 2852 loquens

449 2888 636 2937 contra
680 2879 1087 2948 promissionem
1125 2876 1345 2941 Christi,
1373 2877 1461 2946 qui
1490 2876 1617 2929 dicit
1640 2872 2039 2929 non'defuturas

451 2973 694 3028 civitates
714 2986 819 3041 quo
841 2969 1041 3039 fugiant
1066 2971 1143 3023 sui
1174 2968 1263 3038 qui
1289 2967 1713 3037 persecutionem
1746 2967 2034 3036 patiuntur,

452 3065 631 3119 donec
656 3063 852 3127 veniat,
884 3060 936 3114 id
965 3068 1069 3125 est,
1100 3074 1268 3128 usque
1297 3058 1363 3111 ad
1394 3057 1905 3111 consummationem
1936 3071 2040 3109 sa:-

454 3153 581 3208 culi.
610 3150 742 3219 Quia
774 3165 901 3218 ergo
932 3148 1020 3203 ille
1045 3148 1145 3202 hoc
1175 3147 1414 3218 promisit
1456 3148 1587 3211 suis,
1617 3146 1756 3215 quod
1798 3161 1892 3199 vos
1936 3160 2041 3199 non

461 3241 743 3305 invenitis;
776 3238 1014 3310 profecto
1060 3238 1150 3293 ille
1198 3237 1485 3302 mentitur,
1527 3237 1572 3290 si
1603 3252 1696 3291 vos
1721 3236 1839 3305 ejus
1867 3236 1998 3291 estis
2026 3254 2038 3289 :

455 3335 550 3391 sed
570 3334 693 3403 quia
725 3333 811 3386 ille
847 3348 952 3384 non
989 3330 1261 3393 mentitur,
1310 3342 1403 3381 vos
1454 3327 1572 3396 ejus
1606 3340 1716 3380 non
1764 3327 1914 3381 estis.
1965 3326 2044 3380 Ac

460 3441 554 3495 per
581 3424 683 3478 hoc
712 3438 810 3479 nec
839 3421 1107 3476 Tribunus
1152 3418 1239 3474 cui
1284 3416 1538 3472 rescribis
1561 3457 1577 3482 ,
1612 3424 1918 3485 persecutor
1960 3423 2044 3469 est

458 3526 667 3579 vester;
715 3513 808 3568 sed
856 3520 1166 3581 persecutor
1213 3509 1572 3578 persecutoris
1610 3508 1793 3571 vestri,
1830 3508 1930 3561 hoc
1962 3516 2045 3561 est

458 3607 658 3664 erroris
684 3605 863 3669 vestri,
898 3618 1003 3673 quo
1040 3601 1302 3671 compulsi
1342 3600 1463 3654 talia
1505 3599 1706 3665 facitis,
1738 3609 1796 3653 ut
1823 3599 1889 3653 de
1929 3599 2045 3654 illo~

461 3714 578 3754 rum
603 3711 798 3768 genere
818 3695 955 3759 sitis,
984 3692 1051 3748 dc
1071 3692 1263 3762 quibus
1286 3689 1543 3760 scriptum
1571 3699 1675 3755 est,
1700 3690 1839 3758 quod
1866 3705 2048 3759 persc-

458 3791 727 3847 cutionem
756 3784 896 3857 passi
922 3785 1030 3840 siut
1056 3783 1123 3837 ab
1167 3783 1295 3851 ipsis
1323 3780 1477 3837 factis
1503 3782 1615 3836 suis
1643 3781 1797 3852 (Sap.
1827 3796 1898 3845 XI,
1928 3779 2042 3850 21).

464 3879 691 3937 Proinde
724 3879 766 3933 si
795 3876 1104 3947 intelligetis
1134 3874 1259 3944 quid
1292 3874 1345 3927 in
1375 3872 1525 3928 vobis
1551 3873 1637 3942 qui
1662 3888 1757 3925 vos
1780 3872 2002 3943 diligunt
2025 3913 2040 3938 ,

463 3979 882 4043 persequantur;
914 3968 1025 4039 ipsa
1054 3966 1168 4021 sine
1199 3964 1383 4031 dubio,
1412 3978 1441 4018 a
1486 3963 1676 4033 quibus
1723 3964 2048 4031 persecutio-

470 4080 587 4123 nem
624 4060 889 4135 patimini,
929 4059 1063 4117 facta
1103 4057 1242 4112 mala
1264 4066 1444 4112 vestra
1475 4055 1705 4124 fugietis,
1733 4064 1789 4108 et
1823 4054 2048 4123 conjun-

463 4154 663 4228 gemini
688 4154 766 4209 eis
804 4151 893 4225 qui
930 4158 987 4205 ut
1012 4165 1106 4203 vos
1134 4148 1382 4212 liberent,
1417 4156 1809 4216 persequuntur
1834 4153 2046 4199 vestros

465 4258 834 4323 persecutores
882 4263 895 4299 :
934 4258 1037 4297 non
1079 4242 1221 4296 enim
1267 4240 1368 4295 nisi
1410 4246 1617 4294 vestros
1661 4246 2051 4309 persequuntur

460 4354 761 4486 “iiiiiur
804 4422 944 4480 XIX.
970 4422 1150 4478 ~20.
1189 4421 1360 4477 Verba
1400 4420 1651 4490 Epistolas
1696 4442 1712 4477 :
1752 4418 1855 4474 Per
1891 4420 2047 4491 Opiﬁ-

464 4537 593 4584 cem,
616 4518 804 4588 inquit,
834 4531 1004 4569 rerum
1027 4515 1251 4568 omnium
1280 4512 1555 4567 Dominum
1586 4511 1843 4566 Christum
1880 4511 2044 4565 omni-

466 4622 641 4683 potens
670 4609 806 4664 Deus
833 4608 1133 4678 fabricatum
1154 4607 1407 4659 hominem
1432 4614 1484 4657 ut
1516 4604 1622 4658 Deo
1637 4605 1872 4671 similent,
1890 4603 2047 4658 libero

465 4702 656 4757 dimisit
679 4700 904 4755 arbitrio.
936 4697 1197 4769 Scriptum
1227 4707 1298 4751 est
1320 4698 1473 4761 enim,
1509 4715 1528 4749 ο
1556 4696 1698 4751 Fecit
1725 4696 1860 4751 Deus
1884 4697 2046 4751 homi-

468 4808 583 4847 nent
606 4832 622 4856 ,
652 4800 697 4846 et
724 4790 913 4844 dimisit
942 4805 1055 4843 eum
1082 4789 1133 4842 in
1160 4805 1313 4841 ntanu
1342 4787 1538 4853 arbitrii
1564 4788 1644 4842 sui
1676 4806 1694 4840 ι
1722 4786 1907 4856 (Eccli.
1934 4803 2001 4840 xv
2030 4829 2046 4853 ,

469 4884 584 4955 11).
632 4881 765 4948 Quid
808 4881 932 4935 ntihi
980 4896 1112 4933 nunc
1156 4879 1379 4932 humano
1408 4880 1618 4948 imperio
1645 4879 1886 4947 eripitur,
1915 4878 2049 4948 quod

470 4973 684 5044 largitus
702 4976 772 5026 est
796 4970 975 5026 Deus?
1001 4970 1235 5034 Adverte,
1258 4970 1336 5023 vir
1354 4986 1568 5031 summe,
1598 4980 1786 5039 quanta
1807 4970 1858 5022 in
1889 4968 2048 5023 Deum

464 5062 736 5137 sacrilegia
764 5071 1129 5135 perpetrentur,
1162 5072 1214 5115 ut
1240 5062 1373 5132 quod
1400 5062 1486 5115 ille
1510 5060 1702 5123 tribuit.
1728 5065 1929 5131 auferat
1950 5061 2050 5113 huc

466 5175 619 5215 mana
652 5156 995 5231 prmuntptio,
1042 5165 1088 5209 et
1135 5172 1225 5227 pro
1276 5153 1381 5209 Deo
1431 5171 1484 5208 se
1516 5154 1569 5206 id
1614 5156 1781 5224 facere
1834 5153 2050 5207 inaniter

464 5255 637 5322 iactet.
671 5249 861 5321 Magna
888 5247 985 5301 Dei
1010 5247 1221 5318 injuria,
1250 5246 1296 5301 si
1323 5245 1385 5299 ab
1416 5244 1700 5300 hominibus
1727 5242 2045 5312 defendatur.

472 5344 607 5409 Quid
632 5342 696 5398 de
718 5341 824 5396 Dee
848 5340 1088 5406 aestimat,
1111 5339 1197 5409 qui
1216 5344 1330 5392 eunt
1367 5336 1603 5391 violentia
1630 5336 1731 5390 vult
1756 5335 2046 5407 defendere,

465 5437 563 5492 nisi
590 5435 710 5507 quia
744 5450 845 5489 non
883 5431 1013 5486 valet
1046 5447 1166 5485 suas
1210 5430 1319 5500 ipse
1363 5428 1579 5501 injurias
1624 5426 1921 5483 vindicare?
1969 5428 2047 5481 Ad

528 5611 833 5681 [mm
850 5617 953 5671 us,
985 5608 1197 5672 undique
1238 5604 1556 5672 perturbatos,
1579 5603 1918 5669 tranquillitati
1950 5616 2055 5657 ser-

454 5671 657 5724 umidos.

526 5737 548 5767 ¹
583 5742 683 5783 Iun.
710 5742 762 5784 et
782 5740 879 5796 Ern,
905 5734 1063 5785 tracti.

1873 5837 1896 5846 ρ
1913 5843 1916 5846 .

2133 1411 2401 1473 liberiore,
2437 1412 2574 1465 filios
2605 1412 2916 1481 perditionis
2942 1454 2955 1475 ,
2984 1412 3159 1467 delete
3186 1414 3325 1482 quod
3355 1415 3428 1467 ait
3464 1414 3565 1468 Vas
3603 1416 3718 1470 cle-

2131 1502 2321 1555 ctionis
2352 1518 2370 1556 :
2402 1501 2580 1556 Omnis
2625 1503 2796 1556 anima
2846 1504 3169 1572 potestatibus
3199 1505 3571 1559 sublimioribus
3597 1508 3722 1558 sub-

2132 1591 2238 1644 dita
2266 1592 2359 1656 sit;
2385 1610 2483 1646 non
2512 1603 2584 1646 est
2614 1596 2744 1646 enim
2770 1604 2987 1661 potestas
3027 1595 3125 1664 nisi
3155 1611 3186 1648 tt
3230 1594 3355 1648 Deo.
3392 1596 3518 1660 Qua:
3546 1608 3719 1650 autent

2131 1699 2162 1734 a
2192 1680 2296 1735 Deo
2324 1692 2459 1749 sunt,
2506 1683 2741 1736 ordinata
2767 1693 2901 1737 sunt.
2938 1684 3278 1753 Quapropter,
3311 1686 3397 1755 qui
3416 1678 3598 1740 resistit
3621 1704 3721 1755 po—

2134 1773 2316 1837 testati,
2352 1771 2441 1826 Dei
2479 1774 2783 1827 ordinationi
2818 1776 3019 1827 resistit.
3074 1775 3183 1841 Qui
3221 1786 3385 1829 autent
3429 1779 3668 1831 resistunt
3701 1822 3719 1844 ,

2133 1864 2232 1934 ipsi
2279 1863 2376 1917 sibi
2407 1865 2660 1933 judicium
2700 1865 2980 1935 acquirunt.
3026 1864 3290 1935 Principes
3316 1868 3445 1919 enim
3473 1886 3574 1920 non
3600 1880 3724 1922 sunt

2136 1955 2301 2007 timori
2323 1956 2438 2007 boni
2463 1957 2647 2024 aperis,
2674 1956 2764 2009 sed
2788 1957 2927 2009 ntali.
2964 1954 3049 2010 Vis
3074 1967 3239 2009 autent
3270 1974 3369 2010 non
3409 1960 3584 2011 timere
3623 1978 3721 2029 pn-

2136 2046 2392 2099 testatent?
2426 2044 2625 2098 Bonum
2676 2050 2759 2114 fac
2781 2088 2793 2106 ,
2844 2056 2889 2100 et
2931 2046 3132 2100 habebis
3166 2047 3366 2101 laudem
3393 2064 3454 2101 ex
3484 2050 3591 2101 illa.
3631 2050 3724 2103 Dei

2135 2136 2267 2188 enim
2297 2136 2518 2187 minister
2534 2145 2626 2199 est,
2647 2136 2829 2189 vindex
2854 2136 2905 2189 in
2932 2138 3061 2187 irant
3082 2137 3126 2188 ei
3153 2138 3239 2205 qni
3265 2139 3396 2190 male
3412 2139 3516 2207 agit
3542 2137 3722 2204 (Rom.

2137 2238 2249 2289 xm,
2280 2225 2413 2295 1-4).
2451 2226 2629 2279 Delete
2659 2226 2786 2290 ista,
2818 2227 2859 2279 si
2894 2226 3147 2295 potestis;
3176 2238 3263 2279 aut
3294 2228 3427 2289 ista,
3459 2230 3593 2281 sicut
3638 2229 3718 2283 fa-

2137 2313 2255 2367 citis
2275 2355 2290 2379 ,
2322 2314 2364 2367 si
2402 2329 2504 2366 non
2536 2316 2757 2382 potestis
2799 2315 2978 2369 delere
3000 2355 3012 2378 ,
3044 2316 3391 2369 contemnite.
3425 2317 3626 2372 llabete
3652 2318 3725 2375 de

2140 2404 2221 2459 his
2245 2405 2489 2459 omnibus
2516 2405 2806 2473 pessimum
2829 2406 3126 2471 arbitrium,
3158 2421 3225 2459 ne
3254 2406 3482 2475 perdatis
3500 2408 3724 2463 liberum

2139 2494 2435 2549 arbitrium.
2490 2497 2593 2548 Ant
2632 2506 2795 2559 certe,
2829 2496 2951 2564 quia
2984 2496 3119 2549 sicut
3150 2497 3391 2550 homines
3422 2497 3725 2551 hominibus

2139 2586 2471 2648 erubescitis,
2502 2586 2746 2649 clamate,
2794 2587 2837 2640 si
2888 2586 3097 2640 audetis
3131 2605 3144 2641 :
3172 2587 3469 2641 Puniantur
3498 2589 3725 2642 homici-

2140 2679 2247 2741 dia,
2275 2681 2563 2750 puniantur
2597 2679 2876 2744 adulteria,
2910 2681 3198 2747 puniantur
3238 2691 3429 2733 cetera
3457 2680 3727 2749 quantali-

2143 2772 2231 2826 bet
2259 2770 2478 2826 sceleris
2517 2772 2627 2824 sive
2674 2770 2909 2824 libidinis
2952 2770 3180 2824 facinora
3220 2785 3313 2823 seu
3348 2771 3573 2840 flagitia;
3613 2772 3731 2825 sola

2142 2861 2417 2931 sacrilegia
2446 2862 2687 2914 volumus
2732 2876 2759 2911 a
2810 2861 3141 2929 regnantium
3192 2861 3397 2928 legibus
3446 2862 3730 2929 impunita.

2146 2955 2225 3005 An
2254 2968 2379 3005 vero
2402 2951 2542 3005 aliud
2566 2950 2763 3015 dicitis,
2797 2966 2917 3004 cum
2939 2950 3148 3014 dicitis;
3180 2951 3368 3021 Magna
3397 2950 3487 3003 Dei
3517 2952 3733 3023 injuria,

2144 3044 2187 3097 si
2217 3042 2277 3095 ub
2309 3043 2592 3109 hominibus
2617 3042 2937 3111 defendatur.
2976 3042 3107 3107 Quid
3134 3044 3194 3093 de
3230 3041 3333 3095 Deo
3363 3043 3577 3095 testim/tt
3597 3083 3613 3106 ,
3645 3043 3735 3109 qui

2146 3150 2258 3186 eum
2305 3133 2540 3186 riolcntia
2583 3134 2687 3185 cuit
2723 3133 3018 3201 defendere,
3052 3133 3149 3186 nisi
3175 3133 3294 3202 quia
3324 3150 3422 3185 non
3451 3134 3581 3186 valet
3610 3150 3737 3186 suas

2144 3225 2252 3295 ipse
2295 3223 2512 3295 injurias
2548 3224 2837 3277 uindicare?
2882 3224 3004 3279 llaec
3031 3224 3295 3288 dicentes,
3326 3223 3450 3293 quid
3479 3223 3622 3276 aliud
3651 3222 3741 3276 di-

2147 3318 2287 3382 citis,
2330 3316 2450 3380 nisi,
2500 3315 2652 3370 Nulla
2691 3315 2922 3369 hominis
2955 3326 3186 3384 potestas
3211 3316 3540 3369 contradicat
3574 3324 3740 3385 atque.

2152 3411 2426 3481 obstrepat
2460 3419 2643 3463 nostro
2668 3409 2833 3463 libero
2863 3408 3112 3474 arbitrio,
3135 3408 3348 3478 quando
3378 3408 3623 3478 iujuriam
3650 3406 3738 3460 fa-

2150 3504 2320 3555 cimus
2363 3502 2507 3555 Deo?
2535 3502 2578 3556 0
2609 3500 2795 3555 dolor!
2834 3499 3096 3553 Fraudata
3129 3510 3255 3552 sunt
3296 3499 3386 3551 tali
3430 3499 3739 3568 magisterio

2152 3602 2388 3662 tempora
2409 3593 2644 3662 antiqua,
2664 3590 2915 3660 quoniam
2939 3588 3172 3643 nondum
3191 3602 3311 3642 cras
3330 3598 3501 3651 natus,
3524 3586 3742 3657 quando

2149 3697 2363 3740 sanctus
2409 3684 2617 3755 Moyses
2658 3683 2880 3751 injurias
2922 3698 3045 3736 suas
3102 3681 3378 3735 lenissime
3408 3681 3423 3710 ί
3475 3680 3688 3749 pertulit
3715 3720 3736 3742 ,

2153 3777 2245 3831 Dei
2291 3792 2421 3831 vero
2467 3775 2803 3829 severissime
2848 3773 3151 3827 vindicmit.
3179 3771 3258 3825 Tu
3288 3782 3465 3825 autent
3502 3770 3688 3825 doetor
3714 3772 3738 3802 '

2153 3870 2395 3926 lncrctica
2430 3868 2843 3938 praesumptione
2875 3865 3283 3920 invidiosissime
3330 3865 3553 3929 clamas,
3584 3883 3601 3915 ι
3637 3862 3740 3917 Fe—

2150 3961 2217 4013 cit
2250 3958 2384 4012 Dens
2406 3959 2677 4023 hominem,
2708 3969 2753 4010 et
2782 3956 2970 4009 dimisit
2996 3972 3109 4008 eum
3133 3957 3186 4008 in
3207 3972 3360 4007 manu
3382 3954 3577 4006 arbitrii
3597 3953 3736 4007 sui.»

2155 4051 2290 4123 Quid
2324 4050 2442 4103 mihi
2476 4065 2608 4101 nunc
2640 4048 2862 4100 humano
2893 4047 3105 4114 imperio
3146 4046 3392 4113 eripitur,
3418 4045 3556 4113 quod
3582 4043 3742 4113 largi-

2152 4153 2231 4197 tus
2253 4151 2322 4197 est
2348 4141 2530 4195 Deus?
2561 4140 2671 4194 lloc
2699 4138 2940 4193 videlicet
2977 4136 3236 4205 flagitans,
3266 4144 3322 4187 ut
3363 4134 3431 4188 ad
3468 4132 3742 4187 faciendas

2154 4234 2373 4305 injurias
2406 4233 2533 4295 Deo,
2564 4231 2652 4299 qui
2681 4244 2800 4284 cum
2828 4228 2996 4282 libero
3019 4225 3242 4280 arbitrio
3270 4223 3391 4279 fecit
3418 4223 3688 4277 hominem
3720 4263 3742 4289 ,

2154 4324 2378 4379 liberum
2417 4322 2694 4377 arbitrium
2749 4318 2839 4372 tibi
2888 4318 3217 4385 relinquatur
3263 4314 3331 4368 ab
3368 4313 3605 4366 homine.
3636 4311 3743 4367 Sed

2154 4414 2227 4471 illi
2257 4416 2415 4471 etiam
2445 4413 2533 4483 qui
2576 4412 2792 4479 decreto
2822 4406 3315 4463 Nabuchodonosor
3340 4405 3509 4473 regis,
3544 4417 3743 4472 propo-

2154 4510 2253 4563 sita
2283 4521 2439 4579 perna
2468 4503 2712 4559 interitus
2741 4502 2822 4555 sui
2856 4509 2910 4555 et
2938 4497 3286 4567 dispersionis
3307 4495 3585 4549 domorum
3615 4509 3743 4547 sua-

2156 4618 2295 4668 rum,
2328 4616 2358 4653 a
2388 4594 2809 4668 blasphemando
2832 4594 2940 4651 Deo
2962 4590 3208 4653 Sidraclt,
3237 4587 3458 4651 Misach,
3488 4596 3543 4641 ct
3569 4587 3744 4640 Αικιθ

2156 4710 2326 4765 uago,
2361 4691 2670 4746 terribiliter
2710 4685 3164 4758 prohibebantur,
3196 4690 3252 4736 et
3297 4679 3493 4734 acriter
3530 4678 3574 4731 si
3613 4691 3741 4731 con.

2156 4796 2452 4845 tcmnercnt
2472 4779 3007 4855 plecterentur(Dan.
3028 4793 3104 4844 ιιι,
3122 4776 3239 4845 96),
3260 4775 3437 4830 dicere
3456 4779 3745 4842 potuerunt

2154 4882 2294 4954 quod
2326 4882 2437 4950 ipse
2465 4878 2644 4933 dixisti
2679 4894 2693 4930 :
2722 4873 2917 4945 Magna
2956 4871 3045 4926 Dei
3066 4871 3273 4941 injuria,
3299 4871 3344 4922 si
3371 4868 3433 4920 ab
3456 4866 3744 4920 hominibus

2156 4971 2477 5043 defendatur.
2512 4968 2647 5034 Quid
2676 4966 2740 5019 de
2769 4963 2875 5018 Deo
2902 4963 3116 5016 restituat
3140 5001 3155 5025 ,
3212 4958 3297 5029 qui
3344 4973 3459 5010 eum
3508 4954 3744 5010 violentia

2156 5064 2258 5116 vult
2285 5060 2579 5131 defendere,
2617 5056 2716 5111 nisi
2751 5055 2869 5126 quia
2900 5070 3001 5107 non
3044 5050 3174 5104 calet
3220 5064 3338 5103 suas
3374 5048 3483 5116 ipse
3529 5044 3743 5115 injurias

2157 5153 2453 5208 vindicare?
2496 5151 2618 5205 llaec
2663 5148 2821 5201 verba
2860 5156 2947 5199 tua
2987 5156 3207 5217 prorsus
3235 5140 3393 5195 etiam
3438 5137 3514 5191 illi
3565 5137 3745 5190 dicere

2160 5253 2476 5318 potuerunt,
2527 5251 2580 5296 et
2616 5240 2840 5294 fortasse
2888 5236 3175 5297 dixerunt;
3227 5239 3282 5286 et
3330 5229 3375 5284 si
3419 5243 3525 5282 non
3556 5226 3743 5282 eadem

2160 5339 2421 5402 libertate,
2454 5324 2558 5389 non
2588 5328 2828 5387 dissimili
2853 5326 3105 5380 vanitate.

2228 5431 2317 5486 2L
2357 5430 2542 5483 Datum
2571 5434 2653 5481 est
2681 5437 2807 5492 ergo
2836 5418 3041 5475 homini
3070 5414 3282 5487 quando
3310 5422 3523 5468 creatus
3555 5421 3656 5469 est.
3677 5408 3743 5461 li-
3800 5467 3806 5471 ,

2080 5564 2085 5571 ~
2162 5525 2345 5580 herum
2372 5519 2682 5582 arbitrium;
2713 5513 2807 5571 sed
2837 5521 2914 5580 ut,
2943 5510 2989 5567 si
3017 5517 3159 5564 esset
3190 5504 3530 5560 malefaciens
3550 5544 3563 5567 ,
3596 5503 3746 5555 fieret

2226 5662 2242 5692 ί
2278 5661 2349 5709 sic
2369 5661 2617 5707 Ferreum
2635 5652 2809 5703 codex.
2834 5658 2886 5699 st
2910 5645 3046 5705 editi,
3071 5631 3317 5690 levissime.

2227 5726 2246 5754 ι
2279 5730 2330 5772 tu
2363 5719 2581 5770 υπεεωὶ
2613 5714 2797 5774 codice,
2823 5708 3023 5761 doctior.
