4108 6198
460 199 562 258 ἨἹ

459 316 686 386 patiens.
721 312 955 383 Denique
989 311 1063 367 illi
1090 310 1244 383 primi
1277 308 1520 364 homines
1549 321 1670 363 cum
1700 315 2034 376 peccassem,

460 417 633 462 morte
657 405 891 460 damnati
924 413 1076 469 sunt;
1107 411 1161 459 et
1190 403 1494 471 priusquam
1524 413 1668 454 mors
1695 397 1776 452 eis
1801 405 2038 451 extrema

459 500 618 558 etiam
645 495 886 566 corporis
914 495 1248 564 suppleretur
1267 533 1282 559 ,
1327 492 1379 546 in
1421 489 1667 545 exsilium
1696 487 1764 543 de
1795 485 2040 558 paradiso

462 589 610 643 missi
637 596 779 642 sunt.
807 586 1012 642 Mitiora
1044 585 1096 638 in
1124 598 1218 638 vos
1252 581 1529 638 constituit
1571 579 1882 648 Imperator,
1914 591 2038 648 pro.

461 691 578 751 pter
605 677 1064 733 mansuetudinem
1095 675 1468 738 christianum;
1499 671 1749 728 exsilium
1775 670 1926 724 vobis
1955 683 2040 723 vo-

459 774 556 827 luit
602 771 827 835 inferre,
875 786 980 824 non
1029 777 1294 824 mortem:
1324 765 1418 822 sed
1461 782 1554 820 vos
1603 763 1849 820 homines
1896 761 2038 816 docti

457 865 860 920 considerantes
899 861 1024 931 quid
1067 859 1323 915 debeatur
1361 858 1572 922 merito,
1604 865 1658 910 et
1702 854 1825 925 quid
1866 854 2040 908 minus

456 957 530 1012 sit
574 957 626 1009 in
667 953 951 1024 supplicio,
985 967 1089 1007 nou
1119 953 1186 1006 de
1217 949 1420 1019 judicio
1450 948 1612 1014 illius,
1645 946 1740 1002 sed
1767 945 1834 1000 de
1861 953 2039 1000 vestro

455 1047 651 1101 additis
679 1053 924 1098 mortem.
950 1042 1118 1096 Nolite
1148 1041 1323 1109 perire
1350 1039 1400 1093 in
1432 1049 1712 1100 mtcrnum,
1738 1037 1865 1090 dum
1889 1034 2038 1089 vobis

457 1135 560 1191 hoc
587 1145 824 1204 tempore
853 1133 918 1187 ad
943 1130 1321 1187 offendendum
1352 1129 1516 1184 Deum
1535 1125 1755 1183 concedi
1780 1125 1846 1180 ab
1869 1124 2034 1178 bomi.

456 1230 612 1284 nibus
643 1228 799 1282 vultis
834 1227 1056 1280 liberum
1100 1224 1396 1278 arbitrium.
1438 1220 1574 1275 Audi
1618 1218 1951 1289 Apostolum,
1985 1227 2040 1271 et

454 1315 677 1375 habebis
715 1335 962 1388 tltagttttln
1003 1314 1400 1383 compendium,
1431 1327 1536 1383 quo
1576 1312 1667 1366 tibi
1711 1310 1852 1381 regia
1884 1317 2036 1378 pote-

452 1423 565 1467 stas
587 1425 775 1466 nocere
807 1425 909 1463 non
942 1407 1107 1478 possit
1139 1424 1152 1461 :
1183 1403 1383 1459 Bonum
1404 1403 1506 1472 fac,
1529 1411 1574 1456 et
1603 1399 1804 1454 habebis
1833 1398 2037 1453 laudem

453 1518 518 1557 ea:
552 1502 660 1556 illa.
708 1499 782 1554 Ex
826 1499 913 1552 illa
953 1507 1004 1553 et
1039 1504 1162 1550 ante
1198 1492 1444 1562 nosjusti
1473 1490 1771 1544 habuerunt
1797 1487 2032 1552 laudem,

455 1593 561 1648 non
591 1591 764 1646 soluat
799 1589 888 1660 qui
929 1586 1143 1658 regibus
1173 1583 1434 1654 religiosis
1471 1579 1694 1635 ﬁdeliter
1723 1584 2034 1649 paruerunt,

454 1699 636 1738 verum
665 1682 822 1737 etiam
845 1680 932 1750 qui
960 1691 1111 1748 reges
1140 1676 1328 1745 impios
1353 1687 1451 1746 pro
1482 1671 1574 1728 Dei
1596 1671 1820 1725 veritate
1839 1668 2034 1723 adver-

453 1775 622 1830 sarios
646 1771 971 1843 pertulerunt
997 1787 1012 1822 :
1036 1767 1110 1822 illi
1139 1765 1346 1820 laudem
1369 1759 1756 1818 obauditiouis’
1784 1799 1798 1824 ,
1827 1757 2036 1825 utrique

457 1875 632 1920 tamen
658 1880 722 1918 ex
753 1862 864 1925 illa,
895 1859 987 1916 sed
1015 1858 1210 1914 bonum
1241 1853 1486 1909 faciendo
1506 1894 1520 1917 ,
1553 1865 1660 1906 non
1687 1848 2034 1920 potestatibus

454 1954 770 2012 resistendo.
799 1951 950 2020 Quod
970 1960 1145 2005 autem
1171 1961 1267 2003 vos
1288 1945 1480 2010 facitis,
1504 1958 1609 1998 non
1637 1941 1810 1997 solum
1835 1941 2032 1996 bonum

453 2061 558 2102 non
593 2053 694 2109 est,
721 2044 814 2099 sed
843 2041 1044 2114 grande
1069 2039 1267 2096 malum
1297 2047 1397 2101 est,
1432 2035 1686 2091 unitatem
1715 2032 1907 2089 Christi
1937 2048 2032 2101 pa-

452 2152 674 2206 cemqne
704 2134 1072 2198 consciuderc,
1106 2141 1292 2187 contra
1328 2127 1588 2199 promissa
1617 2124 1918 2194 evangelica
1945 2137 2031 2175 re-

453 2228 673 2288 bellare.
701 2235 756 2282 et
782 2225 1046 2280 adversus
1073 2238 1193 2276 eum
1220 2220 1288 2275 de
1313 2235 1420 2290 quo
1449 2217 1650 2273 dictum
1679 2227 1759 2271 est
1787 2255 1802 2278 ,
1849 2213 2032 2268 Denti-

451 2320 654 2372 nabitur
688 2333 718 2368 a
757 2316 884 2368 mari
913 2329 1067 2383 usque
1103 2313 1169 2365 ad
1209 2327 1378 2376 mare,
1410 2318 1456 2362 et
1482 2326 1513 2362 a
1537 2308 1746 2378 ﬂumine
1774 2323 1930 2376 usque
1964 2305 2032 2358 ad

451 2407 692 2462 terminos
720 2406 851 2459 orbis
879 2416 1023 2457 terra:
1045 2401 1216 2473 (Psal.
1241 2416 1384 2465 Lxxt,
1414 2399 1490 2469 8);
1522 2399 1624 2454 hoc
1649 2406 1749 2463 est,
1777 2396 2032 2450 adversus

449 2513 637 2552 verum
681 2506 733 2550 ct
773 2510 1036 2549 summum
1085 2507 1262 2562 regem
1307 2490 1751 2550 Christianorum,
1785 2498 2031 2556 tanquam

448 2587 590 2642 civili
638 2586 778 2640 bello
820 2583 1106 2637 christiana
1149 2581 1298 2649 signa
1343 2588 1572 2648 portare.
1625 2575 1867 2632 Sufficiat
1904 2591 2030 2644 ergo

451 2677 601 2731 vobis
624 2675 689 2729 ad
716 2673 1048 2728 occasionem
1078 2668 1424 2724 correctionis
1444 2708 1459 2733 ,
1491 2666 1630 2737 quod
1658 2682 1754 2737 pro
1781 2674 1886 2720 tam
1921 2681 2033 2722 ma-

447 2769 564 2839 gnis
590 2766 746 2821 malis
773 2765 961 2820 vestris
992 2765 1144 2833 longe
1173 2761 1386 2816 mitiora
1415 2768 1470 2815 et
1501 2761 1705 2814 minora
1733 2758 2026 2829 recepistis,

448 2861 492 2917 si
521 2875 624 2914 non
647 2858 796 2913 Vobis
826 2858 963 2912 ultro
993 2855 1134 2925 quod
1172 2870 1276 2908 non
1312 2852 1607 2922 Imperator
1634 2852 1910 2906 constituit
1947 2851 2029 2905 in-

445 2952 677 3021 geratis:
699 2959 754 3004 ct
783 2949 944 3002 nolite
969 2947 1034 3000 ad
1063 2928 1428 3015 impunitatem
1452 2945 1778 2998 licentiosum
1803 2943 2028 2999 liberum

446 3043 724 3097 arbitrium
769 3040 919 3096 vobis
954 3039 1023 3093 ab
1063 3037 1364 3092 hominibus
1401 3035 1538 3091 velle
1571 3035 1820 3098 concedi,
1864 3051 1932 3090 ne
1973 3036 2028 3091 in

448 3133 614 3203 ipsius
645 3131 734 3187 Dei
766 3145 954 3184 manus
977 3128 1239 3182 infelicius
1268 3125 1534 3180 incidatis.
1563 3124 1694 3190 Nam
1717 3134 1772 3180 et
1800 3124 2028 3195 majores

447 3225 608 3279 vestri
634 3223 1004 3291 judicaserunt
1029 3219 1079 3273 in
1112 3216 1410 3286 hujusmodi
1439 3215 1648 3284 injuriis
1678 3215 1768 3270 Dei
1801 3216 2026 3270 liberum

446 3313 675 3368 hominis
716 3309 992 3365 arbitrium
1031 3323 1134 3362 non
1186 3306 1591 3376 relinquendqu
1629 3320 1658 3356 a
1693 3304 1902 3373 regibus
1930 3305 2029 3357 im-

448 3403 717 3471 punitum;
763 3399 883 3469 quia
915 3400 1036 3454 licet
1066 3398 1324 3452 haberent
1349 3409 1562 3450 causam
1601 3395 1816 3454 malam,
1859 3393 2028 3449 Calci-

447 3493 645 3547 liauum
687 3500 860 3544 tamen
897 3489 1204 3559 episcopum
1234 3484 1603 3556 persequendo
1635 3499 1800 3554 usque
1827 3484 1891 3539 ad
1920 3484 2026 3540 im-

447 3585 704 3654 peratoris
732 3579 1067 3636 Constantini
1093 3578 1348 3649 judicium
1377 3575 1752 3650 perduxerunt.

514 3674 738 3730 CAPUT
767 3673 884 3728 XX.
907 3703 979 3712 —
997 3672 1088 3726 22.
1119 3669 1294 3725 Verba
1324 3668 1573 3736 Epistola:
1602 3685 1614 3719 :
1641 3667 1883 3722 Nostram
1907 3682 2025 3722 vero

445 3767 618 3836 ﬁdem,
649 3769 832 3835 inquit,
866 3779 1018 3834 quant
1047 3760 1297 3815 Dominus
1332 3757 1562 3813 Christus
1594 3758 1847 3828 Apostolis
1878 3757 2024 3811 dere-

443 3861 608 3927 liquit,
648 3860 774 3914 solte
801 3856 941 3910 nobis
978 3856 1090 3908 ista:
1125 3843 1490 3922 persecutiones
1527 3850 1873 3920 gravissimam
1910 3849 2028 3902 red-

444 3953 593 4013 dunt,
642 3969 660 4000 ι
691 3948 886 4002 Felices
913 3987 925 4010 ,
985 3944 1175 4013 inquit,
1235 3942 1410 4007 eritis,
1452 3957 1568 3995 cum
1630 3956 1715 3994 vos
1778 3941 2022 4008 persecuti

444 4043 627 4114 fuerint
664 4041 908 4103 homines,
940 4046 987 4090 et
1037 4035 1410 4100 maledixerint,
1443 4043 1490 4087 et
1542 4033 1756 4086 dixerint
1784 4031 2025 4086 adversus

443 4151 527 4188 vos
579 4147 725 4186 omne
771 4145 983 4198 nequam
1019 4137 1224 4198 propter
1257 4123 1448 4180 Filium
1492 4122 1707 4176 hominis
1731 4137 1750 4176 :
1777 4122 2022 4193 gaudete,

435 4236 486 4278 et
541 4224 805 4289 exsultate,
848 4222 966 4292 quia
995 4235 1184 4274 merces
1207 4227 1367 4272 uestra
1402 4215 1559 4270 multa
1579 4224 1648 4268 est
1675 4215 1727 4268 in
1751 4214 1904 4268 caelis.
1935 4213 2025 4269 Sic

443 4320 577 4370 enim
627 4315 870 4386 persecuti
895 4322 1011 4367 sunt
1064 4321 1109 4366 et
1138 4311 1418 4381 Prophetas
1442 4310 1526 4380 qui
1552 4319 1668 4362 ante
1689 4324 1770 4362 vos
1791 4311 2016 4378 fuerunt,
2067 4331 2070 4335 '

445 4422 611 4481 patres
655 4425 824 4462 corn-1:
851 4425 870 4459 ι
933 4405 1155 4476 (Matth.
1202 4420 1252 4467 v,
1284 4403 1372 4467 Η,
1421 4400 1544 4469 19.).
1591 4399 1652 4454 Si
1680 4409 1873 4453 tantum
1902 4399 2024 4454 solis

444 4502 484 4555 Α
491 4500 696 4569 postolis
720 4499 909 4551 dictum
929 4507 1022 4562 est,
1042 4511 1193 4565 usque
1209 4494 1276 4548 ad
1295 4495 1430 4563 ipsos
1449 4495 1574 4561 ﬁdes
1591 4493 1761 4546 habuit
1782 4491 2026 4562 praemia;

441 4603 488 4647 et
518 4591 640 4661 quid
668 4589 900 4658 proderat
927 4599 1097 4658 postea
1121 4586 1425 4640 credituris?
1467 4583 1614 4639 Unde
1640 4593 1833 4638 constat
1863 4583 2026 4637 omni-

442 4686 534 4739 bus
555 4683 764 4737 dictum.
800 4682 994 4737 Deinde
1016 4681 1133 4734 dicit
1159 4677 1416 4749 apostolus
1447 4675 1679 4730 Paulus:
1701 4696 1719 4728 ι
1735 4677 1833 4741 Qui
1853 4677 2025 4730 uolunt

441 4777 494 4829 in
548 4775 746 4830 Christo
796 4763 967 4828 sa'itcte
1015 4773 1192 4837 vivere,
1223 4769 1612 4838 persecutionem
1649 4769 1904 4838 patiantur
1932 4783 2023 4821 ne-

442 4883 579 4922 cesse
629 4877 699 4920 est
731 4886 749 4919 ι
805 4864 884 4936 (ll
912 4864 1042 4916 Tim.
1073 4879 1150 4924 tn,
1179 4859 1301 4930 12).
1340 4858 1452 4914 Hoc
1480 4869 1645 4912 autem
1667 4857 1718 4911 in
1754 4857 2024 4936 Evangelia

445 4957 692 5011 Dominus
728 4932 856 5009 dixit
888 4970 908 5008 :
943 4972 962 5006 ι
996 4952 1166 5006 Veniet
1203 4952 1328 5005 hora
1364 4959 1418 5004 ut
1456 4949 1618 5003 onmis
1659 4948 1745 5017 qui
1791 4932 2026 5016 inter/irit

443 5063 549 5108 ros,
581 5057 715 5117 putet
751 5063 807 5102 se
863 5044 1115 5099 victimam
1177 5043 1298 5095 dare
1345 5040 1490 5104 Deo;
1534 5041 1620 5093 sed
1659 5039 1767 5094 hare
1808 5037 2019 5109 facient,

441 5140 560 5210 quia
613 5155 715 5194 non
761 5143 1096 5211 cognoverunt
1121 5132 1329 5199 Patrem
1348 5147 1506 5201 neque
1527 5147 1605 5184 me
1631 5149 1649 5182 ι
1685 5129 1863 5200 (Joan.
1913 5143 2020 5191 xvt,

441 5231 497 5292 2.
524 5227 618 5300 5).
665 5228 745 5284 Ad
794 5227 911 5282 ιιι-ο
957 5224 1280 5294 responsio:
1317 5222 1482 5278 Recte
1526 5222 1622 5277 ista
1663 5221 1964 5275 dicerentur
1992 5233 2021 5272 a

447 5323 598 5377 vobis
639 5319 1000 5392 quaerentibus
1043 5325 1331 5388 martyrum
1379 5314 1622 5392 gloriam,
1667 5313 1709 5367 si
1760 5310 2023 5366 haberetis

450 5390 742 5485 martyrum
769 5425 1004 5466 causam.
1031 5408 1146 5464 Non
1177 5407 1318 5462 enim
1351 5390 1625 5460 felices-ait
1652 5403 1904 5482 Dominus
1932 5401 2022 5472 qui

446 5505 580 5561 mala
626 5505 721 5558 ista
753 5503 1021 5573 patiuntur
1044 5542 1058 5561 .
1090 5499 1183 5554 sed
1214 5497 1302 5568 qui
1332 5505 1546 5566 propter
1570 5495 1760 5550 Filium
1792 5493 2022 5546 hominis

506 5599 522 5629 ι
558 5598 641 5646 nit:
664 5595 788 5646 forte
811 5594 971 5654 deest,
994 5591 1074 5645 isti
1095 5590 1285 5643 tandem
1305 5587 1555 5653 passionis.
2002 5575 2004 5578 ’

1846 187 2043 244 LIBER
2085 187 2358 246 PRIMUS.

3629 203 3732 258 ἨΒ

2146 307 2434 376 patiuntur,
2459 307 2547 380 qui
2572 321 2652 365 est
2671 310 2912 369 Christus
2935 313 3108 370 lesus.
3141 315 3248 371 Vos
3271 324 3446 372 autem
3473 333 3576 371 non
3603 333 3700 388 pro
3716 349 3732 358 -

2149 409 2266 467 pter
2309 400 2481 470 ipsum
2529 402 2800 471 patimini,
2857 405 2949 461 sed
2994 415 3178 461 contra
3230 408 3420 476 ipsum.
3484 407 3730 464 Patimini

2147 489 2343 560 quippe
2373 493 2512 558 ideo,
2542 495 2663 564 quia
2696 510 2800 550 non
2843 497 2892 552 ei
2931 497 3178 563 creditis;
3223 509 3277 553 et
3317 500 3556 554 toleratis
3586 502 3727 566 ideo,

2147 597 2216 636 nc
2242 582 2492 638 credatis.
2523 585 2802 653 Quomodo
2828 605 2952 659 ergo
2980 605 3074 643 vos
3103 605 3218 644 eam
3253 589 3411 646 ﬁdem
3441 574 3621 648 tenere
3644 595 3730 663 ja-

2146 673 2302 728 ctatis
2328 713 2343 740 ,
2376 691 2532 745 quam
2563 678 2816 735 Dominus
2842 682 3083 738 Christus
3112 684 3383 753 Apostolis
3407 685 3690 756 dereliquit
3711 689 3736 739 2

2147 765 2226 817 An
2266 780 2429 836 usque
2464 767 2598 822 adeo
2628 786 2798 827 caecos
2825 780 2878 826 et
2907 773 3096 830 surdos
3121 775 3275 829 vultis
3315 792 3434 831 esse
3464 776 3730 842 homines,

2146 864 2202 908 ut
2231 870 2335 910 non
2368 856 2564 926 legant,
2593 877 2695 914 non
2727 850 2941 918 audiant
2971 865 3334 936 Evangelium,
3366 868 3452 921 ttbi
3486 869 3735 923 noverint

2144 960 2301 1014 quam
2339 947 2496 1003 ﬁdem
2531 950 2598 1005 de
2632 967 2725 1006 sua
2768 954 3000 1009 Ecclesia
3039 957 3292 1012 Dominus
3317 957 3560 1014 Christus
3586 961 3732 1028 Apo-

2145 1038 2295 1093 stolis
2322 1039 2602 1112 dereliquit
2634 1061 2646 1096 :
2680 1060 2743 1098 ex
2790 1063 2888 1116 qua
2925 1047 3078 1102 divisi
3119 1062 3278 1120 atque
3315 1053 3565 1120 separati,
3600 1053 3729 1109 nihil

2143 1129 2283 1183 aliud
2313 1130 2480 1186 facitis
2502 1149 2658 1202 quam
2685 1147 2867 1190 contra
2892 1138 3050 1192 verba
3081 1141 3268 1210 capitis
3295 1151 3348 1196 ct
3377 1147 3618 1210 corporis
3641 1161 3729 1198 re-

2144 1217 2381 1284 bellatis;
2415 1229 2468 1276 et
2497 1231 2670 1277 tamen
2702 1235 2916 1294 propter
2956 1227 3147 1281 Filittm
3194 1228 3420 1285 hominis
3473 1247 3536 1285 ac
3567 1232 3726 1287 ﬁdem

2143 1323 2298 1377 quam
2332 1311 2544 1381 reliquit
2573 1314 2862 1383 Apostolis,
2893 1332 2986 1370 vos
3015 1319 3434 1387 persecutionem
3464 1321 3729 1378 sustinuere

2137 1397 2386 1466 jactatis?
2413 1401 2728 1458 Omittatnus
2755 1404 2855 1459 alia
2885 1448 2899 1472 ,
2939 1416 2992 1461 ct
3027 1409 3311 1462 novissima
3338 1411 3494 1464 verba
3526 1393 3641 1480 ejus
3673 1411 3725 1467 in

2143 1491 2298 1546 trrris
2321 1493 2628 1559 audiamus,
2655 1496 2740 1551 ubi
2771 1497 3041 1554 videamus
3070 1516 3226 1570 quam
3254 1500 3408 1556 ﬁdem
3437 1502 3505 1558 de
3537 1503 3727 1559 Eccle-

2140 1579 2216 1634 sia
2269 1583 2479 1652 reliquit
2529 1587 2820 1656 Apostolis,
2870 1591 3025 1659 quale
3074 1600 3446 1647 testamentum
3495 1595 3725 1664 quodam

2141 1675 2300 1729 modo
2328 1675 2534 1743 fecerit,
2562 1696 2664 1735 nun
2694 1681 2852 1737 vitam
2881 1684 3142 1750 finiturus,
3168 1684 3257 1739 scd
3286 1685 3398 1741 sine
3430 1685 3532 1740 ﬁue
3555 1687 3727 1741 victu-

2141 1782 2260 1832 rus;
2297 1783 2404 1823 non
2441 1768 2727 1826 mittendus
2761 1773 2811 1826 in
2841 1773 3165 1842 sepulcrum,
3199 1775 3291 1830 sed
3324 1791 3641 1830 ascensurus
3671 1778 3722 1831 in

2138 1857 2355 1912 caelum.
2384 1857 2616 1930 Surgcns
2636 1863 2776 1916 enim
2805 1879 2834 1917 a
2863 1865 3086 1918 mortuis
3117 1875 3455 1935 posteaquam
3479 1871 3726 1936 apparuit

2136 1948 2411 2020 discipulis
2439 1953 2547 2004 suis
2577 1953 2862 2009 intuendus
2899 1956 3066 2008 oculis
3101 1957 3451 2026 manibusque
3486 1966 3721 2014 tractan-

2137 2035 2235 2090 dus
2265 2055 2278 2091 :
2313 2036 2619 2108 Oportebat,
2662 2042 2851 2112 inquit,
2896 2043 3098 2114 impleri
3135 2061 3250 2114 quae
3285 2046 3473 2116 scripta
3509 2056 3626 2101 sunt
3667 2047 3724 2100 in

2137 2125 2290 2197 Lege,
2313 2139 2359 2183 et
2385 2128 2674 2199 Prop/teris.
2707 2143 2752 2185 et
2781 2132 3000 2188 Psalmis
3027 2135 3090 2186 de
3115 2152 3208 2187 me.
3237 2133 3381 2188 Tunc
3405 2137 3602 2205 aperuit
3619 2138 3724 2191 illis

2135 2235 2335 2272 sensum
2360 2229 2416 2273 ut
2445 2222 2773 2302 intelligerent
2798 2223 3090 2293 Scripturas
3111 2235 3156 2276 et
3177 2225 3304 2277 dixit
3323 2227 3395 2278 eis
3423 2241 3441 2278 :
3469 2225 3723 2293 Quoniam

2134 2309 2208 2362 sic
2239 2295 2482 2380 scriptum
2521 2323 2625 2378 est,
2668 2325 2714 2366 et
2741 2315 2814 2366 sic
2841 2315 3098 2382 oportebat
3131 2316 3238 2384 pati
3266 2314 3540 2381 Christum,
3570 2326 3614 2369 et
3638 2334 3720 2371 re-
3807 2294 3810 2296 Ὺ

2135 2414 2340 2468 surgere
2363 2401 2508 2454 tertio
2537 2402 2637 2466 die,
2664 2413 2712 2456 ct
2740 2405 3006 2472 prwdicari
3035 2407 3084 2458 in
3117 2406 3316 2460 nomine
3336 2407 3443 2477 ejus
3473 2408 3720 2475 paeniten-

2134 2489 2256 2543 tiam
2282 2500 2328 2543 et
2353 2492 2690 2548 remissionem
2717 2505 3033 2563 peccatorum
3065 2513 3154 2565 per
3178 2513 3348 2550 omnes
3378 2507 3564 2566 gentes,
3591 2496 3748 2552 inci?

2134 2582 2384 2651 pientibus
2420 2585 2482 2638 ab
2509 2584 2792 2641 Jerusalem
2832 2586 2996 2659 (Luc.
3029 2605 3171 2652 xxtv,
3203 2590 3368 2644 4447
3395 2591 3432 2660 ).
3485 2590 3719 2661 ltcmquc

2134 2673 2187 2728 in
2229 2685 2407 2730 monte
2441 2677 2631 2732 Oliveli
2657 2719 2671 2740 ,
2711 2690 2985 2748 postquam
3028 2679 3157 2734 nihil
3204 2682 3426 2736 ulterius
3465 2684 3516 2738 in
3561 2685 3718 2739 terris

2135 2765 2338 2835 positus
2365 2765 2516 2832 dixit,
2553 2769 2645 2822 sed
2679 2768 2818 2838 quod
2851 2770 3078 2824 maxime
3119 2771 3288 2826 fuerat
3320 2774 3675 2828 necessarium
3697 2815 3714 2840 ,

2107 2855 2234 2912 .ltoc
2260 2857 2648 2912 commendavit
2677 2867 2991 2913 extremum.
3031 2859 3178 2914 Multi
3211 2863 3414 2931 jptippe
3443 2873 3593 2917 erant
3634 2863 3717 2918 iu-

2133 2947 2234 3001 turi
2265 2961 2360 3016 per
2388 2947 2661 3003 universas
2693 2959 2868 3016 partes
2907 2959 3092 3012 terra),
3128 2951 3439 3006 vindicaturi
3479 2952 3580 3008 sibi
3619 2971 3719 3008 no-

2132 3053 2252 3092 men
2287 3037 2556 3104 Ecclesiae,
2585 3048 2639 3094 et
2665 3049 2848 3094 contra
2889 3041 3188 3095 universam
3234 3041 3448 3095 domum
3481 3059 3597 3112 qua:
3627 3060 3719 3113 per

2133 3127 2432 3181 universam
2478 3135 2672 3182 terram
2716 3137 2894 3183 cantat
2936 3131 3196 3186 canticum
3245 3147 3461 3201 novum,
3503 3133 3569 3190 dc
3612 3150 3720 3204 quo

2130 3219 2383 3286 scriptum
2415 3228 2515 3284 est,
2539 3217 2750 3274 Caritate
2771 3218 2988 3283 Domino
3012 3223 3259 3275 canticum
3282 3241 3462 3278 novum
3476 3243 3496 3290 ;
3520 3237 3724 3280 cantate

2131 3307 2370 3375 Domino,
2395 3312 2556 3365 omnis
2579 3321 2710 3364 terra
2737 3312 2753 3379 (
2782 3311 2927 3367 Psal.
2953 3327 3069 3378 xcv,
3097 3314 3119 3367 1
3147 3311 3200 3384 );
3231 3313 3297 3368 de
3325 3329 3540 3370 suarum
3567 3318 3715 3386 quis-

2130 3415 2232 3468 que
2271 3400 2538 3455 ruinarum
2586 3403 2793 3472 angulis
2834 3404 3093 3458 latraturi.
3127 3404 3281 3459 Aliud
3314 3421 3542 3476 namque
3571 3408 3718 3477 Apo-

2129 3491 2251 3546 stoli
2290 3492 2474 3546 audire
2510 3494 2821 3562 cupiebant,
2868 3503 2922 3548 et
2962 3494 3099 3564 quod
3143 3495 3244 3548 illis
3285 3497 3514 3551 maxime
3547 3496 3719 3552 fuerat

2129 3584 2510 3649 necessarium,
2543 3599 2646 3638 non
2686 3585 3013 3654 quaerebant.
3059 3584 3154 3639 Dic
3193 3587 3355 3653 nobis,
3385 3589 3645 3659 inquiunt,
3673 3593 3717 3645 si

2128 3673 2181 3725 in
2208 3681 2432 3742 tempore
2457 3675 2551 3726 hoc
2572 3675 2968 3742 pra'sentaberis,
2992 3665 3038 3728 et
3059 3678 3262 3744 quando
3283 3694 3491 3746 regnum
3515 3678 3680 3734 Israel
3692 3683 3718 3734 ζ’

2129 3765 2200 3816 At
2223 3763 2310 3816 ille
2335 3779 2347 3814 :
2377 3762 2497 3815 Non
2529 3774 2618 3823 est,
2645 3763 2832 3832 inquit,
2859 3775 3077 3818 vestrum
3103 3783 3247 3820 nosse
3266 3777 3490 3835 tempora
3514 3771 3588 3823 rel
3609 3788 3717 3824 mo-

2129 3864 2316 3922 menta,
2347 3872 2460 3927 qua:
2489 3854 2644 3908 Pater
2665 3857 2829 3926 posuit
2858 3855 2909 3908 in
2933 3871 3026 3910 sua
3042 3866 3318 3926 potestate;
3347 3860 3435 3912 sed
3459 3862 3716 3932 accipietis

2129 3948 2359 4000 uirtutem
2387 3945 2778 4015 supervenientis
2822 3944 3046 4016 Spiritus
3083 3949 3241 4000 sancti
3271 3948 3320 4000 in
3353 3965 3438 4003 ros
3459 3991 3472 4013 ,
3505 3960 3552 4004 et
3576 3954 3715 4006 eritis

2129 4038 2253 4091 mihi
2281 4047 2424 4092 testes
2457 4037 2508 4091 in
2536 4035 2840 4100 Jerusalem,
2864 4045 2909 4090 et
2935 4037 2986 4089 in
3013 4046 3167 4091 totam
3192 4038 3426 4093 Juda'am
3453 4050 3498 4093 et
3528 4042 3716 4098 Sama-

2129 4131 2276 4194 riam,
2300 4141 2344 4184 et
2372 4147 2525 4201 usque
2551 4129 2619 4182 ad
2648 4128 2883 4183 terminos
2907 4138 3070 4183 teme.
3094 4129 3185 4186 llis
3213 4129 3367 4186 dictis
3394 4133 3562 4188 nubes
3589 4148 3709 4188 sus-

2135 4216 2898 4287 ct-piteum(Act.t,6-9).Nibil
2924 4214 3151 4268 ulterius
3167 4215 3349 4267 verbis
3365 4213 3710 4266 addierboc

2137 4307 2287 4363 tanto
2315 4317 2348 4363 te
2367 4311 2576 4372 nacius,
2595 4318 2799 4379 quanto
2828 4310 3120 4379 posterius,
3151 4305 3490 4360 audientium
3511 4306 3710 4360 menti-

2133 4397 2236 4452 bus
2271 4397 2404 4450 ﬁxit.
2444 4398 2594 4453 llanc
2628 4414 2880 4467 spoosam
2915 4397 3029 4454 suis
3052 4397 3244 4451 amicis
3265 4412 3499 4466 sponsus
3519 4397 3710 4450 abiens

2132 4489 2557 4542 commendavit.
2638 4490 2785 4545 llanc
2880 4507 3010 4560 ergo
3093 4491 3162 4548 de
3239 4497 3425 4542 sancta
3461 4488 3708 4543 Ecclesia

2130 4583 2403 4652 discipulis
2434 4581 2770 4651 dereliquit‘.
2815 4581 2946 4636 lluic
2989 4581 3131 4647 ﬁdei,
3168 4580 3479 4657 Donatistae,
3508 4586 3715 4638 resisti-

2133 4675 2218 4741 tis,
2249 4683 2304 4730 et
2332 4689 2426 4742 pro
2455 4673 2558 4728 lidc
2583 4687 2740 4742 quam
2771 4671 3026 4726 Dominus
3049 4671 3292 4727 Christus
3320 4672 3533 4742 reliquit
3565 4675 3711 4744 Apo-

2131 4767 2312 4829 stolis,
2342 4782 2435 4819 vus
2475 4765 2895 4835 persecutionem
2923 4765 3058 4817 fcrrc
3084 4763 3423 4820 contenditis.
3456 4765 3588 4820 lluic
3614 4765 3712 4821 lto-

2130 4858 2289 4914 minis
2314 4858 2470 4923 Filio,
2492 4857 2579 4928 qui
2611 4854 2902 4912 Ecclesium
2929 4871 3077 4909 suam
3103 4855 3443 4926 incipientem
3464 4857 3532 4911 ab
3555 4856 3712 4912 Jeru-

2129 4952 2328 5011 salem.
2382 4957 2434 5002 et
2487 4963 2580 5017 per
2628 4962 2814 5001 onmes
2863 4956 3050 5016 gentes
3101 4945 3502 5002 fructiﬁcantem
3551 4959 3711 5018 atque

2128 5053 2477 5102 crescentem,
2503 5048 2644 5094 tanta
2670 5038 2934 5110 diligentia
2965 5039 3373 5102 commendavit,
3398 5039 3529 5092 mira
3557 5039 3710 5092 σευ(τί-

2130 5134 2249 5187 tatis
2277 5133 2599 5202 impudentia
2627 5130 3016 5202 contradicitis,
3047 5139 3097 5185 et
3129 5140 3345 5200 propter
3383 5129 3574 5184 Filium
3608 5128 3708 5182 bo-

2129 5224 2289 5277 minis
2329 5237 2421 5277 vos
2461 5222 2598 5275 mala
2636 5221 2899 5276 sustinere
2940 5221 3205 5277 claritatis.
3231 5221 3309 5275 An
3338 5219 3438 5273 hct:
3466 5218 3704 5278 fortassis

2129 5314 2248 5370 ideo
2272 5313 2468 5379 dicitis,
2496 5313 2619 5384 quia
2650 5311 2798 5367 vobis
2825 5312 2984 5366 alium
3025 5311 3188 5366 lilium
3228 5311 3457 5366 hominis
3496 5309 3705 5365 invenis

2127 5408 2246 5475 stis,
2285 5406 2436 5476 cujus
2479 5404 2693 5461 nomine
2722 5405 3044 5472 vocitemini,
3070 5404 3138 5462 de
3175 5403 3322 5473 cujus
3366 5410 3514 5473 parte
3556 5401 3705 5457 dica-

2195 5589 2210 5620 ί
2248 5587 2328 5637 ulc
2349 5583 2528 5634 deesse
2549 5581 2760 5641 videtur,
2784 5575 2945 5643 ﬁdem.
