4108 6198
429 271 530 324 719

433 384 595 437 mini?
639 383 860 448 Erratis,
889 395 994 435 non
1029 391 1108 433 est
1146 381 1255 448 ipse
1287 396 1300 431 :
1333 379 1543 449 quando
1572 389 1788 449 propter
1815 379 2002 435 Filium

435 475 663 528 hominis
708 471 1273 542 pati-persecutionem
1324 471 1586 523 felicitatis
1622 484 1739 522 esse
1779 469 2006 533 dicebat,

432 582 490 619 se
518 567 686 635 ipsum
716 565 800 617 ille
823 576 1069 632 Sponsus,
1103 577 1205 614 non
1229 561 1525 614 adulterum
1556 562 1894 630 praedicabat.

411 715 414 718 ,
501 659 590 712 2'5.
618 656 682 710 Et
702 670 800 709 nos
821 655 1152 718 conﬁtemur,
1174 666 1229 706 ut
1252 654 1443 716 dicitis,
1469 670 1572 707 non
1595 655 1722 707 solis
1745 653 2010 721 ApostoLs

432 767 549 802 esse
576 749 792 810 dictum,
827 747 970 800 Beati
1001 747 1157 806 eritis,
1185 763 1297 798 cum
1318 764 1402 798 vos
1431 746 1672 814 persecuti
1704 746 1888 812 fuerint
1917 744 2009 795 ho-

434 842 606 892 mines.
657 838 735 892 Ad
777 852 963 890 omnes
1005 837 1146 890 enim
1190 836 1290 889 hoc
1327 836 1575 904 pertinet,
1619 849 1721 886 non
1761 834 1848 903 qui
1889 841 2008 901 post

432 931 547 981 illos
593 927 880 997 quamlibet
922 924 1342 994 persecutionem
1391 925 1530 992 passi
1574 933 1735 988 sunt,
1769 924 1878 976 sive
1910 937 2002 990 pa~

430 1026 648 1078 littultlt‘,
679 1020 789 1073 sive
827 1019 914 1088 qui
952 1017 1155 1086 passuri
1186 1026 1333 1075 sunt;
1365 1015 1457 1069 sed
1488 1015 1574 1083 qui
1611 1023 1823 1082 propter
1847 1013 2004 1081 justi-

434 1113 578 1171 tiam,
613 1112 748 1163 sicut
784 1118 836 1163 et
876 1109 994 1177 ipsi.
1027 1107 1156 1161 Nam
1182 1107 1279 1159 hoc
1304 1106 1460 1175 paulo
1484 1105 1727 1174 superius
1755 1103 1960 1156 dixerat
1989 1120 2001 1156 :

431 1203 571 1257 Beati
623 1203 706 1270 qui
748 1203 1137 1269 persecutionem
1185 1199 1448 1268 patiuntur
1487 1207 1691 1267 propter
1726 1196 2000 1265 justitiam,

426 1296 543 1363 quia
568 1295 790 1361 ipsorum
812 1300 881 1344 est
908 1306 1116 1359 regnum
1141 1289 1377 1341 caelorum
1413 1289 1430 1356 (
1455 1285 1638 1340 Matth.
1673 1302 1724 1352 ι’,
1759 1286 1845 1351 11,
1883 1285 2001 1354 10).

431 1384 629 1438 Deinde
656 1384 751 1436 ista
784 1381 1070 1450 subjuuxit,
1106 1396 1222 1449 qua:
1257 1371 1680 1432 commemorare
1717 1387 1772 1431 et
1811 1377 2002 1430 frustra

427 1476 575 1529 vobis
604 1489 856 1544 usurpare
888 1454 1146 1526 voluistis.
1193 1471 1410 1525 Frustra
1451 1471 1591 1524 enim
1627 1469 2002 1524 beatitudinem

429 1570 578 1620 istam
611 1567 875 1634 pertinere
907 1564 970 1616 ad
1000 1579 1092 1617 vos
1121 1563 1335 1632 putatis,
1368 1561 1577 1631 quando
1600 1562 1654 1614 in
1681 1561 1831 1614 vobis
1851 1561 2004 1629 justi-

426 1662 552 1712 tiam
579 1658 661 1710 cui
691 1656 965 1725 praemium
993 1654 1268 1718 debeatur,
1294 1670 1397 1706 non
1426 1652 1800 1706 demonstratis
1832 1669 1844 1700 :
1878 1651 2002 1718 quin

424 1754 530 1803 imo
559 1766 589 1803 e
616 1747 881 1802 contrario
911 1745 1070 1800 etiam
1106 1759 1203 1813 pro
1239 1744 1510 1812 iniquitate
1542 1743 1798 1810 patimini,
1831 1743 2003 1794 minus

423 1841 490 1893 ah
515 1841 650 1905 aliis,
683 1839 798 1906 plus
825 1853 851 1888 a
884 1836 1066 1898 vobis,
1105 1844 1162 1888 ut
1199 1844 1321 1887 ante
1357 1834 1446 1886 Dei
1472 1833 1725 1901 judicium
1760 1831 1897 1901 quod
1927 1832 2004 1884 fu-

426 1944 598 1982 turmn
626 1935 728 1991 est,
759 1927 939 1986 etiam,
971 1925 1069 1993 ipsi
1095 1925 1248 1976 vobis
1274 1923 1414 1992 quod
1438 1922 1710 1976 meremini
1739 1939 1800 1975 ex
1830 1923 2001 1990 aliqua

425 2032 571 2092 parte
619 2019 869 2074 retldatis.
922 2017 1072 2072 Unde
1111 2017 1228 2085 quia
1280 2025 1332 2068 tu
1378 2016 1491 2084 ipse
1529 2015 1728 2079 dixisti,
1762 2030 1865 2067 non
1905 2015 2004 2067 hoc

423 2112 551 2164 solis
592 2109 879 2178 Apostoiis,
927 2106 1019 2160 sed
1068 2105 1312 2159 omnibus
1357 2105 1574 2170 dictum,
1622 2120 1687 2157 ne
1732 2119 1894 2173 usque
1936 2103 2003 2157 ad

423 2203 545 2256 illos
573 2202 701 2254 fides
733 2200 944 2269 pra-mia
978 2197 1223 2251 habuisse
1249 2197 1516 2250 videretur
1545 2214 1556 2248 :
1587 2197 1724 2250 sicut
1750 2196 1850 2251 hoc
1877 2211 2003 2266 ergo

423 2312 526 2348 non
571 2293 702 2346 solis
746 2292 1044 2358 Apostolis,
1092 2290 1182 2343 sed
1228 2291 1474 2342 onmihus
1516 2290 1714 2342 dictum
1754 2297 1866 2351 est,
1912 2289 2001 2358 qui

421 2387 577 2438 etiam
615 2394 733 2453 post
769 2383 887 2435 illos
918 2392 1132 2451 propter
1155 2380 1411 2449 justitiam
1455 2381 1659 2433 fuerant
1688 2381 1822 2433 mala
1854 2397 1992 2448 qu:e-

420 2492 645 2545 (ιιιιιιεμιο
672 2475 911 2544 passuri;
942 2474 1018 2526 sic
1046 2475 1204 2526 etiam
1234 2472 1478 2525 omnibus
1510 2473 1634 2524 illud
1664 2472 1860 2526 dictum
1888 2480 1998 2536 est,

403 2568 480 2618 {Si
510 2584 590 2620 vos
615 2565 856 2635 persecuti
885 2563 1069 2634 fuerint
1099 2563 1150 2615 in
1187 2563 1282 2615 ista
1317 2562 1533 2623 civitate,
1566 2563 1722 2631 fugite
1759 2561 1810 2612 in
1847 2561 1998 2613 aliam

420 2657 628 2727 (Matth.
656 2673 704 2717 x,
732 2653 860 2726 25).
907 2653 1079 2719 Quare
1128 2652 1226 2704 hoc
1266 2667 1368 2705 non
1417 2650 1618 2714 facitis,
1652 2651 1695 2703 si
1723 2649 1786 2702 ad
1817 2664 1998 2702 eorum

419 2748 723 2800 societatem
766 2745 956 2812 quibus
1001 2741 1113 2794 haec
1157 2741 1296 2794 dicta
1340 2751 1460 2794 Sttttl
1503 2739 1810 2808 pertinetis?
1851 2739 1997 2804 Quod

418 2837 629 2905 quidem
663 2847 713 2889 et
745 2835 786 2886 si
837 2834 1084 2898 feceritis,
1110 2849 1214 2886 non
1252 2833 1369 2886 ideo
1407 2831 1731 2900 pertinebitis
1760 2848 1772 2882 :
1804 2831 1923 2899 quia
1948 2839 2001 2882 et

420 2929 651 2980 latrones
688 2925 790 2979 hoc
832 2924 1005 2978 facere
1043 2931 1284 2993 possunt,
1325 2940 1458 2992 quos
1503 2923 1690 2991 inquiri
1731 2924 1872 2992 leges
1905 2938 2001 2992 pu-

420 3019 566 3070 blica:
603 3017 893 3086 jusserunt.
941 3015 1320 3069 Verumtamen
1365 3015 1482 3082 quia
1536 3014 1635 3067 hoc
1683 3013 1854 3068 facere
1894 3029 1996 3068 non

421 3108 606 3169 vultis,
643 3104 1061 3173 dc‘compendio
1095 3119 1190 3157 vos
1232 3103 1297 3156 ad
1341 3105 1467 3157 istos
1501 3105 1692 3172 quibus
1724 3105 1834 3157 haec
1859 3105 1994 3157 dicta

417 3209 560 3266 sunt,
592 3215 693 3250 non
731 3198 998 3266 pertinere
1033 3195 1360 3249 monstratis.
1397 3194 1464 3247 Et
1491 3204 1545 3247 ut
1569 3210 1663 3249 vos
1689 3195 1852 3248 multo
1881 3211 1994 3248 ma-

417 3291 658 3345 infestius
703 3290 811 3357 ipsa
851 3287 1124 3342 excusatio
1153 3298 1324 3340 vestra
1363 3287 1429 3340 ab
1471 3287 1559 3340 illo
1593 3302 1813 3340 numero
1840 3304 1993 3342 vero-

420 3380 976 3436 rumChristianorum
1009 3378 1255 3432 ostendat
1279 3377 1499 3438 alienos,
1535 3378 1646 3430 loca
1673 3394 1777 3447 quo
1805 3377 1993 3431 confu-

415 3447 758 3542 giatis,lqua:
799 3472 885 3524 ille
928 3485 1092 3538 usque
1131 3470 1182 3522 in
1226 3469 1382 3521 finem
1413 3469 1590 3522 smeuli
1623 3485 1724 3521 non
1752 3469 1991 3550 defutura

419 3561 689 3630 promisit,
715 3559 862 3612 vobis
892 3557 1080 3611 deesse
1105 3559 1212 3624 jam
1248 3557 1450 3620 dicitis;
1492 3559 1632 3610 nullo
1659 3557 1816 3610 modo
1847 3560 1991 3611 illum

415 3653 554 3724 quod
586 3651 710 3705 falsa
736 3648 1036 3720 promiserit
1060 3647 1456 3711 convincentes,
1483 3647 1572 3702 sed
1597 3665 1689 3701 vos
1714 3649 1779 3703 ad
1807 3665 1988 3704 eorum

414 3743 738 3800 consortium
766 3740 958 3811 quibus
996 3738 1098 3792 hoc
1133 3737 1371 3808 promisit
1406 3753 1508 3804 non
1547 3739 1810 3808 pertinere
1842 3755 1992 3793 mon-

413 3843 665 3899 strantes,
690 3846 743 3887 et
764 3831 882 3885 ideo
908 3846 1012 3884 non
1038 3843 1254 3883 veraces
1282 3837 1561 3898 martyres,
1591 3828 1684 3883 sed
1714 3829 1990 3884 htereticos

412 3938 511 3978 νος
535 3939 650 3977 esse
677 3921 908 3975 fallaces.
939 3917 1070 3985 Quid
1091 3918 1239 3971 vobis
1262 3918 1480 3971 ulterius
1502 3919 1753 3982 dicamus,
1779 3921 1988 3988 quando

411 4017 581 4082 lingua
614 4022 782 4065 vestra
805 4026 900 4064 vos
929 4007 1128 4064 vincit?
1549 4069 1558 4081 .

482 4101 706 4158 CAPUT
737 4099 878 4155 XXI.
907 4097 1245 4156 —24.Nam
1300 4107 1351 4151 et
1395 4099 1516 4151 illud
1560 4098 1698 4165 quod
1743 4098 1986 4154 addidisti

410 4197 608 4251 dixisse
652 4193 996 4265 Apostolum,
1051 4190 1238 4245 Omnes
1283 4191 1368 4260 qui
1396 4191 1447 4243 in
1489 4189 1684 4244 Christo
1716 4192 1795 4262 pie
1831 4193 1990 4247 vivere

414 4289 604 4353 rolunt,
631 4286 992 4358 persecutiones
1018 4285 1274 4353 patiantur
1303 4300 1496 4337 necesse
1516 4294 1585 4337 est
1610 4301 1628 4338 :
1645 4299 1747 4338 non
1776 4285 1986 4354 quidem

412 4383 497 4435 ille
523 4380 655 4434 dixit
680 4419 693 4442 ,
727 4393 922 4429 necesse
949 4385 1057 4438 est;
1087 4373 1200 4437 sed,
1235 4373 1418 4427 Omnes
1439 4415 1454 4440 ,
1475 4376 1547 4427 ait
1571 4417 1584 4439 ,
1613 4377 1702 4446 qui
1730 4377 1901 4429 volunt
1935 4377 1986 4430 in

409 4469 607 4522 Christo
647 4468 725 4537 pie
751 4467 928 4528 vivere,
958 4465 1350 4535 persecutionem
1383 4467 1631 4532 patientur
1658 4466 1733 4538 (ll
1777 4467 1906 4519 Tim.
1929 4484 1982 4532 v,

323 4609 331 4611 _
410 4560 517 4627 l2).
551 4557 654 4611 Sed
684 4571 778 4610 vos
808 4556 871 4607 ad
912 4555 1040 4609 istos
1072 4569 1173 4607 non
1208 4556 1472 4622 pertinere
1512 4557 1630 4624 quis
1660 4556 1906 4611 dubitat?
1931 4558 1984 4613 Si

407 4653 548 4704 enim
575 4659 629 4705 ct
669 4664 764 4703 vos
807 4647 964 4712 estis,
1015 4645 1080 4700 de
1124 4647 1312 4715 quibus
1355 4646 1456 4700 hoc
1502 4647 1634 4700 dixit
1665 4645 1983 4717 Apostolus,

407 4756 570 4811 quare
605 4755 707 4793 non
753 4738 922 4792 facitis
950 4737 1093 4807 quod
1119 4737 1230 4806 ipse
1259 4737 1380 4790 fecit
1417 4739 1744 4806 Apostolus?
1772 4739 1901 4793 Nam
1942 4743 1985 4795 si

411 4842 572 4902 porta:
599 4831 852 4885 adversus
893 4845 986 4882 vos
1012 4827 1419 4895 clauderentur,
1467 4845 1560 4898 per
1608 4847 1814 4884 murum
1857 4833 1982 4885 sub-

411 4922 542 4976 mitti
584 4921 874 4986 debuistis,
908 4930 960 4974 ut
1009 4935 1194 4973 manus
1240 4921 1666 4987 persequentium
1713 4920 1982 4991 fugeretis.

411 5017 591 5068 Patent
624 5022 784 5082 pnt'tu'
807 5055 819 5073 ,
851 5024 896 5062 ct
928 5012 1075 5064 exire
1121 5025 1224 5061 non
1255 5009 1430 5063 vulis.
1461 5013 1628 5075 Quam
1660 5015 1983 5081 persecutio-

393 5093 532 5160 nem
566 5082 832 5176 patimini,
882 5101 978 5155 nisi
1006 5116 1034 5152 a
1077 5099 1271 5154 vobis?
1322 5099 1496 5170 Diligit
1541 5117 1634 5155 vos
1680 5114 1985 5170 persecutor

408 5207 580 5252 vester
604 5237 618 5260 ,
650 5205 702 5250 et
729 5191 1063 5262 persequitur
1087 5207 1180 5245 vos
1212 5189 1359 5243 furor
1383 5199 1575 5245 vester.
1600 5191 1692 5247 Ille
1721 5203 1776 5247 ut
1815 5194 1984 5264 fugia-

396 5284 471 5342 Itis
515 5291 694 5359 cupit,
727 5287 825 5340 iste
856 5294 910 5338 ut
939 5284 1164 5353 pereatis
1191 5283 1428 5352 impellit.
1457 5283 1543 5338 Sic
1571 5289 1744 5339 autem
1791 5288 1983 5341 intelli-

407 5383 526 5449 gitis
554 5380 693 5451 quod
720 5379 794 5433 ait
821 5375 1104 5446 Apostolus
1129 5417 1142 5441 ,
1174 5373 1359 5429 Omnes
1387 5377 1471 5445 qui
1500 5378 1669 5430 volunt
1696 5379 1746 5431 in
1787 5379 1984 5434 Christo

407 5474 486 5539 pie
531 5475 729 5536 vivere,
778 5466 1168 5539 persecutionem
1219 5467 1504 5535 patientur,
1554 5477 1607 5521 ttt
1637 5469 1862 5538 majores
1893 5488 1974 5526 ve‘

408 5572 546 5616 stros
570 5564 668 5618 sub
693 5569 930 5631 apostata
963 5559 1284 5627 imperatore
1311 5557 1520 5612 .luliano
1548 5577 1652 5614 non
1683 5563 1764 5631 pie
1793 5564 1983 5619 vixisse

408 5654 556 5706 vobis
587 5669 802 5708 necesse
828 5655 896 5707 sit
920 5651 1179 5707 confiteri.
1213 5649 1341 5704 Nam
1373 5654 1608 5724 qttiSqttiS
1635 5654 1722 5706 illo
1750 5663 1983 5724 tempore

1442 269 1708 324 cox'rax
1753 225 2218 327 GAIiDtiNTIllil,
2251 269 2305 322 s.
2341 269 2704 324 AUGUSTINI

3597 275 3704 330 7‘20

2119 377 2382 433 donatista
2413 379 2578 435 factus
2603 390 2684 435 est
2703 423 2715 444 ,
2757 381 2927 434 donec
2957 381 3212 436 adversus
3237 392 3472 439 vestrum
3516 401 3702 442 rursus

2115 486 2350 524 errorem
2402 471 2485 540 pia
2530 472 2936 527 Christianorum
2985 473 3366 544 imperatorum
3397 492 3523 532 cura
3570 495 3696 534 con-
3726 520 3746 540 _.

2113 569 2387 626 surgeret,
2417 561 2460 613 si
2505 570 2626 614 ante
2661 562 2940 616 defunctus
2969 573 3050 617 est
3071 605 3084 626 ,
3115 580 3216 618 non
3261 568 3345 636 pie
3385 568 3554 633 vixit,
3577 572 3698 640 quia
3725 551 3734 598 ἶ

2114 665 2216 703 ιιοιι
2245 660 2326 704 est
2358 667 2542 720 passus
2574 655 3015 721 persecutionem.
3045 656 3100 710 Si
3123 667 3297 710 autem
3327 659 3427 711 hoc
3454 672 3698 730 propter-

2113 755 2173 792 ea
2228 741 2360 794 dixit
2407 744 2731 812 Apostolus,
2765 746 2885 812 quia
2929 747 3065 800 sicut
3104 747 3229 801 altbi
3273 751 3526 817 scriptum
3583 763 3697 816 est,

2113 831 2344 886 Tentatio
2385 845 2457 889 est
2502 836 2600 888 vita
2631 837 2845 889 hominis
2873 855 3030 910 super
3071 848 3254 892 terram
3281 840 3410 910 (Job
3438 857 3506 896 vn
3526 885 3541 908 ,
3575 845 3612 897 "1
3640 846 3694 912 );

2113 938 2210 976 nec
2252 933 2426 978 cessat
2468 926 2580 994 pios
2612 941 2869 996 verosque
2894 927 3225 982 Christianos
3254 945 3355 983 non
3397 932 3566 984 solum
3598 933 3699 985 ad»

2111 1013 2374 1066 versitatis
2405 1012 2736 1067 infestatione
2761 1056 2774 1078 ,
2813 1031 2992 1068 verum
3028 1017 3184 1070 etiam
3222 1021 3587 1086 prosperitatis
3615 1037 3708 1076 se-

2110 1104 2357 1159 ductione
2385 1114 2587 1160 tentare
2610 1150 2624 1172 ,
2664 1116 2731 1165 ,ut
2767 1108 2973 1161 animus
3006 1109 3264 1163 humanus
3293 1121 3384 1164 aut
3411 1111 3697 1167 afﬂictione

2109 1198 2451 1263 succumbat,
2484 1208 2574 1252 aut
2599 1200 2826 1254 elatione
2855 1212 3105 1255 vanescat
3133 1219 3146 1254 :
3178 1202 3412 1270 profecto
3441 1205 3692 1273 quamdiu

2111 1287 2194 1340 hic
2215 1287 2406 1340 vivitur
2425 1331 2438 1352 ,
2471 1305 2642 1342 omnes
2662 1290 2749 1354 qui
2774 1291 2942 1342 volunt
2970 1291 3021 1343 in
3043 1290 3241 1344 Christo
3265 1293 3346 1362 pie
3374 1294 3552 1356 virere,
3581 1313 3693 1364 per-

2107 1380 2406 1432 secutionem
2434 1380 2687 1450 patientur
2710 1421 2725 1445 ,
2753 1390 2809 1433 ιιι
2839 1392 2929 1433 aut.
2957 1382 3077 1434 victi
3117 1383 3636 1451 comprehendantur
3665 1404 3693 1436 a

2108 1469 2348 1536 diabolo,
2381 1479 2470 1523 aut
2496 1471 2701 1540 probati
2740 1471 3007 1524 diabohun
3054 1472 3307 1527 vincant:
3337 1489 3470 1543 quos
3511 1485 3692 1529 autem

2107 1563 2519 1630 comprehensos
2558 1566 2898 1634 captivosque
2931 1565 3036 1634 jam
3071 1567 3334 1634 possidet,
3384 1583 3486 1622 non
3518 1580 3573 1622 ut
3600 1571 3694 1622 ob-

2111 1653 2274 1705 litteat
2298 1654 2633 1722 persequitur
2656 1696 2669 1720 ,
2698 1654 2789 1708 sed
2821 1657 2938 1724 quia
2967 1655 3164 1709 obtinet
3199 1658 3384 1710 utitur.

2177 1741 2266 1796 95.
2319 1743 2515 1806 Porro,
2561 1744 2603 1796 si
2640 1746 2882 1813 persequi
2929 1746 3294 1800 tantununodo
3326 1747 3413 1801 ille
3437 1748 3694 1802 dicendus

2107 1843 2182 1885 Osi
2208 1876 2220 1898 ,
2273 1833 2361 1902 qui
2393 1833 2575 1888 dolore
2608 1835 2782 1905 aliquo
2819 1838 3118 1902 excruciat,
3165 1853 3259 1892 seu
3289 1839 3397 1892 vult
3425 1849 3606 1896 tenere
3637 1852 3692 1894 ut

2107 1927 2406 1987 excruciet;
2437 1941 2539 1977 non
2575 1925 2665 1977 tibi
2695 1925 2932 1978 videatur
2961 1928 3292 1982 cxcruciator
3319 1930 3492 1983 cordis
3526 1931 3691 1984 levior

2106 2026 2223 2064 esse
2249 2030 2403 2080 quam
2437 2015 2706 2082 corporis,
2736 2026 2786 2068 et
2813 2017 3090 2072 considera
3127 2021 3334 2088 qualem
3363 2024 3689 2090 persecutio-

2107 2120 2224 2156 nem
2258 2106 2553 2174 patiebatur
2573 2149 2586 2170 ,
2611 2108 2697 2176 qui
2725 2109 2932 2162 dicebat
2955 2108 3003 2162 in
3039 2110 3276 2174 Psalmo,
3317 2111 3432 2165 Vidi
3456 2114 3685 2168 insensa-

2107 2202 2182 2245 tos
2206 2235 2219 2258 ,
2253 2196 2615 2249 cttabescebtmt
2647 2196 2822 2269 (Psal.
2847 2214 3007 2253 cxvnl
3029 2243 3041 2264 ,
3073 2204 3172 2256 158
3197 2205 3234 2270 ).
3267 2203 3410 2256 lianc
3437 2222 3688 2274 persecu-

2107 2285 2300 2336 tionem
2358 2286 2457 2339 Lot
2495 2287 2673 2353 justus
2734 2289 3030 2357 patiebatur
3079 2293 3127 2344 in
3185 2293 3466 2358 Sodtnuis,
3531 2297 3686 2350 etiam

2106 2373 2412 2441 priusquam
2443 2376 2491 2428 in
2523 2377 2682 2430 domo
2720 2379 2835 2446 ejus
2881 2381 3052 2448 angeli
3101 2381 3334 2450 hospites
3379 2386 3497 2452 ejus
3520 2427 3534 2449 ,
3567 2402 3686 2440 cum

2106 2461 2347 2516 hor‘nines
2397 2475 2746 2533 putarentur,
2792 2483 2819 2521 a
2869 2468 3156 2524 Sodomitis
3199 2483 3578 2541 appetercntnr
3621 2477 3687 2530 ad

2104 2565 2342 2624 stuprum
2373 2558 2388 2625 (
2416 2555 2550 2624 Gen.
2578 2560 2727 2621 xix).
2778 2559 2956 2614 Justus
3003 2563 3141 2616 enim
3188 2579 3284 2618 eos
3336 2575 3440 2618 tam
3483 2567 3689 2636 publice

2107 2653 2307 2712 turpes,
2343 2655 2394 2699 rt
2421 2657 2542 2701 ante
2562 2663 2668 2701 sum
2686 2650 2873 2704 domus
2903 2652 3144 2722 injuriam
3178 2657 3190 2686 ¹
3213 2657 3326 2710 sine
3354 2672 3542 2726 magno
3570 2674 3688 2713 cor—

2104 2736 2187 2789 dis
2217 2739 2450 2791 crueiatn
2481 2740 2660 2795 videre
2687 2758 2790 2795 non
2826 2753 3049 2811 poterat.

2171 2825 2394 2882 CAPUT
2443 2830 2608 2882 XXII.
2638 2832 2884 2888 —Unde
2934 2836 3072 2889 inter
3117 2852 3239 2890 suas
3295 2843 3687 2907 perseeutiones

2103 2917 2258 2970 etiam
2292 2919 2411 2972 talia
2458 2935 2838 2976 commemorat
2877 2927 3148 2994 apostolus
3181 2929 3403 2996 Paulus,
3454 2933 3681 2989 dicens:

2108 3007 2232 3071 Quis
2261 3010 2547 3076 in/irmatur
2565 3051 2579 3074 ,
2623 3023 2666 3064 et
2688 3029 2777 3082 ego
2803 3031 2902 3067 non
2931 3017 3207 3083 inﬁrmor?
3235 3023 3344 3087 quis
3367 3024 3685 3085 scandaliza-

2102 3111 2199 3167 tur,
2219 3110 2262 3153 et
2277 3119 2365 3169 ego
2387 3119 2485 3156 non
2501 3093 2620 3156 uror
2643 3104 2705 3175 (ll
2727 3105 2841 3159 Cor.
2862 3108 3044 3179 xr,9.9)
3059 3111 3080 3162 ?
3097 3111 3339 3177 Proinde,
3357 3123 3553 3182 quanto
3574 3132 3684 3168 nta-

2097 3192 2180 3258 jor
2209 3201 2287 3245 est
2320 3193 2369 3246 in
2417 3194 2567 3248 nobis
2593 3194 2822 3250 eltaritas
2863 3199 3095 3266 Christi,
3145 3211 3287 3253 tanto
3333 3205 3535 3272 majore
3560 3221 3680 3259 cum

2099 3283 2280 3337 dolore
2307 3287 2463 3338 animi
2494 3302 2584 3340 vos
2607 3289 2845 3342 videmus
2873 3289 3070 3346 habere
3095 3293 3432 3349 Sacramenta
3463 3299 3678 3364 Christi,

2099 3385 2150 3427 et
2195 3378 2425 3443 separari
2468 3394 2495 3430 a
2543 3380 2796 3434 membris
2839 3381 3070 3446 Christi,
3119 3394 3172 3438 et
3202 3386 3459 3442 rebellare
3498 3400 3680 3442 contra

2100 3469 2278 3534 paceni
2304 3468 2519 3522 Christi.
2556 3471 2660 3525 Sed
2691 3474 2938 3541 quamdiu
2983 3475 3034 3529 in
3082 3481 3180 3531 hoc
3210 3495 3434 3548 corpore
3460 3484 3632 3537 vivitis
3658 3525 3673 3548 ,

2098 3569 2220 3623 spes
2265 3559 2415 3611 nobis
2463 3559 2636 3629 aliqua
2668 3561 2734 3615 de
2766 3565 2911 3618 vobis
2952 3567 3103 3620 datur
3133 3586 3145 3618 :
3172 3585 3291 3623 cum
3336 3588 3459 3625 vero
3480 3574 3588 3642 jam
3621 3576 3673 3628 in

2097 3645 2185 3698 illa
2229 3647 2558 3703 dissensione
2587 3653 2886 3721 morimini,
2920 3658 3084 3712 multo
3131 3663 3364 3716 amarius
3405 3679 3495 3718 vos
3524 3665 3676 3720 dole-

2097 3752 2234 3792 mus.
2274 3739 2388 3793 Jam
2433 3757 2592 3810 porro
2621 3745 2834 3812 quando
2875 3762 2967 3800 vos
3015 3749 3156 3818 ipsos
3197 3755 3424 3815 necatis,
3470 3757 3554 3810 vel
3600 3758 3676 3811 ir-

2094 3831 2298 3882 ruendo
2325 3833 2487 3885 armis
2512 3834 2732 3900 alienis,
2765 3837 2845 3890 vel
2879 3839 3182 3907 przecipitiis
3211 3852 3264 3895 et
3292 3844 3672 3900 snbmersioni-

2094 3921 2192 3974 lms
2223 3935 2272 3975 et
2304 3923 2508 3992 ignibus
2553 3927 2744 3980 vestris
2769 3968 2782 3991 ,
2815 3930 2942 3982 satis
2981 3931 3082 3984 dici
3128 3948 3229 3986 non
3263 3946 3434 4003 potest
3478 3949 3677 4006 quanto

2097 4025 2191 4063 nos
2231 4027 2460 4066 nrozrore
2486 4017 2752 4070 crucietis.
2801 4018 2923 4071 Plus
2965 4022 3159 4090 quippe
3207 4023 3401 4093 impius
3444 4029 3674 4082 Absalon

2097 4113 2298 4168 patrem
2329 4114 2569 4158 sanetum
2601 4107 2762 4162 David
2793 4111 3085 4166 exstinctus
3107 4153 3120 4178 ,
3167 4131 3324 4184 quam
3358 4119 3570 4174 rebellis
3595 4119 3675 4174 af-

2095 4192 2227 4244 ﬂixit
2255 4192 2330 4262 (ll
2363 4193 2488 4263 Reg.
2539 4197 2719 4268 xvnt).
2766 4199 2950 4254 Vivum
2996 4217 3222 4273 namque
3260 4222 3381 4260 eum
3430 4223 3673 4278 compre-

2096 4281 2250 4336 hendi
2279 4286 2558 4354 cupiebat,
2590 4298 2646 4340 ut
2672 4289 2759 4358 qui
2790 4291 2984 4346 malitia
3011 4296 3351 4363 grassabatur
3370 4340 3386 4364 ,
3413 4302 3674 4367 perniten-

2097 4373 2163 4425 tia
2211 4387 2507 4429 sanaretur.
2555 4378 2678 4431 Erat
2722 4395 2848 4449 ergo
2882 4381 2968 4435 ille
2997 4395 3304 4452 persecutor
3332 4390 3528 4456 patris,
3571 4407 3672 4446 non

2093 4464 2261 4515 Solum
2289 4465 2540 4533 populum
2588 4469 2676 4520 Dei
2709 4469 3019 4536 dividendo,
3051 4489 3149 4528 nec
3174 4476 3343 4530 solum
3370 4490 3553 4534 coptra
3582 4482 3670 4536 Dei

2095 4556 2260 4624 legem
2291 4567 2341 4610 et
2367 4569 2548 4612 contra
2591 4560 2877 4629 legitimum
2912 4568 3074 4633 patris
3110 4583 3333 4636 regnum
3361 4587 3508 4624 arma
3551 4589 3672 4640 por-

2095 4649 2252 4700 tando
2283 4659 2438 4717 atque
2469 4651 2748 4705 bellando:
2776 4655 2873 4708 sed
2900 4657 3066 4710 multo
3105 4661 3336 4727 amplius
3363 4675 3669 4730 persecutus

2093 4747 2174 4790 est
2201 4753 2295 4791 cor
2325 4749 2597 4806 paternum
2623 4782 2638 4805 ,
2673 4742 2722 4795 in
2753 4742 2839 4796 illa
2879 4744 3148 4813 impietate
3187 4751 3484 4804 moriendo.
3519 4753 3670 4808 Deni-

2093 4847 2194 4900 que
2222 4831 2364 4884 illum
2395 4844 2541 4903 pater
2569 4836 2798 4902 optimus
2826 4839 3112 4904 pessimum
3142 4842 3305 4895 lilium
3333 4885 3346 4907 ,
3381 4861 3537 4912 quem
3566 4862 3666 4900 non

2093 4922 2424 4989 desperando
2472 4939 2573 4976 non
2620 4925 2905 4980 defleverat
2953 4929 3166 4994 vivum,
3201 4947 3295 4998 spe
3343 4934 3488 4988 finita
3532 4936 3671 4989 fle-it.

2093 5014 2346 5066 occisum.
2385 5015 2546 5068 Discit
2589 5031 2716 5085 ergo
2756 5019 2879 5085 quid
2925 5020 2991 5073 sit
3042 5021 3181 5089 quod
3231 5025 3516 5092 Apostolus
3558 5028 3666 5090 ait,

2097 5103 2281 5156 Omnes
2320 5104 2405 5174 qui
2435 5104 2603 5157 volant
2631 5107 2680 5157 in
2712 5105 2908 5160 Christo
2937 5110 3019 5178 pie
3043 5111 3201 5164 vivere
3221 5153 3234 5176 ,
3283 5117 3668 5182 persecutionem

2095 5196 2362 5264 patientur.
2393 5195 2450 5249 Si
2477 5195 2867 5250 CatholiCorum
2899 5201 3086 5254 domus
3139 5202 3427 5257 Donatista:
3457 5223 3560 5259 non
3593 5208 3668 5260 di-

2095 5284 2382 5352 ripuissent
2405 5326 2418 5347 ,
2452 5285 2494 5338 si
2524 5285 2809 5340 catholicas
2837 5289 3088 5343 ecclesias
3140 5306 3243 5347 nan
3276 5292 3666 5362 incendissent,

2095 5382 2137 5430 si
2167 5376 2555 5431 Catholicorum
2586 5379 2794 5431 codices
2820 5390 3031 5434 sanctos
3059 5382 3110 5435 in
3141 5383 3252 5452 ipsa
3294 5385 3535 5441 incendia
3567 5405 3666 5443 non

2098 5469 2403 5531 misissent,
2435 5469 2476 5521 si
2507 5469 2896 5525 Catholicorum
2934 5487 3156 5542 corpora
3203 5491 3306 5530 non
3353 5478 3666 5534 immanissi-

2097 5563 2196 5614 n:is
2238 5560 2470 5614 caulibus
2515 5561 2856 5627 aiﬂixissent,
2906 5563 2948 5616 si
2995 5563 3388 5623 Catho‘ieorum
3420 5575 3657 5626 memlra

2163 5669 2173 5696 ¹
2214 5673 2369 5724 Forte,
2387 5666 2604 5723 jzsuratm.
