4108 6198
360 409 459 467 τΞῦ

366 540 467 580 non
497 520 888 594 prxcidiséent,
922 518 967 574 si
991 516 1178 574 oculos
1203 531 1309 571 non
1337 513 1743 577 exstinxissent,
1772 509 1820 566 si
1843 509 1940 565 de—

365 616 524 684 nique
565 610 867 668 Catliolicos
913 624 1019 664 non
1073 606 1360 662 crudeliter
1414 603 1733 660 occidissent
1762 619 1775 655 :
1806 598 1944 654 hanc

365 705 534 760 solam
569 717 668 757 nos
690 718 720 755 a
749 700 901 755 vobis
941 699 1310 770 gravissimam
1356 693 1781 766 persecutionem
1828 704 1947 761 per-

365 795 473 867 peti
500 793 777 849 verissime
803 790 1134 855 diceremus,
1162 788 1285 859 quia
1313 784 1557 841 videmus
1582 797 1678 839 vos
1705 783 1946 852 insensa-

336 896 482 949 -tos,
517 893 571 939 et
613 881 961 947 tabescimus;
990 880 1113 951 quia
1159 878 1474 944 infirmatos,
1507 888 1560 932 et
1584 875 1947 940 inﬁrmamttr;

366 974 488 1045 quia
514 971 936 1040 scandalizatus,
979 981 1035 1027 et
1059 971 1296 1035 urimur;
1328 968 1452 1038 quia
1482 966 1747 1037 perditos,
1779 973 1834 1020 et
1873 964 1950 1019 lu-

367 1079 575 1135 gemus.
607 1063 733 1118 llaec
756 1061 894 1116 mala
922 1072 1122 1127 vestra,
1148 1077 1267 1131 qua:
1293 1075 1386 1115 vos
1416 1059 1469 1114 in
1498 1067 1758 1113 aeternum
1782 1056 1951 1112 inter-

372 1156 504 1211 itum
559 1154 810 1218 mittunt,
840 1152 1072 1207 amarius
1099 1166 1198 1205 nos
1226 1159 1649 1220 persequuntur,
1680 1163 1837 1218 quam
1866 1147 1954 1202 illa

368 1260 488 1315 qua:
518 1259 547 1298 a
587 1243 738 1298 vobis
766 1240 966 1297 nostris
995 1240 1339 1310 corporibus,
1387 1240 1472 1295 vel
1500 1240 1660 1294 rebus
1682 1281 1694 1304 ,
1741 1238 1826 1292 vel
1853 1237 1953 1292 do-

370 1339 545 1394 mibus
573 1328 932 1392 aut’basilicis
969 1333 1290 1391 inferuntur.
1340 1333 1510 1387 Minus
1538 1330 1918 1402 persequimini
1938 1371 1953 1395 ,

371 1446 494 1486 cum
524 1430 577 1485 in
612 1445 709 1484 nos
743 1430 968 1495 saevitis,
1015 1443 1177 1499 quam
1214 1442 1336 1482 cum
1367 1442 1460 1481 vos
1487 1425 1690 1495 peritis.
1722 1424 1959 1493 Denique

372 1523 429 1576 in
472 1520 561 1574 illa
605 1519 974 1589 persecutione
1012 1534 1117 1588 qua
1159 1519 1211 1573 in
1252 1532 1349 1572 nos
1379 1515 1614 1582 saevitis,
1654 1531 1774 1570 cum
1804 1514 1959 1569 laude

370 1612 666 1685 gaudemus
695 1628 707 1673 ;
742 1610 794 1664 in
821 1609 921 1665 hac
957 1619 1135 1664 autem
1176 1626 1278 1679 qua
1324 1624 1417 1664 vos
1447 1608 1660 1677 peritis,
1707 1608 1752 1660 si
1795 1606 1959 1677 gavisi

374 1705 671 1768 fuerimus,
704 1701 979 1756 vobiscum
1028 1701 1284 1771 perimus.
1332 1698 1437 1754 Sed
1487 1698 1739 1768 quamdiu
1781 1698 1832 1751 in
1861 1696 1961 1751 hac

373 1811 536 1852 carne
580 1790 786 1859 vivitis,
827 1792 896 1847 de
943 1792 1095 1847 vobis
1141 1791 1429 1859 desperare
1476 1804 1580 1842 non
1631 1802 1958 1858 possumus:

374 1903 499 1941 cum
530 1900 656 1940 vero
700 1885 752 1939 in
781 1882 882 1938 hac
924 1883 1194 1952 impietate
1220 1881 1521 1947 morimini,
1567 1880 1798 1935 maxime
1839 1894 1961 1933 cum

376 1990 473 2029 vos
520 1976 662 2045 ipsos
704 1973 966 2029 horrenda
996 1972 1233 2029 caecitate
1270 1971 1467 2026 furoris
1496 1970 1769 2036 occiditis,
1816 1984 1962 2023 ama-

378 2067 647 2122 rissimam
693 2064 955 2120 tristitiam
983 2072 1218 2118 nostram
1264 2062 1390 2117 illud
1437 2061 1800 2116 tantummodo
1838 2074 1965 2115 con-

377 2158 626 2223 sulatur,
676 2155 818 2226 quod
873 2155 1204 2210 consulatum
1253 2163 1333 2208 cst
1384 2164 1623 2209 sanctum
1678 2151 1879 2218 David,
1912 2153 1963 2205 in

380 2248 584 2302 unitate
633 2246 838 2300 scilicet
889 2246 981 2300 Dei
1035 2245 1262 2315 populus
1300 2253 1686 2314 congregatus,
1726 2243 1817 2313 qui
1868 2241 1968 2297 fuit

375 2336 626 2391 scelerati
678 2335 770 2389 lilii
825 2335 1106 2405 tyrannide
1155 2334 1375 2388 divisus.
1425 2335 1778 2389 Tolerabilius
1823 2334 1966 2389 enim

379 2427 540 2495 longe
583 2425 862 2494 pauciores
890 2423 1295 2492 pertinacissimi
1330 2424 1490 2478 vestri
1521 2424 1632 2477 suis
1663 2423 1969 2493 prmcipitiis

378 2518 465 2570 vel
507 2515 967 2570 submersiouibus
995 2513 1077 2568 vel
1108 2513 1317 2583 ignibus
1360 2523 1584 2582 pereunt
1612 2529 1768 2583 quam
1817 2514 2003 2568 innu-‘

382 2608 671 2664 merabilcs
704 2606 880 2676 populi
914 2606 1016 2660 illis
1054 2620 1238 2660 eorum
1270 2606 1496 2661 salutem
1525 2605 1967 2676 impedientibus,

382 2700 632 2756 inccndio
671 2714 792 2753 eum
833 2698 936 2752 illis
964 2699 1150 2753 :cterni
1193 2698 1328 2768 ignis
1362 2698 1647 2752 ardebant.
1691 2696 1968 2773 Nunquam

384 2792 546 2862 igitur
590 2789 843 2844 Ecclesiae
892 2787 1086 2843 Christi
1127 2787 1293 2843 defuit
1322 2796 1414 2842 aut
1443 2788 1649 2855 deerit,
1682 2787 1855 2853 unde,
1883 2802 1971 2843 se-

383 2882 617 2938 cundum
645 2881 980 2951 Apostolum,
1007 2881 1097 2952 qui
1124 2880 1307 2935 volunt
1336 2881 1388 2934 in
1418 2879 1632 2937 Christo
1659 2882 1744 2951 pie
1769 2882 1968 2949 vivere,

386 2976 810 3047 persecutionem
838 2975 1104 3045 patiantur
1125 3013 1141 3041 ,
1173 2986 1262 3028 aut
1289 2973 1572 3044 impiorum
1604 2975 1859 3030 malitiam
1883 2990 1967 3029 su-

384 3070 666 3133 stinendo,
717 3084 838 3123 cum
883 3067 1098 3123 innoxie
1149 3067 1367 3133 vivunt;
1420 3075 1512 3121 aut
1560 3081 1655 3123 eos
1701 3066 1969 3135 dolendo,

384 3177 508 3217 cum
546 3169 790 3229 pereunt.

459 3249 684 3305 CAPUT
714 3248 903 3303 XXlll.
927 3247 1102 3303 —26.
1146 3246 1320 3303 Nolite
1347 3238 1523 3318 itaque
1547 3248 1684 3315 falli,
1712 3248 1853 3318 quod
1881 3264 1975 3303 vo-

386 3342 472 3396 bis
500 3341 701 3396 dictum
728 3340 830 3405 sit,
871 3338 1045 3393 Veniet
1064 3341 1191 3393 hora
1214 3338 1533 3413 quando‘qui
1555 3356 1642 3395 vos
1675 3340 1970 3407 occiderint,

385 3440 565 3503 putent
585 3447 638 3483 se
658 3431 873 3499 ofﬁcium
894 3432 1060 3499 facere
1087 3428 1197 3483 Deo
1221 3444 1239 3483 :
1259 3439 1351 3484 aut
1378 3429 1517 3484 sicut
1544 3439 1596 3484 tu
1624 3429 1712 3486 hic
1736 3430 1974 3485 teStimo-

386 3523 536 3577 nium
560 3520 779 3590 posuisti
804 3562 820 3587 ,
852 3530 1025 3590 putent
1043 3537 1097 3576 se
1119 3521 1370 3575 victimam
1398 3521 1523 3575 dare
1552 3521 1679 3575 Deo.
1708 3521 1824 3576 Non
1852 3521 1972 3592 qui-

383 3614 510 3668 dem
540 3613 642 3667 hoc
669 3626 788 3668 esse
807 3612 1004 3667 dictum
1025 3612 1093 3667 de
1121 3612 1581 3681 persecutionibus
1617 3627 1749 3683 quas
1774 3612 1973 3669 Gentes

387 3706 645 3762 Ecclesia:
687 3704 956 3768 fecerunt,
997 3704 1332 3760 manifestum
1375 3712 1476 3758 est.
1521 3704 1631 3760 Diis
1675 3704 1817 3760 enim
1862 3705 1973 3759 suis

386 3797 635 3866 plurimis
653 3837 669 3858 ,
700 3796 789 3866 qui
812 3796 994 3865 utique
1023 3809 1128 3849 non
1156 3802 1303 3858 sunt,
1327 3794 1718 3863 deputaverunt
1743 3808 1801 3848 se
1826 3792 1971 3849 Gen-

389 3886 513 3941 tiles
532 3884 763 3939 oflicium
795 3884 986 3947 facere,
1015 3898 1136 3936 cum
1164 3881 1264 3936 hoc
1286 3881 1527 3938 lacerent
1544 3881 1632 3936 uni
1661 3882 1791 3938 Deo.
1822 3880 1975 3938 Unde

389 3979 494 4033 hoc
519 3977 661 4032 idem
706 3976 847 4047 quod
886 3974 1143 4030 Dominus
1168 3972 1407 4043 prtcdixit
1453 3972 1598 4037 suis,
1628 3982 1717 4028 aut
1759 3989 1858 4044 per
1882 3974 1975 4029 Ju-

316 4076 319 4083 ’
389 4068 536 4123 (ιςιιοε
565 4067 839 4137 impletum
868 4074 951 4122 est
973 4108 986 4130 ,
1014 4065 1101 4136 qni
1133 4073 1372 4118 sanetum
1400 4063 1724 4135 Stephanum
1753 4074 1807 4120 et
1836 4066 1974 4120 mul-

392 4168 477 4212 tos
517 4158 649 4212 alios
673 4157 1014 4222 occiderunt,
1055 4155 1180 4209 dum
1221 4154 1475 4224 putabant
1501 4170 1561 4210 se
1587 4154 1821 4221 officium
1863 4156 1975 4213 Deo

392 4247 586 4311 facere,
605 4248 854 4317 quoniam
872 4262 1031 4301 unum
1051 4260 1236 4313 verum
1253 4244 1417 4299 Deum
1435 4245 1613 4301 colere
1630 4244 1972 4301 videbantur:

392 4341 663 4395 autetiam
684 4338 856 4405 nobis,
878 4338 929 4393 id
950 4346 1031 4393 est
1050 4336 1339 4393 Catholicis
1360 4336 1556 4392 dictum
1575 4337 1736 4391 estde
1751 4337 1977 4394 diversis

393 4429 662 4486 hmreticis
688 4444 1064 4500 usquequaque
1087 4427 1399 4495 furentibus,
1417 4428 1506 4498 qui
1537 4428 1624 4481 ubi
1650 4437 1898 4498 possunt,
1922 4437 1979 4482 et

392 4520 606 4590 quando
663 4528 913 4591 possunt,
944 4528 997 4575 et
1017 4518 1282 4590 quomodo
1305 4527 1543 4601 possunt,
1558 4518 1850 4575 occidendo
1876 4517 1977 4574 Ca-

397 4612 643 4677 tholicos,
670 4620 851 4681 putant
872 4625 931 4666 se
950 4610 1183 4665 oflicium
1208 4611 1314 4665 Deo
1332 4612 1504 4664 facere
1523 4629 1538 4676 ;
1556 4611 1892 4681 maximeque
1911 4611 1978 4666 dc

396 4703 579 4765 vobis,
611 4702 700 4771 qui
735 4702 1057 4771 prarcipuum
1081 4702 1231 4756 vobis
1257 4716 1449 4755 nomen
1477 4699 1679 4756 fecistis
1707 4702 1758 4757 in
1798 4701 1976 4756 Africa

393 4792 459 4847 de
485 4792 678 4847 talibus
705 4792 953 4847 victimis.
983 4791 1114 4845 Nam
1141 4791 1185 4846 si
1226 4789 1376 4844 vobis
1417 4789 1615 4845 dictum
1655 4801 1838 4859 esset,
1872 4807 1976 4846 non

396 4884 573 4953 utique
599 4898 693 4939 vos
718 4884 815 4954 ipsi
845 4883 1158 4939 occideretis
1181 4924 1195 4947 ,
1236 4881 1330 4937 sed
1360 4883 1738 4951 exspectaretis
1766 4900 1793 4936 a
1826 4883 1977 4939 nobis

397 4977 570 5044 potius
596 4975 799 5041 occidi,
827 4975 913 5045 qui
961 4985 1205 5044 putamus
1251 4989 1348 5027 nus
1369 5016 1382 5037 ,
1416 4983 1471 5029 ut
1510 4974 1685 5029 dicitis
1710 5016 1723 5040 ,
1754 4991 1875 5029 cum
1925 4977 1977 5031 id

392 5067 562 5122 facitis
586 5109 607 5133 ,
632 5067 871 5122 officium
907 5067 1015 5122 Deo
1056 5065 1249 5122 facere.
1293 5066 1446 5121 Nunc
1497 5081 1625 5122 vero
1663 5083 1783 5123 cum
1826 5067 1979 5124 festi-

394 5160 531 5213 natis
558 5158 627 5213 ad
654 5169 910 5224 mortem,
939 5175 1006 5214 ne
1031 5175 1060 5213 a
1090 5160 1288 5215 nostris
1317 5160 1631 5227 teneamini;
1664 5161 1840 5217 vivere
1865 5178 1979 5218 me-

394 5250 594 5303 tuimus
615 5291 630 5314 ,
662 5266 766 5304 non
811 5249 1014 5315 occidi;
1056 5250 1177 5319 quia
1204 5250 1517 5305 erubescitis
1546 5251 1766 5323 corrigi,
1792 5263 1883 5308 aut
1910 5253 1978 5311 de

392 5350 572 5395 vestro
601 5341 844 5396 convinci
870 5342 886 5373 ¹
922 5380 935 5395 .
970 5344 1051 5396 An
1080 5341 1215 5396 forte
1239 5356 1336 5397 vos
1363 5341 1491 5396 estis
1518 5342 1581 5396 ad
1612 5359 1746 5413 quos
1774 5355 1979 5400 utrum.

393 5448 497 5502 que
537 5435 832 5502 pertineat,
864 5433 985 5504 quia
1026 5448 1144 5488 cum
1176 5433 1474 5488 occidimiui
1519 5444 1571 5490 ct
1604 5451 1694 5489 vos
1727 5451 1757 5491 a
1789 5437 1936 5492 vobis
1959 5479 1974 5502 ,

397 5526 592 5596 putatis
619 5542 712 5581 vos
735 5526 967 5582 oflicium
999 5527 1107 5582 Deo
1135 5528 1306 5603 facere
1324 5568 1338 5591 ,
1364 5536 1418 5581 et
1448 5526 1543 5582 has
1565 5529 1613 5583 ci
1646 5530 1886 5585 victimas
1910 5530 1977 5586 de

395 5620 543 5673 vobis
570 5618 734 5676 dare?
761 5619 838 5675 Ad
872 5636 965 5676 vos
993 5636 1121 5691 ergo
1153 5621 1383 5688 pertinet
1412 5620 1551 5692 quod
1581 5623 1820 5691 sequitur
1845 5665 1859 5689 ,
1891 5632 1973 5677 at-

457 5772 473 5804 ¹
509 5773 581 5822 sic
605 5772 650 5820 it
692 5773 852 5833 primis
871 5757 1186 5821 ‘Ptlliitliribus.
1218 5779 1265 5819 et
1290 5774 1335 5821 in
1362 5776 1630 5834 posteriori}
1654 5789 1710 5824 us
1737 5774 1860 5823 :mfla
1890 5790 1975 5826 ue-

395 5835 623 5884 cwitatu
654 5837 978 5895 emendatum,
1004 5837 1063 5884 de
1086 5842 1190 5883 r:t.u
1207 5834 1437 5884 convinci.

1753 376 1949 452 LIBER
1987 391 2255 451 PRIMUS.

3534 401 3638 455 72‘!

2049 525 2153 581 que
2195 511 2289 567 abs
2337 521 2388 568 te
2440 522 2913 581 commemoratum
2967 523 3067 570 est.
3119 514 3413 589 Mox’enim
3458 514 3636 569 Domi-

2050 618 2153 659 nus
2174 602 2416 673 adiunxit
2437 646 2453 670 ,
2479 614 2534 659 et
2561 605 2636 660 ait
2657 648 2670 670 ,
2701 603 2807 662 Sed
2830 606 2938 661 Inec
2972 607 3158 677 facient
3187 607 3353 671 vobis,
3383 608 3500 678 quia
3531 625 3628 662 non

2052 705 2384 765 cognouerunt
2434 694 2636 751 Patrem
2684 713 2843 768 neque
2885 714 2963 751 me
3020 698 3206 767 (Joan.
3261 714 3345 753 xvi
3368 740 3383 764 ,
3417 698 3451 751 2
3473 740 3487 761 ,
3531 699 3566 753 5
3588 701 3630 763 ).

2052 786 2183 844 Cum
2214 787 2392 858 itaque
2415 804 2510 844 vos
2537 789 2680 858 ipsos
2709 788 2969 854 occiditis,
3003 799 3248 858 putantes
3278 804 3372 857 vos
3401 788 3635 844 officium

2058 878 2166 933 Deo
2194 878 2366 934 fwere
2388 920 2403 944 ,
2436 894 2535 934 nec
2560 880 2769 934 Patrem
2799 880 3126 951 cognovistis
3147 922 3160 945 ,
3206 895 3363 949 quem
3408 896 3513 935 non
3544 896 3636 933 au-

2055 969 2209 1024 distis
2228 970 2490 1024 dicentem
2511 1008 2526 1034 ,
2559 969 2744 1041 Fugite
2769 971 2785 1001 ²
2820 1010 2834 1024 .

2128 1060 2351 1116 CAPUT
2381 1059 2567 1115 XXIV.
2594 1089 2667 1100 -—
2688 1060 2778 1114 27.
2815 1060 2984 1115 Verba
3029 1061 3320 1130 Epistotze:
3356 1060 3463 1116 Sed
3495 1060 3642 1113 belli-

2059 1153 2213 1222 feras,
2250 1151 2444 1221 inquit,
2473 1151 2614 1221 pacis
2644 1160 2957 1221 cruentaque
2986 1153 3189 1205 unitatis
3229 1167 3285 1206 se
3327 1153 3525 1206 incolas
3553 1154 3641 1222 ja-

2059 1253 2214 1299 ctant.
2244 1243 2467 1311 Audiam
2494 1242 2770 1297 Dominum
2792 1244 3069 1309 dicentem,
3104 1263 3122 1296 ι
3149 1243 3337 1298 Pacem
3379 1262 3544 1299 meam
3577 1245 3641 1298 do

2059 1333 2197 1389 vobis
2218 1375 2234 1398 ,
2278 1350 2451 1404 pacem
2488 1334 2715 1405 relinquo
2758 1335 2893 1389 vobis
2923 1352 2942 1390 :
2971 1353 3071 1389 non
3096 1337 3225 1389 sicut
3251 1335 3493 1389 siccatum
3519 1337 3606 1389 dat
3630 1378 3644 1399 ,

2060 1443 2151 1496 ego
2191 1427 2257 1480 do
2290 1428 2425 1481 vobis
2470 1446 2490 1479 ι
2532 1425 2655 1496 (Id.
2690 1443 2813 1493 xtv,
2843 1428 2912 1481 Ἦ
2934 1430 2978 1497 ).
3013 1428 3205 1483 Stecnti
3228 1430 3360 1482 enim
3390 1445 3496 1500 pax
3512 1430 3643 1483 inter

2063 1518 2259 1571 animos
2285 1517 2505 1587 gentium
2533 1517 2829 1571 dissidentes
2853 1519 3007 1572 armis
3035 1528 3080 1572 et
3107 1517 3223 1572 belli
3249 1519 3387 1572 exitu
3429 1519 3648 1590 [redem-

2065 1617 2145 1660 ιω·
2165 1624 2183 1661 :
2209 1606 2409 1660 Domini
2447 1606 2635 1662 Christi
2660 1623 2764 1676 pax
2787 1609 2977 1661 salubri
3006 1608 3210 1662 lenitate
3237 1609 3531 1680 tranquilla,
3557 1626 3644 1662 vo-

2065 1701 2218 1754 lentes
2245 1699 2454 1766 inritat,
2482 1715 2583 1752 non
2625 1700 2758 1770 cogit
2798 1699 2996 1753 inritos.
3046 1699 3126 1753 Ad
3172 1698 3289 1754 hinc
3329 1700 3646 1770 responsio:

2070 1794 2175 1848 \‘os
2200 1793 2413 1863 quidem
2442 1791 2732 1846 belliferam
2775 1804 2956 1860 pacem
2987 1800 3038 1845 et
3076 1799 3350 1846 cruentam
3394 1792 3648 1847 unitatem

2068 1888 2243 1942 facere
2262 1886 2481 1955 cupitis,
2504 1894 2591 1938 aut
2619 1884 2865 1938 violentis
2886 1883 3144 1937 mortibus
3173 1884 3367 1938 nostris
3393 1925 3407 1948 ,
3440 1893 3533 1937 aut
3555 1900 3651 1938 τοο

2070 1980 2310 2035 lnntariis
2332 1978 2590 2034 mortibus
2616 1976 2837 2042 vestris;
2861 1990 2965 2030 non
2993 1977 3061 2029 im
3072 1983 3315 2044 putantes
3336 1975 3490 2030 vobis
3504 1976 3644 2045 quod

2070 2070 2239 2125 facilis
2250 2069 2424 2135 nobis,
2452 2078 2505 2123 et
2521 2069 2840 2137 imputantes
2857 2066 3008 2121 nobis
3018 2065 3158 2135 quod
3177 2065 3347 2122 facitis
3360 2066 3528 2120 vobis.
3546 2064 3649 2122 Sed

2070 2170 2167 2209 nos
2191 2164 2242 2208 et
2268 2153 2410 2224 quod
2446 2152 2615 2206 facitis
2641 2150 2796 2205 nobis
2834 2150 3077 2220 cogimur
3103 2151 3366 2204 sustinere
3383 2190 3400 2217 ,
3432 2158 3486 2204 et
3512 2151 3650 2219 quod

2070 2247 2222 2300 vobis
2245 2245 2412 2299 facitis
2428 2287 2441 2308 ,
2461 2244 2587 2298 nihil
2610 2257 2888 2311 possumus
2908 2256 3065 2311 quam
3091 2240 3270 2295 dolere
3291 2257 3306 2304 ;
3330 2240 3454 2294 dum
3478 2250 3652 2295 tamen

2074 2341 2164 2393 liat
2178 2352 2276 2408 pax
2290 2347 2344 2390 et
2366 2334 2741 2390 unitasChristi
2765 2342 2981 2404 propter
3002 2333 3225 2389 salutem
3248 2333 3531 2387 multorum
3553 2333 3653 2388 sic-

2074 2440 2131 2484 ut
2158 2430 2216 2482 lit
2268 2428 2321 2481 in
2349 2426 2613 2496 plurimis.
2645 2424 2851 2480 etiamsi
2881 2435 3095 2494 propter
3118 2424 3348 2479 furorem
3367 2439 3653 2493 paucorum

2074 2535 2180 2575 non
2223 2518 2279 2572 lit
2323 2519 2374 2571 in
2404 2515 2672 2571 omnibus.
2713 2514 2846 2570 Nam
2891 2514 2938 2570 si
2976 2531 3082 2569 non
3131 2515 3343 2578 invido,
3388 2514 3482 2570 sed
3516 2514 3655 2570 lideli

2075 2611 2230 2665 oculo
2260 2608 2465 2663 velletis
2508 2606 2787 2663 attendere
2811 2648 2826 2673 ,
2857 2606 3111 2663 videretis
3155 2621 3317 2677 quam
3355 2622 3475 2661 vera
3527 2621 3655 2674 pace
3750 2656 3761 2669 ,

2075 2712 2235 2772 atque
2260 2701 2458 2754 unitate
2491 2699 2685 2754 Christi
2712 2698 2978 2766 gaudeant
3002 2738 3016 2762 ,
3047 2697 3137 2767 qui
3157 2713 3224 2751 ex
3253 2697 3404 2752 vobis
3446 2696 3512 2750 ad
3559 2713 3656 2751 nos

2076 2799 2373 2856 venerunt,
2420 2798 2497 2845 tot
2540 2796 2911 2859 tantorumque
2953 2787 3265 2857 p0pulorum
3312 2788 3552 2857 agmina.
3606 2789 3656 2841 in

2077 2886 2269 2955 quibus
2297 2882 2507 2939 etiamsi
2531 2881 2703 2937 adhuc
2726 2890 2847 2936 sunt
2875 2881 3113 2935 nonnulli
3142 2882 3252 2950 ipsa
3294 2880 3528 2955 novitate
3549 2890 3656 2935 tur-

2066 2948 2184 3033 ‘bati
2204 3016 2220 3042 ,
2249 2985 2304 3031 et
2332 2975 2430 3045 ipsi
2462 2974 2711 3044 paulatim
2741 2973 2807 3028 ab
2836 2972 2935 3027 hac
2960 2948 3267 3028 infirmitate
3291 2948 3563 3027 satiantur.
3598 2974 3658 3029 Et

2076 3068 2119 3122 si
2165 3066 2271 3120 ﬁcti
2298 3064 2460 3135 aliqui
2491 3073 2861 3134 perseverant,
2893 3079 3001 3118 non
3053 3063 3233 3134 utique
3273 3073 3488 3134 propter
3516 3066 3659 3135 ipsos

2078 3174 2183 3213 non
2215 3156 2423 3212 fuerant
2451 3155 2732 3225 colligendi
2775 3160 2909 3225 quos
2952 3155 3194 3210 videmus
3219 3169 3438 3213 veraces
3460 3200 3476 3223 ,
3519 3173 3654 3228 quo-

2076 3265 2193 3303 rum
2234 3248 2450 3319 quidam
2480 3249 2531 3302 in
2562 3248 2867 3318 regionibus
2894 3248 3119 3312 vestris,
3145 3247 3304 3302 etiam
3345 3248 3658 3318 quibusdam

2078 3340 2272 3394 nostris
2298 3338 2527 3409 majores
2553 3345 2943 3407 apparuerunt,
2989 3336 3200 3408 quando
3224 3337 3378 3392 vobis
3417 3338 3505 3391 illa
3537 3354 3661 3407 per~

2078 3431 2294 3487 ditionis
2319 3432 2566 3487 libertate
2586 3446 2840 3487 concessa
2861 3471 2878 3494 ,
2910 3431 2975 3484 ad
3004 3445 3101 3484 vos
3128 3430 3302 3486 redire
3349 3431 3657 3485 noluerunt.

2079 3522 2413 3579 Debebamus
2453 3538 2580 3593 ergo
2633 3538 2700 3577 ne
2742 3521 3087 3592 perderemus
3115 3522 3275 3589 istos,
3319 3521 3574 3591 colligere
3609 3537 3662 3577 et

2077 3613 2229 3671 ﬁctos
2248 3656 2263 3680 ,
2292 3614 2416 3684 quia
2457 3614 2509 3667 in
2534 3613 2819 3683 Evangelio
2849 3613 3039 3683 legitur
3058 3653 3075 3680 ,
3106 3627 3291 3668 servos
3328 3613 3400 3667 ad
3449 3613 3653 3682 nuptia.

2038 3752 2045 3759 .
2079 3706 2288 3759 Domini
2329 3706 2410 3757 sui
2440 3717 2791 3773 congregasse
2834 3704 3085 3757 convivas
3131 3703 3301 3757 bonos
3343 3712 3399 3757 et
3444 3703 3655 3757 malus:

2078 3797 2308 3849 maxime
2334 3795 2457 3864 quia
2484 3808 2588 3847 vos
2603 3793 2671 3847 de
2698 3806 2821 3847 area
2851 3792 3117 3847 dominica
3142 3790 3405 3861 superbia:
3442 3792 3663 3861 spiritus

2081 3896 2329 3955 tauquam
2361 3883 2637 3954 improbus
2663 3891 2853 3938 ventus
2871 3923 2886 3950 ,
2912 3891 3037 3941 ante
3066 3890 3274 3951 tempus
3304 3882 3659 3937 ventilationis

2080 3976 2308 4032 excussit
2330 4014 2345 4041 ,
2378 3975 2519 4030 unde
2545 3988 2640 4029 vos
2661 3974 2733 4030 ad
2752 3973 2919 4039 illam,
2950 3982 3206 4044 quantum
3232 3956 3524 4042 opitulante
3552 3973 3658 4026 Deo

2082 4082 2380 4138 possumus,
2415 4081 2666 4123 revocare
2684 4080 2960 4122 conamur.
2991 4065 3060 4119 Et
3084 4064 3264 4133 utique
3284 4065 3452 4119 nostis
3476 4078 3662 4133 quem-

2080 4159 2363 4215 admodum
2408 4158 2585 4228 scopis
2612 4158 2901 4229 diligentia:
2942 4157 3266 4211 frumentum
3311 4155 3469 4210 simul
3500 4155 3658 4209 etiam

2080 4266 2201 4307 cum
2243 4260 2388 4306 terra
2414 4250 2672 4317 trahitur,
2701 4250 2913 4320 quando
2935 4249 2987 4302 in
3015 4262 3194 4302 aream
3225 4256 3527 4302 revocatur.

2152 4342 2375 4399 CAPUT
2414 4342 2581 4397 XXV.
2609 4370 2683 4382 —
2705 4340 2796 4397 28.
2827 4340 2978 4409 Quod
3007 4350 3186 4396 autem
3216 4340 3367 4395 vobis
3410 4339 3619 4394 videtur
3640 4381 3656 4405 ,
3695 4372 3699 4376 -

2083 4436 2274 4490 invitos
2310 4434 2377 4489 ad
2420 4436 2693 4490 veritatem
2740 4448 2843 4489 non
2870 4438 2999 4489 esse
3026 4434 3314 4509 cogendos,
3343 4433 3537 4488 erratis
3563 4449 3665 4489 ne-

2082 4528 2312 4583 seientes
2363 4526 2682 4595 Scripturas,
2736 4540 2907 4595 neque
2962 4525 3210 4579 virtutem
3264 4524 3376 4588 Dei,
3431 4523 3519 4589 qui
3567 4537 3663 4578 eos

2082 4620 2325 4674 volentes
2374 4619 2495 4672 facit
2533 4616 2657 4671 dum
2705 4624 2964 4686 coguntur
3003 4615 3174 4670 inviti.
3218 4608 3481 4685 Numquid
3519 4613 3660 4667 enim

2085 4711 2448 4782 pcenitcntiam
2489 4708 2732 4763 Ninivitte
2775 4707 2922 4762 inviti
2967 4716 3208 4777 egerunt,
3237 4706 3495 4777 quialioe
3538 4720 3664 4776 rege

2084 4817 2182 4856 s:io
2224 4801 2577 4871 compellente
2604 4798 2882 4855 fecerunt?
2922 4797 3039 4852 Jam
3069 4799 3213 4852 enim
3243 4797 3499 4868 propheta
3530 4798 3662 4852 iram

2087 4895 2176 4950 Dei
2197 4895 2456 4949 universa:
2473 4892 2670 4947 civitati
2693 4907 2809 4947 eam
2836 4891 3008 4944 triduo
3030 4888 3404 4959 perambulans
3422 4904 3665 4957 prmuun-

2086 4989 2306 5043 tiaverat
2322 4985 2496 5059 (Iona:
2541 4983 2639 5056 in).
2659 4983 2796 5050 Quid
2812 4982 2967 5052 igitur
2983 4995 3116 5051 opus
3131 4990 3245 5034 erat
3262 4981 3401 5050 regis
3416 4979 3661 5047 imperio,

2086 5088 2143 5132 ut
2168 5078 2437 5134 humiliter
2463 5075 2849 5146 supplicaretur
2878 5075 3006 5142 Deo,
3030 5072 3120 5143 qui
3144 5088 3250 5126 non
3282 5074 3516 5126 intuetur
3549 5084 3665 5133 ora,

2082 5171 2179 5227 sed
2209 5171 2407 5237 corda;
2454 5171 2552 5225 nisi
2594 5160 2912 5239 quia‘erant
2959 5168 3013 5221 in
3049 5168 3129 5222 eis
3175 5164 3388 5235 quidam
3432 5163 3519 5231 qui
3570 5178 3666 5218 nec

2083 5273 2352 5331 curarent,
2383 5279 2482 5319 nec
2508 5263 2788 5319 crederent
2830 5260 3081 5330 praedicta
3120 5261 3317 5324 divina,
3367 5256 3465 5311 nisi
3498 5256 3665 5310 territi

2084 5367 2346 5428 potestate
2372 5355 2621 5411 terrena?
2650 5355 2751 5409 Ista
2784 5354 2940 5425 igitur
2965 5352 3204 5423 jnssione
3234 5351 3393 5419 regia:
3436 5357 3639 5418 potesta

2086 5452 2168 5507 lis,
2200 5457 2384 5521 contra
2413 5461 2570 5516 quam
2604 5446 2930 5500 voluntarius
2963 5447 3017 5499 lit
3045 5454 3221 5499 vester
3249 5455 3491 5507 occasus,
3520 5440 3656 5494 mul-

2149 5651 2165 5680 ¹
2202 5656 2350 5697 Deest
2409 5647 2486 5696 hic
2549 5646 2758 5696 alterum
2820 5645 3107 5702 membrum,
3173 5641 3463 5702 legendum
3506 5640 3688 5702 forte,‘

2084 5719 2177 5761 Nec
2218 5717 2410 5772 patrem
2448 5706 2745 5772 teguminis,
2786 5719 2929 5771 auem
2960 5719 3074 5772 non
3088 5698 3289 5755 diutinis
3326 5698 3668 5772 prohibentem,

2086 5780 2185 5821 Non
2209 5771 2432 5828 occides;
2474 5766 2559 5833 tu"?
2616 5766 2950 5833 Fiiinnt'cogn:
2974 5767 3116 5827 iisiis,
3154 5777 3295 5827 quem
3331 5775 3422 5817 non
3462 5766 3665 5817 audistis

2090 5834 2343 5896 dicentia",
2370 5831 2547 5897 Fugite.
2879 5831 2885 5833 ⁷
3278 5854 3296 5871 ε
