4108 6198
418 415 523 470 7‘23

420 528 489 579 tis
509 524 572 579 ad
603 522 825 577 salutem
855 534 973 590 qum
994 518 1045 573 in
1066 515 1300 583 Christo,
1329 524 1611 586 pmstatur
1633 513 1841 569 occasio
1866 530 1881 579 ;
1910 515 2000 583 qui

412 608 515 665 etsi
590 610 853 665 violenter
879 607 1213 677 adducpntur
1255 604 1321 660 ad
1363 617 1574 661 orenam
1603 602 1732 658 tanti
1762 603 2004 672 patrisfa-

420 703 613 767 milias,
641 709 695 756 et
713 699 1102 769 compelluntur
1125 697 1344 762 intrare,
1366 695 1506 750 intus
1527 703 1703 748 tamen
1729 692 2007 747 inveniunt

420 792 562 847 unde
590 806 649 846 se
682 791 929 845 laetentur
967 790 1213 843 intrasse.
1264 785 1557 855 Utrumque
1586 784 1726 839 enim
1770 782 2005 837 futurum

425 882 680 937 Dominus
706 883 819 951 ipse
847 881 1108 949 prmdixit,
1141 890 1194 934 et
1224 888 1506 947 utrmnquc
1535 876 1838 945 complevit.
1872 874 2003 930 Nam

421 974 723 1043 reprobatis
746 972 1083 1043 quibusdam,
1103 973 1190 1042 qui
1223 971 1401 1041 utique
1424 970 1789 1039 intelliguntur
1809 968 2000 1031 Judaei,

418 1065 542 1134 quis
587 1064 686 1135 ipsi
717 1080 810 1135 per
852 1063 1143 1132 Prophetas
1166 1071 1322 1115 antea
1354 1060 1561 1114 [iterant
1601 1059 1825 1124 invitati,
1857 1066 1911 1113 ct
1940 1058 2005 1112 ad

422 1155 609 1210 horam
656 1170 912 1211 excusare
943 1153 1276 1216 maluerunt;
1309 1152 1380 1204 ait
1421 1150 1655 1204 dominus
1691 1165 1830 1202 servo
1867 1164 1958 1202 suo
1988 1164 2007 1202 :

426 1246 527 1300 Eri
552 1248 603 1301 in
624 1247 817 1317 plateas
833 1255 878 1299 et
902 1246 1034 1299 vicos
1059 1244 1291 1310 civitatis,
1310 1252 1358 1295 et
1388 1258 1632 1311 pauperes
1657 1257 1717 1293 ac
1744 1240 1948 1301 debiles,
1964 1250 2009 1292 et
2080 1256 2081 1261 ‘

425 1352 582 1391 cteros
604 1346 651 1390 et
688 1336 897 1390 claudos
925 1336 1157 1388 introduc
1194 1336 1309 1385 huc.
1344 1331 1409 1384 Et
1435 1334 1504 1384 ait
1545 1348 1715 1384 smus
1756 1331 1959 1383 domino
1992 1347 2010 1383 :

428 1429 645 1483 Factum
674 1437 745 1482 est
771 1438 823 1481 ut
851 1427 1128 1496 imperasti,
1154 1433 1201 1477 et
1224 1424 1390 1476 adhuc
1424 1423 1561 1477 locus
1586 1431 1676 1475 cst.
1714 1421 1776 1474 Et
1806 1423 1876 1473 ait
1916 1421 2010 1473 do-

428 1520 592 1571 minus
615 1532 757 1571 servo
790 1534 809 1571 :
840 1514 942 1569 Exi
983 1517 1035 1569 in
1064 1516 1169 1568 vias
1196 1524 1242 1567 et
1267 1530 1423 1583 sepes,
1462 1521 1507 1567 ct
1531 1512 1775 1578 compelle
1800 1512 2010 1576 intrare,

430 1620 483 1662 ut
509 1610 778 1679 impleatur
805 1609 984 1662 domus
1012 1624 1119 1660 mea
1166 1606 1374 1678 (Matth.
1425 1622 1551 1668 χχιι,
1584 1604 1637 1667 9,
1687 1604 1772 1669 iO,
1806 1614 1850 1656 et
1883 1603 2007 1657 Luc.

431 1717 539 1768 xw,
582 1700 798 1771 21-25).
828 1700 1174 1769 intelligimus
1218 1700 1342 1762 rius,
1378 1698 1649 1756 hrrreses;
1684 1698 1968 1750 schismata
1994 1735 2009 1759 ,

428 1808 589 1862 sepes.
624 1793 731 1847 Vim
776 1792 969 1862 quippe
1001 1792 1101 1846 hoc
1144 1792 1260 1845 loco
1286 1789 1585 1860 significant
1627 1788 1865 1843 diversas
1896 1788 2014 1857 opi-

434 1884 639 1949 niones,
673 1898 826 1952 sepes
854 1892 1029 1937 autem
1065 1896 1339 1950 perversas
1383 1880 1682 1948 opiniooes.
1713 1878 1848 1945 Quid
1888 1892 2016 1947 ergo

434 1974 721 2039 miramini,
749 1974 792 2027 si
822 1988 924 2027 non
950 1972 1242 2040 corporalis
1271 1970 1394 2031 cibi,
1428 1970 1519 2022 sed
1563 1968 1853 2037 spiritualis
1878 1968 2017 2021 fatue

434 2066 677 2127 moritur,
708 2066 945 2135 quisquis
970 2063 1035 2117 ad
1060 2064 1211 2117 istam
1240 2076 1446 2116 ctenam
1474 2075 1574 2114 nec
1598 2059 1826 2113 libenter
1851 2059 2018 2112 intro-

434 2157 643 2218 ductus,
676 2171 775 2210 nec
804 2155 1064 2209 violenter
1091 2153 1348 2223 impulsus
1380 2150 1710 2220 ingreditur?

503 2248 731 2305 CAPUT
770 2246 957 2302 XXVI.
990 2276 1058 2286 —-
1081 2246 1171 2301 29.
1220 2244 1392 2299 Verba
1421 2243 1674 2310 Epistola:
1708 2260 1721 2294 :
1756 2240 1907 2303 Odia,
1938 2243 2019 2295 in-

436 2332 569 2410 quit,
597 2340 771 2395 stccttli
813 2340 1107 2409 gaudemus,
1148 2338 1202 2389 in
1237 2337 1347 2405 ejus
1377 2334 1622 2403 pressuris
1652 2349 1752 2386 non
1794 2348 2024 2385 succum-

436 2433 620 2495 bimus,
674 2431 762 2485 sed
809 2430 1058 2484 lattamur.
1113 2426 1342 2481 Mundus
1386 2425 1468 2478 hic
1517 2440 1617 2478 non
1659 2433 1817 2494 potest
1857 2440 2025 2477 seiras

438 2523 624 2578 Christi
652 2520 880 2591 diligere,
922 2520 1009 2588 qui
1036 2516 1291 2571 Christum
1319 2515 1639 2586 cognoscitur
1664 2531 1763 2567 non
1803 2529 2021 2577 amasse,

441 2612 661 2667 Domino
700 2610 810 2680 ipso
836 2609 1055 2671 dicente,
1079 2607 1141 2662 Si
1167 2606 1405 2660 sa'culum
1431 2620 1517 2658 vos
1554 2603 1680 2670 odit,
1706 2604 1881 2657 scitote
1909 2604 2027 2673 quia

442 2720 520 2758 me
550 2704 765 2771 primum
782 2702 898 2754 odio
927 2699 1099 2753 habuit
1125 2715 1275 2769 quam
1301 2714 1387 2752 vos
1411 2698 1492 2751 :si
1519 2712 1597 2749 me
1616 2697 1857 2766 persecuti
1886 2706 2029 2763 sunt,

442 2805 489 2849 et
519 2810 601 2848 vos
619 2801 991 2865 persequentur.
1009 2790 1089 2845 Ad
1118 2792 1230 2845 luce
1260 2789 1572 2859 responsio:
1595 2787 1714 2855 Quo
1735 2786 2029 2857 gaudentes

442 2885 565 2941 odio
580 2884 783 2951 sa'culi,
802 2883 1064 2952 pressuris
1090 2883 1208 2951 ejus
1239 2897 1345 2935 non
1379 2880 1745 2941 succumbitis,
1771 2878 1864 2933 sed
1885 2879 2031 2932 lacta-

447 2960 720 3043 niini,cum
734 2989 826 3031 vos
842 2974 985 3045 ipsos
996 2972 1515 3039 velitisoecidere,ne
1528 2972 1798 3025 molestias
1814 2970 2030 3039 quales-

444 3084 670 3138 cumque
691 3066 987 3136 patiamini;
1012 3076 1067 3122 et
1092 3066 1226 3119 mori
1242 3065 1467 3134 eligitis;
1504 3079 1606 3116 non
1628 3062 1697 3117 ab
1728 3063 1845 3115 aliis
1866 3063 2027 3116 occisi

448 3175 544 3228 pro
575 3160 798 3214 veritate
813 3156 1136 3224 Christi,sed
1164 3155 1502 3223 avobisipsis
1530 3170 1624 3224 pro
1651 3162 1797 3224 parte
1812 3152 2031 3207 Donati?

445 3252 545 3309 ista
575 3251 1059 3307 circumceliiouum
1073 3249 1391 3315 estinsania,
1408 3265 1510 3301 non
1530 3259 1818 3318 martyrum
1843 3246 2028 3316 gloria.

444 3347 574 3403 Cum
588 3343 1208 3416 itaqueapparcantfacta
1224 3340 1705 3411 vestra,quidVobis
1716 3339 1875 3393 verba
1888 3352 2035 3392 usur-

446 3437 580 3505 patis
592 3438 761 3490 aliena
774 3436 797 3489 ?
811 3434 1034 3488 Mundus
1050 3435 1163 3499 iste,
1179 3432 1368 3502 inquit,
1384 3447 1481 3484 non
1503 3439 1657 3499 potest
1669 3445 1834 3483 servos
1851 3428 2034 3482 Christi

447 3527 684 3594 diligere,
720 3526 804 3594 qui
819 3524 1071 3577 Christum
1084 3523 1401 3593 cognoscitur
1421 3538 1518 3574 non
1536 3537 1749 3573 amasse.
1776 3520 1888 3573 Non
1906 3535 2031 3588 ergo

449 3614 515 3670 ad
543 3614 795 3668 mundum
828 3614 985 3668 istum
1009 3613 1333 3683 pertinemus
1357 3626 1472 3673 nos,
1490 3612 1610 3679 quia
1630 3610 1896 3682 diligimus
1916 3626 2029 3664 vos.

447 3703 551 3759 Sed
582 3705 719 3758 servi
749 3703 946 3758 Christi
988 3716 1084 3756 vos
1108 3717 1213 3756 non
1243 3703 1392 3763 estis.
1420 3700 1511 3770 qui
1540 3700 1740 3755 malum
1775 3717 1867 3769 pro
1894 3700 2032 3754 bono

447 3798 818 3864 retribucntes,
867 3806 922 3852 et
970 3797 1224 3851 malitiam
1278 3803 1508 3850 vestram
1560 3794 1774 3864 quando
1822 3794 1875 3848 iu
1933 3808 2032 3848 nos

447 3905 697 3946 exercere
740 3904 843 3944 non
890 3890 1143 3960 potestis,
1178 3889 1229 3942 iu
1258 3900 1354 3942 vos
1383 3895 1771 3955 retorqueutcs,
1804 3902 1902 3941 nec
1932 3900 2031 3940 nos

448 3981 688 4051 diligitis,
739 3988 793 4034 ct
840 3995 935 4034 vos
976 3979 1238 4033 occiditis.
1285 3978 1543 4031 Dominus
1593 3987 1769 4031 autem
1821 3977 2031 4047 quando

446 4072 600 4135 dixit,
648 4070 708 4126 Si
736 4072 977 4123 arculum
1018 4086 1103 4123 vos
1130 4069 1266 4131 odit,
1314 4069 1491 4122 scitote
1527 4069 1645 4137 quia
1688 4084 1766 4121 me
1815 4068 2031 4137 priorem

448 4163 587 4217 vobis
624 4163 740 4216 odio
768 4161 939 4215 habuit
970 4162 1055 4214 :si
1084 4176 1162 4214 me
1191 4160 1437 4229 persecuti
1472 4169 1609 4223 sunt,
1654 4169 1700 4213 et
1737 4175 1823 4212 vos
1862 4176 2031 4228 perse-

450 4264 662 4324 quentur
687 4250 865 4324 (Joan.
898 4266 987 4315 xv,
1020 4252 1109 4315 18,
1136 4250 1227 4320 20)
1257 4268 1271 4314 ;
1306 4266 1411 4304 tzon
1442 4249 1605 4312 vobis,
1638 4248 1731 4304 sed
1770 4248 1873 4302 illis
1900 4248 2035 4303 dixit

450 4346 644 4416 quibus
673 4344 953 4413 praecepit,
986 4352 1043 4395 ut
1082 4342 1126 4395 si
1149 4356 1243 4396 eos
1273 4351 1723 4412 persequerentur
1752 4341 1803 4394 in
1834 4340 1930 4395 ista
1960 4341 2032 4394 ci-

450 4440 636 4502 vitate,
683 4435 925 4507 fugerent
954 4434 1007 4489 in
1050 4434 1206 4488 aliam
1238 4451 1252 4487 :
1280 4433 1421 4505 quod
1449 4448 1543 4489 vos
1569 4448 1672 4488 non
1700 4433 1891 4489 facitis.
1924 4433 2033 4487 Illis

450 4528 603 4591 dixit,
643 4527 709 4581 ad
750 4541 881 4595 quas
923 4526 1163 4581 civitates
1201 4526 1549 4596 confugerent
1577 4541 1744 4595 usque
1772 4526 1824 4580 in
1872 4525 2033 4580 ﬁnem

449 4620 629 4675 δωρωί
661 4632 766 4672 non
792 4617 1063 4672 defuturas
1093 4616 1304 4687 (Matth.
1335 4634 1386 4682 κ,
1410 4616 1525 4687 23),
1558 4630 1693 4686 quas
1721 4630 1815 4670 vos
1857 4617 2034 4685 queri-

451 4710 579 4765 mini
606 4710 757 4764 vobis
792 4708 906 4780 jam
949 4708 1158 4771 deesse,
1191 4724 1291 4763 nec
1319 4708 1475 4762 vultis
1508 4708 1658 4763 lateri
1706 4722 1803 4762 eos
1844 4708 2032 4776 quibus

455 4803 568 4857 haec
592 4800 730 4855 dicta
759 4811 881 4854 sunt
910 4814 1003 4853 vos
1030 4814 1134 4853 non
1160 4813 1299 4853 esse.

521 4893 749 4950 CAPUT
789 4892 1000 4959 XXVII.
1030 4923 1101 4933 —
1129 4892 1217 4946 50.
1253 4891 1422 4946 Verba
1453 4890 1699 4959 Epistolas
1729 4908 1743 4943 :
1774 4887 1880 4944 Sed
1915 4898 1962 4942 et
1992 4890 2034 4943 si

454 4986 731 5056 persecutio
754 4984 1088 5053 conquiescat,
1137 4982 1327 5052 inquit,
1358 4981 1493 5034 unde
1534 4990 1813 5051 martyrum
1858 4996 2031 5033 nume-

448 5096 537 5134 rus
576 5076 902 5146 adimpletur,
927 5074 1130 5129 Joanne
1166 5076 1384 5140 dicente,
1427 5072 1561 5136 Vidi,
1605 5072 1794 5143 inquit,
1840 5072 2043 5127 animas

452 5174 733 5229 occisorum
775 5162 867 5224 sub
913 5186 1005 5222 ara
1053 5167 1149 5222 Dei
1184 5166 1577 5222 exclamandum
1622 5175 1670 5220 et
1723 5164 2033 5230 dicentium,

454 5264 732 5333 Quamdiu,
768 5261 999 5326 Domine,
1033 5276 1133 5314 non
1168 5260 1370 5329 judicus
1400 5268 1445 5312 et
1480 5258 1705 5312 vindicas
1742 5257 2034 5329 sanguinem

453 5368 676 5412 nostrum
704 5357 768 5409 de
793 5354 855 5407 iis
878 5354 965 5423 qui
990 5352 1214 5406 habitant
1232 5368 1383 5420 super
1404 5350 1624 5404 terram?
1648 5349 1714 5404 Et
1739 5359 2036 5419 acceperunt

450 5448 636 5519 singuli
663 5446 822 5501 stolas
846 5442 1009 5506 albas,
1054 5452 1102 5495 ct
1129 5442 1314 5495 dictum
1352 5451 1425 5495 est
1450 5440 1521 5494 eis
1539 5482 1554 5500 ,
1597 5448 1651 5495 ut
1678 5440 2037 5508 requiescerent

447 5542 615 5593 adhuc
645 5553 864 5608 paucam
893 5544 1113 5605 tempus,
1147 5534 1305 5587 donec
1341 5533 1610 5603 impleatur
1648 5548 1884 5585 numerus
1932 5531 2039 5600 [ra-

449 5639 582 5682 trum
608 5639 881 5683 uestrorum
913 5612 953 5693 ί,
1000 5625 1087 5697 qui
1134 5624 1375 5694 incipient
1416 5622 1651 5691 interfici,
1700 5622 1826 5676 sicut
1844 5633 1899 5676 .ct
1942 5621 2040 5690 ipsi

452 5718 637 5782 (Apoc.
664 5733 737 5779 vt,
762 5716 935 5786 9-H).
974 5716 1048 5770 Ad
1078 5716 1192 5769 haec
1216 5713 1495 5783 responsio
1524 5731 1536 5766 :
1568 5712 1623 5768 Si
1649 5712 1747 5766 sub
1768 5729 1857 5767 ara
1886 5711 2039 5766 Chri-

516 5826 532 5852 ¹
569 5821 987 5881 Lugd.,ipsorum.
1010 5833 1171 5875 crtece
1193 5825 1337 5873 etiam
1353 5824 1549 5884 dicitur,
1588 5824 1747 5875 auten.
1814 5833 1869 5875 ιι.

1383 405 1651 460 CONTRA
1693 397 2157 466 GAUDENTIUM,
2201 404 2256 460 S.
2301 402 2663 458 AUCUSTINI
2748 402 2759 409 ’

3592 407 3711 463 ’ἱὶιι

2109 516 2175 569 sti
2206 530 2465 587 martyres
2492 531 2611 569 esse
2639 516 2864 582 velletis,
2899 532 3002 570 non
3048 530 3141 569 vos
3188 516 3329 585 ipsos
3363 516 3694 573 incendendo

2110 605 2424 661 sacriﬁcium
2448 607 2658 661 diabolo
2683 606 2944 662 faceretis.
2974 607 3103 673 Quis
3124 608 3264 661 enim
3292 608 3482 676 gaudet
3505 608 3572 663 de
3593 610 3695 665 isto

2112 695 2290 751 furore
2320 706 2514 758 vestro,
2550 696 2651 752 nisi
2680 697 2942 759 diabolus,
2972 699 3059 767 qui
3088 714 3207 750 cum
3240 699 3390 753 vobis
3432 699 3653 769 inspirat
3678 743 3693 765 ,

2111 795 2166 841 ct
2194 788 2278 855 qui
2308 798 2516 840 suntex
2548 800 2692 856 parte
2720 788 2901 841 illius?
2934 788 3046 856 Ipse
3074 797 3155 841 est
3180 789 3266 856 qui
3297 788 3440 841 illum
3468 804 3692 857 puerum

2112 875 2179 929 de
2208 892 2313 946 quo
2359 878 2408 930 in
2440 878 2722 947 Evangelio
2754 878 2995 947 legimus,
3048 878 3289 932 mittebat
3330 880 3612 949 aliquando
3643 884 3694 936 in

2114 982 2326 1035 aquam,
2371 969 2652 1036 aliquando
2684 970 2734 1024 in
2768 970 2939 1039 ignem
2992 969 3203 1040 (Matth.
3251 987 3379 1034 xvtt,
3414 972 3505 1040 Li)
3537 991 3549 1026 :
3582 973 3697 1043 ipse

2114 1066 2167 1111 ct
2200 1059 2343 1112 illum
2374 1075 2585 1127 gregem
2611 1074 2891 1129 porcorum
2922 1062 3249 1130 przrt'ipitem
3280 1062 3529 1116 ﬂuetibus
3559 1080 3701 1120 mer-

2115 1152 2183 1205 sit
2211 1150 2320 1220 (ld.
2350 1168 2463 1219 vm,
2496 1153 2606 1223 5-2).
2657 1153 2791 1223 ipse,
2840 1163 2894 1207 ut
2920 1168 2978 1208 se
3014 1154 3080 1207 de
3110 1154 3268 1223 pinna
3298 1157 3477 1225 templi
3509 1158 3699 1225 praxi-

2116 1244 2328 1312 pitaret,
2379 1246 2536 1298 etiam
2584 1246 2679 1315 ipsi
2731 1247 2954 1299 Domino
3002 1248 3352 1301 audacissima
3404 1248 3697 1303 teutatione

2118 1336 2376 1404 suggessit
2403 1335 2510 1405 (Id.
2544 1354 2612 1402 tv,
2645 1339 2697 1401 5,
2726 1337 2801 1406 6).
2838 1338 2912 1391 Ad
2942 1337 3209 1391 diabolmn
3243 1340 3358 1393 sine
3388 1338 3548 1392 dubio
3580 1356 3701 1410 per-

2119 1426 2314 1489 tiuetis,
2341 1443 2460 1481 eum
2490 1429 2585 1481 tria
2614 1445 2806 1496 genera
2834 1430 3038 1494 mortis,
3070 1428 3699 1501 aquaui.igttent,pr:m-i-

2120 1519 2306 1587 pitium
2360 1518 2410 1571 in
2471 1520 2660 1572 vestris
2710 1521 2966 1573 mortibus
3018 1520 3385 1589 frequentatis.
3440 1516 3496 1575 Si
3557 1524 3701 1577 enim

2121 1620 2329 1663 mentes
2356 1626 2457 1663 non
2490 1610 2751 1664 dementia
2782 1610 3096 1681 pcrdcrctis,
3132 1613 3229 1665 ista
3260 1612 3366 1681 ipsa
3399 1613 3556 1667 verba
3582 1630 3703 1683 qua:

2121 1699 2189 1754 de
2214 1710 2397 1754 saneto
2423 1701 2557 1754 liln‘o
2584 1701 2823 1770 posuisti,
2870 1702 2935 1756 ab
2966 1703 3066 1755 isto
3092 1702 3309 1757 interitu
3355 1721 3511 1775 quem
3555 1706 3707 1762 vobis

2124 1790 2382 1857 ingeritis,
2422 1806 2514 1845 vos
2557 1807 2809 1846 revocare
2853 1792 3127 1846 deberent.
3161 1794 3296 1867 Quid
3326 1796 3464 1849 cuitn
3511 1797 3706 1851 animm

2125 1890 2418 1951 martyrum
2465 1881 2562 1935 Sub
2607 1897 2696 1935 ara
2740 1882 2830 1935 Dei
2865 1883 3082 1937 dieunt?
3129 1884 3403 1949 Quamdiu,
3456 1884 3709 1953 Domine,

2126 1986 2224 2023 non
2255 1970 2460 2039 judicas
2490 1980 2536 2025 et
2580 1972 2805 2027 vindicas
2849 1975 3144 2044 sanguinem
3188 1985 3412 2027 nostrum
3450 1975 3514 2027 de
3537 1978 3599 2031 iis
3625 1980 3709 2047 qui

2126 2061 2352 2114 habitant
2378 2079 2528 2131 super
2573 2065 2798 2118 terram?
2832 2064 3092 2117 \‘indiCari
3139 2076 3361 2133 poscunt
3390 2068 3705 2135 sanguinem

2127 2166 2300 2209 Suum.
2334 2152 2384 2206 in
2414 2154 2491 2207 eis
2521 2154 2698 2223 utique
2739 2171 2766 2207 a
2799 2155 2988 2225 quibus
3019 2153 3165 2207 lusus
3205 2165 3290 2210 est
3316 2174 3329 2208 :
3377 2158 3629 2226 mnuquid
3660 2158 3711 2210 in

2128 2244 2287 2299 aliis?
2324 2246 2401 2300 Ae
2428 2247 2643 2315 perime
2670 2247 3017 2301 viudicabitur
3041 2257 3215 2301 vester
3243 2248 3293 2300 in
3322 2248 3492 2301 vobis.

2201 2339 2291 2393 3|.
2338 2338 2471 2405 Quid
2516 2347 2597 2392 est
2636 2348 2810 2391 autem
2852 2338 3080 2397 stultius.
3128 2353 3285 2407 quam
3335 2338 3474 2408 quod
3520 2340 3716 2408 putatis

2130 2429 2461 2498 prophetiam
2506 2429 2659 2483 istam
2686 2428 2751 2483 de
2779 2429 3117 2497 martyribus,
3160 2430 3246 2498 qui
3288 2429 3444 2483 futuri
3477 2430 3715 2499 prmdicti

2132 2529 2271 2585 sunt,
2320 2521 2526 2575 nonnisi
2578 2522 2628 2575 in
2676 2520 2964 2574 Donatistis
3008 2536 3127 2575 esse
3171 2522 3536 2590 completam;
3565 2524 3717 2591 quasi

2136 2623 2474 2683 posteaquam
2504 2613 2603 2667 huc
2632 2613 2841 2681 scripsit
2864 2613 3050 2667 beatus
3070 2612 3325 2677 Joannes,
3352 2614 3481 2667 nulli
3513 2624 3718 2685 marty-

2134 2719 2220 2756 res
2246 2704 2345 2755 sint
2374 2703 2555 2765 occisi,
2585 2718 2859 2772 quousque
2885 2713 3193 2772 exsurgeret
3226 2721 3343 2772 pars
3366 2704 3589 2767 Donati;
3623 2707 3713 2773 qui

2135 2795 2177 2849 si
2210 2795 2421 2863 quando
2450 2796 2582 2849 alios
2613 2810 2715 2849 non
2747 2804 2985 2863 possunt.
3020 2810 3077 2849 se
3129 2796 3270 2864 ipsos
3311 2796 3557 2849 occidunt
3582 2800 3596 2859 ;
3626 2797 3719 2864 qui

2137 2885 2334 2940 faciunt
2360 2902 2517 2953 opera
2543 2886 2805 2939 latronum
2834 2894 2883 2939 ct
2912 2886 3236 2949 dmmonum,
3285 2896 3335 2938 et
3363 2884 3583 2954 gloriam
3610 2886 3712 2938 sibi

2136 2978 2402 3032 vindicant
2442 2977 2773 3049 martyrum?
2815 2977 2963 3044 Quod
2992 2978 3033 3030 si
3068 2986 3213 3031 tanto
3259 2978 3512 3047 temporis
3554 2979 3717 3032 inter-

2137 3066 2296 3133 vallo,
2345 3066 2395 3121 id
2439 3076 2539 3129 est,
2585 3083 2611 3119 a
2657 3067 2862 3121 Joanne
2906 3081 3069 3135 usque
3115 3066 3179 3119 ad
3211 3066 3341 3119 istos
3382 3067 3507 3121 nulli
3557 3067 3720 3121 occisi

2137 3168 2318 3213 essent
2359 3168 2617 3228 martyres
2645 3159 2789 3223 veri;
2823 3167 2877 3210 ut
2922 3158 3049 3212 nihil
3079 3158 3240 3223 aliud,
3274 3159 3355 3211 vel
3390 3159 3719 3226 temporibus

2138 3250 2448 3304 Antichristi
2479 3252 2531 3304 di
2556 3265 2781 3305 'cretnus
2827 3250 3048 3310 futuros.
3086 3251 3138 3304 in
3185 3251 3374 3318 quibus
3404 3252 3489 3305 ille
3517 3261 3719 3322 marty—

2138 3358 2255 3398 rum
2281 3358 2534 3396 numerus
2558 3343 2931 3412 complerctnr.
2963 3358 3058 3395 nec
3088 3350 3261 3396 tamen
3290 3343 3419 3395 istos
3449 3342 3528 3395 vel
3557 3342 3716 3396 alieni

2138 3435 2218 3488 vel
2236 3434 2315 3488 sui
2332 3433 2602 3503 sanguinis
2618 3449 2736 3487 reos
2757 3448 3058 3487 accrescere
3078 3449 3300 3486 numero
3322 3449 3562 3487 verorum
3581 3449 3721 3487 mar-

2140 3533 2312 3594 tyrnm
2355 3524 2713 3589 crederemus,
2745 3525 2933 3592 quibus
2962 3523 3162 3577 dictum
3204 3532 3283 3576 est
3321 3534 3374 3575 ut
3417 3525 3720 3592 requiesce-

2140 3604 2281 3670 rent.
2314 3632 2530 3686 parvum
2590 3625 2830 3684 tempus,
2885 3616 3055 3669 donec
3111 3616 3419 3685 impleretur
3466 3630 3721 3670 numerus

2139 3706 2358 3761 fratrum
2390 3707 2644 3776 ipsorum,
2668 3708 2756 3776 qui
2783 3707 3075 3775 inciperent
3104 3707 3351 3772 interfici,
3373 3706 3504 3758 sicut
3528 3706 3721 3774 ctipsi,

2139 3799 2207 3852 ab
2231 3798 2349 3853 aliis
2393 3798 2593 3867 utique,
2626 3812 2729 3851 non
2761 3812 2788 3850 a
2816 3812 2875 3850 sc
2920 3797 3048 3866 ipsis
3076 3797 3214 3850 sicut
3256 3796 3365 3861 isn,
3404 3805 3457 3849 et
3483 3794 3605 3847 ideo
3634 3794 3723 3848 isti

2140 3909 2245 3947 non
2288 3892 2425 3946 sicut
2473 3891 2591 3960 ipsi.
2635 3890 2926 3944 Possumus
2972 3888 3130 3941 etiam
3180 3886 3457 3941 verissime
3500 3885 3723 3951 dicere,

2140 3983 2281 4051 ipsos
2333 3997 2543 4051 quoque
2599 3981 2987 4033 Donatistarum
3044 3978 3373 4047 temporibus
3417 3976 3723 4031 Catholicos

2140 4088 2273 4143 quos
2296 4074 2560 4136 occidunt,
2605 4073 2668 4125 ad
2696 4072 3117 4140 supplementum
3148 4070 3288 4124 illius
3318 4070 3521 4123 numeri
3554 4069 3719 4137 perti-

2140 4183 2288 4222 nere.
2338 4165 2438 4221 Sel
2472 4182 2590 4221 cum
2637 4176 2757 4232 post
2787 4164 3081 4234 apostolum
3123 4164 3404 4229 Joannem,
3436 4163 3523 4232 qui
3557 4163 3725 4216 futura

2142 4260 2229 4314 illa
2243 4259 2551 4329 conscripsit
2565 4302 2578 4322 ,
2594 4267 2734 4311 tanta
2757 4266 2960 4327 strages
2978 4266 3267 4327 martyrum
3287 4254 3727 4309 interﬁcientibus

2140 4350 2314 4419 impiis
2346 4363 2717 4418 usquequaque
2746 4349 2794 4401 iu
2828 4355 2933 4401 tam
2964 4346 3138 4400 multis
3178 4346 3423 4416 gentibus
3451 4345 3586 4398 laeta
3617 4346 3723 4408 sit;

2138 4440 2263 4511 quid
2295 4440 2393 4495 sibi
2427 4440 2607 4493 volunt
2635 4439 2717 4493 isti
2746 4454 2957 4493 suarum
2984 4438 3281 4493 animarum
3312 4446 3631 4503 extortorcs,
3667 4448 3722 4492 et

2138 4534 2428 4588 alienarum
2448 4542 2673 4586 tortores
2692 4542 2743 4583 ut
2762 4529 2902 4601 quod
2915 4529 2978 4584 de
2997 4529 3316 4601 martyribus
3334 4529 3531 4582 sanctis
3546 4528 3728 4598 legunt

2140 4640 2257 4681 esse
2286 4625 2610 4694 pra‘dictum,
2639 4622 2705 4678 de
2730 4638 2787 4676 se
2810 4622 3010 4692 iactent
3044 4636 3165 4676 esse
3200 4619 3562 4689 completum?
3587 4620 3731 4673 Prae-

2142 4728 2322 4787 parate
2367 4732 2464 4770 vos
2493 4716 2691 4785 potius,
2720 4724 2777 4769 ut
2820 4723 2993 4770 vester
3013 4714 3247 4783 sanguis,
3290 4728 3393 4766 non
3418 4713 3469 4765 in
3518 4713 3595 4766 eis
3638 4712 3727 4782 qui

2139 4824 2236 4863 vos
2253 4808 2331 4862 vel
2349 4806 2803 4876 comprehendere
2818 4806 2897 4860 vel
2917 4804 3097 4875 fugere
3117 4804 3333 4871 cupiunt
3354 4812 3409 4857 ut
3425 4802 3727 4867 vivatis,sml

2144 4903 2194 4955 in
2226 4900 2375 4955 vobis
2420 4900 2594 4967 potius
2622 4897 2937 4950 vindicetur.
2970 4898 3050 4949 An
3084 4894 3218 4949 forte
3241 4909 3308 4948 ne
3338 4893 3438 4948 hoc
3470 4894 3581 4955 ﬁat,
3612 4893 3734 4945 ideo

2144 5005 2248 5044 non
2293 5005 2414 5044 eum
2468 4987 2706 5046 funditis.
2753 4986 2846 5041 sed
2874 4994 2966 5039 aut
3008 4985 3300 5054 prmcipiiio
3342 4983 3610 5041 collitlitis,
3644 4993 3732 5035 aut

2144 5081 2283 5135 unda
2332 5077 2629 5140 suil‘ocatis,
2680 5089 2772 5131 aut
2824 5077 2877 5132 in
2925 5075 3161 5158 cinerem
3209 5073 3573 5129 convenitis?
3624 5073 3729 5127 Sed

2144 5173 2371 5236 erratis;
2401 5171 2755 5225 viudicabitur
2781 5170 2831 5223 in
2858 5168 3025 5229 vobis,
3060 5183 3396 5239 truncumque
3442 5166 3601 5218 modo
3633 5180 3726 5233 pe-

2144 5264 2365 5317 rimatur
2388 5278 2417 5315 a
2449 5262 2618 5315 vobis.
2666 5260 2721 5314 In
2765 5259 2917 5313 vobis
2966 5259 3105 5312 enim
3138 5256 3519 5313 vimiicaretur,
3552 5255 3593 5305 si
3627 5269 3730 5306 non

2146 5355 2197 5410 in
2232 5354 2463 5408 Ecclesia
2490 5351 2706 5415 Christi,
2748 5351 2840 5406 sed
2874 5351 2924 5403 in
2954 5359 3103 5419 parte
3135 5347 3325 5401 Donati
3369 5346 3439 5401 ab
3466 5346 3583 5398 aliis
3613 5345 3727 5397 luti-

2144 5446 2379 5501 derctur.
2430 5444 2577 5500 itane
2604 5458 2698 5499 vos
2727 5443 3023 5498 ciamahitis
3067 5440 3131 5494 ad
3162 5441 3345 5501 Deum,
3400 5448 3455 5491 ut
3499 5437 3729 5491 vindicet

2147 5542 2454 5610 Sanguinem
2482 5543 2737 5599 vestrum,
2764 5544 2820 5589 et
2842 5534 3092 5589 examiict
3120 5546 3237 5595 vos,
3267 5531 3366 5584 nisi
3401 5528 3733 5583 damnaverit

2147 5632 2280 5686 vos?
2305 5628 2581 5697 Quomodo
2611 5628 2751 5683 enim
2782 5626 3097 5688 vindicetur,
3131 5624 3230 5678 nisi
3273 5624 3361 5692 qui
3403 5637 3527 5677 eum
3571 5634 3729 5675 ausus

2148 5734 2229 5779 est
2272 5720 2535 5778 trucidare
2565 5719 2885 5775 damnetur?
2917 5717 2972 5772 In
3004 5717 3101 5770 hac
3128 5731 3255 5787 ergo
3286 5730 3417 5770 voce
3463 5729 3569 5768 non
3607 5713 3735 5766 estis

2151 5813 2250 5868 nisi
2281 5821 2616 5873 accusatores
2645 5809 2830 5877 vestri,
2869 5808 2989 5878 quia
3035 5822 3131 5863 vos
3169 5808 3297 5862 estis
3341 5807 3416 5861 rei
3461 5803 3736 5874 sangmuis
