4108 6198
393 337 502 392 725

394 446 575 504 vestri.
608 446 716 501 Nec
747 444 888 500 Deus
914 443 1016 498 nisi
1061 459 1154 499 vos
1183 441 1476 508 damnabit,
1506 438 1717 512 quando
1762 453 1790 492 a
1822 437 1973 492 vobis

393 539 474 593 vel
504 538 768 612 collisum,
820 535 901 589 vel
949 534 1286 600 sull‘ocatum,
1316 533 1398 587 vel
1425 543 1692 594 exustum,
1727 530 1807 584 vel
1837 545 1972 597 quo-

391 645 617 698 cumque
633 637 784 696 pacto
802 625 1137 690 trucidatum,
1159 625 1235 678 vel
1254 624 1297 678 si
1319 623 1422 678 hoc
1442 622 1729 694 clegeritis,
1748 622 2006 715 ellusum‘

388 722 700 790 sanguinem
733 728 965 773 vestrum
990 716 1300 770 vindicabit.
1911 716 1934 758 ἱ

462 809 686 864 CAPUT
733 807 968 862 XXVIII.
1016 836 1086 844 —
1123 805 1210 860 52.
1246 804 1420 860 Verba
1470 801 1718 873 Epistulae
1749 819 1761 855 :
1795 802 1975 854 Annon

389 901 509 964 ista,
541 899 728 970 inquit,
757 898 1033 968 persecutio
1075 906 1168 959 est,
1200 911 1312 966 qua:
1354 904 1423 948 tot
1449 895 1610 949 millia
1652 894 1976 946 innocentum

389 1004 668 1064 martyrum
707 991 918 1044 arctavit
945 989 1011 1042 ad
1041 986 1247 1042 mortem
1269 987 1296 1042 .’
1337 985 1610 1040 Christiani
1635 985 1765 1038 enim
1793 1001 1973 1037 secun-

389 1084 511 1135 dum
542 1080 876 1153 Evangelium
918 1080 1098 1150 spiritu
1151 1076 1406 1148 prompti,
1454 1076 1543 1130 sed
1585 1092 1736 1129 carne
1783 1074 1972 1142 inﬁrmi

389 1172 602 1244 (Matth.
625 1187 766 1238 xxvl,
789 1171 849 1226 41
861 1170 878 1238 )
889 1211 903 1236 ,
921 1187 951 1223 α
965 1170 1210 1240 sacrilega
1226 1166 1647 1221 contaminatione
1662 1166 1973 1218 caminorum

388 1274 586 1333 reperto
650 1261 946 1330 compendio
1006 1277 1123 1314 suas
1172 1260 1367 1312 animas
1419 1265 1738 1326 rapuerunt,
1793 1255 1976 1308 imitati

389 1354 664 1427 presbyteri
713 1352 886 1406 Razite
914 1353 929 1383 ¹
966 1353 1018 1405 iu
1068 1349 1477 1404 Machaba’orum
1507 1346 1644 1400 libris
1691 1344 1976 1415 exemplum

391 1447 475 1518 (Il
515 1445 753 1500 Mttcltab.
783 1459 891 1509 xw,
923 1444 1056 1515 4i);
1103 1457 1192 1495 nec.
1219 1441 1409 1510 frustra
1439 1440 1685 1492 timentes.
1738 1435 1975 1506 Quisquis

387 1541 522 1595 cnim
548 1539 598 1592 in
640 1553 810 1590 eorum
838 1552 1017 1588 manus
1046 1533 1297 1598 inciderit,
1341 1548 1439 1585 nou
1467 1530 1639 1584 evasit.
1685 1527 1789 1584 Sed
1815 1544 1975 1597 quan-

389 1642 498 1685 tum
531 1631 680 1684 velint
708 1629 892 1699 faciant
916 1643 934 1691 ;
976 1626 1112 1697 quod
1141 1637 1326 1678 certum
1353 1631 1445 1688 est,
1479 1620 1571 1674 Dei
1597 1637 1702 1674 esse
1730 1635 1828 1672 non
1859 1634 1976 1689 pos-

389 1732 505 1777 sunt
553 1721 637 1790 qui
684 1721 874 1792 faciunt
917 1726 1090 1771 contra
1132 1716 1309 1768 Deum.
1359 1711 1439 1767 Ad
1485 1711 1599 1766 lucc
1644 1709 1971 1780 responsio:

389 1817 736 1888 Apertissime
764 1815 1000 1877 omnino,
1033 1827 1136 1884 qua
1158 1828 1186 1862 ιι
1221 1807 1641 1879 persecutionem
1671 1803 1972 1876 patiamini,

386 1921 443 1965 et
491 1909 764 1964 verissime
805 1903 1096 1961 conﬁteris.
1131 1901 1245 1973 Ipsa
1297 1909 1379 1956 est
1421 1899 1564 1954 enim
1608 1897 1676 1952 de
1721 1911 1823 1966 qua
1864 1895 1972 1964 jam

387 2002 518 2068 dixi,
548 2017 662 2071 qua:
693 2000 746 2053 in
791 1997 988 2051 sanctis
1025 1991 1316 2064 Scripturis
1345 1989 1411 2044 de
1438 1986 1753 2060 quibusdam
1800 1984 1976 2056 impiis

387 2093 517 2147 satis
559 2090 835 2145 evidenter
865 2100 1119 2156 expressa
1163 2089 1267 2146 est,
1313 2081 1380 2135 de
1420 2079 1612 2149 quibus
1643 2077 1843 2132 dictum
1891 2084 1972 2129 est

382 2183 509 2252 quia
555 2179 974 2251 persecutionem
1039 2175 1311 2245 patiuntur
1369 2169 1436 2223 ab
1478 2168 1608 2238 ipsis
1655 2166 1807 2221 factis
1863 2164 1976 2219 suis

387 2273 540 2342 (Sap.
573 2287 648 2336 χι,
675 2270 770 2338 2|)
805 2286 816 2320 :
850 2265 988 2336 quod
1013 2263 1223 2334 quidem
1251 2261 1353 2315 dici
1381 2260 1447 2314 de
1480 2258 1629 2313 vobis
1651 2255 1976 2310 convenien-

382 2363 591 2417 tissimc
622 2367 816 2428 potest,
869 2355 1076 2411 etiamsi
1107 2367 1202 2406 vos
1251 2351 1477 2404 aliorum
1526 2362 1716 2401 manus
1760 2353 1977 2414 propter

389 2462 561 2506 vestra
597 2441 872 2517 sacrilegia
906 2444 1254 2498 trucidarent.
1280 2440 1410 2493 Nam
1437 2449 1492 2492 et
1517 2438 1750 2490 latrones
1774 2442 1828 2490 et
1854 2434 1973 2502 qui-

386 2545 516 2613 libet
566 2541 808 2595 homines
857 2539 932 2592 rei
960 2535 1242 2591 criminum
1273 2530 1600 2600 capitalium,
1650 2541 1771 2580 cum
1814 2525 1974 2594 justis

384 2639 592 2708 legibus
639 2635 945 2705 puniuntur,
994 2647 1098 2683 non
1127 2627 1337 2683 dicendi
1380 2633 1504 2678 sunt
1547 2620 1975 2693 persecutionem

388 2729 520 2798 pati,
556 2727 654 2779 nisi
699 2725 767 2778 ab
808 2725 938 2792 ipsis
969 2721 1122 2775 lactis
1151 2718 1282 2773 suis.
1326 2715 1428 2770 Sed
1471 2729 1612 2769 nunc
1659 2711 1817 2798 plane
1854 2721 1975 2762 cum

382 2830 637 2894 parcente
684 2817 834 2873 vobis
883 2811 1288 2870 mansuetudine
1317 2807 1622 2872 christiana,
1673 2805 1742 2858 ita
1786 2803 1839 2856 in
1879 2813 1978 2854 vos

386 2914 543 2967 smin't
573 2921 747 2965 veStra
793 2904 1080 2970 dementia,
1112 2912 1170 2957 ut
1214 2898 1659 2974 quemadmodum
1689 2894 1843 2960 dicis,
1893 2908 1978 2946 ca-

386 3003 634 3056 minorum
676 3007 870 3068 reperto
907 2986 1440 3065 compendioivestras
1483 2988 1679 3040 animas
1721 2983 1974 3054 rapiatis,

385 3095 531 3149 omni
561 3092 717 3147 modo
749 3105 842 3145 vos
871 3105 899 3143 a
932 3088 1082 3143 vobis
1114 3085 1242 3156 ipsis
1261 3083 1370 3155 pati
1414 3079 1861 3152 persecutionem,
1889 3075 1977 3130 ni-

386 3185 496 3240 mia
527 3192 610 3240 est
628 3179 976 3250 impudentia,
1005 3178 1050 3231 si
1074 3174 1276 3245 negatis
1300 3189 1316 3238 ;
1345 3171 1556 3242 quando
1577 3184 1671 3223 vos
1692 3178 1978 3235 utrumque

385 3275 686 3345 completis,
717 3281 771 3328 ct
797 3269 937 3324 unde
958 3269 1103 3339 iuste
1125 3265 1375 3336 pereatis,
1399 3272 1453 3318 et
1482 3261 1620 3334 quod
1654 3259 1853 3329 peritis.
1887 3255 1978 3312 Sic

382 3377 565 3423 autem
593 3364 725 3418 dicis
752 3371 828 3415 tot
858 3360 1133 3415 hominum
1166 3355 1328 3410 millia
1358 3368 1476 3408 esse
1503 3352 1592 3423 qui
1621 3352 1722 3405 hoc
1753 3349 1971 3413 faciunt,

387 3459 540 3529 quasi
571 3471 677 3510 non
728 3456 888 3508 etiam
939 3452 1038 3506 ista
1078 3449 1148 3503 sit
1197 3461 1300 3501 non
1349 3459 1512 3516 parva
1561 3457 1742 3508 causa,
1788 3455 1885 3524 cur
1910 3439 1978 3494 ab

389 3547 693 3620 hujusmodi
725 3545 1031 3616 magisterio
1060 3549 1239 3596 vestro
1269 3538 1445 3593 Africa
1472 3537 1748 3590 liberetur.
1776 3533 1975 3587 Eorum

389 3651 474 3696 est
499 3640 639 3693 enim
673 3637 944 3690 hominum
971 3646 1158 3704 genus,
1187 3629 1271 3684 cui
1302 3628 1404 3684 hoc
1429 3627 1626 3682 malum
1651 3623 1978 3696 persuadere

391 3731 656 3802 potuistis,
683 3727 768 3798 qui
797 3726 970 3780 solent
997 3723 1111 3778 have
1132 3731 1180 3777 et
1201 3729 1356 3774 antea
1378 3719 1574 3782 facere,
1598 3716 1830 3770 maxime
1851 3730 2003 3769 cum.

392 3820 704 3876 idololatria:
725 3816 938 3870 licentia
969 3825 1346 3882 usquequaque
1373 3808 1624 3870 ferveret,
1653 3804 1866 3876 quando
1891 3803 1974 3858 isti

392 3914 722 3984 Paganorum
750 3907 912 3963 armis
933 3907 1063 3961 festa
1085 3919 1177 3958 sua
1203 3899 1661 3972 frequentantibus
1683 3897 1978 3951 irruebant.

391 3987 668 4058 vovebant
695 4012 873 4056 autem
903 3999 1094 4068 Pagaui
1120 3999 1340 4068 juvenes
1369 3995 1522 4050 idolis
1551 3993 1662 4047 suis
1707 3991 1826 4062 quis
1850 3998 1980 4060 quot

391 4095 656 4150 occideret
685 4113 697 4148 :
725 4103 778 4147 at
801 4092 886 4146 isti
915 4091 1169 4162 gregatim
1199 4089 1322 4142 hinc
1357 4096 1518 4155 atque
1558 4084 1680 4139 inde
1705 4081 1979 4138 conﬂuen-

361 4197 494 4255 'tes,
539 4195 788 4255 tauquam
838 4185 890 4239 in
938 4183 1328 4254 amphitheatro
1373 4194 1404 4233 a
1449 4177 1788 4234 venatoribus
1826 4189 1982 4231 more

393 4277 701 4333 immanium
748 4275 1035 4330 bestiarum
1065 4271 1339 4327 venabulis
1367 4284 1426 4325 se
1470 4267 1727 4340 oppositis
1771 4266 1980 4337 ingere-

391 4371 587 4435 bant',
620 4367 856 4422 furentes
901 4366 1285 4431 moriebantur,
1333 4371 1701 4434 putrescentes
1748 4359 1977 4429 sepelie-

390 4461 604 4527 bantur,
628 4460 954 4530 decipientes
981 4458 1310 4514 colebantur.
1341 4456 1547 4511 Prteter
1567 4453 1683 4509 haec
1701 4463 1827 4509 sunt
1846 4466 1975 4530 saxa

390 4551 640 4608 immania
672 4560 724 4607 et
765 4551 1018 4604 montium
1060 4548 1276 4603 horrida
1323 4555 1608 4617 prterupta,
1637 4545 1973 4600 voluntario-

389 4659 508 4698 rum
538 4641 882 4696 creberrimis
900 4639 1160 4694 mortibus
1187 4637 1460 4692 nobilitata
1483 4644 1806 4692 vestrorum:
1825 4635 1978 4706 aquis

390 4745 446 4790 et
475 4734 679 4804 ignibus
704 4733 876 4788 rarius
903 4732 955 4787 id
985 4733 1246 4801 agebant;
1293 4730 1599 4800 praeeipitiis
1627 4743 1816 4804 greges
1843 4743 1976 4784 con-

389 4811 736 4879 soluebantur
764 4822 1025 4893 ingentes.
1077 4820 1273 4876 ditatis
1301 4831 1496 4873 nostra:
1539 4817 1842 4873 hominibus
1889 4833 1978 4873 res

389 4914 698 4971 notissimas
724 4915 933 4983 l0quor.
965 4912 1096 4995 Quis
1122 4911 1264 4966 enim
1297 4909 1466 4964 nescit
1487 4908 1590 4963 hoc
1604 4923 1772 4980 genus
1803 4907 1976 4962 hami.

388 5021 518 5061 num
551 5005 603 5059 in
634 5003 916 5060 horrendis
945 5002 1267 5058 facinoribus
1296 5000 1588 5071 inquietum
1621 5040 1636 5065 ,
1666 4999 1735 5054 ab
1763 4999 1979 5055 utilibus

389 5098 644 5169 Operibus
673 5097 924 5163 otiosum,
944 5095 1372 5152 crudelissimum
1401 5095 1452 5148 in
1483 5091 1743 5148 mortibus
1767 5091 1976 5159 alienis,

392 5192 706 5246 vilissimum
734 5190 786 5246 in
813 5190 946 5258 suis,
971 5190 1199 5244 maxime
1221 5190 1272 5243 in
1297 5188 1437 5258 agris
1459 5187 1730 5252 territans,
1752 5185 1820 5241 ab
1836 5186 1978 5257 agris

391 5291 674 5342 vacans.el
689 5282 858 5337 victus
870 5283 951 5336 sui
968 5295 1129 5336 causa
1147 5280 1308 5336 cellas
1327 5279 1648 5346 circumiens
1661 5275 1977 5343 rusticanas,

391 5373 531 5430 unde
542 5383 596 5428 et
611 5373 1111 5429 Circumcellionum
1130 5386 1322 5427 nomen
1338 5369 1814 5440 accepit,universo
1826 5383 1980 5423 mun-

390 5464 461 5520 do
487 5480 624 5535 pene
649 5464 1064 5518 famosissimum
1092 5461 1321 5517 Africani
1351 5462 1546 5516 erroris
1591 5459 1979 5533 opprobrium?

354 5577 372 5613 /
464 5554 694 5611 CAPUT
735 5553 935 5610 XXIX.
965 5584 1036 5594 —
1064 5553 1152 5610 '55.
1193 5551 1274 5608 Ex
1321 5551 1424 5607 hoc
1451 5552 1609 5623 igitur
1640 5566 1834 5623 genere
1861 5551 1980 5622 quis

455 5665 474 5697 ί
512 5665 675 5715 Bazius
695 5671 977 5715 constanter
995 5661 1263 5727 appellatur
1282 5663 1328 5714 in
1359 5661 1563 5727 epistola
1585 5661 1693 5721 201,
1717 5675 1781 5713 nn
1823 5662 1872 5726 6,
1894 5665 1943 5714 7.

455 5729 476 5758 ε
516 5727 641 5787 apud
668 5737 786 5786 Ann,
810 5727 1093 5776 inserebant.

1776 323 1976 381 LIBER
2019 321 2287 382 PRIMUS.

3562 325 3672 379 ’ἱΞϋ

2082 439 2285 508 ignorat
2312 453 2468 509 quam
2515 438 2661 492 multi
2697 448 2850 494 antea
2891 453 2985 508 per
3005 436 3246 494 diversas
3276 445 3476 492 mortes
3515 435 3690 491 ibant

2081 540 2135 583 et
2174 529 2410 598 peribant
2436 572 2451 596 ,
2480 538 2533 584 et
2563 545 2701 584 nunc
2739 530 2792 585 in
2823 530 3032 586 illorum
3073 530 3472 600 comparatione
3497 545 3693 600 quamn

2081 620 2232 691 pauci
2270 622 2380 675 suis
2411 621 2616 690 ignibus
2641 620 2899 676 ardeant?
2925 622 3027 678 Sed
3069 622 3111 674 si
3141 631 3294 692 putas
3319 621 3524 677 moveti
3564 637 3689 676 nos

2080 722 2347 781 oportere,
2377 714 2500 784 quia
2529 713 2630 768 isto
2654 712 2814 768 modo
2846 723 2920 769 tot
2945 714 3105 768 millia
3133 715 3461 778 moriuntur;
3491 729 3660 783 quan-

2081 811 2192 856 tum
2215 803 2486 858 existimas
2515 820 2609 858 nos
2637 805 2834 859 habere
2861 805 3259 868 consolationis,
3292 806 3431 875 quod
3459 819 3489 858 a
3515 814 3659 859 tanta
3683 847 3686 849 λ

2079 882 2346 948 dementia
2378 895 2540 964 partis
2568 895 2753 951 Donati
2774 938 2788 957 .
2822 895 2908 950 ubi
2938 913 3042 950 non
3078 896 3249 950 solum
3283 897 3495 951 nefarite
3521 896 3663 951 divi.
3714 907 3722 914 ‘

2079 984 2247 1038 sionis
2287 999 2472 1052 error,
2504 1001 2688 1040 verum
2733 989 2890 1040 etiam
2933 986 3079 1041 furor
3109 988 3208 1042 iste
3240 990 3321 1042 lex
3356 987 3488 1042 facta
3535 999 3656 1052 est.

2081 1073 2236 1142 longe
2262 1083 2420 1145 atque
2442 1075 2926 1146 incomparabiliter
2952 1079 3096 1145 plura
3135 1079 3295 1132 millia
3328 1079 3618 1133 liberantur
3637 1081 3678 1134 ε·

2080 1163 2262 1235 Neque
2287 1167 2427 1240 enim
2464 1167 2548 1221 isti
2579 1170 2665 1237 qui
2700 1177 2956 1236 pereunt,
2986 1169 3193 1223 illorum
3223 1172 3407 1225 saltem
3438 1185 3678 1225 numero-

2079 1267 2376 1327 sequantur,
2405 1257 2493 1328 qui
2521 1273 2586 1314 ex
2617 1259 2730 1328 ipso
2754 1275 2951 1328 genere
2983 1275 3122 1314 nunc
3156 1260 3264 1330 jam
3291 1267 3543 1316 tenentur
3566 1277 3655 1314 or-

2079 1347 2204 1402 dine
2228 1347 2537 1417 disciplinae,
2575 1348 2917 1420 colendisque
2940 1350 3080 1420 agris
3108 1352 3305 1405 amisso
3333 1351 3668 1406 Circumccl--

2079 1437 2280 1492 lionnm
2302 1448 2356 1494 et
2382 1454 2540 1509 opere
2579 1448 2632 1493 et
2663 1441 2874 1494 nomine
2906 1442 3234 1508 inserviunt,
3261 1451 3477 1497 servant
3503 1442 3662 1496 casti-

2079 1535 2263 1594 tatem,
2308 1537 2486 1584 tenent
2527 1529 2826 1584 unitatem:
2867 1540 3064 1600 quanto
3110 1531 3282 1586 minus
3321 1541 3672 1601 eoa-quatitur

2080 1619 2164 1674 isti
2190 1621 2375 1690 perditi
2399 1637 2620 1678 numero
2641 1622 2914 1694 utriusque
2938 1640 3116 1690 sexus,
3141 1639 3244 1678 non
3267 1626 3436 1679 solum
3458 1640 3654 1695 puero-

2080 1727 2195 1765 rum
2227 1721 2279 1766 et
2303 1712 2616 1780 puellarum,
2637 1713 2889 1783 juvenum
2912 1723 2961 1768 et
2991 1715 3268 1784 virginum,
3295 1731 3477 1769 verum
3499 1716 3663 1793 etiam

2078 1802 2479 1873 coniugatorum
2522 1813 2575 1858 et
2613 1820 2833 1871 senum,
2883 1820 3107 1876 quorum
3148 1805 3560 1861 innumerabiles
3595 1820 3660 1860 es

2081 1896 2476 1950 Donatistarum
2519 1895 2718 1951 nefaria
2765 1896 3098 1952 dissensione
3145 1898 3194 1950 in
3240 1913 3422 1968 pacem
3465 1895 3661 1952 Christi

2078 2001 2258 2041 veram
2283 1997 2338 2041 et
2362 1985 2676 2042 catholicam
2703 1987 3013 2042 transeunt?
3039 1987 3126 2041 Isti
3154 1988 3350 2058 quippe
3377 1988 3465 2059 qui
3494 2003 3550 2042 se
3583 1989 3664 2041 iu-

2078 2077 2330 2145 cendunt,
2357 2093 2455 2133 nec
2475 2087 2552 2134 tot
2576 2078 2820 2135 homines
2845 2089 2971 2134 sunt
2992 2089 3121 2152 quot
3159 2081 3271 2136 loca
3301 2092 3424 2136 sunt
3453 2082 3662 2150 populis

2080 2167 2273 2238 plena,
2303 2183 2421 2238 qua:
2446 2167 2514 2222 ab
2539 2169 2737 2223 exitiali
2779 2179 2925 2238 peste
2951 2170 3151 2225 erroris
3187 2169 3328 2224 illius
3353 2179 3402 2223 et
3433 2169 3623 2225 luroris
3643 2211 3658 2235 ,

2081 2271 2177 2326 per
2217 2256 2355 2312 hanc
2398 2257 2700 2312 instantiam
2745 2257 3082 2327 perﬁciendae
3119 2260 3335 2314 unitatis
3376 2269 3657 2315 eruuntur.

2079 2345 2928 2416 Numquidnam,obsecro,sanum
2945 2348 3323 2403 misericordia:
3340 2359 3514 2420 potest
3542 2365 3662 2405 esse

2079 2437 2356 2491 consilium
2377 2478 2392 2504 ,
2421 2445 2480 2490 ut
2523 2436 2682 2491 simul
2713 2453 2830 2492 cmn
2857 2438 2959 2492 illis
2997 2438 3081 2494 isti
3112 2452 3299 2493 munes
3331 2439 3547 2494 aeternis
3569 2453 3663 2510 ge-

2081 2526 2373 2581 hennarum
2392 2526 2664 2598 suppliciis
2684 2538 2986 2593 serventur,
3011 2546 3076 2584 tte
3098 2530 3168 2584 illi
3195 2530 3245 2583 in
3275 2530 3494 2584 istorum
3516 2545 3663 2585 com-

2080 2617 2356 2688 paratione
2395 2618 2644 2688 perpauci
2683 2633 2900 2673 suorum
2931 2620 3260 2673 caminorum
3290 2619 3499 2692 ignibus
3524 2635 3661 2676 exu-

2080 2708 2308 2762 rantur?
2335 2707 2403 2763 Ut
2434 2710 2575 2762 enim
2603 2723 2789 2764 omnes
2817 2725 2938 2764 cum
2971 2711 3182 2765 Christo
3222 2713 3426 2776 vivant,
3457 2712 3662 2782 magnis

2080 2798 2360 2852 conatibus
2394 2807 2450 2853 et
2487 2799 2623 2853 votis
2648 2799 2909 2868 agendum
2937 2811 3017 2856 est
3046 2819 3056 2852 :
3089 2801 3180 2855 sed
3209 2802 3252 2856 si
3283 2803 3383 2857 hoc
3413 2817 3506 2872 per
3530 2817 3663 2872 quo-

2080 2887 2321 2943 rumdam
2341 2887 2572 2944 furorem
2595 2889 2706 2944 fieri
2731 2905 2834 2944 non
2860 2899 3052 2960 potest,
3072 2891 3255 2946 saltem
3279 2901 3453 2946 utnon
3471 2905 3658 2947 omnes

2080 2993 2201 3034 cum
2231 2979 2443 3035 diabolo
2475 2989 2711 3049 pereant,
2742 2981 3083 3036 laborandum
3116 2991 3216 3036 est.

2151 3071 2376 3129 CAPUT
2415 3072 2582 3128 XXX.
2612 3104 2685 3114 —
2712 3075 2801 3130 54.
2842 3073 2983 3131 Sane
3023 3073 3091 3130 de
3135 3074 3422 3146 Scripturis
3465 3077 3664 3133 sanctis

2081 3164 2423 3235 sagacissime
2443 3164 2733 3235 inquirens,
2761 3164 2806 3219 si
2829 3165 2951 3235 quid
2976 3163 3211 3235 proferre
3237 3180 3424 3237 posses
3447 3181 3540 3236 pro
3563 3167 3662 3222 ista

2082 3264 2388 3326 spontanee:
2414 3256 2602 3311 mortis
2627 3257 2888 3312 sententia
2918 3257 3098 3312 insana
3121 3300 3134 3323 ,
3181 3257 3450 3314 invenisse
3479 3267 3530 3314 te
3558 3258 3660 3314 ali-

2083 3345 2208 3418 quid
2241 3354 2412 3416 putas,
2439 3347 2562 3416 quia
2598 3349 2851 3418 scriptum
2889 3356 2970 3403 est
2998 3349 3051 3403 in
3087 3349 3410 3419 Evangelia:
3439 3348 3665 3421 Spiritus

2081 3437 2280 3507 quidem
2301 3447 2562 3509 promptus
2585 3447 2677 3504 est,
2701 3454 2819 3494 caro
2849 3448 3014 3493 autem
3042 3440 3246 3507 infirma
3272 3439 3485 3509 (Matth.
3515 3439 3657 3505 xxvi,

2083 3529 2174 3600 41)
2210 3547 2222 3584 :
2257 3538 2509 3600 tanquam
2540 3529 2659 3586 ideo
2685 3545 2743 3587 se
2775 3531 2999 3602 quisque
3023 3531 3270 3588 occidere
3297 3533 3508 3599 debeat,
3540 3537 3662 3605 quia

2082 3621 2326 3677 inﬁrmus
2346 3631 2449 3678 est.
2468 3621 2547 3678 Ad
2571 3624 2843 3694 passiones
2865 3624 3004 3680 inter
3023 3641 3210 3680 manus
3232 3628 3661 3697 persequentium

2081 3712 2420 3767 sustinendas
2445 3727 2550 3767 non
2587 3715 2802 3782 potuisti
2832 3715 2985 3768 citius
3013 3715 3192 3770 dicere
3221 3716 3378 3772 falsos
3402 3727 3664 3789 martyres

2083 3811 2289 3856 vestros
2315 3817 2384 3856 ex
2417 3801 2625 3855 illorum
2655 3817 2775 3858 esse
2800 3818 3056 3870 numero,
3083 3804 3148 3858 de
3179 3805 3371 3874 quibus
3408 3807 3663 3877 scriptum

2083 3899 2182 3956 est,
2225 3889 2314 3944 Va:
2345 3891 2407 3944 iis
2425 3893 2512 3961 qui
2538 3891 2863 3962 perdiderunt
2887 3894 3233 3948 sustinentium
3257 3894 3440 3964 (Eccli.
3461 3913 3518 3962 ιι,
3549 3897 3660 3969 16)2

2083 3990 2139 4037 et
2160 3981 2226 4037 ad
2258 3982 2376 4036 illos
2403 3997 2622 4052 prorsus
2651 3999 2756 4040 non
2787 3985 3053 4055 pertinere
3076 3986 3268 4057 quibus
3299 3987 3556 4042 Dominus
3580 3989 3662 4042 di-

2082 4075 2176 4140 cit,
2205 4072 2270 4128 Iu
2294 4084 2455 4129 vestra
2478 4076 2717 4146 patientia
2740 4077 3054 4148 possidebitis
3079 4080 3274 4133 animas
3298 4089 3483 4134 vestras
3510 4079 3660 4151 (Luc.

2083 4183 2194 4233 XXI,
2227 4167 2338 4239 I9).
2371 4167 2450 4222 De
2477 4167 2668 4239 quibus
2697 4178 2870 4223 autetn
2909 4169 3120 4238 legitur.
3153 4170 3377 4242 Spiritus
3404 4182 3664 4240 promptus

2085 4267 2190 4322 est,
2223 4274 2341 4312 caro
2379 4267 2546 4312 autem
2587 4258 2825 4327 inﬁrma;
2856 4273 3048 4312 somno
3073 4275 3178 4316 non
3208 4261 3507 4315 voluntario
3545 4271 3666 4330 pre-

2087 4347 2388 4413 mebantur,
2421 4362 2524 4402 non
2567 4347 2782 4403 interitu
2812 4347 3110 4403 voluntario
3150 4349 3495 4406 necabantur.
3541 4351 3668 4406 Dili-

2083 4446 2271 4510 genter
2295 4438 2442 4509 lege,
2469 4447 2525 4494 et
2567 4439 2690 4508 quid
2727 4440 2965 4510 loquaris
3004 4439 3238 4496 attende.
3269 4439 3372 4497 Ubi
3411 4450 3492 4498 est
3522 4443 3663 4513 quod

2084 4529 2371 4599 Apostolus
2400 4529 2492 4590 ait.
2535 4528 2729 4584 Fidelis
2761 4529 2894 4584 Deus
2919 4531 3004 4601 qui
3036 4547 3135 4585 non
3170 4533 3416 4601 permittet
3442 4547 3528 4587 vos
3554 4541 3664 4586 ten-

2083 4624 2180 4678 tari
2216 4639 2368 4695 super
2402 4623 2456 4677 id
2482 4624 2616 4695 quod
2656 4625 2891 4695 potestis;
2917 4623 3006 4678 sed
3046 4624 3196 4696 faciet
3235 4641 3348 4678 cum
3395 4626 3667 4680 tentatione

2084 4718 2233 4772 etiam
2259 4717 2466 4784 exitum,
2489 4723 2544 4770 ut
2565 4718 2763 4788 possitis
2785 4717 3028 4788 sustinere
3050 4715 3091 4790 (Ι
3120 4717 3237 4772 Cor.
3268 4733 3321 4783 x,
3363 4717 3495 4786 l5)?
3521 4716 3668 4773 Itane

2085 4807 2414 4863 credendum
2439 4822 2542 4860 non
2563 4816 2645 4862 est
2667 4807 2790 4862 huic
2817 4807 3122 4876 apostolica:
3151 4806 3381 4874 veritati,
3405 4819 3458 4864 et
3485 4805 3666 4863 inimi-

2087 4912 2180 4952 cos
2200 4896 2456 4952 debemus
2473 4911 2569 4950 nos
2597 4895 2740 4965 ipsos
2766 4895 2982 4960 habere,
3005 4897 3125 4967 quia
3149 4897 3394 4953 inimicos
3419 4911 3523 4951 non
3542 4911 3667 4967 pos-

2085 5001 2271 5042 sumus
2298 4986 2430 5041 alios
2457 4984 2754 5040 sustinere?
2780 4985 2933 5041 Absit
2961 4985 3063 5042 hoc
3085 5003 3114 5040 a
3141 4989 3391 5044 cordibus
3415 4987 3662 5044 christia-

2086 5077 2188 5132 nis.
2219 5076 2380 5132 Plane
2408 5075 2547 5131 fideli
2573 5075 2848 5147 Apostolo,
2873 5077 2980 5132 imo
3001 5077 3099 5147 ipsi
3124 5078 3264 5134 lideli
3288 5079 3418 5145 Deo,
3441 5079 3532 5148 qui
3558 5094 3664 5134 non

2086 5167 2212 5223 sinit
2239 5182 2368 5222 suos
2389 5167 2580 5222 tentari
2609 5182 2766 5237 supra
2787 5183 2944 5237 quam
2973 5167 3115 5224 ferre
3144 5179 3386 5240 possunt,
3415 5169 3518 5224 sed
3537 5167 3664 5224 facit

2085 5272 2209 5314 cum
2249 5257 2540 5312 tentatione
2567 5257 2725 5312 etiam
2764 5257 2964 5312 exitum
2986 5299 3001 5322 ,
3039 5268 3096 5313 ut
3123 5260 3327 5329 possint
3364 5259 3668 5323 sustinere;

2086 5347 2306 5404 credant
2331 5346 2610 5414 Catholici,
2643 5363 2750 5404 non
2774 5349 2994 5404 credant
3011 5349 3296 5405 Donatistae
3316 5367 3331 5416 ;
3353 5359 3408 5405 et
3437 5366 3506 5406 ne
3520 5364 3668 5406 sem-

2087 5455 2184 5511 per
2222 5439 2323 5494 ista
2367 5455 2472 5496 non
2503 5439 2760 5507 credant,
2804 5455 2909 5494 non
2951 5440 3060 5496 sint
3103 5441 3410 5496 Donatistat.
3438 5440 3667 5507 Quando

2088 5531 2230 5585 enim
2261 5529 2572 5600 desperatur
2608 5531 2658 5584 in
2696 5531 2994 5603 quibusque
3019 5531 3351 5602 passionibus
3379 5547 3408 5586 a
3438 5533 3664 5592 Domino

2090 5621 2421 5692 impetranda
2465 5621 2720 5690 sapientia
2743 5663 2756 5686 ,
2789 5631 2844 5677 et
2869 5621 2990 5678 ideo
3012 5619 3269 5693 quu‘ritur
3291 5621 3664 5691 compendium

2093 5715 2446 5778 caminorum,
2475 5713 2562 5768 ubi
2593 5729 2649 5768 se
2692 5714 2774 5769 i~ti
2808 5727 2912 5768 non
2940 5712 3156 5785 quidem
3186 5712 3328 5780 feris,
3363 5722 3418 5768 ut
3443 5712 3514 5768 ait
3539 5712 3672 5768 ben-
