4108 6198
351 5562 370 5584 \

468 385 570 439 7‘27

478 499 709 550 tissimus
731 495 1024 566 Cyprianus
1047 491 1178 563 (Lib.
1201 493 1260 544 de
1288 491 1461 544 Laude
1485 491 1820 559 .llmtyrii,ad
1845 490 2050 560 .‘u'uysen

397 613 402 617 τ
476 599 522 639 et
553 585 882 652 Maximum),
913 582 1005 636 sed
1035 592 1209 635 tamen
1240 581 1465 635 ﬂammis
1492 581 1766 650 objiciunt,
1794 596 1929 649 quos
1957 585 2048 633 n'e-

478 694 564 731 mo
595 676 860 730 damnavit
891 693 902 728 :
938 690 1039 728 non
1063 684 1142 727 est
1172 675 1271 728 hoc
1301 673 1600 736 consilium,
1620 672 1713 727 sed
1745 673 1888 726 furor
1908 715 1920 737 ,
1951 689 2053 726 non

475 779 554 822 est
585 767 860 828 sapientia,
887 765 976 819 sed
1010 767 1258 824 amentia.
1294 765 1530 818 Habeant
1561 765 1642 818 isti
1674 764 1913 818 incendia
1939 778 2053 829 Sua,

473 860 560 927 qui
595 877 698 912 non
727 859 907 912 dicunt
929 859 995 911 de
1022 857 1285 925 adjoiorio
1319 858 1545 921 Domini,
1583 856 1834 920 Quoniam
1861 856 1921 908 ab
1947 856 2055 925 ipso

473 953 713 1020 patientia
742 968 849 1004 mea
877 947 1045 1020 (Psal.
1072 965 1178 1013 LXI,
1204 949 1278 1018 6).

545 1043 634 1100 53.
665 1042 822 1097 Certe
871 1034 1084 1097 sanctus
1133 1042 1231 1094 .lob
1277 1039 1485 1110 quando
1515 1056 1542 1091 a
1573 1040 1742 1108 capite
1786 1054 1950 1107 usque
1990 1038 2055 1091 ad

477 1135 638 1203 pedes
690 1135 1004 1188 intolerabili
1055 1134 1273 1186 vulnere
1325 1132 1694 1200 putrescebat,
1749 1139 1802 1184 ct
1856 1129 2054 1182 dolori-

477 1226 572 1281 lius
626 1226 1030 1282 excruciabatur
1083 1223 1434 1286 immanibus,
1485 1222 1582 1275 hoc
1631 1230 1862 1275 vestrum
1909 1235 2055 1273 com-

474 1316 727 1388 pendium
764 1316 991 1370 habebat
1026 1315 1076 1367 in
1115 1323 1394 1383 promptu,
1436 1328 1539 1382 quo
1574 1326 1632 1364 se
1659 1312 1725 1364 ab
1758 1309 2055 1379 hujusmodi

471 1410 574 1462 vita
643 1408 925 1462 horrendis
974 1407 1363 1460 calamitatibus
1423 1405 1610 1473 plena,
1667 1404 1718 1456 in
1766 1419 1866 1471 qua
1929 1417 2055 1472 pro—

475 1502 557 1552 cul
616 1499 778 1552 dubio
824 1499 1103 1559 manebat,
1143 1498 1356 1552 nolebat
1391 1496 1618 1565 eripere.
1668 1496 1907 1550 Potestas
1957 1495 2056 1547 uti-

476 1573 574 1657 que
613 1586 817 1652 aderat,
847 1587 940 1641 sed
966 1587 1168 1656 justitia
1209 1602 1310 1639 nou
1339 1587 1594 1639 sinebat‘.
1629 1584 1929 1640 Secundum
1955 1583 2056 1638 hoc

474 1681 615 1733 enim
642 1679 805 1743 dicit,
839 1678 997 1748 Atque
1024 1679 1213 1731 utinam
1243 1694 1435 1746 possem
1470 1694 1546 1728 me
1571 1674 1822 1739 occidere,
1853 1684 1940 1726 aut
1968 1692 2054 1726 ro—

475 1787 596 1840 gare
623 1769 778 1824 otium
810 1780 859 1822 ut
887 1771 1071 1839 faceret
1111 1768 1230 1822 milii
1263 1769 1356 1821 hoc
1384 1765 1518 1837 (Job
1553 1783 1677 1832 xxx,
1710 1783 1808 1820 sec.
1839 1765 1980 1820 LXX
2003 1766 2052 1834 )l

475 1861 698 1930 Negavit
720 1877 776 1915 se
804 1876 958 1930 posse
981 1861 1153 1928 justus
1174 1902 1187 1926 ,
1219 1858 1357 1928 quod
1392 1874 1482 1928 per
1505 1857 1764 1926 justitiam
1807 1857 1918 1909 lieri
1953 1873 2054 1908 non

477 1963 701 2022 poterat.
736 1952 814 2006 Eo
850 1951 1095 2020 loquendi
1141 1950 1298 2004 inodo
1334 1959 1387 2003 et
1427 1949 1711 2018 Aposmlus
1740 1949 1805 2002 ad
1844 1948 2056 2004 Galatas

478 2043 624 2109 dicit,
658 2043 1018 2097 Testimonium
1044 2042 1179 2094 vobis
1207 2043 1459 2112 perhibeo,
1492 2042 1630 2109 quia,
1661 2041 1703 2092 si
1731 2042 1841 2108 ﬁeri
1870 2051 2053 2110 posset,

477 2137 645 2190 oculos
675 2136 927 2189 eruissctis
953 2145 998 2187 et
1029 2135 1287 2188 dedissetis
1324 2134 1446 2186 mihi
1480 2132 1676 2202 (Galat.
1707 2150 1774 2195 tv,
1809 2135 1918 2203 lli).
1952 2135 2056 2188 Cur

473 2229 613 2282 enim
645 2237 697 2282 et
720 2227 950 2282 hoclieri
981 2242 1084 2280 non
1115 2236 1313 2295 posset,
1336 2226 1433 2278 nisi
1463 2226 1581 2295 quia
1607 2226 1750 2295 juste
1775 2226 1884 2278 ﬁeri
1911 2227 2054 2279 nullo

476 2319 633 2372 modo
656 2319 867 2388 posset?
897 2319 984 2372 Sic
1013 2327 1066 2372 et
1104 2318 1355 2370 Dmninus
1384 2333 1503 2371 cum
1537 2333 1628 2385 per
1665 2316 1897 2385 Angelos
1932 2331 2054 2369 suos

471 2411 670 2480 justum
694 2410 792 2463 Lot
817 2409 882 2463 de
904 2409 1147 2463 Sodomis
1174 2419 1456 2463 exeuntem
1485 2411 1696 2478 urgeret
1725 2417 1778 2460 ut
1805 2424 2057 2476 propera-

473 2513 548 2556 t'el
581 2504 632 2556 in
662 2503 827 2569 Segor
860 2520 873 2554 :
909 2500 1024 2554 Non
1053 2502 1203 2566 enim,
1225 2499 1413 2569 inquit,
1436 2510 1604 2569 potero
1633 2503 1796 2569 facere
1820 2516 1942 2557 rem,
1967 2499 2056 2550 do-

473 2610 563 2646 nec
588 2604 639 2646 tu
669 2592 755 2646 illo
787 2593 1003 2644 introeas
1029 2589 1177 2663 (Gen.
1212 2606 1321 2654 XIX,
1350 2590 1461 2658 ‘22).
1492 2589 1604 2643 Non
1639 2604 1792 2657 posse
1821 2603 1878 2642 se
1899 2588 2050 2648 dixit,

473 2684 612 2755 quod
642 2685 756 2738 sine
777 2683 936 2738 dubio
967 2692 1168 2753 poterat
1192 2698 1283 2750 per
1311 2681 1619 2750 potentiam,
1651 2681 1743 2734 sed
1774 2696 1876 2734 non
1908 2690 2056 2748 pota-

477 2789 557 2831 rat
581 2793 677 2848 per
698 2778 973 2847 justitiam.
1005 2777 1190 2830 Posset
1219 2776 1360 2830 enim
1401 2772 1819 2844 patientissimus
1846 2772 1965 2833 Job,
1999 2781 2053 2825 ut

475 2869 603 2922 nihil
635 2868 774 2923 aliud
797 2911 809 2930 ,
846 2869 924 2922 vel
967 2867 1140 2920 cibum
1170 2871 1248 2920 vel
1281 2877 1460 2935 potum
1489 2880 1594 2920 non
1635 2879 1870 2929 sumere,
1895 2873 2052 2932 atque

473 2961 547 3014 ita
574 2959 717 3013 illam
748 2959 908 3011 vitam
933 2973 1285 3012 :crmnuosam
1313 2956 1738 3024 horrendamque
1767 2971 2052 3010 consume-

473 3067 570 3105 re:
609 3051 700 3104 sed
732 3050 830 3103 hoc
856 3036 1007 3117 'juste
1045 3049 1217 3103 facere
1248 3065 1353 3102 non
1385 3056 1593 3116 posset,
1642 3048 1888 3117 quoniam
1921 3047 2049 3099 nulli

471 3144 552 3197 fas
581 3154 663 3196 est
685 3157 741 3195 se
765 3142 934 3212 ipsum
962 3141 1205 3195 occidere
1229 3157 1242 3202 ;
1279 3141 1506 3192 maxime
1532 3154 1672 3201 emo,
1709 3146 1763 3190 ut
1791 3138 1955 3205 possit
1977 3139 2058 3190 vi-

473 3249 618 3300 vere,
649 3234 808 3303 possit
840 3234 1035 3302 fugere.
1074 3233 1152 3285 An
1188 3231 1288 3285 hoc
1314 3231 1503 3300 aliquis
1537 3231 1876 3292 dubitaverit,
1910 3229 2050 3298 quod

472 3326 560 3380 ille
598 3326 679 3378 vir
704 3335 918 3379 sanctus
938 3364 952 3389 ,
984 3324 1072 3393 qui
1118 3331 1222 3376 tam
1255 3323 1416 3389 multa
1444 3321 1494 3376 iu
1526 3322 1635 3376 suis
1664 3321 1936 3375 doloribus
1969 3321 2051 3374 lo-

469 3415 760 3485 quebatur,
800 3429 988 3484 rogare
1017 3424 1072 3467 ut
1103 3413 1203 3467 hoc
1231 3413 1329 3466 sibi
1361 3413 1530 3477 ﬁeret,
1559 3412 1788 3480 aliquem
1829 3421 2005 3480 posset
2028 3412 2051 3461 Ἰ

469 3505 651 3574 Neque
672 3505 811 3558 enim
843 3521 966 3567 non,
999 3504 1196 3556 dolenti
1228 3513 1278 3556 et
1313 3503 1636 3571 putrescenti
1666 3517 1854 3556 manus
1885 3501 2050 3554 defuit

469 3595 538 3648 ad
569 3593 954 3662 perimendum,
985 3601 1038 3646 ct
1067 3593 1240 3661 lingua
1269 3591 1434 3645 defuit
1457 3591 1522 3645 ad
1556 3590 1870 3660 rogandmn.
1894 3590 2050 3645 Certe

469 3688 548 3742 vel
578 3688 745 3756 ipsam
786 3684 1064 3755 conjugem
1109 3700 1255 3737 suam
1294 3693 1499 3752 poterat
1540 3683 1640 3736 hoc
1681 3698 1904 3752 rogare:
1935 3700 2051 3750 quze

468 3787 642 3831 tamen
673 3785 728 3830 ut
757 3776 858 3830 hoc
884 3776 1033 3829 ﬁeret
1068 3789 1166 3829 nec
1207 3775 1316 3842 ipsa
1344 3773 1690 3842 suggessissct
1712 3813 1726 3836 ,
1755 3788 1871 3842 qua:
1903 3773 2048 3825 illum

469 3869 603 3924 mori
632 3885 724 3938 per
749 3869 865 3936 ejus
904 3866 1287 3936 blasphemiam
1335 3866 1443 3920 Deo
1484 3866 1745 3920 irascente
1770 3867 2047 3934 cupiebat;

471 3961 694 4032 ideoque
719 3958 917 4029 aliquid
945 3959 995 4012 in
1023 3959 1186 4012 Deum
1215 3957 1438 4011 consilio
1467 3957 1692 4011 nefando
1719 3957 1840 4026 (Job
1887 3974 1943 4021 ιι,
1970 3957 2048 4025 9,,

469 4063 644 4107 tmueu
686 4060 743 4105 ut
769 4051 881 4122 ipse
923 4065 979 4104 sc
1019 4049 1318 4115 occideret,
1366 4049 1412 4102 ei
1445 4048 1623 4102 dicere
1667 4063 1771 4100 non
1803 4048 2045 4101 audebat.

470 4143 743 4211 l'lusjuris
771 4143 820 4194 in
844 4156 937 4194 vos
964 4141 1206 4193 diabolus
1246 4139 1422 4205 habet,
1459 4139 1546 4207 qui
1573 4138 1721 4192 vobis
1751 4147 1855 4190 tam
1899 4138 2050 4191 farile

473 4235 777 4306 persuadet,
825 4234 963 4304 quod
1014 4232 1279 4301 insipienti
1331 4231 1542 4285 mulieri
1592 4230 1916 4300 persuadere
1944 4246 2047 4284 non

472 4311 736 4396 potuerat,
763 4341 920 4396 quam
940 4323 1040 4378 sibi
1067 4324 1360 4378 ministram
1378 4323 1442 4376 ad
1462 4322 1831 4392 decipiendum
1854 4323 2043 4386 virum,

469 4420 580 4473 suis
608 4419 682 4472 illi
712 4416 900 4470 ablatis
938 4415 1185 4469 omnibus
1211 4455 1223 4476 ,
1257 4415 1568 4468 reservavit.
1615 4414 1752 4468 Dixit
1791 4413 1965 4482 itaque
1992 4429 2049 4466 se

465 4510 640 4580 justus
671 4509 757 4562 ille
787 4523 890 4560 non
933 4521 1088 4576 posse
1127 4507 1357 4575 aliquem
1387 4522 1576 4576 rogare
1603 4515 1658 4559 ut
1685 4521 1803 4559 cum
1846 4506 2048 4560 interii-

467 4610 646 4666 cerct,
678 4599 834 4653 ctiam
881 4597 932 4652 id
976 4598 1264 4652 ostendens
1290 4599 1470 4668 utique
1518 4612 1622 4650 non
1671 4597 1851 4651 licere.
1897 4596 2045 4663 Quod

466 4692 607 4745 cnim
639 4705 742 4745 non
776 4698 946 4759 potest
987 4689 1159 4758 juste,
1206 4704 1308 4743 non
1343 4697 1514 4756 potest
1549 4688 1721 4755 justus
1753 4704 1764 4740 :
1798 4688 2045 4756 quoniam

468 4783 570 4836 hoc
599 4779 937 4837 decernendo
982 4781 1124 4849 prius
1154 4780 1345 4832 amittit
1368 4779 1648 4846 justitiam,
1691 4787 1748 4832 ut
1771 4777 1908 4848 quod
1943 4795 2044 4830 non

469 4873 860 4944 potestjustus,
897 4873 1061 4942 possit
1098 4871 1343 4940 injustas.
1391 4871 1480 4924 Sic
1516 4887 1642 4941 ergo
1682 4870 1836 4934 dixit,
1886 4869 2049 4941 Atque

467 4969 660 5021 utinam
686 4983 880 5038 possem
909 4983 984 5019 me
1010 4967 1174 5036 ipsum
1199 4964 1514 5033 inter/icere!
1538 4973 1783 5033 tanquam
1807 4964 2004 5017 diceret
2030 5005 2044 5028 ,

401 5091 408 5103 -
465 5064 639 5130 Atque
672 5060 871 5112 utinam
899 5057 1099 5126 justum
1137 5065 1312 5119 esset;
1359 5066 1482 5110 tunc
1509 5057 1648 5110 enim
1678 5072 1705 5109 a
1745 5055 1890 5125 justo
1935 5057 2046 5110 tieri

467 5161 666 5222 posset.
698 5150 878 5218 Neque
907 5148 1048 5202 enim
1093 5157 1149 5201 ut
1189 5146 1288 5199 hoi-
1323 5156 1499 5215 posset
1537 5146 1677 5215 quod
1723 5161 1826 5198 non
1876 5156 2047 5214 potest

469 5244 567 5296 nisi
598 5244 842 5310 injustas,
875 5238 1181 5307 iujustitiam
1210 5238 1309 5290 sibi
1338 5245 1563 5305 optaret.
1590 5235 1692 5290 Sed
1716 5237 1758 5288 si
1785 5237 1892 5290 fieri
1929 5251 2051 5304 pos-

415 5324 418 5327 .
468 5347 570 5399 set,
606 5335 741 5389 hanc
783 5333 944 5387 vellet
984 5345 1100 5384 esst:
1127 5330 1382 5399 justiziam
1421 5347 1431 5381 :
1463 5329 1601 5397 quod
1635 5329 1745 5382 fieri
1777 5329 1895 5396 quia
1943 5344 2047 5381 non

472 5430 660 5497 potuit,
691 5436 747 5480 ιιι
776 5425 887 5479 Ιιςιιυ
915 5434 1058 5477 esset
1081 5423 1279 5490 justitia
1305 5463 1321 5487 ,
1367 5438 1468 5474 non
1515 5421 1681 5488 putttit
1707 5420 1881 5490 justus
1908 5418 2048 5489 quod

473 5519 581 5572 sola
627 5517 823 5572 faceret
855 5515 1126 5584 injustitia.
1160 5516 1236 5568 Ac
1275 5532 1364 5580 per
1406 5515 1503 5565 hoc
1537 5529 1638 5564 non
1678 5522 1757 5566 est
1799 5512 2048 5579 iujustum

478 5608 677 5664 homini
715 5609 854 5678 justo
885 5616 1070 5677 optare
1102 5615 1343 5666 tuortcm,
1380 5603 1590 5673 quando
1613 5603 1943 5658 amarissima
1969 5613 2053 5657 est

541 5802 552 5830 τ
588 5799 672 5844 itm
700 5834 711 5844 .
737 5812 821 5846 non
850 5795 1104 5848 desinebat.
1148 5799 1252 5868 Er.’
1285 5808 1375 5846 non
1401 5798 1662 5851 deserebat.

1460 381 1725 434 CONTRA
1770 380 2234 440 GAUDlﬁNi‘iUil,
2278 382 2331 435 S.
2376 383 2738 438 AUGUSTINI

3641 393 3746 446 728

2167 493 2266 544 vita
2301 511 2311 546 :
2346 493 2439 548 sed
2479 496 2521 548 si
2572 496 2708 550 Deus
2736 507 2964 566 optatam
2995 514 3098 551 nou
3129 496 3354 564 dederit,
3394 517 3499 554 non
3527 503 3626 556 erit
3650 504 3740 573 ju-

2163 596 2299 638 stum
2340 586 2440 639 nisi
2481 587 2705 641 tolerare
2748 603 2862 641 eam
2894 590 3279 643 amarissimam
3313 592 3494 644 vitam.
3529 592 3675 648 Sicut
3706 611 3735 649 a

2157 677 2300 744 justo
2331 693 2428 732 nec
2455 677 2581 731 illud
2623 679 2854 732 alienum
2882 689 2991 744 est,
3023 691 3078 733 ut
3104 691 3254 749 Optet
3285 683 3442 735 vitam
3469 725 3483 747 ,
3530 685 3744 751 quando

2162 784 2340 821 amara
2371 785 2515 822 mors
2544 769 2779 823 imminet
2811 787 2822 820 :
2860 771 2951 824 sed
2981 786 3099 824 cum
3136 787 3194 825 se
3238 773 3379 827 videt
3416 790 3533 828 eam
3575 777 3746 845 impc-

2163 867 2304 912 trare
2337 876 2439 912 non
2477 875 2665 927 posse,
2704 861 2828 915 dicit
2868 863 3004 931 quod
3048 879 3144 916 nos
3178 865 3225 916 in
3259 880 3316 918 se
3365 867 3746 936 transﬁguraus

2167 949 2418 1004 Dominus
2439 951 2529 1016 ait,
2573 950 2752 1004 Verum
2774 970 2870 1005 non
2897 955 3029 1023 quod
3054 972 3142 1023 ego
3163 956 3293 1018 volo,
3323 959 3409 1009 sed
3422 961 3557 1027 quod
3579 971 3630 1012 tu
3651 963 3746 1021 vis,

2166 1038 2547 1112 Puter(Matt/t.
2575 1058 2720 1106 xxvi,
2752 1043 2862 1114 59).
2887 1044 3006 1098 [hec
3027 1055 3200 1100 autem
3227 1047 3330 1099 illis
3347 1048 3568 1102 dicenda
3597 1064 3742 1116 sunt,

2163 1146 2296 1199 quos
2324 1131 2388 1184 ad
2412 1133 2544 1184 nulla
2566 1135 2793 1202 gerenda
2824 1147 3066 1204 quarrunt
3086 1139 3173 1207 qui
3202 1153 3610 1210 persequuntur,
3637 1162 3743 1198 non

2161 1237 2294 1289 quos
2314 1222 2379 1275 ad
2411 1222 2549 1278 bona
2583 1227 2938 1294 participanda
2967 1230 3053 1298 qui
3081 1230 3306 1299 diligunt
3331 1250 3343 1286 :
3373 1234 3469 1298 eis,
3504 1235 3742 1305 inquam,

2163 1312 2386 1368 dicenda
2413 1325 2536 1370 sunt
2565 1319 2693 1380 ista,
2737 1319 2823 1388 qui
2858 1323 3279 1388 persecutionem
3313 1327 3581 1394 patiuntur
3618 1346 3742 1397 pro-

2164 1415 2281 1471 pter
2307 1405 2581 1474 justitiam,
2620 1426 2721 1462 uou
2743 1412 2828 1479 qui
2859 1427 2974 1466 eam
3011 1414 3110 1466 sibi
3141 1414 3329 1470 faciuut
3357 1429 3574 1487 propter
3609 1421 3746 1489 iujuo

2162 1505 2379 1549 blillalll.

2233 1586 2458 1642 CAPUT
2499 1589 2688 1646 XXXI.
2729 1623 2800 1631 —
2840 1595 2926 1648 56.
2973 1595 3197 1652 Proinde
3241 1600 3398 1654 etiam
3446 1604 3626 1657 Senior
3655 1603 3742 1660 ille

2164 1675 2350 1729 Ilazias
2371 1720 2384 1744 ,
2421 1695 2576 1750 quem
2605 1681 2702 1735 sibi
2732 1683 2814 1737 isti
2843 1689 3098 1755 exemplis
3128 1690 3205 1741 sui
3236 1693 3453 1746 sceleris
3480 1693 3740 1763 destituti,

2161 1768 2227 1821 de
2249 1769 2665 1827 Machabtcorum
2689 1775 2837 1830 libris
2860 1776 2924 1846 (ll
2954 1777 3187 1834 Mac/mb.
3222 1799 3336 1850 χιιι,
3365 1785 3456 1854 41)
3487 1796 3738 1856 tanquam

2163 1859 2472 1915 imitandum
2497 1879 2555 1917 se
2577 1863 2845 1921 invenisse
2868 1870 3181 1938 gloriantur,
3207 1873 3307 1928 hoc
3331 1875 3507 1930 facere
3534 1878 3737 1946 debuit,

2161 1949 2300 2018 quod
2332 1949 2382 2003 in
2415 1952 2614 2007 eisdem
2644 1953 2859 2010 Litteris
2907 1959 3157 2028 leguntur
3194 1974 3395 2032 septem
3443 1968 3516 2020 illi
3548 1968 3739 2024 fratres

2160 2043 2318 2095 etiam
2351 2043 2664 2102 exhortante
2707 2058 2875 2104 matre
2905 2050 3093 2106 fecisse
3123 2053 3230 2126 (Id.
3259 2055 3374 2128 vn),
3409 2068 3463 2112 ut
3489 2075 3737 2130 coinpre-

2162 2132 2376 2198 hensus,
2403 2147 2454 2190 et
2485 2154 2512 2190 a
2542 2139 2658 2208 lege
2685 2141 2890 2196 Domini
2915 2146 2992 2198 sui
3023 2163 3125 2199 nou
3153 2163 3391 2215 aversus,
3416 2167 3572 2207 oume
3595 2156 3734 2223 quod

2160 2225 2205 2278 ei
2237 2226 2540 2294 applicitum
2572 2243 2711 2286 esset
2740 2235 3022 2302 acciperet,
3053 2249 3104 2291 et
3136 2239 3185 2292 in
3217 2240 3399 2296 dolore
3429 2245 3733 2310 sustineret,

2161 2324 2213 2369 et
2240 2317 2290 2369 in
2321 2316 2616 2373 hmnilitate
2643 2337 2735 2376 sua
2768 2326 3072 2392 patientiam
3101 2329 3339 2385 haberet.
3364 2333 3617 2401 Quocirca
3643 2337 3738 2389 hu-

2161 2407 2438 2461 militatcm
2470 2411 2608 2465 inter
2639 2429 2827 2468 [uanus
2860 2417 3192 2472 inimicorum
3229 2439 3330 2475 non
3367 2426 3546 2478 valens
3579 2427 3735 2494 ferre,

2161 2512 2262 2548 non
2294 2498 2447 2565 plane
2474 2502 2767 2570 sapientia',
2797 2506 2888 2559 sed
2913 2509 3225 2576 insipientia-2
3247 2513 3391 2567 dedit
3412 2521 3732 2586 exemplum,

2161 2602 2264 2640 non
2292 2589 2486 2644 Christi
2511 2597 2852 2666 martyribus,
2884 2600 2974 2653 scd
3003 2602 3184 2655 Donati
3209 2606 3736 2667 Circmnecllionibus

2161 2677 2469 2734 imitandum
2499 2681 2595 2754 (α).
2627 2685 3003 2743 Verumtamen
3036 2693 3077 2744 si
3106 2693 3408 2762 diligentius
3434 2701 3737 2756 considere-

2161 2784 2297 2835 mus,
2327 2779 2382 2824 et
2409 2771 2476 2824 ab
2507 2774 2606 2827 isto
2634 2780 2900 2845 apparelis
2926 2781 3103 2835 alieni.
3137 2782 3238 2837 Iste
3261 2787 3456 2856 quippe
3483 2806 3599 2843 etnn
3626 2792 3735 2860 jam

2158 2862 2700 2928 Comprehenderetur
2733 2868 2800 2921 ab
2837 2869 3079 2926 hostibus
3101 2916 3114 2937 ,
3158 2891 3260 2929 non
3293 2877 3473 2933 habuit
3519 2862 3735 2937 liberam

2158 2949 2360 3018 fugam;
2393 2953 2509 3007 ideo
2537 2970 2594 3008 se
2614 2956 2788 3025 gladio
2818 2964 3098 3028 percussit,
3127 2977 3177 3018 et
3199 2983 3318 3020 cum
3345 2943 3734 3038 perimerdnon

2159 3042 2432 3108 potuisset,
2467 3042 2534 3097 de
2562 3061 2715 3099 muro
2741 3063 2797 3102 se
2830 3052 3191 3121 praazipitavit.
3219 3057 3418 3112 Deinde
3455 3062 3734 3132 abruptam

2158 3138 2381 3196 petram,
2412 3149 2532 3186 cmn
2573 3134 2685 3203 jam
2727 3139 2904 3194 vivere
2951 3158 3054 3196 non
3101 3157 3316 3213 posset,
3345 3150 3518 3204 adhuc
3561 3164 3735 3208 tamen

2157 3222 2399 3290 spirans,
2434 3233 2487 3278 et
2529 3240 2722 3295 Corpus
2754 3229 2952 3298 impetu
2996 3250 3247 3298 movens.
3294 3242 3583 3303 currendo,
3617 3244 3736 3298 licet

2155 3313 2456 3382 exsanguis,
2478 3315 2703 3370 obtinuit.
2739 3338 2752 3373 :
2783 3320 2868 3374 ubi
2907 3332 3126 3393 utraque
3156 3343 3331 3398 manu
3360 3332 3611 3398 producta
3641 3352 3733 3388 sua

2157 3401 2403 3458 intestina
2429 3405 2734 3477 discerpsit,
2754 3412 3023 3480 dispersit,
3049 3419 3298 3472 occubuit
3325 3439 3336 3472 :
3369 3423 3516 3476 turba
3546 3425 3613 3477 ita
3633 3428 3736 3480 cir-

2155 3499 2432 3552 cumdatus
2459 3510 2514 3553 ut
2541 3503 2770 3557 evadere
2801 3522 2904 3558 non
2937 3520 3134 3575 posset,
3166 3519 3218 3563 et
3249 3512 3290 3564 si
3325 3513 3501 3569 vivere
3528 3528 3723 3584 posset.

2159 3590 2263 3642 Vos
2284 3591 2443 3661 igitur
2468 3593 2554 3661 qui
2577 3611 2673 3649 nec
2701 3597 2978 3652 Dominmn
2997 3602 3187 3656 auditis
3214 3603 3494 3672 dicentem,
3529 3608 3725 3679 Fugite,

2158 3698 2252 3735 nec
2282 3684 2557 3739 imitamini
2590 3686 2826 3754 Raziam,
2861 3691 2950 3760 qui
2977 3694 3162 3760 voluit,
3189 3713 3284 3750 nec
3310 3700 3473 3764 potuit
3503 3701 3688 3770 fugere
3714 3721 3728 3756 :

2157 3774 2393 3841 profecto
2413 3776 2534 3848 quia
2572 3793 2674 3831 non
2709 3779 2912 3835 habetis
2944 3777 3089 3836 illum
3132 3786 3182 3838 in
3213 3800 3496 3856 praecepto,
3521 3807 3617 3845 nec
3641 3792 3734 3846 ha-

2157 3868 2291 3921 betis
2313 3867 2469 3922 istum
2495 3869 2543 3923 in
2569 3873 2832 3941 exemplo.
2859 3874 3016 3940 Quid,
3045 3878 3181 3946 quod
3212 3879 3310 3933 iste
3335 3881 3522 3936 ilazias
3545 3900 3733 3939 secun-

2156 3959 2278 4013 dum
2329 3970 2557 4016 vestram
2610 3965 2865 4019 rationem
2910 3967 3026 4022 sine
3071 3969 3401 4027 dubitatiooe
3444 3977 3733 4044 culpandus

2155 4052 2275 4105 est?
2323 4051 2504 4106 Dixisti
2552 4054 2692 4107 enim
2739 4065 2952 4125 propter
2993 4061 3352 4130 evangelicum
3380 4067 3730 4132 sententiam,

2157 4141 2240 4193 ubi
2281 4141 2533 4196 Dominus
2563 4145 2668 4208 ait,
2706 4145 2928 4215 Spiritus
2961 4149 3161 4216 quidem
3199 4164 3461 4221 promptus
3497 4166 3587 4218 est,
3615 4175 3733 4210 caro

2155 4246 2318 4285 autem
2348 4235 2585 4302 inﬁrma;
2630 4252 2721 4289 vos
2762 4237 2826 4290 ad
2872 4240 3198 4295 caminorum
3247 4242 3443 4313 fugisse
3483 4262 3734 4318 compen-

2154 4322 2318 4387 dium,
2343 4325 2463 4393 quia
2492 4326 2734 4380 videlicet
2763 4327 2954 4381 intirmi
2980 4331 3108 4383 estis
3135 4332 3375 4401 perferre
3413 4352 3600 4390 manus
3630 4339 3729 4391 ini-

2154 4415 2435 4476 micorum,
2467 4416 2509 4468 si
2537 4416 2603 4469 ab
2633 4417 2710 4470 eis
2750 4418 3119 4486 comprehensi
3155 4422 3379 4476 fueritis.
3425 4425 3564 4495 Ergo
3597 4429 3732 4482 illius

2153 4505 2241 4574 qui
2274 4523 2330 4559 se
2353 4506 2529 4575 gladio
2553 4509 2786 4577 graviter
2816 4511 3128 4574 vulneravit,
3163 4515 3250 4582 qui
3280 4516 3588 4571 vulneratus
3616 4535 3730 4573 tutt-

2153 4613 2268 4650 rum
2299 4599 2464 4666 petiit,
2494 4601 2581 4668 qui
2605 4615 2662 4654 se
2686 4601 2807 4656 inde
2835 4603 2886 4655 in
2915 4606 3174 4659 cervicem
3204 4608 3530 4675 prarcipitcm
3564 4610 3727 4673 dedit,

2152 4690 2237 4757 qui
2261 4699 2312 4742 et
2336 4697 2513 4757 postea
2547 4692 2711 4759 potuit
2737 4692 2800 4746 ad
2829 4703 3031 4762 petram
3056 4711 3291 4763 currere,
3319 4697 3366 4749 iu
3394 4709 3541 4765 petra
3569 4709 3726 4759 stare.

2155 4781 2400 4832 intestina
2446 4782 2692 4847 educere,
2724 4799 2964 4853 carpere,
3011 4801 3282 4855 Spargere,
3325 4791 3578 4858 numquid
3628 4793 3728 4844 diei

2155 4879 2326 4937 potest
2356 4871 2572 4938 spiritus
2615 4885 2907 4942 pi'mnptus,
2936 4891 3060 4929 caro
3088 4887 3263 4931 autem
3312 4879 3555 4945 infirma;
3586 4884 3733 4951 cujus

2154 4975 2256 5011 non
2287 4960 2455 5013 solum
2484 4961 2695 5029 spiritus
2726 4972 2829 5016 tam
2863 4975 3137 5034 promptus
3163 4971 3426 5038 apparuit,
3456 4971 3548 5023 sed
3575 4974 3731 5025 edam

2154 5067 2279 5103 caro
2308 5061 2409 5104 tam
2435 5051 2604 5118 lirrna,
2635 5064 2691 5108 ut
2713 5055 2796 5107 vix
2823 5056 3078 5109 credibile
3101 5058 3170 5110 sit
3191 5075 3311 5111 eum
3336 5059 3512 5114 facere
3543 5063 3734 5117 voluis-

2154 5157 2211 5193 se
2241 5158 2300 5194 ac
2341 5143 2566 5197 valuisse
2608 5145 2729 5213 qtae
2769 5145 2931 5199 fecit?
2975 5147 3151 5217 Itaque
3196 5150 3345 5202 vobis
3377 5161 3590 5218 oportet
3639 5155 3735 5207 iste

2155 5231 2455 5298 displiceat,
2495 5235 2582 5302 qui
2615 5236 2870 5288 rationem
2906 5245 3094 5290 vestra:
3133 5239 3453 5293 infirmitatis
3502 5256 3595 5295 sua
3652 5243 3737 5296 ﬁr-

2160 5323 2252 5374 Iuit
2274 5307 2651 5391 temper-turbat.
2687 5326 2851 5379 Porro
2881 5329 2922 5380 si
2955 5327 3133 5397 fugere
3162 5330 3374 5396 valens,
3406 5347 3505 5387 nec
3531 5333 3730 5395 volt-ns,

2159 5413 2207 5467 in
2240 5414 2451 5467 (i:‘-ll:l|lll
2483 5430 2632 5468 suam
2661 5416 2799 5486 ligna
2825 5421 3201 5488 cougcssisset,
3233 5432 3392 5490 atque
3419 5423 3733 5477 irruentibus

2160 5505 2386 5559 inimicis
2415 5515 2468 5558 ut
2495 5523 2615 5560 eum
2639 5509 3184 5577 comprehenderent,
3224 5512 3397 5582 ignem
3425 5515 3726 5584 supposuis-

2159 5606 2258 5662 Sel,
2288 5611 2450 5666 seque
2481 5613 2599 5650 cum
2629 5599 2739 5652 suis
2769 5599 2970 5654 aedibus
2999 5616 3419 5673 concremasset,
3451 5592 3600 5662 vobis
3625 5605 3736 5676 qui-

2225 5798 2296 5860 (a)
2329 5797 2495 5849 ConTcr
2521 5803 2767 5863 Augustini
2797 5802 3041 5863 Ojvifeltﬂttltt
3064 5805 3168 5864 ΞΜ,
3198 5820 3277 5856 un.
3306 5806 3356 5862 ϐ,
3379 5808 3429 5856 7.
