4108 6198
342 418 445 473 7‘29

343 533 465 586 dem
497 524 811 597 prmhuisset
833 522 1154 591 exemplum,
1187 519 1277 573 sed
1305 517 1405 572 sibi
1435 513 1748 587 acquisissct
1769 528 1928 582 gran-

344 621 410 676 de
451 626 797 674 tormentum.
839 613 989 668 Nunc
1025 612 1165 667 enim
1197 610 1448 681 quoniam
1489 606 1672 676 fugere
1701 620 1809 660 non
1834 620 1929 658 va-

343 713 459 773 luit,
489 711 760 777 aliquanto
785 705 961 758 minus
991 712 1073 757 est
1104 703 1328 755 fortasse
1353 698 1435 754 sui
1465 697 1740 767 sanguinis
1769 709 1893 749 reus
1912 734 1926 757 ,

339 802 484 874 quod
512 799 613 856 sibi
650 797 827 851 intulit
863 805 1110 859 mortem,
1142 807 1299 863 quam
1327 789 1719 859 comprehenso
1757 783 1933 840 inimi-

342 910 437 948 Ctls
458 893 565 958 jam
595 889 767 943 fuerat
789 887 1057 941 illaturus.

416 988 506 1041 57.
549 986 618 1038 At
661 980 804 1036 enim
850 988 1151 1033 sanctarum
1181 976 1573 1044 Scripturarum
1616 968 1931 1024 auctoritate

347 1077 594 1135 laudatus
642 1085 723 1132 est
764 1076 976 1130 Razias.
1017 1071 1295 1140 Quomodo
1336 1065 1618 1123 laudatus?
1654 1063 1789 1130 Quia
1837 1059 1933 1115 fuit

345 1184 557 1225 amator
580 1168 832 1223 civitatis.
859 1166 969 1220 lloc
994 1164 1162 1234 potuit
1186 1172 1239 1216 et
1267 1158 1572 1223 carnaliter,
1595 1151 1930 1229 civitatisvi-

344 1261 541 1315 delicet
592 1260 733 1335 illius
784 1267 1008 1313 terrena:
1054 1252 1371 1317 JeruSalem,
1424 1263 1543 1319 qua:
1593 1244 1759 1301 servit
1808 1257 1931 1297 cum

347 1351 473 1405 filiis
504 1352 649 1414 suis;
683 1364 786 1403 non
817 1355 994 1402 autem
1028 1345 1169 1399 illius
1194 1357 1312 1411 quae
1342 1353 1576 1402 sursum,
1602 1336 1784 1390 liberae
1815 1347 1932 1387 ma-

347 1443 443 1494 tris
471 1450 686 1495 nostrae.
716 1438 985 1494 Laudatus
1013 1445 1112 1501 est,
1143 1433 1264 1504 quia
1295 1427 1676 1507 continentiam
1705 1423 1934 1479 servavit

347 1531 398 1584 in
436 1530 710 1584 Judaismo
739 1547 753 1582 :
782 1538 836 1582 et
879 1527 992 1580 lucc
1033 1525 1132 1579 sibi
1179 1523 1229 1576 in
1276 1518 1674 1589 comparatione
1711 1514 1933 1585 iustitia:

345 1618 660 1674 Christianae
689 1618 880 1673 damna
922 1628 974 1671 et
1013 1625 1248 1669 stercora
1291 1611 1454 1666 fuisse
1480 1608 1608 1662 dicit
1642 1606 1933 1676 Apostolus

348 1710 365 1774 (
398 1708 630 1777 Philipp.
652 1724 731 1774 ut,
754 1706 847 1775 8).
874 1704 1143 1761 Laudatus
1173 1710 1273 1766 est,
1304 1700 1426 1770 quia
1456 1708 1605 1768 pater
1628 1695 1931 1751 Judmorum

347 1799 712 1869 appellabatur
744 1814 757 1853 :
787 1798 889 1853 hoc
930 1796 1096 1866 magis
1137 1805 1239 1860 est,
1282 1792 1423 1846 unde
1454 1786 1518 1845 et
1563 1789 1638 1842 illi
1685 1796 1932 1856 tanquam

348 1891 551 1946 homini
600 1890 869 1960 subrepsit
914 1885 1232 1943 humilitatis
1281 1881 1629 1952 impatientia,
1681 1888 1738 1933 ut
1787 1879 1934 1949 prius

348 1982 481 2037 mori
513 1983 673 2037 vellet
713 1994 871 2050 quam
916 1977 1155 2032 hostibus
1196 1972 1404 2043 subji'ci.
1453 1972 1658 2025 Dictum
1686 1978 1767 2023 est
1793 1967 1933 2037 quod

348 2074 573 2143 elegerit
611 2071 860 2126 nobiliter
901 2068 1035 2123 mori
1066 2085 1079 2121 :
1109 2065 1302 2120 melius
1343 2062 1503 2117 vellet
1540 2058 1828 2122 humiliter,
1856 2057 1934 2110 sic

346 2166 488 2220 enim
521 2163 736 2218 utiliter.
768 2151 876 2215 Illis
906 2170 1084 2213 autem
1113 2155 1290 2211 verbis
1311 2152 1531 2207 historia
1558 2149 1795 2221 gentium
1819 2147 1932 2200 latt-

347 2257 476 2310 dare
520 2254 821 2317 consuevit,
861 2251 954 2321 sed
999 2250 1142 2304 viros
1189 2248 1353 2301 fortes
1396 2244 1553 2313 hujus
1593 2241 1794 2304 szeculi,
1827 2256 1933 2293 non

348 2355 611 2416 martyres
627 2343 845 2396 Christi.
868 2341 1072 2394 Dictutn
1097 2347 1176 2391 est
1204 2335 1343 2405 quod
1372 2349 1431 2389 se
1451 2333 1675 2386 viriliter
1692 2329 1760 2384 de
1779 2343 1935 2382 muro

348 2434 700 2504 praecipitavit
745 2433 799 2486 in
847 2431 1070 2485 turbas:
1100 2442 1200 2482 nec
1247 2441 1345 2479 nos
1395 2424 1621 2479 dicimus
1663 2436 1784 2477 eum
1835 2420 1935 2472 hoc

346 2526 543 2581 fecisse
567 2523 918 2577 muliebriter.
941 2520 1255 2588 Quanquam
1283 2531 1376 2569 vos
1396 2515 1486 2584 qui
1513 2512 1735 2566 multum
1756 2523 1934 2564 exem-

348 2617 438 2687 plu
464 2617 566 2670 isto
592 2612 916 2685 profecistis,
945 2610 1104 2665 etiam
1146 2608 1373 2664 feminas
1402 2613 1606 2659 vestras
1635 2601 1735 2656 hoc
1761 2599 1935 2654 facere

349 2706 639 2763 docuistis:
668 2704 761 2759 sed
806 2703 1034 2757 fatemur
1071 2700 1173 2753 hoc
1219 2698 1379 2754 etiam
1425 2698 1567 2764 ipsas
1605 2709 1710 2748 non
1758 2692 1941 2747 facere

327 2777 697 2859 .nntliebriter,
722 2793 816 2847 sed
843 2791 1104 2852 viriliter;
1136 2803 1243 2842 non
1255 2797 1453 2865 .tamen
1482 2783 1785 2845 salubriter,
1812 2781 1932 2851 quia

350 2904 456 2944 non
488 2887 736 2941 fideliter.
762 2883 842 2938 Ad
872 2891 1170 2936 extremum
1194 2877 1334 2948 quod
1360 2877 1635 2930 invocasse
1658 2873 1831 2927 dictus
1854 2879 1936 2925 est

349 2979 733 3032 dominatorem
756 2974 877 3027 vita:
902 2985 965 3026 ac
992 2970 1229 3040 spiritus,
1259 2974 1315 3020 ut
1346 2966 1459 3020 litec
1484 2965 1557 3018 illi
1591 2965 1780 3017 iterum
1813 2959 1937 3016 red-

349 3070 521 3135 deret,
547 3068 596 3122 id
627 3076 729 3134 est,
751 3067 914 3121 vitam
938 3069 996 3117 et
1019 3062 1303 3132 spiritum;
1330 3074 1428 3113 nec
1457 3067 1582 3111 tunc
1610 3056 1807 3125 aliquid
1834 3071 1934 3126 po-

349 3161 541 3232 poscit,
583 3174 688 3229 quo
727 3157 852 3211 boui
896 3148 1273 3210 discernuntur
1299 3166 1328 3204 a
1357 3149 1531 3204 malis.
1555 3147 1765 3202 Reddet
1792 3147 1932 3200 enim

349 3249 465 3304 haec
505 3251 646 3303 Deus
688 3256 741 3301 ct
784 3245 867 3300 his
902 3244 992 3314 qui
1032 3243 1171 3297 male
1208 3250 1452 3311 egerunt,
1484 3237 1667 3292 nonin
1697 3252 1937 3291 resurre-

342 3340 527 3393 ctione
550 3339 669 3390 vita:
699 3344 933 3398 aeternae,
959 3331 1053 3386 sed
1083 3332 1135 3384 in
1166 3327 1561 3384 resurrectione
1579 3325 1762 3395 judicii
1782 3338 1935 3379 atter-

349 3430 425 3482 ni.
456 3427 725 3481 Laudatus
755 3431 839 3479 est
868 3424 1044 3492 itaque
1081 3420 1182 3474 iste
1216 3419 1406 3473 Bazias
1441 3426 1646 3470 amator
1684 3414 1933 3479 civitatis,

348 3528 409 3572 ut
437 3516 590 3570 valde
616 3516 754 3570 bene
782 3512 1024 3579 audiens,
1054 3510 1106 3565 id
1129 3518 1232 3574 est,
1260 3508 1413 3563 bona:
1445 3508 1615 3571 famae,
1638 3505 1757 3574 quia
1787 3512 1936 3573 pater

344 3608 653 3665 Iudaeorum
683 3603 976 3674 appellatus
1007 3609 1107 3667 est,
1147 3608 1203 3655 et
1237 3597 1380 3668 quod
1424 3595 1802 3651 continentiam
1853 3602 1931 3647 te-

354 3698 532 3753 nuerit
561 3697 613 3750 in
637 3694 933 3750 Judaismo.
959 3694 1118 3747 lstaut
1145 3704 1273 3745 vero
1307 3688 1422 3758 ejus
1459 3697 1682 3741 mortem
1718 3684 1936 3740 mirabi-

354 3791 540 3844 liorem
586 3801 746 3857 quam
786 3784 1185 3855 prudentiorem
1229 3779 1463 3833 narravit
1491 3772 1934 3845 quemadmodum

350 3879 487 3939 facta
505 3887 668 3942 esset,
687 3892 793 3931 non
812 3884 1058 3943 tanquam
1088 3868 1322 3925 facienda
1353 3874 1497 3921 esset
1522 3864 1794 3931 Scriptura
1824 3861 1940 3914 lau-

349 3970 513 4023 davit.
545 3968 792 4023 Nostrum
835 3974 917 4020 est
960 3955 1328 4026 autem,sicut
1353 3956 1639 4051 epostolus
1664 3953 1935 4016 admonet,

352 4057 530 4114 omnia
558 4056 804 4125 probare,
827 4070 946 4123 qua:
973 4053 1109 4107 bona
1131 4060 1253 4104 sunt
1279 4042 1480 4111 teni-re,
1504 4046 1572 4099 ab
1594 4042 1739 4099 υιηιιί
1761 4042 1940 4110 specie

351 4151 493 4206 mala
525 4165 622 4204 nos
649 4149 919 4204 abstinere
946 4143 989 4216 (ι
1009 4142 1187 4197 Thess.
1214 4157 1268 4203 v,
1291 4140 1383 4203 2i,
1409 4137 1525 4207 ἓξ).
1697 4187 1710 4201 ,

422 4241 511 4296 38.
557 4239 624 4293 Et
667 4238 807 4293 hanc
853 4235 1068 4306 quidem
1112 4233 1439 4300 Scripturam
1483 4242 1603 4296 quae
1646 4224 1941 4295 appellatur

350 4333 798 4393 Machabteorum,
843 4345 948 4382 non
998 4325 1196 4379 habent
1239 4321 1407 4377 Judaei
1457 4319 1594 4373 sicut
1635 4317 1849 4387 Legem,
1885 4324 1943 4370 et

352 4423 669 4492 Prophetas,
699 4431 753 4475 et
776 4419 1038 4479 Psalmos,
1075 4415 1267 4486 quibus
1295 4411 1552 4467 Dominus
1581 4409 1939 4463 testimonium

354 4516 595 4584 perlubet
622 4524 869 4583 tanquam
901 4510 1124 4565 testibus
1152 4507 1280 4569 suis,
1308 4505 1517 4569 dicens,
1545 4498 1816 4572 Oportebat
1845 4499 1942 4552 im-

353 4609 481 4677 pleri
511 4607 681 4660 omnia
709 4620 821 4673 qua
859 4603 1044 4673 scripta
1074 4609 1189 4653 sunt
1232 4598 1284 4650 in
1317 4595 1469 4666 Lege,
1502 4603 1547 4647 et
1577 4590 1869 4661 Prophetis,
1896 4600 1941 4643 et

350 4701 402 4751 in
436 4697 656 4753 Psalmis
683 4695 747 4748 de
771 4711 847 4748 me
876 4691 1024 4764 (Luc.
1056 4705 1207 4753 xxrv,
1231 4688 1321 4755 44)
1347 4706 1360 4740 :
1386 4684 1480 4740 sed
1507 4691 1719 4752 recepta
1755 4689 1838 4735 est
1873 4679 1941 4733 ab

356 4789 594 4846 Ecclesia
622 4805 726 4842 non
755 4786 1028 4848 inutiliter,
1051 4782 1094 4835 si
1123 4780 1301 4835 sobrie
1330 4779 1534 4846 legatur
1560 4774 1644 4829 vel
1673 4772 1935 4833 audiatur,

352 4883 586 4935 maxime
626 4887 842 4948 propter
888 4869 1007 4930 illos
1049 4871 1382 4928 Machabteos
1426 4870 1518 4939 qui
1564 4883 1659 4937 pro
1697 4866 1787 4919 Dei
1825 4864 1942 4933 lege

350 4974 489 5025 sicut
518 4970 629 5024 verl
660 4980 922 5039 martyres
955 4980 985 5019 a
1019 4949 1449 5034 persecutoribus
1486 4969 1590 5012 tam
1619 4955 1832 5026 indigna
1860 4962 1941 5008 at-

349 5082 457 5134 que
484 5061 747 5117 horrenda
778 5058 1014 5130 perpessi
1056 5066 1180 5111 sunt
1205 5054 1312 5123 (u);
1352 5063 1407 5106 ut
1432 5051 1590 5106 etiam
1620 5048 1742 5102 hinc
1771 5062 1939 5116 popu-

351 5156 434 5209 lus
466 5153 790 5209 christianus
826 5149 1148 5211 adverteret,
1177 5144 1424 5214 queniam
1463 5157 1567 5194 non
1599 5149 1722 5193 sunt
1758 5136 1941 5192 condi-

348 5264 471 5316 gna:
513 5236 790 5315 passiones
835 5240 993 5310 hujus
1037 5237 1291 5309 temporis
1336 5235 1402 5288 ad
1451 5233 1679 5288 futuram
1718 5228 1939 5298 gloriam

348 5355 472 5405 ψω-
502 5335 826 5391 revelabitur
853 5333 903 5386 ilt
935 5330 1110 5394 nobis,
1135 5345 1231 5398 pro
1260 5325 1449 5395 quibus
1473 5338 1657 5393 passus
1688 5331 1770 5375 est
1789 5319 1942 5372 Chri-

349 5445 501 5491 stus;
527 5429 570 5482 si
595 5411 736 5481 tanta
763 5422 1146 5495 patientissime
1169 5419 1497 5489 pertulerunt
1524 5428 1616 5482 pro
1647 5413 1762 5481 lege
1783 5425 1938 5480 quam

352 5523 503 5577 dedit
531 5522 669 5575 Deus
708 5535 802 5589 per
845 5516 1098 5571 famulum
1142 5511 1443 5566 hominibus
1473 5508 1597 5573 illis,
1628 5522 1723 5574 pro
1749 5504 1941 5573 quibus

353 5614 590 5668 nondum
632 5610 921 5667 tradiderat
956 5607 1169 5662 Filium.
1200 5608 1509 5671 Quanquam
1539 5607 1591 5652 et
1632 5598 1731 5650 ist‘e
1754 5593 1939 5649 liazias

413 5768 488 5828 (α)
528 5776 546 5811 \
564 5766 641 5815 ide
675 5765 756 5815 Ill).
788 5763 844 5813 18
877 5763 941 5812 de
959 5762 1175 5828 __Ci\_itate
1200 5759 1303 5817 Dei,
1327 5769 1428 5828 cap.
1572 5750 1655 5800 lih.
1696 5749 1727 5799 ἓ).
1749 5749 1821 5828 ..ιο
1849 5756 1939 5799 Do—

379 5815 505 5880 L'iu'a
523 5838 535 5874 t
555 5829 799 5888 bristiana,
824 5838 928 5888 cap.
957 5826 1017 5885 5;
1040 5824 1103 5872 de
1127 5830 1242 5871 Cura
1269 5815 1353 5883 ιίυ
1379 5815 1586 5875 Mortuis,
1612 5829 1713 5875 cap.
1749 5815 1788 5861 l.

1725 403 1920 457 Lililill
1964 400 2235 457 PRiMUS.

3516 409 3620 464 730

2045 513 2231 567 haheat
2273 512 2414 583 quod
2462 514 2761 585 legentibus
2801 517 2989 587 prosit,
3029 531 3135 571 non
3175 519 3347 573 solum
3384 528 3441 574 ut
3469 535 3619 576 mens

2039 613 2354 657 exerceatur
2388 617 2536 659 recte
2572 604 2861 672 iudicando
2882 607 3025 676 quod
3056 608 3203 678 legit,
3240 624 3422 663 verum
3459 612 3618 666 etiam

2040 704 2094 747 ut
2124 696 2335 749 animus
2360 695 2643 763 humanus,
2670 698 2777 752 imo
2804 699 3014 753 animus
3037 699 3358 754 christianos
3383 682 3633 756 adverte?

2039 796 2142 851 ret,
2173 796 2369 856 quanta
2400 786 2617 843 ferenda
2643 790 2750 843 sint
2772 790 2840 844 ab
2868 789 3094 845 inimicis
3128 792 3321 846 ardore
3349 791 3623 847 charitatis

2040 890 2160 930 cum
2185 892 2215 929 a
2242 891 2301 931 se
2331 877 2446 946 ipso
2473 878 2573 933 iste
2595 880 2782 935 timore
2812 879 3126 935 humilitatis
3155 889 3298 935 tanta
3324 882 3618 950 pertulerit.

2040 968 2146 1024 Sed
2174 969 2335 1024 ardor
2359 968 2633 1027 charitatis
2666 971 2734 1026 de
2770 972 3092 1027 sublimitate
3130 971 3403 1027 descendit
3441 973 3625 1041 gratia:

2041 1061 2257 1124 divinae,
2282 1063 2443 1117 timor
2468 1072 2646 1117 autem
2678 1062 2988 1117 humilitatis
3011 1078 3076 1117 ex
3100 1076 3281 1117 amore
3302 1063 3493 1118 accidit
3516 1063 3625 1117 lau«

2039 1151 2123 1206 dis
2149 1151 2395 1207 humanae
2419 1171 2432 1206 :
2456 1163 2509 1208 et
2552 1153 2672 1207 ideo
2710 1153 2800 1207 ille
2835 1162 3005 1208 certat
3037 1168 3134 1223 per
3170 1153 3504 1221 patientiam,
3535 1152 3621 1207 hic

2039 1252 2216 1298 autem
2240 1252 2424 1311 peccat
2452 1258 2546 1312 per
2572 1243 2976 1312 impatientiam.
2999 1243 3116 1297 Non
3156 1245 3333 1312 itaque
3365 1243 3625 1298 debemus

2041 1333 2296 1405 quidquid
2333 1335 2387 1388 in
2412 1334 2701 1403 Scripturis
2727 1335 2889 1390 etiam
2916 1335 3008 1390 Dei
3053 1335 3356 1391 testimonio
3385 1336 3624 1389 laudatos

2044 1425 2287 1481 homines
2320 1424 2514 1481 fecisse
2555 1425 2861 1495 legerimus,
2893 1426 3278 1483 consentiendo
3306 1426 3622 1496 approbare.

2041 1514 2135 1570 sed
2157 1514 2546 1569 considerando
2564 1514 2895 1579 discernere,
2910 1515 3225 1571 adhibentes
3244 1515 3499 1585 judicium
3517 1530 3622 1570 non

2040 1620 2170 1661 sane
2195 1614 2393 1661 nostra:
2423 1606 2770 1670 auctoritatis,
2793 1606 2888 1661 sed
2912 1606 3303 1676 Scripturarum
3327 1606 3621 1661 divinarmn

2040 1706 2198 1768 atque
2227 1705 2528 1752 sanctarum
2554 1713 2569 1748 :
2591 1712 2710 1766 quae
2732 1711 2830 1751 nos
2857 1713 2956 1752 nec
2982 1697 3201 1752 illorum
3223 1697 3493 1751 hominum
3514 1698 3623 1766 qui-

2042 1787 2140 1842 bus
2166 1788 2272 1842 illic
2294 1788 2489 1843 bonum
2518 1798 2676 1858 atque
2708 1788 3021 1858 prteclarum
3057 1788 3414 1842 testimonium
3446 1787 3622 1856 perhi-

2041 1878 2214 1945 betur,
2246 1880 2422 1934 omnia
2448 1881 2531 1934 vel
2570 1878 2764 1934 imitari
2799 1879 2884 1933 vel
2927 1878 3143 1934 laudare
3181 1878 3314 1932 facta
3343 1878 3618 1947 permittit,

2040 1972 2084 2025 si
2115 1986 2234 2042 qua:
2264 1985 2365 2025 non
2398 1980 2542 2026 recte
2565 1969 2633 2025 ab
2658 1970 2738 2025 eis
2762 1969 2901 2024 facta
2929 1978 3071 2034 sunt,
3103 1970 3184 2023 vel
3210 1969 3331 2022 huic
3352 1969 3460 2038 jam
3488 1976 3622 2024 temo

2042 2064 2156 2130 peri
2182 2078 2287 2118 non
2313 2062 2659 2118 conveniunt.
2687 2062 2791 2117 Sed
2817 2063 2883 2117 de
2913 2064 2978 2117 iis
3002 2077 3121 2131 qum
3158 2073 3281 2116 tunc
3309 2061 3515 2116 fuerant
3541 2078 3623 2117 rc—

2039 2166 2144 2218 cta,
2169 2171 2310 2210 nunc
2334 2171 2440 2210 non
2469 2165 2613 2221 sunt,
2636 2155 2760 2224 quid
2786 2170 2918 2224 opus
2939 2162 3020 2209 est
3045 2154 3242 2222 aliquit!
3273 2155 3324 2208 in
3358 2156 3455 2209 hac
3476 2170 3621 2224 qum-

2040 2249 2213 2302 stioue
2250 2247 2553 2312 discutere;
2585 2262 2704 2300 cum
2750 2246 2851 2301 hoc
2890 2245 3029 2300 unde
3065 2246 3257 2314 agitm‘,
3288 2255 3341 2300 ut
3371 2246 3471 2300 sibi
3502 2246 3621 2314 quis

2040 2337 2233 2389 inferat
2270 2346 2497 2390 mortem
2521 2377 2535 2400 ,
2576 2328 2806 2389 maxime
2849 2337 2932 2389 cui
2978 2335 3305 2399 conceditur,
3335 2336 3417 2390 vel
3448 2337 3621 2404 potius

2040 2428 2126 2495 qui
2157 2427 2495 2496 compellitur
2517 2426 2716 2488 vivere,
2743 2425 2795 2478 in
2826 2425 2905 2479 eis
2931 2425 2997 2478 sit
3026 2425 3196 2491 factis,
3219 2441 3339 2495 qute
3360 2442 3459 2481 nec
3484 2437 3621 2495 pote-

2040 2525 2161 2571 rant
2184 2518 2201 2549 ¹
2224 2533 2456 2587 unquam
2486 2526 2630 2572 recta
2670 2531 2809 2583 esse,
2838 2531 2946 2571 nec
2981 2525 3286 2587 patuerunt,
3320 2518 3456 2572 sicut
3492 2519 3619 2572 satis

2035 2609 2145 2679 jam
2173 2596 2695 2663 demonstravimus?

2112 2700 2199 2754 39.
2227 2700 2474 2764 Proinde,
2502 2698 2904 2770 qupmodolibet
2931 2698 3222 2767 accipiatur
3240 2714 3267 2751 τι
3298 2699 3445 2753 vobis
3467 2699 3621 2766 lmjus

2041 2789 2218 2844 Basia:
2243 2790 2349 2844 vita
2379 2786 2622 2855 laudata,
2651 2804 2756 2844 non
2788 2790 2945 2844 habet
2972 2804 3117 2843 mors
3141 2790 3258 2856 ejus
3280 2789 3619 2846 laudatricetn

2040 2881 2378 2952 sapientiam,
2408 2881 2532 2950 quia
2573 2897 2679 2936 non
2707 2880 2870 2936 habet
2895 2881 3106 2951 dignam
3144 2880 3236 2933 Dei
3281 2881 3490 2935 famulis
3530 2898 3621 2950 pa-

2043 2974 2278 3028 tientiam
2308 2990 2322 3027 :
2346 2973 2629 3042 potiusque
2659 2972 2785 3027 huic
2811 2971 3025 3029 voxilla
3046 2970 3349 3038 Sapientiae,
3372 2985 3491 3039 quae
3517 2972 3621 3025 non

2043 3064 2233 3130 laudis,
2260 3063 2354 3118 sed
2370 3062 2746 3118 detesmtionis
2773 3071 2876 3128 est,
2900 3060 3173 3129 competit,
3206 3057 3294 3113 Va:
3319 3060 3380 3112 iis
3407 3062 3491 3130 qui
3512 3077 3627 3129 per-

2041 3155 2279 3209 diderunt
2307 3154 2653 3209 sustinentium
2687 3151 2875 3219 (Eccli.
2908 3168 2966 3216 n,
2997 3150 3117 3233 1’6)!
3146 3150 3277 3205 Nam
3307 3151 3350 3204 si
3379 3150 3624 3205 laudato-

2042 3259 2160 3299 rum
2203 3243 2337 3298 facta
2371 3243 2548 3296 omnia
2582 3240 2802 3296 creditis
2846 3240 3120 3304 imitanda,
3158 3239 3412 3309 numquid
3438 3240 3626 3295 melior

2041 3344 2124 3388 est
2154 3334 2253 3386 iste
2279 3332 2470 3385 Razias
2494 3345 2650 3400 quam
2685 3328 3012 3384 David‘lCur
3036 3344 3163 3399 ergo
3192 3329 3308 3398 ejus
3335 3330 3531 3384 factum
3558 3330 3626 3384 de

2041 3427 2211 3481 aliena
2266 3441 2434 3482 uxore
2486 3425 2781 3496 appetenda
2804 3466 2820 3493 ,
2852 3425 3072 3496 ejusque
3109 3424 3403 3480 occidendo
3432 3424 3628 3478 marito

2043 3518 2062 3585 (
2089 3516 2133 3570 ll
2158 3516 2286 3587 Reg.
2310 3532 2363 3570 χι
2392 3515 2437 3589 ),
2470 3517 2646 3573 nullus
2684 3517 2859 3571 bonus
2902 3516 3003 3570 sibi
3031 3516 3299 3585 preponit,
3332 3514 3423 3568 sed
3455 3516 3629 3585 potius

2041 3607 2337 3661 cavendum
2364 3616 2524 3677 atque
2552 3606 2863 3662 vitandum?
2890 3605 3155 3676 Numquid
3184 3598 3374 3665 melior
3401 3618 3484 3660 OSI.
3521 3604 3626 3658 lla-

2041 3695 2151 3749 zias
2175 3710 2336 3764 quam
2359 3695 2647 3750 Salomon?
2669 3696 2919 3750 Placetne
2943 3710 3070 3764 ergo
3096 3694 3266 3759 vobis,
3292 3704 3346 3747 ut
3372 3694 3485 3762 ejus
3505 3708 3627 3763 erga

2043 3786 2297 3840 mulieres
2345 3785 2597 3847 lascivite,
2638 3800 2863 3853 quarum
2909 3784 3309 3839 seductionihns
3356 3797 3521 3852 usque
3563 3784 3627 3836 ad

2044 3878 2240 3947 templa
2270 3877 2425 3931 idolis
2452 3874 2755 3930 fabricanda
2785 3874 3077 3945 perductus
3096 3881 3179 3929 est
3208 3874 3226 3943 (
3251 3873 3317 3926 Ill
3349 3873 3474 3943 Reg.
3506 3889 3562 3927 XI
3583 3872 3627 3944 ).

2045 3968 2358 4024 imitandum
2391 3983 2756 4038 proponamus
2784 3965 3409 4036 exemplum?Nnmquid
3443 3965 3632 4019 melior

2045 4060 2237 4115 Razias
2275 4076 2431 4129 quam
2472 4059 2664 4138 Petrus
2700 4056 3006 4128 apostolus,
3036 4058 3124 4127 qui
3164 4056 3250 4111 ubi
3291 4055 3443 4118 dixit,
3476 4054 3550 4108 Tu
3580 4072 3632 4108 es

2047 4150 2276 4224 Clilristus
2296 4149 2343 4203 F
2345 4150 2462 4204 ilius
2484 4148 2581 4203 Dei
2608 4149 2731 4215 vivi,
2753 4157 2862 4203 tam
2890 4147 3078 4204 beatus
3102 4162 3131 4201 a
3156 4146 3382 4201 Domino
3408 4146 3633 4214 appella-

2048 4255 2132 4299 tus
2156 4255 2259 4311 est,
2280 4254 2339 4298 ut
2361 4243 2543 4298 claves
2569 4241 2715 4312 regni
2746 4240 3002 4297 ctelorum
3032 4238 3273 4307 accipere
3300 4245 3629 4292 mereretur:
3680 4297 3693 4303 _

2048 4352 2148 4392 nec
2177 4346 2352 4390 tamen
2383 4334 2503 4390 ideo
2525 4335 2545 4365 ²
2573 4332 2807 4388 creditur
2834 4329 3143 4393 imitandus,
3172 4328 3260 4383 ubi
3290 4343 3416 4382 mox
3442 4325 3629 4387 eodem

2048 4437 2319 4484 momento
2341 4426 2721 4497 reprehensus,
2743 4422 2969 4490 audivit,
2998 4421 3133 4476 Vade
3148 4429 3258 4491 post
3279 4436 3374 4497 me,
3392 4428 3631 4483 satanas;

2047 4538 2148 4574 non
2165 4519 2296 4572 enim
2317 4489 2455 4586 sapis
2479 4532 2591 4587 qua:
2608 4489 2714 4570 Dei
2730 4522 2866 4579 sunt,
2889 4513 2977 4567 sed
3001 4527 3114 4581 quia
3138 4489 3398 4565 hominum
3421 4507 3628 4581 (Matth.

2046 4628 2157 4675 xvr,
2192 4608 2414 4677 l7-95)?
2443 4609 2612 4675 Atque
2642 4613 2697 4659 ut
2731 4604 2848 4659 htec
2876 4612 3080 4657 taceam
3108 4616 3227 4671 qua:
3252 4614 3383 4655 voce
3410 4599 3633 4668 apertis-

2047 4704 2179 4756 sima
2219 4709 2400 4755 sancta
2429 4698 2681 4753 Ecclesiae
2708 4695 2980 4765 Scriptura
3009 4693 3261 4763 culpavit,
3287 4702 3341 4747 et
3365 4707 3427 4746 ea
3458 4690 3630 4747 dicam

2038 4810 2164 4871 quae
2208 4790 2575 4847 tantummodo
2617 4789 2688 4844 ibi
2731 4793 2942 4842 narrata
2974 4795 3134 4853 atque
3159 4783 3460 4853 conscripta
3488 4792 3630 4841 sunt.

2047 4902 2146 4940 nec
2174 4884 2241 4940 de
2269 4884 2351 4938 his
2375 4891 2457 4937 est
2482 4882 2533 4935 in
2561 4880 2781 4935 alteram
2814 4887 3016 4947 partem
3049 4874 3220 4929 laudis
3244 4882 3336 4929 aut
3355 4871 3635 4943 reprehen-

2046 4976 2213 5030 sionis
2257 4975 2361 5045 lata
2404 4970 2690 5035 sententia,
2729 4968 2820 5024 sed
2861 4978 2980 5038 qua:
3012 4966 3167 5020 nobis
3205 4962 3484 5034 iudicanda
3515 4976 3631 5030 per-

2049 5066 2207 5120 missa
2236 5071 2394 5128 sunt;
2425 5059 2681 5131 numquid
2712 5060 2900 5114 melior
2930 5057 3121 5111 Razias
3144 5070 3301 5125 quam
3330 5052 3479 5108 Noe?
3506 5052 3633 5117 Quis

2047 5167 2225 5212 autem
2257 5155 2405 5209 illum
2439 5154 2632 5216 virum,
2661 5151 2803 5220 quod
2828 5149 2996 5219 jacuit
3021 5147 3201 5203 ebrius
3229 5144 3378 5217 (Gen.
3402 5159 3482 5205 ix,
3513 5143 3629 5212 21),

2048 5247 2340 5303 laudaverit
2369 5245 2614 5301 sobrius?
2634 5241 2898 5311 Numquid
2930 5240 3119 5295 melior
3144 5248 3224 5293 est
3250 5237 3442 5292 Razias
3471 5250 3629 5305 quam

2045 5339 2212 5395 Judas
2239 5334 2580 5407 patriarcha?
2602 5333 2733 5400 Quis
2762 5342 2934 5386 tamen
2963 5346 3087 5385 eum
3113 5327 3393 5398 approbet,
3416 5326 3497 5380 cui
3521 5325 3633 5396 pla-

2006 5450 2023 5465 ο
2046 5439 2186 5494 ceat,
2213 5444 2368 5498 quem
2392 5441 2496 5481 non
2514 5423 2810 5480 rectissime
2826 5420 3064 5477 offendat
3079 5420 3130 5474 in
3149 5419 3236 5472 illa
3255 5416 3626 5480 fornicatione,

2045 5518 2472 5592 quandoquidem
2506 5531 2612 5570 non
2633 5514 2700 5568 ad
2724 5527 2873 5567 suam
2902 5525 3117 5575 nurum,
3143 5508 3265 5579 quia
3295 5505 3398 5561 hoc
3424 5505 3628 5575 ignotae

2047 5615 2141 5680 vit,
2181 5620 2546 5666 verumtamen
2588 5607 2654 5662 ad
2691 5621 2808 5661 eam
2846 5620 3001 5676 quam
3039 5600 3375 5658 meretricem
3405 5601 3641 5671 putavit,

2110 5747 2125 5811 ξ
2163 5748 2318 5801 Forte,
2342 5745 2580 5811 poterunt.

2109 5809 2128 5838 ²
2162 5812 2318 5862 Forte,
2341 5809 2391 5852 in
2411 5814 2483 5852 co.
