4070 6200
431 393 527 446 ’751

434 508 703 576 ingressus
727 512 811 559 est
834 500 987 572 (Gen.
1016 500 1267 571 xxxvm)?
1291 497 1554 568 Numquid
1587 497 1771 550 melior
1804 504 1885 548 est
1908 494 2011 547 Ra-

434 601 563 662 sias,
587 611 743 664 quam
766 596 991 650 Samson
1011 593 1035 647 ?
1054 593 1261 648 Audete
1282 592 1457 660 itaque
1478 590 1677 651 dicere,
1700 589 1743 641 si
1769 588 2013 656 potestis,

439 690 567 745 illud
597 688 736 759 quod
779 689 831 742 in
870 687 1106 742 crinibus
1143 685 1328 739 habuit.
1356 684 1567 737 virtutis
1596 696 1844 750 magnum
1885 679 2022 733 divi-

433 795 668 849 numque
694 788 982 844 secretum,
1013 777 1300 832 blandienti
1330 773 1659 830 mulierculae
1700 772 1860 827 fuisse
1892 786 2021 841 pro-

434 868 691 927 dendum.
717 871 847 925 Nam
892 870 1023 925 illud
1063 869 1204 941 quod
1240 884 1360 923 cum
1404 867 1631 921 inimicis
1660 865 1854 919 occidit
1883 872 1938 917 et
1962 878 2021 917 se

437 964 632 1030 ipsum,
668 961 881 1032 quando
920 977 1080 1031 super
1117 976 1176 1015 se
1212 968 1370 1029 atque
1404 960 1521 1014 illus
1548 958 1740 1025 deiecit
1777 957 2017 1019 domum,

437 1065 663 1110 mortem
692 1070 850 1124 quam
879 1069 1000 1109 mox
1029 1053 1098 1108 ab
1130 1053 1210 1107 eis
1250 1050 1424 1106 fuerat
1450 1064 1801 1119 perpessurus
1826 1091 1838 1111 ,
1876 1063 2024 1103 com—

437 1164 651 1203 munem
683 1149 851 1202 voluit
873 1163 994 1202 cum
1026 1148 1128 1201 illis
1158 1146 1374 1207 habere,
1406 1145 1525 1213 quia
1556 1159 1658 1197 non
1691 1152 1873 1211 posset
1898 1156 2023 1194 eva-

436 1240 563 1293 dere
592 1238 790 1310 (Judic.
818 1238 952 1309 xvi).
975 1237 1125 1306 Quod
1152 1237 1365 1306 quidem
1398 1252 1501 1289 non
1530 1249 1625 1288 sua
1653 1242 1843 1301 sponte
1872 1230 2021 1295 fecit,

438 1330 533 1384 sed
566 1331 670 1385 hoc
696 1330 906 1399 spiritui
941 1329 1034 1383 Dei
1078 1328 1414 1382 tribuendum
1443 1334 1543 1388 est,
1572 1325 1660 1394 qui
1694 1339 1818 1377 usus
1852 1331 1935 1376 est
1958 1337 2023 1375 eo

437 1433 494 1476 ut
533 1422 727 1477 faceret
752 1420 962 1491 quando
990 1421 1062 1473 illi
1093 1420 1278 1480 adfuit,
1301 1417 1443 1488 quod
1473 1416 1654 1471 facere
1682 1429 1785 1468 non
1820 1419 2026 1482 poterat

439 1511 655 1580 quando
705 1512 842 1563 idem
891 1510 1112 1579 spiritus
1154 1508 1343 1562 defuit.
1383 1506 1530 1561 Sicut
1559 1505 1786 1559 Abrahte
1830 1503 2023 1556 factum

439 1603 654 1672 quando
686 1604 847 1655 tilium
875 1602 1040 1655 voluit
1064 1602 1361 1665 immolare,
1390 1598 1530 1667 quod
1556 1597 1663 1651 Deo
1687 1596 1909 1664 iubente
1929 1594 2028 1647 fuit

438 1693 742 1747 obedientia
770 1692 919 1763 (Gen.
946 1690 1098 1762 χχιι),
1128 1691 1233 1745 Deo
1260 1706 1365 1742 non
1388 1688 1608 1759 jubente
1628 1686 1751 1756 quid
1781 1683 1897 1750 fuit,
1926 1684 2025 1737 nisi

432 1782 699 1839 dementia
718 1785 741 1838 ?

508 1878 597 1931 40.
641 1877 734 1930 llis
772 1865 949 1931 sacris.
965 1875 1179 1930 Litteris
1220 1873 1459 1926 crmlitns
1491 1870 1678 1926 beatus
1705 1867 2025 1939 Cyprianus,

442 1967 495 2020 in
521 1966 868 2021 Confessione
894 1981 985 2019 sua
1009 1967 1160 2027 dixit,
1192 1964 1522 2030 Disciplinam
1550 1962 1812 2032 prohibere
1833 1975 1895 2014 ne
1917 1960 2029 2026 quis

445 2076 501 2112 se
530 2057 705 2125 o/ﬂrat
736 2058 824 2129 (In
848 2060 983 2111 Actis
1010 2057 1259 2127 passionis
1280 2055 1519 2125 Cypriani
1542 2052 1796 2122 martyris,
1815 2067 2029 2120 quorum

439 2150 660 2213 initium,
709 2168 728 2201 ι
766 2148 1079 2215 lntperatore
1132 2147 1400 2200 Valeriano
1426 2166 1443 2198 ι
1544 2144 1729 2199 Videte
1771 2149 2026 2213 quantum

442 2238 567 2292 mali
599 2236 807 2292 faciatis
833 2253 954 2291 cum
995 2252 1090 2291 \os
1124 2237 1287 2290 vultis
1316 2235 1583 2298 occidere,
1612 2234 1700 2303 qui
1732 2232 1861 2287 estis
1889 2230 2028 2286 iudi-

440 2327 703 2395 sciplinati
741 2328 948 2381 etiamsi
976 2341 1071 2381 vos
1099 2327 1217 2380 aliis
1249 2327 1349 2378 hoc
1376 2325 1528 2377 vobis
1566 2326 1739 2377 facere
1765 2322 1995 2391 cupienti
2015 2349 2029 2360 -

440 2418 540 2472 bus
582 2419 791 2473 velletis
834 2419 1047 2473 offerre.
1095 2416 1293 2487 Fugam
1337 2416 1580 2488 prtecipit
1624 2430 1782 2485 quem
1830 2416 2030 2468 vocatis

437 2509 803 2573 Salvatorem,
852 2509 1025 2577 fugam
1066 2509 1325 2580 permittit
1371 2517 1676 2577 persecutor
1706 2524 1718 2558 :
1746 2505 1871 2575 quid
1902 2520 2029 2574 ergo

440 2601 747 2669 sequimini,
782 2610 839 2653 ut
870 2601 1059 2654 vestris
1104 2601 1313 2669 ignibus
1356 2599 1605 2669 pereatis,
1652 2599 1749 2652 nisi
1792 2607 2026 2653 vestrum

440 2692 722 2747 furorem?
750 2692 816 2746 Et
855 2701 1030 2747 tamen
1062 2692 1215 2755 dicis,
1254 2692 1435 2745 Annon
1475 2700 1549 2744 est
1591 2692 1686 2743 ista
1730 2690 2022 2758 persecutio,
2074 2720 2081 2723 -

437 2799 553 2854 qua:
579 2792 649 2836 tot
675 2782 836 2836 millia
864 2783 1184 2835 innocentum
1210 2783 1419 2835 arctavit
1452 2782 1521 2833 ad
1559 2781 1808 2833 mortem?
1831 2780 2026 2835 Osten-

437 2876 549 2930 dite
575 2875 843 2944 quomodo
874 2876 988 2929 sitis
1020 2858 1354 2939 innocentes,
1378 2874 1466 2943 qui
1494 2872 1766 2926 Christum
1795 2872 2029 2927 dividitis

437 2975 495 3022 et
537 2980 633 3019 vos
677 2966 936 3020 occiditis.
987 2965 1263 3021 Ostendite
1315 2964 1583 3033 quomodo
1635 2964 1911 3018 arctcmini
1960 2965 2027 3019 ad

440 3066 692 3119 mortem,
723 3055 912 3123 quibus
938 3054 1055 3125 fuga
1083 3066 1134 3109 et
1160 3055 1414 3111 divinitus
1436 3055 1671 3124 jubetnr.
1702 3066 1755 3108 et
1782 3056 2027 3109 Immani-

440 3155 525 3198 tus
570 3146 855 3201 relaxatur.
898 3145 1173 3200 Ostendite
1209 3144 1651 3215 quemadmodum
1695 3146 2025 3198 caminorum

436 3236 755 3306 compendio
781 3236 986 3290 animas
1011 3246 1214 3291 vestras
1243 3253 1272 3291 a
1299 3236 1748 3291 contaminatioue
1786 3236 2023 3306 ι’ίιρίειιίς,

435 3343 574 3398 quos
612 3330 787 3397 potius
814 3330 1146 3383 caminorum
1179 3329 1458 3397 sacrilegio
1489 3338 1735 3398 tanquam
1766 3329 2028 3384 diabolieo

436 3420 699 3473 sacriﬁcio
726 3421 1267 3474 Contaminatissimas
1305 3418 1496 3475 facitis.
1529 3420 1852 3490 Interrogate
1874 3419 2028 3474 Chri-

440 3522 604 3573 stum,
639 3512 788 3579 jubet
825 3528 919 3565 vos
960 3512 1175 3581 fugere;
1208 3512 1533 3579 interrogate
1562 3511 1875 3570 Tribunum.
1910 3525 2027 3578 per-

440 3602 604 3657 mittit
649 3618 740 3655 vos
788 3603 987 3672 fugere.
1018 3602 1087 3669 Si
1122 3611 1177 3656 et
1221 3602 1392 3670 ipsum
1438 3602 1653 3655 Raziam
1702 3602 2028 3670 interrogare

438 3693 700 3763 possetis,
742 3691 1093 3762 responderet
1129 3692 1299 3756 vobis,
1330 3690 1442 3762 Ego
1486 3706 1591 3745 non
1634 3692 1779 3761 potui
1826 3691 2024 3761 fugere.

438 3784 547 3838 Vos
594 3799 721 3853 ergo
765 3798 865 3838 nec
905 3784 1170 3837 Christum
1215 3784 1556 3845 salvatorem,
1595 3798 1694 3839 nec
1732 3782 2025 3837 Tribunum

436 3886 856 3946 persecutorem,
883 3890 982 3930 nec
1006 3875 1220 3929 Raziam
1246 3884 1516 3931 auctorem
1545 3874 1773 3930 habetis.

507 3966 731 4023 CAPUT
764 3966 977 4021 XXXII.
1009 3998 1080 4007 —
1107 3969 1196 4025 41.
1225 3968 1379 4036 Quod
1419 3978 1594 4022 autem
1618 3969 1799 4023 dixisti
1823 4009 1837 4031 ,
1868 3978 1926 4021 ttt
1967 3983 2027 4023 se

436 4057 579 4127 ipsos
609 4059 1119 4125 vestri'oeciderent,
1141 4073 1243 4113 non
1272 4074 1365 4113 eos
1392 4058 1586 4113 fruSIra
1614 4060 1872 4123 timuisse,
1893 4076 2026 4129 quo-

434 4149 577 4203 niam
594 4149 832 4220 quisquis
858 4149 909 4203 in
936 4157 1145 4204 nostras
1160 4149 1243 4204 vel
1273 4156 1575 4203 nostrorum
1603 4164 1791 4203 manus
1818 4150 2021 4215 incidit,

434 4255 542 4295 non
586 4241 773 4296 evasit.
803 4238 940 4308 Quid
979 4239 1245 4304 evaserit,
1276 4240 1498 4311 quacro?
1528 4238 1586 4294 Si
1631 4250 1855 4294 mortem
1880 4280 1894 4305 ,
1928 4256 2025 4295 cur

434 4347 555 4388 eam
585 4332 739 4387 vobis
768 4331 970 4387 inferiis
997 4333 1238 4387 manibus
1268 4333 1491 4399 vestris,
1519 4332 1565 4388 si
1597 4334 1732 4388 hanc
1768 4334 1964 4388 timetis
1994 4350 2023 4388 a

433 4424 667 4479 nostris?
688 4424 793 4479 Sed
823 4426 1158 4479 manifestum
1184 4434 1264 4480 est
1291 4440 1396 4480 non
1421 4426 1489 4482 de
1518 4436 1687 4480 morte
1710 4442 1803 4479 vos
1824 4426 2020 4481 dicere.

435 4512 568 4569 Nam
590 4523 843 4585 quantum
868 4514 1142 4583 cupiamus
1163 4530 1257 4569 vos
1277 4516 1455 4571 vivere
1477 4558 1492 4581 ,
1524 4518 1683 4570 etiam
1711 4517 1807 4586 ipsi
1834 4517 1982 4571 scitis
2006 4534 2020 4576 ;

437 4602 561 4657 ideo
590 4618 688 4658 nos
707 4603 773 4659 de
794 4613 971 4659 vestra
1000 4614 1171 4660 morte
1194 4606 1427 4660 terretis.
1460 4606 1688 4660 Proinde
1716 4608 1758 4658 si
1788 4621 2024 4659 commu-

436 4693 651 4746 nionem
680 4702 915 4747 nostram
936 4693 1088 4756 dicis,
1107 4694 1375 4750 nemiuem
1396 4704 1628 4750 vestrum
1648 4696 1733 4762 qui
1764 4696 1812 4748 in
1837 4710 2024 4749 manus

439 4794 649 4839 nostras
679 4786 857 4840 incidit
887 4772 1141 4845 evasisse.
1166 4788 1367 4841 utinam
1395 4802 1575 4842 verum
1606 4789 1833 4842 diceres.
1860 4788 2025 4843 Valde

438 4877 634 4945 quippe
662 4878 885 4933 feliciter
911 4895 1014 4932 non
1038 4878 1326 4933 evaderent
1352 4880 1781 4934 communionem
1804 4896 1922 4949 qua:
1949 4879 2027 4932 nf-

438 4967 606 5021 fertur
633 4983 662 5020 a
694 4968 978 5023 Catltolicis
998 5010 1012 5033 ,
1058 4979 1115 5023 ut
1140 4969 1430 5024 evaderent
1466 4970 1859 5025 damnationem
1905 4985 2024 5040 qua:

443 5072 659 5129 paratur
682 5060 962 5117 ha-reticis.
983 5060 1089 5117 Sed
1118 5062 1305 5115 falsum
1344 5076 1464 5117 esse
1489 5062 1629 5131 quod
1652 5063 1785 5117 dicis
1805 5106 1818 5121 .
1845 5064 1925 5118 vel
1955 5079 2020 5118 ex

435 5164 616 5206 vestro
636 5151 880 5206 Emerita
900 5154 1133 5223 cogitare
1164 5154 1414 5224 potuisti,
1442 5156 1530 5225 qui
1557 5170 1678 5209 cum
1705 5156 1931 5210 venisset
1954 5156 2021 5210 ad

436 5259 537 5299 nos
556 5286 571 5308 ,
602 5245 807 5301 facilius
835 5256 915 5300 est
942 5247 1164 5301 veritate
1202 5262 1233 5303 c
1255 5248 1476 5300 invictus
1496 5288 1511 5311 ,
1543 5263 1699 5318 quam
1726 5248 2024 5303 communi-

435 5349 563 5392 care
578 5337 902 5403 cnmpulsus.
921 5336 1054 5392 Sunt
1079 5347 1132 5392 et
1155 5338 1241 5392 alii
1266 5337 1401 5391 fama
1419 5338 1633 5408 quidem
1655 5339 1908 5399 minores,
1926 5338 2021 5393 sed

434 5427 657 5482 stultitia
684 5441 862 5499 pares.
888 5426 1137 5499 Quisquis
1158 5429 1298 5483 enim
1328 5428 1424 5482 fuit
1444 5429 1633 5483 similis
1661 5428 1908 5482 vanitatis
1926 5470 1941 5492 ,
1968 5437 2023 5483 ut

435 5529 621 5573 contra
646 5519 1129 5575 manifestissimam
1154 5520 1428 5574 veritatem
1452 5518 1849 5588 perversissima
1874 5533 2023 5573 vere-

437 5594 627 5665 cundia
664 5612 817 5667 fieret
845 5613 1088 5684 pertinax
1110 5652 1126 5679 ,
1169 5628 1287 5667 cum
1326 5613 1495 5682 putari
1533 5612 1798 5667 erubescit
1833 5612 2019 5667 incon-

438 5708 585 5753 stans
604 5742 619 5762 ,
649 5718 839 5771 expers
868 5718 897 5757 a
928 5704 1082 5758 nobis
1103 5704 1377 5757 catholicae
1400 5703 1788 5758 communionis
1808 5702 2022 5757 absces-

440 5787 528 5841 sit.
558 5788 661 5842 Sed
688 5792 804 5847 ideo
826 5795 1004 5849 dixisti
1029 5836 1041 5861 ,
1078 5794 1312 5864 Quisquis
1338 5795 1386 5847 in
1409 5810 1577 5847 eorum
1606 5812 1781 5850 manus
1802 5786 2016 5853 incidit.

1440 384 1709 441 CON'I'M
1751 380 2217 445 GAUDENTIUM,
2251 380 2308 436 S.
2340 379 2704 451 AUGUSTINI

3612 390 3717 446 733

2128 510 2225 546 non
2254 495 2442 557 evasit;
2468 496 2719 563 quoniam
2754 496 3101 565 paucissimos
3128 500 3477 567 apertissima:
3501 504 3715 558 veritati

2127 595 2529 654 perseveranter
2549 586 2855 640 resistentes
2878 598 2928 639 et
2945 587 3282 644 discedentes
3306 590 3471 647 latere
3488 594 3714 649 arbitra-

2126 687 2212 730 tus
2231 691 2311 730 es.
2336 676 2442 731 Sed
2468 677 2702 732 Emerita
2725 678 2893 733 fecisti
2916 680 3207 734 secundum
3230 698 3324 736 vos
3345 686 3715 753 gravissimam

2126 766 2372 835 iniuriam
2395 809 2409 831 ,
2443 768 2531 837 qui
2560 768 2787 838 perdidit
2827 770 2963 836 apud
2997 780 3048 825 te
3086 772 3295 827 duritia:
3321 791 3431 829 sum
3461 778 3673 832 Iaudem
3698 822 3711 842 ,

2130 868 2375 928 tanquam
2401 859 2592 914 frustra
2614 875 2733 915 esse
2756 862 2978 916 voluerit
3002 863 3140 918 inter
3163 882 3356 933 paucos
3379 871 3583 923 vernali
3609 888 3716 924 mm

2127 949 2557 1012 consentientes,
2590 951 2711 1019 quia
2760 952 3003 1021 deputari
3054 957 3247 1009 meruit
3276 957 3416 1012 inter
3463 960 3718 1018 latentes.

2128 1039 2257 1104 Quis
2283 1049 2520 1093 nostrum
2551 1057 2653 1094 non
2697 1052 2746 1095 te
2770 1042 2953 1096 credat
2982 1044 3219 1100 invidere
3256 1048 3514 1119 eollege?
3543 1055 3645 1106 Aut
3670 1054 3718 1108 si

2128 1145 2233 1184 non
2262 1131 2497 1195 invides,
2527 1133 2755 1189 imitare.
2802 1135 2931 1189 Veni
2960 1136 3026 1190 ad
3056 1152 3151 1191 nos
3177 1148 3231 1193 et
3269 1150 3359 1207 tu,
3391 1144 3531 1198 sicut
3562 1146 3717 1213 ipse;

2128 1225 2248 1277 andi
2275 1225 2414 1294 quod
2432 1226 2678 1291 dicimus,
2698 1228 2837 1281 sicut
2863 1228 3004 1297 ipse;
3031 1230 3293 1299 responde
3312 1234 3354 1285 si
3381 1245 3551 1303 potes,
3574 1240 3718 1304 quod

2130 1330 2234 1369 non
2264 1318 2430 1384 potuit
2457 1317 2588 1385 ipse.
2620 1316 2674 1373 Si
2707 1328 2885 1372 autem
2914 1335 3011 1374 nec
3044 1322 3366 1391 respondere
3386 1366 3401 1391 ,
3435 1342 3533 1380 nec
3570 1343 3722 1382 com-

2130 1407 2402 1461 municare
2434 1408 2667 1463 volueris
2687 1450 2701 1474 ,
2732 1409 2950 1464 discede
2971 1453 2987 1477 ,
3018 1413 3155 1465 sicut
3180 1413 3317 1483 ipse,
3360 1417 3491 1470 Ecce
3517 1418 3608 1472 ille
3649 1419 3721 1473 de

2131 1496 2325 1573 nostris
2344 1499 2589 1553 manibus
2606 1500 2800 1553 ill;esns
2818 1501 3093 1557 abscessit.
3116 1504 3192 1558 Tu
3210 1520 3376 1575 quare
3392 1507 3546 1569 dicis,
3571 1510 3722 1577 Quis-

2096 1616 2101 1621 ο
2130 1590 2240 1660 quis
2263 1591 2312 1643 in
2334 1606 2505 1644 eorum
2533 1609 2711 1645 manus
2740 1594 2950 1659 incidit,
2982 1612 3082 1648 non
3108 1597 3303 1651 evasit?
3333 1600 3469 1654 Ecce
3494 1602 3582 1656 ille
3611 1618 3720 1657 non

2131 1680 2228 1732 sibi
2250 1680 2475 1735 credidit
2501 1682 2612 1735 loca
2635 1682 2878 1737 defutura
2910 1685 2995 1739 ubi
3031 1697 3208 1753 posset
3228 1687 3391 1743 latere
3424 1706 3437 1742 :
3472 1700 3525 1743 tu
3551 1707 3725 1761 quare

2131 1770 2372 1840 disponis
2411 1773 2642 1827 ardere?
2674 1773 2818 1830 Itane
2864 1775 3098 1831 nondum
3144 1778 3291 1833 vides
3323 1796 3414 1833 vos
3458 1798 3579 1837 esse
3622 1800 3725 1853 pu-

2134 1862 2237 1916 tius
2262 1864 2348 1932 qui
2379 1879 2481 1917 non
2513 1865 2790 1933 pertinetis
2828 1866 2893 1920 ad
2936 1867 3103 1921 Deum
3127 1908 3143 1931 ,
3175 1879 3228 1923 et
3250 1872 3339 1939 qui
3384 1872 3556 1926 facitis
3584 1889 3725 1926 con-

2133 1961 2210 2007 tm
2262 1955 2468 2020 Deum,
2511 1970 2614 2009 non
2657 1957 2828 2009 solum
2875 1967 3023 2027 peste
3065 1961 3335 2013 communi
3379 1978 3481 2031 qua
3521 1963 3723 2018 Christi

2133 2046 2318 2099 unitati
2350 2046 2635 2110 resistitis;
2668 2049 2761 2101 sed
2789 2048 2948 2103 etiam
2989 2064 3085 2105 vos
3128 2051 3393 2121 prmeipue
3416 2094 3429 2114 ,
3462 2057 3551 2122 qui
3598 2055 3726 2110 huic

2136 2148 2281 2191 tanto
2308 2140 2494 2193 sceleri
2526 2149 2741 2207 vestro,
2774 2141 2932 2195 etiam
2963 2152 3166 2197 vestras
3195 2155 3393 2198 mortes
3416 2145 3614 2200 addere
3642 2148 3721 2202 fe-

2132 2231 2339 2283 stinatis
2360 2232 2383 2281 ’ἰ

2203 2322 2426 2378 CAPUT
2458 2322 2696 2377 XXXIII.
2726 2354 2797 2365 --
2822 2325 2911 2379 .52.
2938 2325 3107 2380 Verba
3138 2325 3389 2396 Epistolas
3421 2342 3434 2379 :
3470 2325 3576 2382 Sed
3595 2346 3729 2397 quo-

2133 2412 2269 2464 niam
2292 2415 2608 2482 prudentiam
2636 2427 2794 2478 (nam,
2829 2417 3016 2484 inquit,
3048 2419 3353 2472 exseruloris
3379 2419 3592 2487 oﬂiciunt
3621 2438 3724 2473 non

2133 2502 2354 2562 decebat.
2384 2521 2573 2574 quiusa,
2604 2506 2777 2573 paucis
2802 2506 3019 2559 adverte.
3050 2507 3167 2559 Alia
3194 2519 3286 2571 est,
3316 2519 3369 2560 ut
3397 2525 3528 2573 reor,
3555 2512 3726 2563 solida

2131 2596 2331 2660 veritas,
2356 2597 2459 2651 alia
2480 2597 2660 2667 efﬁgies
2683 2597 2899 2650 t'eiitatis
2920 2614 2939 2652 :
2959 2600 3198 2667 quoniam
3224 2600 3406 2652 veritas
3435 2599 3613 2652 robore
3628 2617 3726 2654 suo

2132 2687 2334 2755 ﬁrmata
2353 2698 2585 2753 constat;
2614 2688 2807 2741 idolum
2828 2689 2929 2741 sive
2953 2690 3279 2742 simulacrum
3300 2701 3372 2744 est
3400 2691 3534 2754 quod
3566 2692 3618 2745 in
3640 2693 3727 2745 in-

2121 2776 2317 2846 juriam
2343 2779 2608 2832 verisimile
2628 2780 2798 2856 fecerit
2825 2780 3047 2833 humana
3074 2784 3401 2849 presumptio
3424 2798 3442 2836 :
3465 2800 3726 2850 nunquam

2132 2876 2296 2920 tamen
2319 2878 2476 2937 potest
2497 2870 2831 2939 prtvjudicare
2850 2871 3044 2923 veritati
3064 2871 3291 2941 fallacia.
3317 2871 3726 2929 Simulacrorum

2131 2957 2346 3011 cultores
2373 2959 2486 3012 dico
2506 3002 2522 3025 ,
2549 2961 2636 3029 qui
2662 2976 2761 3013 non
2792 2970 2955 3013 tenent
2993 2962 3246 3015 veritatem
3277 2977 3298 3017 :
3324 2965 3416 3016 sub
3439 2966 3609 3017 alieno
3632 2984 3691 3020 ro
3710 2995 3725 3005 -

2130 3048 2308 3101 cabulo
2332 3050 2566 3118 gentilem
2591 3050 2842 3115 existimo,
2865 3053 2952 3121 qui
2974 3053 3093 3120 facit
3122 3054 3217 3106 sibi
3238 3054 3376 3121 quod
3395 3058 3545 3109 colat.
3572 3054 3727 3112 Unde

2132 3138 2386 3208 publicum
2403 3149 2732 3209 apertumque
2758 3142 3001 3212 est,'quod
3018 3143 3188 3205 minis,
3204 3144 3309 3197 sive
3330 3155 3517 3200 terrore
3540 3157 3587 3199 ct
3609 3166 3727 3215 per-

2129 3230 2466 3284 serutionibns
2486 3279 2503 3297 ,
2532 3232 2717 3286 crebris
2746 3231 2993 3286 Gabiuum
3018 3234 3302 3305 similesque
3332 3236 3396 3288 dc
3428 3249 3626 3290 natura:
3654 3239 3694 3291 li
3708 3270 3724 3279 ο

2131 3322 2315 3375 bertate
2337 3323 2561 3376 sublatos
2577 3364 2591 3387 ,
2624 3324 2722 3393 ipsi
2750 3323 2844 3377 sibi
2867 3341 2991 3394 quos
3017 3338 3372 3380 venerarcutur
3391 3330 3615 3397 perﬁdos
3636 3330 3723 3397 fa-

2130 3413 2347 3467 bricasse
2376 3427 2680 3480 noscuntur,
2711 3415 2781 3468 ad
2820 3432 3033 3485 quorum
3063 3418 3253 3470 cultum
3277 3429 3526 3488 coguntur
3553 3420 3720 3477 inviti.

2131 3503 2209 3557 Ad
2252 3504 2365 3559 lucc
2406 3506 2685 3574 responsio
2715 3522 2727 3558 :
2763 3507 2951 3563 Adhuc
2974 3508 3122 3562 addis
3154 3508 3317 3564 furori
3349 3522 3528 3565 vestro
3558 3514 3720 3568 verba

2131 3594 2505 3664 blasphemia,
2553 3607 2608 3651 et
2652 3599 2819 3652 audes
2846 3599 3027 3653 dicere
3060 3600 3352 3655 Ecclesiam
3399 3602 3719 3657 catholicam

2131 3685 2417 3741 hmnanmn
2443 3702 2562 3743 esse
2592 3688 2898 3757 figmentum
2920 3732 2935 3753 ,
2962 3692 3046 3744 cui
3070 3692 3203 3746 dicit
3227 3694 3363 3747 Deus
3396 3711 3409 3745 ε
3445 3694 3554 3764 Ego
3582 3697 3719 3749 enim

2130 3794 2243 3831 sum
2258 3776 2507 3833 Dominus
2522 3780 2608 3850 qui
2633 3781 2765 3850 facio
2791 3791 2857 3846 te,
2879 3780 3125 3835 Dominus
3146 3800 3324 3836 nomen
3342 3786 3405 3837 ei.
3428 3786 3492 3838 Et
3513 3787 3721 3839 utseia-

2130 3883 2249 3921 mus
2277 3870 2442 3937 ipsam
2471 3885 2587 3923 eam
2627 3871 2958 3925 Catholicam
2991 3873 3240 3927 universo
3281 3884 3545 3929 terrarum
3587 3878 3720 3931 orbe

2128 3959 2372 4014 diffusam
2394 4003 2406 4021 .
2438 3963 2676 4030 sequitur
2712 3972 2766 4018 et
2803 3964 3042 4033 adiungit
3071 3979 3083 4015 :
3121 3964 3187 4017 Et
3213 3966 3299 4032 qui
3326 3967 3457 4018 eruit
3495 3978 3577 4033 te,
3610 3970 3722 4036 ipse

2130 4050 2265 4103 Deus
2290 4050 2455 4105 Israel
2474 4055 2718 4107 universa:
2746 4066 2893 4109 terra:
2910 4056 3167 4109 vocabitur
3196 4056 3347 4128 (lsni.
3378 4074 3481 4122 uv,
3502 4062 3580 4129 5).
3608 4061 3723 4116 Iloc

2128 4141 2581 4195 evidentissimum
2613 4144 2704 4198 Dei
2744 4159 2911 4214 opus,
2954 4145 3242 4199 humanum
3272 4147 3448 4201 dicitis
3474 4165 3595 4203 CSSt:
3619 4154 3717 4219 tig-

2129 4243 2366 4285 meulum
2402 4249 2415 4286 :
2448 4248 2548 4287 nec
2588 4248 2681 4286 vos
2722 4236 3022 4305 respicitis,
3052 4237 3193 4305 quod
3239 4239 3307 4289 ab
3346 4240 3444 4293 ista
3476 4240 3721 4295 Ecclesia

2128 4339 2285 4392 quam
2307 4340 2365 4379 se
2382 4325 2621 4393 promisit
2643 4327 2778 4379 Deus
2796 4328 2846 4380 in
2871 4327 3113 4382 universa
3136 4338 3269 4382 terra
3290 4344 3408 4384 esse
3427 4330 3720 4399 facturum,

2130 4417 2276 4469 nullo
2301 4418 2457 4469 modo
2480 4420 2882 4485 separaremini,
2912 4422 3010 4473 nisi
3043 4421 3308 4474 lnnnincm
3334 4425 3721 4490 scqnercmiui.

2129 4505 2236 4559 Nos
2261 4522 2380 4559 cum
2420 4508 2693 4576 sequimur
2718 4510 2805 4579 qui
2843 4510 2977 4564 dixit
3016 4511 3241 4565 Abrabze
3280 4530 3293 4564 :
3324 4510 3390 4566 lu
3418 4516 3611 4569 semine
3633 4528 3723 4570 tuo

2129 4596 2479 4651 benedicentur
2503 4616 2673 4653 omnes
2699 4612 2869 4669 gentes
2894 4601 3046 4669 (Gen.
3080 4620 3204 4664 χχιι,
3237 4604 3342 4675 18).
3373 4605 3509 4659 Ειιιιι
3534 4609 3721 4676 sequi-

2129 4691 2354 4759 tnnrqui
2378 4690 2507 4744 dixit
2539 4692 2634 4760 ipsi
2669 4693 2918 4747 Ecclesim
2944 4710 3054 4748 sua:
3075 4737 3086 4757 ,
3121 4698 3259 4764 quod
3292 4696 3449 4750 modo
3472 4713 3721 4753 comme-

2128 4782 2328 4833 moravi
2364 4799 2377 4834 :
2411 4780 2522 4851 Ego
2548 4799 2659 4835 sum
2690 4781 2934 4837 Dominus
2960 4786 3046 4857 qui
3072 4786 3205 4853 facio
3230 4797 3275 4840 te
3298 4830 3309 4843 .
3348 4787 3595 4841 Dominus
3623 4808 3720 4842 uo-

2127 4887 2241 4925 ntcn
2272 4873 2354 4937 ei;
2383 4882 2426 4925 et
2454 4874 2539 4943 qui
2568 4876 2693 4927 eruit
2725 4887 2790 4940 te,
2823 4875 2932 4943 ipse
2957 4876 3093 4931 Deus
3118 4876 3284 4931 Israel
3309 4880 3553 4934 universa!
3572 4891 3725 4934 terra

2128 4963 2404 5031 vocabitur.
2438 4965 2718 5033 Propterea
2750 4978 2993 5022 tenentes
3020 4969 3310 5023 Ecclesium
3330 5012 3345 5032 ,
3377 4986 3497 5040 quze
3522 4971 3720 5025 dilata-

2130 5065 2215 5109 tur
2238 5069 2285 5111 ct
2317 5058 2505 5111 crescit
2538 5073 2631 5126 per
2655 5074 2845 5113 onnnes
2869 5071 3056 5128 gentes
3080 5070 3133 5114 et
3160 5078 3255 5130 per
3282 5064 3583 5115 universam
3608 5072 3719 5116 ιρι-ο

2130 5164 2241 5202 rant
2264 5190 2279 5215 ,
2311 5135 2413 5203 non
2440 5148 2618 5218 utique
2641 5150 2944 5219 ﬁgmentum
2973 5153 3244 5221 sequimur
3266 5152 3557 5206 humanum
3577 5194 3594 5218 ,
3624 5153 3720 5207 sed

2129 5242 2447 5310 promissum
2483 5239 2782 5311 factumque
2805 5242 3063 5296 divinum.
3101 5244 3200 5295 Vos
3235 5246 3359 5314 quid
3386 5248 3716 5314 sequimini,

2130 5345 2187 5389 nt
2212 5335 2278 5389 ab
2300 5333 2455 5405 hujus
2481 5335 2671 5388 divinre
2700 5336 3066 5404 promissionis
3091 5347 3147 5389 et
3167 5336 3332 5389 divini
3357 5340 3541 5404 operis
3562 5354 3717 5392 com-

2128 5428 2380 5482 munione
2400 5426 2550 5481 divisi
2574 5468 2588 5492 ,
2617 5426 2788 5480 velitis
2806 5442 2927 5482 e~se
2953 5427 3019 5481 de
3051 5438 3199 5496 parte
3230 5428 3456 5481 Donati?
3489 5429 3720 5484 Peccato

2127 5516 2389 5573 Czeciliani
2414 5519 2615 5588 perisse
2633 5519 2699 5573 de
2727 5520 2855 5573 orbe
2884 5531 3141 5573 terrarum
3171 5522 3550 5589 prmuissiones
3579 5523 3671 5574 Dei
3696 5564 3714 5585 ,

2128 5618 2182 5663 ct
2207 5610 2527 5663 remansisse
2554 5610 2603 5662 in
2646 5623 2794 5679 parte
2823 5612 3045 5675 Donati,
3080 5610 3240 5663 homo
3259 5612 3410 5663 vobis
3442 5610 3615 5675 dixit,
3647 5627 3714 5665 an

2129 5699 2308 5755 Dens?
2336 5699 2391 5754 Si
2415 5699 2553 5753 Dens
2572 5739 2585 5763 ,
2620 5702 2774 5772 legite
2801 5700 2902 5756 hoc
2926 5701 3075 5754 nobis
3100 5717 3164 5754 ex
3193 5700 3359 5769 Lege,
3393 5700 3673 5772 Prophetis
3694 5741 3712 5765 ,

2096 5852 2105 5857 λ
2135 5791 2387 5857 Psalmis,
2418 5792 2717 5862 apostolicis
2742 5802 2795 5846 ct
2825 5808 2876 5845 (δι
2890 5792 3140 5864 angelicis
3164 5791 3394 5847 Litteris.
3424 5792 3604 5863 Legite
3625 5835 3639 5859 ,
3668 5793 3709 5847 si
