4070 6200
364 357 468 411 733

360 467 580 538 potestis
600 509 614 533 ,
646 462 784 535 quod
817 467 868 520 in
897 465 1189 520 Collatione
1220 477 1397 519 nostra
1425 465 1640 519 minime
1672 465 1938 534 potuistis.

361 560 416 613 Si
445 571 617 612 autem
652 558 893 612 homines
915 558 1011 612 is:a
1039 557 1303 619 dixerunt,
1324 558 1388 610 de
1410 559 1599 626 quibus
1619 559 1815 612 dietmu
1841 569 1942 625 est,

362 649 718 707 Firmaverunt
743 652 836 704 sibi
859 667 1135 705 sermonem
1163 646 1434 718 malignum
1464 648 1632 717 (Psal.
1667 666 1816 713 unt,
1846 650 1900 721 6)
1928 669 1940 703 :

362 758 487 798 ecce
517 743 802 796 humanum
847 741 1152 812 ﬁgmentum
1177 781 1192 806 ,
1225 755 1349 794 cccc
1388 740 1527 808 quod
1565 741 1738 794 colitis
1761 783 1776 805 ,
1821 755 1947 796 ecce

362 834 450 888 cui
481 833 723 896 servitis,
758 846 883 887 cccc
914 840 1129 901 propter
1156 829 1296 899 quod
1327 830 1596 885 rebellatis
1615 870 1630 895 ,
1665 831 1906 886 insanitis
1927 871 1943 899 ,

363 923 582 978 ardetis.

437 1017 522 1070 45.
557 1013 790 1067 Gabinus
816 1028 942 1066 vero
961 1022 1013 1066 et
1033 1013 1234 1077 caeteri,
1259 1012 1345 1082 qui
1376 1012 1510 1066 hunc
1537 1011 1829 1066 Ecclesium
1853 1028 1947 1068 co-

364 1115 658 1175 gmwcruut
683 1146 695 1164 ,
727 1103 1032 1172 elegerunt,
1066 1111 1381 1168 tenuerunt,
1417 1117 1517 1154 non
1541 1102 1825 1156 humanum
1848 1103 1944 1171 ﬁg-

367 1205 638 1259 tnentum,
667 1193 759 1248 sed
804 1193 1039 1246 divinum
1078 1195 1398 1262 promissum
1438 1192 1744 1260 praedictum
1772 1204 1823 1247 et
1847 1193 1949 1246 im-

367 1288 566 1357 pletum
607 1300 726 1339 eum
756 1283 996 1339 ﬁdelilms
1035 1283 1232 1337 habere
1271 1284 1578 1352 cupientes,
1606 1282 1825 1336 ulterius
1855 1297 1950 1352 pro

369 1377 599 1431 lmmauo
622 1376 870 1446 ﬁgmento
893 1374 1034 1444 ipsas
1060 1373 1314 1428 humanas
1339 1373 1606 1427 molestias
1633 1375 1832 1441 perpeti
1858 1387 1951 1425 uo-

369 1469 598 1523 luerunt.
627 1466 726 1534 Qui
759 1466 899 1519 enim
929 1481 1023 1534 pro
1049 1465 1270 1518 veritate
1295 1475 1348 1517 ct
1378 1465 1576 1518 unitate
1603 1463 1822 1526 Christi,
1845 1477 1949 1516 non

281 1563 284 1566 ’
367 1560 488 1612 dico
510 1574 596 1614 res
615 1573 738 1612 suas
757 1599 772 1624 ,
800 1557 893 1612 sed
917 1557 1069 1610 istum
1098 1556 1255 1609 etiam
1283 1557 1441 1608 vitam
1467 1569 1614 1608 suam
1636 1596 1650 1618 ,
1680 1555 1798 1609 aliis
1819 1555 1955 1608 dun.

368 1659 508 1705 tixut
531 1648 895 1704 aulerentibus
919 1658 1077 1718 atque
1103 1647 1560 1711 interﬁcientibus,
1589 1645 1842 1706 amiserit,
1864 1661 1954 1697 ve-

368 1758 427 1796 re
455 1743 608 1794 ﬁdem
639 1741 817 1805 habet,
846 1754 972 1792 vere
993 1753 1140 1805 spem
1165 1737 1343 1803 habet,
1375 1752 1500 1789 vere
1521 1735 1832 1810 charitatem
1861 1735 1953 1788 ha-
1984 1809 1994 1815 ξ

369 1833 458 1886 Ιιι·ῑ
477 1875 491 1896 ,
523 1846 645 1886 vere
672 1831 836 1885 Deum
863 1830 1040 1884 habet.
1065 1828 1315 1897 Quisquis
1342 1837 1514 1880 autem
1544 1841 1640 1896 pro
1671 1835 1821 1896 parte
1851 1825 1953 1878 Do-

368 1925 475 1978 nati
495 1923 577 1978 vel
603 1923 864 1976 ﬁmbriam
880 1920 1178 1976 vestimenti
1203 1919 1512 1989 perdiderit,
1530 1932 1624 1972 cor
1640 1932 1745 1971 non
1769 1916 1948 1969 habet.

367 2015 502 2082 Quid
525 2031 652 2084 ergo
678 2015 891 2078 mirum,
911 2013 954 2067 si
977 2011 1219 2067 homines
1247 2011 1533 2080 sapientes,
1552 2023 1674 2064 cum
1708 2007 1952 2063 viderunt

366 2116 550 2159 contra
599 2105 871 2160 obdurattc
898 2103 1297 2159 consuetudinis
1341 2101 1818 2172 pertinacissimum
1853 2118 1948 2156 vc-

369 2205 618 2250 tustatem
647 2195 914 2264 proposita
943 2195 1040 2248 sibi
1071 2207 1190 2249 esse
1214 2193 1404 2247 damna
1443 2202 1498 2247 et
1524 2193 1706 2248 exsilia
1729 2193 1950 2257 ,‘consi-

365 2287 688 2340 deruverunt
713 2297 887 2339 utrunt
917 2300 1014 2354 pro
1045 2297 1194 2355 parte
1226 2285 1409 2339 Donati
1439 2295 1624 2338 contra
1655 2285 1950 2338 Ecclesium

363 2379 704 2444 catholicam,
727 2379 826 2433 hoc
847 2387 947 2440 est,
969 2392 1065 2446 pro
1089 2378 1338 2444 ﬁgmento
1359 2377 1591 2430 lmmano
1611 2386 1791 2430 contra
1818 2391 1951 2444 Opus

362 2468 601 2522 divinum
625 2469 825 2540 perpeti
850 2470 944 2521 ista
966 2467 1222 2522 deberent
1242 2484 1253 2518 :
1273 2477 1324 2521 et
1345 2481 1404 2522 sc
1427 2467 1607 2537 utique
1626 2481 1729 2520 non
1753 2465 1952 2521 debere

364 2560 644 2624 viderunt;
687 2568 846 2628 atque
885 2560 1035 2612 istam
1062 2571 1218 2627 quam
1253 2559 1453 2611 vocatis
1481 2557 1903 2626 persecutiOuem
1930 2597 1946 2622 ,

365 2662 727 2720 cognoverunt
747 2651 844 2704 sibi
871 2665 988 2703 esse
1008 2649 1356 2704 correctionis
1385 2649 1718 2702 occasionem
1741 2691 1755 2712 ,
1787 2656 1842 2702 et
1873 2649 1948 2701 l'e-

365 2753 550 2798 cerunt
573 2742 713 2812 quod
745 2743 998 2810 scriptum
1033 2750 1147 2805 cst,
1180 2739 1259 2793 Da
1291 2740 1506 2810 sapienti
1531 2740 1840 2793 occasionem
1861 2780 1875 2798 ,
1908 2746 1953 2791 et

364 2837 638 2906 sapientior
671 2835 763 2888 erit
795 2833 973 2905 (Prov.
1005 2848 1055 2886 ιι
1075 2875 1089 2896 ,
1121 2830 1218 2904 9)?
1248 2831 1404 2886 Vides
1446 2831 1623 2900 itaque
1648 2845 1806 2900 quam
1839 2829 1950 2882 ina-

367 2930 505 2981 niter
529 2926 725 2982 dixeris
755 2925 991 2990 homini,
1019 2925 1107 2994 qui
1127 2939 1199 2979 .ex
1236 2931 1503 2993 prseeepto
1533 2923 1754 2992 piissimi
1785 2922 1951 2990 impc-

367 3017 560 3073 ratoris
584 3016 665 3071 sui
694 3025 922 3070 vestram
961 3016 1345 3069 correctionem
1379 3015 1634 3084 reqttirit,
1677 3013 1818 3083 quod
1848 3013 1916 3066 hu
1935 3043 1950 3052 -

364 3110 449 3179 jus
496 3108 828 3178 prmlcntiam
882 3105 1215 3161 exsecutoris
1263 3105 1496 3158 ofﬁcium
1549 3120 1654 3159 non
1703 3103 1948 3158 decebat.

364 3200 499 3266 Quid
535 3199 676 3254 enim
701 3196 868 3266 magis
894 3195 1198 3264 religiosum
1238 3194 1551 3247 militantem
1574 3193 1728 3248 decet
1748 3233 1763 3256 ,
1790 3208 1950 3263 quam

365 3290 497 3342 utin
539 3303 598 3342 ea
639 3301 798 3341 causa
832 3287 882 3339 in
910 3299 1011 3354 qua
1044 3278 1324 3353 perpendit
1361 3283 1675 3351 quibusnam
1705 3297 1802 3335 vos
1832 3283 1951 3334 vul-

366 3379 434 3431 tis
475 3391 596 3432 esse
625 3377 867 3445 deceptio
897 3376 914 3406 ί
941 3417 957 3442 ,
990 3375 1169 3429 multis
1199 3374 1311 3444 ipse
1350 3372 1442 3434 ﬁat
1468 3373 1796 3443 corrigendis
1841 3373 1951 3426 sal-

364 3466 551 3520 vado?

433 3556 658 3612 CAPUT
686 3554 928 3610 XXXIV.
956 3583 1030 3595 —
1056 3554 1145 3609 Μ.
1177 3553 1352 3610 Verba
1397 3554 1650 3625 Epistola:
1682 3570 1697 3608 :
1731 3554 1811 3609 Ad
1853 3555 1949 3609 do-

364 3648 594 3713 tendum,
628 3648 815 3718 inquit,
851 3647 1093 3714 papulum
1121 3645 1287 3699 Israel
1310 3648 1626 3714 omnipotens
1655 3645 1792 3700 Deus
1819 3645 1951 3698 Pro-

367 3737 853 3808 phetisprwcouium
881 3735 1037 3799 dedit,
1061 3753 1160 3788 non
1186 3736 1381 3805 regibus
1404 3735 1686 3804 imperarit.
1715 3734 1954 3789 Salvator

365 3831 648 3882 animarum
681 3827 928 3881 Dominus
956 3825 1184 3881 Christus
1205 3827 1273 3878 ad
1300 3825 1652 3880 insinuandam
1681 3826 1852 3895 ﬁdem,
1877 3827 1953 3893 pi-

363 3931 611 3981 scatores,
644 3934 744 3971 non
773 3917 952 3971 milites
979 3916 1132 3969 misit.
1163 3916 1239 3969 Ad
1269 3915 1381 3970 lucc
1401 3916 1679 3984 responsio
1713 3933 1726 3970 :
1758 3916 1952 3970 Audite

363 4026 494 4080 ergo
518 4009 809 4077 Prophetas
827 4017 1059 4070 sanctos,
1082 4016 1134 4060 et
1163 4015 1376 4060 szinctos
1395 4006 1698 4061 Piscatores
1720 4023 1734 4056 :
1758 4017 1811 4060 et
1839 4022 1951 4059 mo-

367 4099 529 4154 lrstos
558 4118 660 4153 non
692 4099 958 4166 patiemini
1002 4096 1430 4166 religiosissimos
1453 4111 1626 4166 reges.
1653 4096 1768 4152 Jum
1808 4097 1949 4150 enim

366 4201 418 4244 et
440 4191 684 4260 superius
705 4189 935 4253 ostendi,
962 4188 1026 4240 ad
1055 4203 1234 4241 curam
1263 4187 1577 4255 pertinuisse
1608 4187 1767 4256 regis,
1788 4195 1843 4240 ut
1862 4185 1954 4240 Ni-

368 4282 546 4334 nivitu:
576 4281 736 4333 Deum
768 4281 1034 4347 placarent
1054 4320 1067 4339 ,
1098 4276 1246 4345 Cujus
1275 4277 1406 4330 iram
1435 4276 1696 4346 Propheta
1742 4291 1952 4329 annun—

368 4374 607 4426 tiavcrut.
657 4371 915 4437 Quamdiu
946 4385 1072 4439 ergo
1111 4385 1206 4423 vos
1250 4386 1354 4422 non
1387 4369 1579 4424 tenetis
1619 4368 1907 4424 Ecclesium
1933 4411 1948 4436 ,

365 4479 524 4532 quam
557 4462 1044 4533 przcnuntiavcrunt
1063 4462 1083 4491 ¹
1105 4502 1119 4527 ,
1155 4461 1444 4529 piscatores
1475 4459 1716 4530 Apostoli
1741 4461 1949 4530 planta-

365 4562 556 4607 veruut
588 4570 601 4604 :
638 4551 838 4607 tamdiu
865 4565 1016 4621 reges
1039 4551 1128 4620 qui
1157 4565 1273 4604 eam
1304 4559 1519 4610 tenent,
1550 4550 1846 4604 rectissime
1884 4550 1950 4603 ad

365 4660 515 4699 suam
541 4659 723 4700 curam
748 4643 986 4713 jndicant
1015 4642 1282 4712 pertinuere
1301 4684 1315 4707 ,
1346 4657 1412 4696 ne
1443 4656 1535 4695 vos
1558 4641 1811 4696 adversus
1832 4658 1949 4696 eam

365 4735 637 4790 rcbclletis
661 4735 895 4803 impune.
914 4731 1046 4787 Nam
1066 4733 1204 4786 Deus
1217 4741 1270 4786 et
1295 4746 1447 4800 rcges
1470 4731 1651 4784 habuit
1669 4733 1802 4786 inter
1823 4732 1952 4786 Pro-

365 4826 554 4896 phetas
574 4843 586 4879 :
609 4824 769 4879 David
793 4824 987 4895 quippe
1013 4835 1249 4890 sanctus,
1270 4821 1410 4892 quod
1436 4837 1538 4876 non
1565 4823 1786 4892 potestis
1804 4823 1952 4893 igno-

365 4931 506 4979 rare,
537 4931 627 4968 rex
661 4914 776 4969 fuit.
807 4913 1000 4969 Audite
1028 4913 1205 4982 itaque
1237 4912 1641 4981 prophetantem
1672 4925 1873 4983 regem,
1898 4923 1952 4968 et

365 5007 565 5060 nullmn
591 5007 894 5076 religiosum
919 5020 1096 5075 regem
1122 5003 1470 5059 formidabilis
1489 5005 1802 5059 irascentem
1824 5022 1836 5057 :
1858 5022 1951 5060 au-

363 5101 506 5166 dite,
543 5102 790 5169 inquam,
826 5101 1144 5169 Prophetam
1186 5113 1363 5167 regem
1391 5096 1655 5152 dicentem
1699 5097 1765 5153 de
1791 5099 1948 5153 Chri-

363 5202 446 5246 sto
466 5234 480 5255 ,
516 5190 870 5244 Dominabitur
898 5207 930 5243 a
958 5187 1087 5240 mari
1117 5203 1273 5258 usque
1311 5187 1377 5239 ad
1407 5203 1576 5253 mare,
1609 5198 1655 5242 et
1683 5205 1713 5240 a
1741 5190 1952 5257 [lumine

363 5301 522 5353 usque
549 5284 618 5336 ad
646 5283 884 5338 terminos
909 5279 1042 5335 orbis
1066 5289 1212 5333 terra:
1239 5277 1409 5346 (l’sal.
1444 5295 1564 5334 tut
1585 5321 1598 5342 ,
1628 5280 1720 5348 8);
1765 5289 1818 5334 et
1844 5296 1948 5333 nou

365 5377 621 5431 timebitis
646 5376 994 5431 christiamnn
1018 5387 1196 5442 regem
1219 5379 1622 5426 suecensentem
1648 5371 1797 5426 vobis
1815 5371 1950 5427 hanc

364 5467 658 5522 Ecclesium
692 5464 1202 5536 blasphemantibus,
1221 5479 1338 5533 qtue
1365 5463 1501 5517 sicut
1521 5478 1550 5516 a
1572 5478 1696 5533 rege
1721 5463 1952 5533 prophe-

365 5566 470 5613 tata
489 5567 591 5623 est,
610 5557 890 5613 exhibetur
911 5571 1078 5628 usque
1095 5555 1159 5609 ad
1186 5540 1440 5609 terminos
1463 5555 1606 5609 orbis
1625 5565 1795 5610 terrai.
1817 5555 1946 5624 Quia

429 5719 444 5750 ι
481 5723 639 5774 Forte,
665 5715 946 5778 quibusdam
963 5725 1041 5778 vos
1062 5711 1218 5764 stultis
1241 5725 1341 5778 esse
1364 5711 1526 5761 exitio.

434 5781 455 5812 ³
488 5772 646 5842 Forte,
670 5772 812 5843 quam
840 5775 1082 5829 Prov/truc
1106 5772 1554 5826 ura'nuntiuveruut.

1707 348 1920 408 LIBER
1949 352 2219 408 PRIMUS.

3536 357 3644 411 735

2060 473 2115 521 et
2142 480 2233 520 rex
2261 462 2779 529 Nabuchodonosor,
2812 468 3052 536 quamvis
3095 469 3350 537 propheta
3390 487 3493 522 tum
3523 469 3641 525 lue-

2057 557 2159 619 rit,
2190 570 2284 610 eos
2307 565 2481 610 tamen
2504 557 2591 625 qui
2617 552 3046 626 blasphemarent
3075 560 3236 612 Deum
3262 559 3480 612 Sidraeh
3502 602 3518 622 ,
3548 561 3644 614 Mi-

2057 647 2182 703 Sacll
2212 656 2266 700 et
2291 647 2598 716 Abdenago,
2622 649 2862 719 religiosa
2893 651 3181 704 severitate
3210 652 3446 705 coercuit
3477 652 3638 712 (Dan.

2057 753 2110 792 ιιι
2137 780 2150 799 .
2183 737 2298 806 96).
2685 726 2688 727 ⁷

2127 827 2354 884 CAPUT
2396 828 2614 883 XXXV.
2645 860 2715 872 —-
2742 830 2832 885 45.
2866 831 3040 887 Verba
3088 831 3338 901 Epistola!
3372 850 3386 886 :
3421 833 3643 887 Munda-

2057 936 2156 985 na',
2179 920 2580 989 inquit,militio)
2603 938 2857 993 nunquam
2879 921 3018 976 Deus
3044 923 3340 991 exspectavit
3368 925 3638 987 auxilium,

2055 1014 2141 1082 qui
2163 1013 2302 1066 solus
2332 1021 2490 1081 potest
2510 1012 2573 1064 de
2595 1013 2716 1065 vivis
2741 1023 2785 1065 et
2812 1015 3021 1066 mortuis
3038 1015 3290 1084 judicare.
3321 1013 3400 1067 Ad
3426 1015 3538 1068 haec
3561 1031 3644 1068 rc-

2057 1104 2274 1172 Sponsio
2307 1121 2319 1157 :
2353 1103 2467 1159 Non
2496 1104 2778 1157 mundame
2809 1105 3007 1158 militia:
3038 1106 3176 1159 Deus
3196 1116 3469 1175 esspeetat
3494 1107 3644 1158 ami-

2057 1195 2185 1249 linm
2208 1238 2220 1257 ,
2249 1194 2462 1264 quando
2489 1193 2705 1263 regibus
2729 1196 2948 1263 largitur
2976 1197 3148 1262 potius
3178 1194 3490 1248 beneﬁcium
3515 1237 3526 1252 .
3552 1196 3640 1264 qui

2058 1286 2136 1339 eis
2158 1285 2377 1354 inspirat.
2394 1295 2451 1338 ut
2470 1285 2520 1338 in
2541 1281 2703 1354 regno
2727 1298 2824 1336 suo
2841 1295 3028 1338 curent
3046 1285 3155 1337 ﬁeri
3183 1285 3386 1337 Domini
3409 1284 3488 1336 sui
3505 1299 3642 1354 pra:-

2058 1385 2292 1443 Ceptnm.
2316 1375 2518 1442 Quibus
2539 1376 2678 1430 enim
2697 1375 2903 1439 dictum
2927 1385 3044 1439 est,
3081 1374 3147 1427 Et
3173 1391 3306 1428 nunc
3325 1416 3340 1440 ,
3369 1391 3508 1445 reges
3528 1417 3542 1437 ,
3565 1375 3644 1426 in-

2059 1467 2302 1536 telligite;
2336 1467 2603 1520 erudimini
2620 1506 2633 1528 ,
2663 1466 2748 1536 qui
2777 1466 3025 1537 judicatis
3065 1476 3250 1518 terram
3279 1482 3298 1520 :
3329 1467 3505 1518 servile
3537 1464 3642 1518 Do-
3703 1452 3714 1460 ’

2059 1559 2195 1611 mino
2224 1559 2276 1611 in
2308 1559 2485 1612 timore
2513 1557 2684 1629 (Psal.
2717 1575 2751 1612 ιι
2777 1602 2789 1622 ,
2821 1559 2888 1613 10
2909 1601 2924 1625 ,
2956 1559 3080 1625 ll);
3112 1559 3345 1613 sentiunt
3376 1575 3526 1614 suam
3553 1574 3646 1627 po-

2061 1656 2304 1704 testatem
2334 1650 2403 1702 ita
2446 1650 2668 1703 Domino
2707 1649 2910 1703 servire
2937 1649 3168 1715 debere,
3213 1659 3268 1702 ut
3293 1665 3354 1703 ea
3385 1657 3645 1719 potestate

2062 1739 2379 1808 plectantur,
2401 1741 2487 1809 qui
2512 1740 2700 1794 nolunt
2721 1740 2836 1809 ejus
2853 1740 3106 1794 Voluntati
3135 1741 3356 1794 servire.
3376 1740 3526 1808 Quod
3549 1755 3643 1793 an-

2059 1839 2163 1884 tem
2194 1831 2262 1885 de
2288 1831 2541 1885 militibus
2573 1831 2700 1884 facis
2728 1831 2975 1884 invidiam
2997 1872 3010 1893 ,
3054 1831 3098 1884 si
3129 1831 3309 1899 utique
3343 1834 3439 1885 ista
3476 1848 3600 1886 cura
3625 1873 3640 1894 .

2057 1921 2194 1975 sicut
2237 1920 2346 1989 jam
2400 1920 2678 1974 docuimus
2711 1960 2726 1983 ,
2781 1921 2832 1974 in
2885 1919 3177 1988 Scripturis
3226 1921 3424 1974 sanctis
3476 1923 3642 1990 perti-

2058 2025 2186 2064 nere
2216 2011 2616 2065 demonstratnr
2641 2010 2704 2064 ad
2735 2025 2885 2081 rcges
2907 2052 2920 2074 ,
2957 2025 3053 2079 per
3080 2026 3213 2080 quos
3245 2010 3294 2064 id
3325 2013 3495 2066 acturi
3521 2020 3644 2067 sunt

2057 2099 2318 2157 adversus
2369 2102 2602 2156 rebelles
2651 2101 3136 2156 Circumcelliones
3168 2112 3223 2156 et
3275 2104 3492 2158 insanos
3547 2119 3642 2158 co-

2057 2205 2174 2244 rum
2202 2193 2318 2246 sive
2349 2191 2634 2261 participes
2668 2192 2786 2246 sive
2811 2191 3078 2262 principes
3101 2232 3116 2256 ,
3153 2192 3252 2246 nisi
3285 2207 3378 2261 per
3401 2192 3643 2248 subditos

2059 2282 2296 2335 milites?

2128 2390 2354 2446 C.\PUT
2382 2390 2624 2447 XXXVI.
2655 2393 2842 2448 —_,46.
2873 2391 3044 2446 Verba
3073 2393 3325 2461 Epistula!
3359 2411 3371 2447 :
3408 2393 3514 2449 Sed
3552 2396 3645 2449 hoc

2058 2500 2159 2536 non
2187 2485 2348 2536 sciunt
2369 2527 2383 2550 ,
2427 2485 2631 2554 inquit,
2663 2485 2941 2538 alienarum
2970 2501 3138 2538 rerum
3171 2485 3516 2552 incubatores,
3558 2487 3644 2556 qui

2058 2590 2149 2627 nec
2164 2573 2322 2627 Deum
2344 2575 2554 2628 audiunt
2577 2575 2837 2634 dicentem,
2855 2594 2872 2626 ι
2902 2574 3020 2628 Non
3050 2577 3376 2645 concupiscas
3399 2593 3502 2630 rem
3526 2593 3645 2645 pro-

2056 2666 2180 2720 ximi
2208 2667 2279 2719 tui
2309 2686 2326 2718 ι
2349 2666 2538 2735 (Exod.
2560 2684 2650 2723 xx.
2673 2669 2759 2736 l7)
2783 2684 2796 2720 :
2818 2683 2907 2721 nec
2925 2685 3011 2736 per
3038 2668 3362 2721 Salontonem
3391 2668 3644 2738 Spiritum

2056 2766 2286 2810 sanctum
2313 2759 2574 2825 dicentem,
2591 2777 2610 2809 ι
2624 2758 2765 2811 Tunc
2785 2759 2986 2812 stabunt
2989 2761 3122 2830 justi
3137 2759 3188 2811 in
3213 2775 3394 2828 magna
3410 2769 3617 2831 constan
3630 2788 3646 2799 ο

2058 2847 2128 2899 tia
2154 2847 2394 2902 adversus
2412 2864 2495 2902 eos
2521 2850 2606 2916 qui
2635 2865 2688 2902 se
2706 2850 3134 2918 augustiaverunt,
3159 2859 3205 2902 et
3225 2850 3310 2920 qui
3331 2849 3645 2903 abstulerunt

2058 2937 2253 2992 labores
2273 2953 2462 2991 eorum.
2499 2937 2732 2991 i’identes
2762 2939 3092 2992 turbabuntur
3116 2940 3294 2992 timore
3322 2939 3571 3003 horribili,
3595 2948 3645 2993 et

2058 3030 2374 3083 mirabuntur
2399 3031 2451 3082 in
2482 3031 2779 3084 subitatione
2799 3031 3069 3100 insperata:
3087 3031 3295 3093 salutis;
3317 3031 3538 3085 dicentes
3565 3031 3645 3085 in-

2057 3130 2131 3173 ter
2156 3137 2208 3173 se
2226 3163 2241 3188 ,
2273 3121 2611 3190 paenitentiam
2641 3121 2876 3174 habentes
2895 3163 2908 3185 ,
2941 3129 2987 3174 et
3015 3137 3103 3190 per
3130 3121 3414 3191 angustiam
3439 3121 3644 3191 spiritus

2056 3223 2340 3284 gementes:
2362 3212 2432 3265 Ili
2461 3221 2576 3266 sunt
2601 3230 2725 3282 quos
2745 3214 3017 3280 aliquando
3039 3213 3302 3264 habuimus
3328 3213 3377 3265 in
3400 3212 3640 3274 derisum,

2057 3313 2104 3358 et
2131 3305 2182 3357 in
2211 3305 2584 3357 similitudinem
2614 3305 2924 3374 improperii.
2963 3302 3072 3357 Nos
3101 3303 3340 3356 insensati
3378 3304 3528 3356 vitam
3571 3303 3640 3354 il-

2057 3395 2221 3450 lorum
2264 3396 2666 3450 existimabamus
2695 3395 2978 3454 insaniam,
3023 3403 3070 3446 et
3111 3395 3262 3460 linem
3303 3393 3506 3447 illorum
3535 3392 3644 3445 sine

2058 3488 2246 3540 honore
2275 3502 2292 3539 :
2322 3485 2572 3556 quomodo
2601 3483 2874 3554 computati
2898 3492 3014 3536 sunt
3045 3484 3173 3534 inter
3200 3482 3333 3549 filios
3363 3481 3473 3546 Dei,
3499 3490 3544 3534 et
3564 3481 3645 3533 iu-

2058 3588 2132 3632 ter
2156 3587 2357 3632 sanctos
2383 3593 2490 3630 sors
2516 3577 2722 3629 illorum
2760 3574 2875 3628 est?
2911 3573 3044 3642 Ergo
3071 3573 3352 3627 erravimus
3377 3589 3409 3625 a
3438 3573 3516 3626 via
3557 3588 3644 3626 ve-

2056 3661 2258 3730 ritatis;
2288 3675 2334 3719 et
2357 3666 2572 3736 justitia:
2603 3666 2770 3717 lumen
2797 3680 2897 3716 non
2924 3663 3094 3715 illuxit
3136 3663 3278 3714 nobis
3311 3677 3328 3715 :
3357 3661 3532 3715 lassati
3559 3679 3644 3715 su-

2057 3774 2167 3810 mus
2193 3757 2247 3809 in
2273 3755 2554 3825 iniquitatis
2581 3764 2624 3807 et
2656 3755 2949 3822 perditionis
2975 3755 3075 3814 via,
3106 3761 3151 3803 et
3175 3752 3538 3805 ambulavimns
3557 3769 3643 3804 so-

2059 3848 2291 3902 litudines
2307 3846 2530 3917 diﬂiciles
2542 3863 2559 3910 ,'
2579 3846 2710 3899 viam
2725 3855 2890 3896 (mlt’m
2912 3843 3113 3895 Domini
3130 3844 3483 3914 ignoravimus.
3508 3841 3646 3909 Quid

2057 3941 2199 3993 nobis
2222 3940 2410 4010 profuit
2426 3937 2694 4007 superbia?
2709 3946 2794 3989 aut
2811 3936 2932 4005 quid
2951 3935 3240 3987 divitiarum
3253 3935 3503 4004 jactantia
3521 3949 3642 3986 con-

2059 4029 2170 4083 tulit
2187 4029 2365 4082 nobis?
2381 4027 2710 4082 Transierunt
2727 4027 2893 4080 omnia
2910 4035 3149 4095 tanquam
3169 4024 3343 4076 umbra
3357 4044 3375 4076 ι
3408 4024 3563 4093 (Sap.
3584 4039 3636 4086 v,

2059 4121 2204 4190 1-9).
2238 4119 2361 4173 Ila'c
2385 4121 2539 4190 igitur
2568 4120 2694 4188 ﬁdes
2720 4135 2811 4171 nos
2832 4119 3084 4179 hortatur,
3115 4127 3167 4169 ut
3193 4117 3398 4170 libenter
3420 4133 3511 4186 pro
3535 4116 3644 4171 Deo

2056 4213 2108 4266 in
2125 4214 2220 4266 ista
2237 4212 2579 4282 persecutione
2594 4214 2889 4263 moriamur.
2911 4208 2988 4263 Ad
3008 4208 3120 4261 haec
3138 4209 3412 4277 responsio
3432 4225 3445 4261 :
3467 4209 3644 4278 Agno-

2057 4303 2190 4356 scite
2219 4301 2392 4356 scelus
2414 4312 2644 4354 vestrum
2665 4342 2678 4363 ,
2715 4309 2768 4353 et
2791 4299 2953 4353 nolite
2985 4299 3132 4351 vobis
3163 4313 3418 4366 usurpare
3447 4312 3644 4351 nomen

2058 4396 2308 4450 alienum.
2339 4392 2608 4463 Scriptura
2636 4393 2800 4458 dixit,
2829 4391 2973 4445 Tunc
3008 4391 3209 4446 stabunt
3225 4391 3352 4460 justi
3377 4390 3429 4443 in
3460 4405 3646 4460 magna

2058 4485 2339 4539 constantia
2360 4483 2600 4538 adversus
2623 4499 2707 4537 eos
2727 4484 2810 4551 qui
2837 4498 2890 4536 se
2908 4481 3336 4552 angustiaverunt,
3356 4489 3401 4533 et
3423 4480 3510 4546 qui
3529 4480 3645 4533 abs-

2061 4576 2281 4628 tulerunt
2330 4573 2525 4627 labores
2554 4589 2747 4626 eorum.
2780 4571 2892 4625 Non
2919 4570 3071 4632 dixit,
3095 4570 3320 4624 Stabunt
3347 4584 3534 4624 omnes
3553 4584 3646 4638 qm

2057 4665 2193 4717 mala
2223 4663 2361 4733 passi
2389 4672 2514 4718 sunt
2544 4680 2558 4714 :
2592 4660 2684 4717 sed
2705 4703 2720 4729 ,
2748 4662 2944 4715 stabunt
2964 4661 3118 4731 justi.
3140 4660 3285 4714 Sicut
3308 4669 3362 4716 et
3390 4660 3647 4714 Dominus

2057 4770 2178 4810 cum
2217 4755 2471 4820 dixisset,
2501 4753 2644 4808 Beati
2683 4753 2768 4823 qui
2803 4752 3192 4823 persecutionem
3219 4751 3514 4822 patiuntur,
3543 4751 3645 4803 nlSl

2057 4847 2382 4909 addidisset,
2413 4856 2616 4918 prapter
2632 4847 2886 4916 justitiam
2915 4843 3129 4913 (Matth.
3159 4858 3190 4896 v
3209 4885 3225 4906 ,
3260 4843 3384 4911 l0),
3411 4857 3516 4897 non
3550 4855 3642 4896 so-

2059 4937 2140 4992 los
2164 4937 2485 5008 signiﬁcaret
2512 4938 2598 5006 qui
2623 4951 2720 5006 pro
2749 4951 2839 4990 sua
2873 4935 2925 4989 in
2959 4935 3180 4988 Domino
3208 4933 3456 5003 patientia
3483 4947 3642 4988 coro-

2059 5038 2288 5094 nantur,
2319 5028 2410 5082 sed
2451 5027 2759 5081 etiam'illos
2786 5027 2873 5096 qui
2902 5026 3054 5095 justis
3085 5025 3290 5096 legibus
3331 5023 3641 5094 puniuntur.

2058 5121 2392 5191 Quapropter
2412 5120 2455 5174 si
2483 5119 2547 5173 ad
2577 5134 2668 5173 vos
2695 5119 2890 5189 putatis
2920 5117 3033 5171 ha-c
3051 5118 3315 5184 justorum
3338 5113 3499 5170 verba
3521 5129 3643 5183 quae

2059 5213 2254 5282 scripta
2285 5220 2408 5265 sunt
2435 5211 2701 5281 pertinere
2721 5251 2735 5272 ,
2767 5209 2912 5278 prius
2945 5224 3011 5261 an
3048 5208 3175 5276 justi
3202 5207 3318 5262 sitis
3357 5203 3643 5261 ostendite.

2059 5303 2274 5358 ltahetis
2295 5303 2438 5376 enim
2469 5317 2556 5357 res
2589 5314 2806 5370 magnas
2825 5341 2841 5363 ,
2870 5312 3000 5367 quas
3027 5299 3166 5352 inter
3185 5305 3390 5352 vestras
3408 5294 3647 5365 justitias

2059 5393 2358 5458 vcntiletis;
2401 5391 2714 5447 divisionem
2757 5389 2988 5455 ChriSti,
3034 5389 3413 5445 rescissionem
3450 5385 3642 5441 Sacra-

2059 5497 2356 5542 mentorum
2387 5486 2603 5549 Christi,
2634 5485 2990 5540 desertionem
3021 5483 3166 5553 pacis
3194 5479 3418 5548 Christi,
3445 5477 3645 5534 bellant

2055 5589 2241 5635 contra
2293 5577 2530 5633 membra
2559 5576 2790 5640 Christi,
2822 5575 3221 5630 criminationes
3266 5571 3320 5626 in
3363 5568 3642 5640 coniugem
3699 5617 3712 5639 ._

2057 5671 2275 5735 Christi,
2297 5671 2632 5741 negationem
2659 5667 3043 5739 promissorum
3072 5661 3290 5719 Christi.
3310 5663 3403 5718 ιιω
3427 5671 3549 5717 sunt
3562 5661 3644 5730 ju-

2060 5762 2215 5819 stitia:
2239 5773 2446 5830 vestrm,
2471 5773 2690 5838 propter
2720 5777 2850 5835 quas
2871 5758 3116 5816 videlicet
3143 5757 3349 5816 stabilis
3371 5758 3423 5815 in
3456 5767 3641 5826 magna

2319 5934 2388 5945 n4
2395 5932 2405 5938 '
2625 5924 2627 5926 ’
3238 5929 3292 5944 κ’-
