  <div class='ocr_page' id='page_1' title='image "/cluster/home/n/w/nwhite01/storage/ocr_20150623/43/hvd.32044096580659/373.png"; bbox 0 0 4108 6198; ppageno 0'>
   <div class='ocr_carea' id='block_1_1' title="bbox 548 408 641 466">
    <p class='ocr_par' dir='ltr' id='par_1_1' title="bbox 548 408 641 466">
     <span class='ocr_line' id='line_1_1' title="bbox 548 408 641 466; baseline 0.022 -2"><span class='ocrx_word' id='word_1_1' title='bbox 548 408 641 466; x_wconf 79' lang='grc' dir='ltr'><strong>ῑ35</strong></span> 
     </span>
    </p>
   </div>
   <div class='ocr_carea' id='block_1_2' title="bbox 538 517 2120 584">
    <p class='ocr_par' dir='ltr' id='par_1_2' title="bbox 538 517 2120 584">
     <span class='ocr_line' id='line_1_2' title="bbox 538 517 2120 584; baseline -0.006 -8"><span class='ocrx_word' id='word_1_2' title='bbox 538 521 828 576; x_wconf 85' lang='lat' dir='ltr'><strong>constantia</strong></span> <span class='ocrx_word' id='word_1_3' title='bbox 856 517 1311 584; x_wconf 72' lang='lat' dir='ltr'><strong>adversttSro-zqni</strong></span> <span class='ocrx_word' id='word_1_4' title='bbox 1339 532 1429 566; x_wconf 69' lang='lat' dir='ltr'><strong>vos</strong></span> <span class='ocrx_word' id='word_1_5' title='bbox 1455 517 1903 584; x_wconf 70' lang='lat' dir='ltr'><strong>angnstiavcrnnt,</strong></span> <span class='ocrx_word' id='word_1_6' title='bbox 1928 527 1976 568; x_wconf 89' lang='lat' dir='ltr'><strong>ct</strong></span> <span class='ocrx_word' id='word_1_7' title='bbox 1999 520 2120 568; x_wconf 74' lang='lat' dir='ltr'><strong>abs-</strong></span> 
     </span>
    </p>
   </div>
   <div class='ocr_carea' id='block_1_3' title="bbox 542 585 2121 674">
    <p class='ocr_par' dir='ltr' id='par_1_3' title="bbox 542 585 2121 674">
     <span class='ocr_line' id='line_1_3' title="bbox 542 585 2121 674; baseline -0.004 -9"><span class='ocrx_word' id='word_1_8' title='bbox 542 612 772 666; x_wconf 91' lang='lat' dir='ltr'><strong>tulerunt</strong></span> <span class='ocrx_word' id='word_1_9' title='bbox 811 607 1016 660; x_wconf 83' lang='lat' dir='ltr'><strong>labores</strong></span> <span class='ocrx_word' id='word_1_10' title='bbox 1054 617 1278 660; x_wconf 89' lang='lat' dir='ltr'><strong>vestros.</strong></span> <span class='ocrx_word' id='word_1_11' title='bbox 1298 585 1414 659; x_wconf 76' lang='lat' dir='ltr'><strong>Jain</strong></span> <span class='ocrx_word' id='word_1_12' title='bbox 1435 622 1558 659; x_wconf 90' lang='lat' dir='ltr'><strong>vero</strong></span> <span class='ocrx_word' id='word_1_13' title='bbox 1585 621 1702 660; x_wconf 91' lang='lat' dir='ltr'><strong>cum</strong></span> <span class='ocrx_word' id='word_1_14' title='bbox 1734 607 1872 660; x_wconf 90' lang='lat' dir='ltr'><strong>inter</strong></span> <span class='ocrx_word' id='word_1_15' title='bbox 1891 606 2121 674; x_wconf 85' lang='lat' dir='ltr'><strong>justitias</strong></span> 
     </span>
    </p>
   </div>
   <div class='ocr_carea' id='block_1_4' title="bbox 539 699 2123 768">
    <p class='ocr_par' dir='ltr' id='par_1_4' title="bbox 539 699 2123 768">
     <span class='ocr_line' id='line_1_4' title="bbox 539 699 2123 768; baseline -0.003 -11"><span class='ocrx_word' id='word_1_16' title='bbox 539 710 743 757; x_wconf 89' lang='lat' dir='ltr'><strong>vestras</strong></span> <span class='ocrx_word' id='word_1_17' title='bbox 767 701 968 768; x_wconf 85' lang='lat' dir='ltr'><strong>jactare</strong></span> <span class='ocrx_word' id='word_1_18' title='bbox 986 699 1275 767; x_wconf 72' lang='lat' dir='ltr'><strong>cmperitis,</strong></span> <span class='ocrx_word' id='word_1_19' title='bbox 1298 699 1435 766; x_wconf 87' lang='lat' dir='ltr'><strong>quod</strong></span> <span class='ocrx_word' id='word_1_20' title='bbox 1453 714 1546 752; x_wconf 91' lang='lat' dir='ltr'><strong>vos</strong></span> <span class='ocrx_word' id='word_1_21' title='bbox 1573 699 1716 766; x_wconf 90' lang='lat' dir='ltr'><strong>ipsos</strong></span> <span class='ocrx_word' id='word_1_22' title='bbox 1748 699 1981 760; x_wconf 87' lang='lat' dir='ltr'><strong>necatis;</strong></span> <span class='ocrx_word' id='word_1_23' title='bbox 2004 699 2123 768; x_wconf 85' lang='lat' dir='ltr'><strong>quis</strong></span> 
     </span>
    </p>
   </div>
   <div class='ocr_carea' id='block_1_5' title="bbox 538 789 2124 859">
    <p class='ocr_par' dir='ltr' id='par_1_5' title="bbox 538 789 2124 859">
     <span class='ocr_line' id='line_1_5' title="bbox 538 789 2124 859; baseline -0.003 -13"><span class='ocrx_word' id='word_1_24' title='bbox 538 791 689 846; x_wconf 90' lang='lat' dir='ltr'><strong>vobis</strong></span> <span class='ocrx_word' id='word_1_25' title='bbox 710 790 886 859; x_wconf 87' lang='lat' dir='ltr'><strong>justus</strong></span> <span class='ocrx_word' id='word_1_26' title='bbox 913 790 1245 858; x_wconf 56' lang='lat' dir='ltr'><strong>atquabitur?</strong></span> <span class='ocrx_word' id='word_1_27' title='bbox 1275 789 1422 842; x_wconf 81' lang='lat' dir='ltr'><strong>Tunc</strong></span> <span class='ocrx_word' id='word_1_28' title='bbox 1463 789 1603 843; x_wconf 90' lang='lat' dir='ltr'><strong>enim</strong></span> <span class='ocrx_word' id='word_1_29' title='bbox 1645 789 1874 843; x_wconf 83' lang='lat' dir='ltr'><strong>maxime</strong></span> <span class='ocrx_word' id='word_1_30' title='bbox 1900 805 2124 857; x_wconf 90' lang='lat' dir='ltr'><strong>appare-</strong></span> 
     </span>
    </p>
   </div>
   <div class='ocr_carea' id='block_1_6' title="bbox 538 879 2123 948">
    <p class='ocr_par' dir='ltr' id='par_1_6' title="bbox 538 879 2123 948">
     <span class='ocr_line' id='line_1_6' title="bbox 538 879 2123 948; baseline -0.001 -13"><span class='ocrx_word' id='word_1_31' title='bbox 538 881 664 937; x_wconf 89' lang='lat' dir='ltr'><strong>bitis</strong></span> <span class='ocrx_word' id='word_1_32' title='bbox 687 880 1006 934; x_wconf 91' lang='lat' dir='ltr'><strong>vindicandi.</strong></span> <span class='ocrx_word' id='word_1_33' title='bbox 1041 881 1143 932; x_wconf 76' lang='lat' dir='ltr'><strong>Sed</strong></span> <span class='ocrx_word' id='word_1_34' title='bbox 1168 880 1338 932; x_wconf 90' lang='lat' dir='ltr'><strong>videte</strong></span> <span class='ocrx_word' id='word_1_35' title='bbox 1375 879 1441 932; x_wconf 85' lang='lat' dir='ltr'><strong>de</strong></span> <span class='ocrx_word' id='word_1_36' title='bbox 1462 880 1653 948; x_wconf 85' lang='lat' dir='ltr'><strong>quibus</strong></span> <span class='ocrx_word' id='word_1_37' title='bbox 1685 895 1698 931; x_wconf 92' lang='lat'>:</span> <span class='ocrx_word' id='word_1_38' title='bbox 1733 879 1799 934; x_wconf 90' lang='lat' dir='ltr'><strong>de</strong></span> <span class='ocrx_word' id='word_1_39' title='bbox 1839 879 1921 932; x_wconf 91' lang='lat' dir='ltr'><strong>bis</strong></span> <span class='ocrx_word' id='word_1_40' title='bbox 1942 880 2123 947; x_wconf 87' lang='lat' dir='ltr'><strong>utique</strong></span> 
     </span>
    </p>
   </div>
   <div class='ocr_carea' id='block_1_7' title="bbox 539 969 2120 1041">
    <p class='ocr_par' dir='ltr' id='par_1_7' title="bbox 539 969 2120 1041">
     <span class='ocr_line' id='line_1_7' title="bbox 539 969 2120 1041; baseline -0.003 -17"><span class='ocrx_word' id='word_1_41' title='bbox 539 973 628 1041; x_wconf 87' lang='lat' dir='ltr'><strong>qui</strong></span> <span class='ocrx_word' id='word_1_42' title='bbox 659 987 752 1025; x_wconf 90' lang='lat' dir='ltr'><strong>vos</strong></span> <span class='ocrx_word' id='word_1_43' title='bbox 781 971 1110 1027; x_wconf 86' lang='lat' dir='ltr'><strong>occiderunt.</strong></span> <span class='ocrx_word' id='word_1_44' title='bbox 1141 971 1279 1038; x_wconf 76' lang='lat' dir='ltr'><strong>Ergo</strong></span> <span class='ocrx_word' id='word_1_45' title='bbox 1307 977 1364 1024; x_wconf 90' lang='lat' dir='ltr'><strong>ut</strong></span> <span class='ocrx_word' id='word_1_46' title='bbox 1383 969 1721 1024; x_wconf 89' lang='lat' dir='ltr'><strong>vindicemini</strong></span> <span class='ocrx_word' id='word_1_47' title='bbox 1743 1011 1758 1035; x_wconf 96' lang='lat'><strong>,</strong></span> <span class='ocrx_word' id='word_1_48' title='bbox 1791 969 2078 1038; x_wconf 89' lang='lat' dir='ltr'><strong>puniemini</strong></span> <span class='ocrx_word' id='word_1_49' title='bbox 2107 1011 2120 1031; x_wconf 91' lang='lat'><strong>,</strong></span> 
     </span>
    </p>
   </div>
   <div class='ocr_carea' id='block_1_8' title="bbox 540 1059 2121 1128">
    <p class='ocr_par' dir='ltr' id='par_1_8' title="bbox 540 1059 2121 1128">
     <span class='ocr_line' id='line_1_8' title="bbox 540 1059 2121 1128; baseline -0.003 -13"><span class='ocrx_word' id='word_1_50' title='bbox 540 1072 592 1115; x_wconf 89' lang='lat' dir='ltr'><strong>et</strong></span> <span class='ocrx_word' id='word_1_51' title='bbox 615 1063 823 1116; x_wconf 88' lang='lat' dir='ltr'><strong>stabilis</strong></span> <span class='ocrx_word' id='word_1_52' title='bbox 846 1062 1101 1115; x_wconf 71' lang='lat' dir='ltr'><strong>advel-aus</strong></span> <span class='ocrx_word' id='word_1_53' title='bbox 1128 1077 1220 1114; x_wconf 86' lang='lat' dir='ltr'><strong>vos</strong></span> <span class='ocrx_word' id='word_1_54' title='bbox 1243 1062 1419 1128; x_wconf 85' lang='lat' dir='ltr'><strong>ipsos?</strong></span> <span class='ocrx_word' id='word_1_55' title='bbox 1436 1060 1664 1113; x_wconf 81' lang='lat' dir='ltr'><strong>Maxime</strong></span> <span class='ocrx_word' id='word_1_56' title='bbox 1687 1059 1910 1122; x_wconf 77' lang='lat' dir='ltr'><strong>stabilis,</strong></span> <span class='ocrx_word' id='word_1_57' title='bbox 1932 1061 2019 1128; x_wconf 91' lang='lat' dir='ltr'><strong>qui</strong></span> <span class='ocrx_word' id='word_1_58' title='bbox 2040 1074 2121 1112; x_wconf 87' lang='lat' dir='ltr'><strong>ca-</strong></span> 
     </span>
    </p>
   </div>
   <div class='ocr_carea' id='block_1_9' title="bbox 544 1152 2126 1221">
    <p class='ocr_par' dir='ltr' id='par_1_9' title="bbox 544 1152 2126 1221">
     <span class='ocr_line' id='line_1_9' title="bbox 544 1152 2126 1221; baseline -0.001 -16"><span class='ocrx_word' id='word_1_59' title='bbox 544 1154 702 1207; x_wconf 88' lang='lat' dir='ltr'><strong>minis</strong></span> <span class='ocrx_word' id='word_1_60' title='bbox 726 1153 920 1206; x_wconf 81' lang='lat' dir='ltr'><strong>clausis</strong></span> <span class='ocrx_word' id='word_1_61' title='bbox 947 1168 1039 1206; x_wconf 93' lang='lat' dir='ltr'><strong>vos</strong></span> <span class='ocrx_word' id='word_1_62' title='bbox 1066 1153 1116 1205; x_wconf 93' lang='lat' dir='ltr'><strong>in</strong></span> <span class='ocrx_word' id='word_1_63' title='bbox 1144 1152 1386 1206; x_wconf 81' lang='lat' dir='ltr'><strong>crudeles</strong></span> <span class='ocrx_word' id='word_1_64' title='bbox 1425 1152 1698 1221; x_wconf 76' lang='lat' dir='ltr'><strong>angustias</strong></span> <span class='ocrx_word' id='word_1_65' title='bbox 1720 1152 2001 1205; x_wconf 89' lang='lat' dir='ltr'><strong>coarctatis</strong></span> <span class='ocrx_word' id='word_1_66' title='bbox 2024 1192 2040 1217; x_wconf 90' lang='lat'><strong>,</strong></span> <span class='ocrx_word' id='word_1_67' title='bbox 2071 1160 2126 1204; x_wconf 93' lang='lat' dir='ltr'><strong>ut</strong></span> 
     </span>
    </p>
   </div>
   <div class='ocr_carea' id='block_1_10' title="bbox 542 1244 2124 1313">
    <p class='ocr_par' dir='ltr' id='par_1_10' title="bbox 542 1244 2124 1313">
     <span class='ocr_line' id='line_1_10' title="bbox 542 1244 2124 1313; baseline -0.001 -16"><span class='ocrx_word' id='word_1_68' title='bbox 542 1254 596 1298; x_wconf 85' lang='lat' dir='ltr'><strong>et</strong></span> <span class='ocrx_word' id='word_1_69' title='bbox 630 1245 720 1313; x_wconf 85' lang='lat' dir='ltr'><strong>qui</strong></span> <span class='ocrx_word' id='word_1_70' title='bbox 749 1244 974 1298; x_wconf 84' lang='lat' dir='ltr'><strong>voluerit</strong></span> <span class='ocrx_word' id='word_1_71' title='bbox 1006 1245 1288 1299; x_wconf 85' lang='lat' dir='ltr'><strong>subvenire</strong></span> <span class='ocrx_word' id='word_1_72' title='bbox 1308 1286 1320 1305; x_wconf 88' lang='lat'><strong>,</strong></span> <span class='ocrx_word' id='word_1_73' title='bbox 1351 1261 1454 1296; x_wconf 90' lang='lat' dir='ltr'><strong>non</strong></span> <span class='ocrx_word' id='word_1_74' title='bbox 1493 1245 1660 1312; x_wconf 82' lang='lat' dir='ltr'><strong>possit</strong></span> <span class='ocrx_word' id='word_1_75' title='bbox 1691 1245 1888 1297; x_wconf 87' lang='lat' dir='ltr'><strong>intrare</strong></span> <span class='ocrx_word' id='word_1_76' title='bbox 1911 1285 1923 1307; x_wconf 96' lang='lat'><strong>,</strong></span> <span class='ocrx_word' id='word_1_77' title='bbox 1956 1255 2010 1297; x_wconf 89' lang='lat' dir='ltr'><strong>et</strong></span> <span class='ocrx_word' id='word_1_78' title='bbox 2038 1245 2124 1312; x_wconf 91' lang='lat' dir='ltr'><strong>qui</strong></span> 
     </span>
    </p>
   </div>
   <div class='ocr_carea' id='block_1_11' title="bbox 545 1325 2125 1404">
    <p class='ocr_par' dir='ltr' id='par_1_11' title="bbox 545 1325 2125 1404">
     <span class='ocr_line' id='line_1_11' title="bbox 545 1325 2125 1404; baseline -0.001 -15"><span class='ocrx_word' id='word_1_79' title='bbox 545 1337 770 1390; x_wconf 85' lang='lat' dir='ltr'><strong>voluerit</strong></span> <span class='ocrx_word' id='word_1_80' title='bbox 789 1336 1037 1402; x_wconf 77' lang='lat' dir='ltr'><strong>evadere,</strong></span> <span class='ocrx_word' id='word_1_81' title='bbox 1058 1351 1162 1389; x_wconf 88' lang='lat' dir='ltr'><strong>non</strong></span> <span class='ocrx_word' id='word_1_82' title='bbox 1188 1337 1352 1404; x_wconf 83' lang='lat' dir='ltr'><strong>possit</strong></span> <span class='ocrx_word' id='word_1_83' title='bbox 1371 1337 1536 1388; x_wconf 77' lang='lat' dir='ltr'><strong>exire.</strong></span> <span class='ocrx_word' id='word_1_84' title='bbox 1561 1335 1728 1396; x_wconf 83' lang='lat' dir='ltr'><strong>Absit,</strong></span> <span class='ocrx_word' id='word_1_85' title='bbox 1747 1334 1887 1388; x_wconf 85' lang='lat' dir='ltr'><strong>absit.</strong></span> <span class='ocrx_word' id='word_1_86' title='bbox 1911 1325 2125 1389; x_wconf 77' lang='lat' dir='ltr'><strong>instent</strong></span> 
     </span>
    </p>
   </div>
   <div class='ocr_carea' id='block_1_12' title="bbox 541 1425 2126 1495">
    <p class='ocr_par' dir='ltr' id='par_1_12' title="bbox 541 1425 2126 1495">
     <span class='ocr_line' id='line_1_12' title="bbox 541 1425 2126 1495; baseline 0.001 -17"><span class='ocrx_word' id='word_1_87' title='bbox 541 1441 664 1478; x_wconf 90' lang='lat' dir='ltr'><strong>cum</strong></span> <span class='ocrx_word' id='word_1_88' title='bbox 709 1442 896 1495; x_wconf 87' lang='lat' dir='ltr'><strong>magna</strong></span> <span class='ocrx_word' id='word_1_89' title='bbox 925 1426 1253 1488; x_wconf 79' lang='lat' dir='ltr'><strong>constantia,</strong></span> <span class='ocrx_word' id='word_1_90' title='bbox 1285 1441 1404 1478; x_wconf 92' lang='lat' dir='ltr'><strong>cum</strong></span> <span class='ocrx_word' id='word_1_91' title='bbox 1437 1425 1652 1478; x_wconf 88' lang='lat' dir='ltr'><strong>stabunt</strong></span> <span class='ocrx_word' id='word_1_92' title='bbox 1687 1439 1806 1478; x_wconf 93' lang='lat' dir='ltr'><strong>cum</strong></span> <span class='ocrx_word' id='word_1_93' title='bbox 1855 1436 1960 1478; x_wconf 90' lang='lat' dir='ltr'><strong>tam</strong></span> <span class='ocrx_word' id='word_1_94' title='bbox 1989 1427 2126 1480; x_wconf 86' lang='lat' dir='ltr'><strong>mala</strong></span> 
     </span>
    </p>
   </div>
   <div class='ocr_carea' id='block_1_13' title="bbox 541 1516 2126 1585">
    <p class='ocr_par' dir='ltr' id='par_1_13' title="bbox 541 1516 2126 1585">
     <span class='ocr_line' id='line_1_13' title="bbox 541 1516 2126 1585; baseline 0 -15"><span class='ocrx_word' id='word_1_95' title='bbox 541 1516 889 1571; x_wconf 82' lang='lat' dir='ltr'><strong>conscientia.</strong></span> <span class='ocrx_word' id='word_1_96' title='bbox 935 1516 1044 1570; x_wconf 86' lang='lat' dir='ltr'><strong>Nisi</strong></span> <span class='ocrx_word' id='word_1_97' title='bbox 1091 1516 1227 1570; x_wconf 90' lang='lat' dir='ltr'><strong>forte</strong></span> <span class='ocrx_word' id='word_1_98' title='bbox 1271 1517 1599 1570; x_wconf 73' lang='lat' dir='ltr'><strong>arbitramini</strong></span> <span class='ocrx_word' id='word_1_99' title='bbox 1647 1526 1925 1585; x_wconf 83' lang='lat' dir='ltr'><strong>propterea</strong></span> <span class='ocrx_word' id='word_1_100' title='bbox 1975 1518 2126 1571; x_wconf 89' lang='lat' dir='ltr'><strong>vobis</strong></span> 
     </span>
    </p>
   </div>
   <div class='ocr_carea' id='block_1_14' title="bbox 546 1611 2126 1680">
    <p class='ocr_par' dir='ltr' id='par_1_14' title="bbox 546 1611 2126 1680">
     <span class='ocr_line' id='line_1_14' title="bbox 546 1611 2126 1680; baseline -0.001 -16"><span class='ocrx_word' id='word_1_101' title='bbox 546 1611 708 1664; x_wconf 88' lang='lat' dir='ltr'><strong>Deum</strong></span> <span class='ocrx_word' id='word_1_102' title='bbox 731 1620 856 1665; x_wconf 87' lang='lat' dir='ltr'><strong>tunc</strong></span> <span class='ocrx_word' id='word_1_103' title='bbox 877 1625 1036 1680; x_wconf 88' lang='lat' dir='ltr'><strong>posse</strong></span> <span class='ocrx_word' id='word_1_104' title='bbox 1075 1625 1290 1679; x_wconf 88' lang='lat' dir='ltr'><strong>parcere</strong></span> <span class='ocrx_word' id='word_1_105' title='bbox 1317 1626 1411 1678; x_wconf 92' lang='lat' dir='ltr'><strong>pro</strong></span> <span class='ocrx_word' id='word_1_106' title='bbox 1437 1611 1726 1664; x_wconf 81' lang='lat' dir='ltr'><strong>sceleribus</strong></span> <span class='ocrx_word' id='word_1_107' title='bbox 1747 1612 1936 1664; x_wconf 91' lang='lat' dir='ltr'><strong>vestris</strong></span> <span class='ocrx_word' id='word_1_108' title='bbox 1957 1652 1971 1675; x_wconf 93' lang='lat'><strong>,</strong></span> <span class='ocrx_word' id='word_1_109' title='bbox 2005 1611 2126 1678; x_wconf 89' lang='lat' dir='ltr'><strong>quia</strong></span> 
     </span>
    </p>
   </div>
   <div class='ocr_carea' id='block_1_15' title="bbox 545 1701 2129 1772">
    <p class='ocr_par' dir='ltr' id='par_1_15' title="bbox 545 1701 2129 1772">
     <span class='ocr_line' id='line_1_15' title="bbox 545 1701 2129 1772; baseline -0.001 -16"><span class='ocrx_word' id='word_1_110' title='bbox 545 1704 642 1772; x_wconf 84' lang='lat' dir='ltr'><strong>ipsi</strong></span> <span class='ocrx_word' id='word_1_111' title='bbox 661 1703 813 1757; x_wconf 80' lang='lat' dir='ltr'><strong>vobis</strong></span> <span class='ocrx_word' id='word_1_112' title='bbox 837 1703 996 1758; x_wconf 90' lang='lat' dir='ltr'><strong>modo</strong></span> <span class='ocrx_word' id='word_1_113' title='bbox 1013 1718 1117 1756; x_wconf 91' lang='lat' dir='ltr'><strong>non</strong></span> <span class='ocrx_word' id='word_1_114' title='bbox 1139 1703 1374 1772; x_wconf 87' lang='lat' dir='ltr'><strong>parcitis.</strong></span> <span class='ocrx_word' id='word_1_115' title='bbox 1394 1701 1543 1757; x_wconf 89' lang='lat' dir='ltr'><strong>Unde</strong></span> <span class='ocrx_word' id='word_1_116' title='bbox 1567 1703 1724 1757; x_wconf 88' lang='lat' dir='ltr'><strong>etiam</strong></span> <span class='ocrx_word' id='word_1_117' title='bbox 1748 1703 1990 1770; x_wconf 80' lang='lat' dir='ltr'><strong>quaedam</strong></span> <span class='ocrx_word' id='word_1_118' title='bbox 2006 1717 2129 1755; x_wconf 90' lang='lat' dir='ltr'><strong>san-</strong></span> 
     </span>
    </p>
   </div>
   <div class='ocr_carea' id='block_1_16' title="bbox 545 1793 2128 1864">
    <p class='ocr_par' dir='ltr' id='par_1_16' title="bbox 545 1793 2128 1864">
     <span class='ocr_line' id='line_1_16' title="bbox 545 1793 2128 1864; baseline 0 -17"><span class='ocrx_word' id='word_1_119' title='bbox 545 1795 877 1850; x_wconf 83' lang='lat' dir='ltr'><strong>ctimoniales</strong></span> <span class='ocrx_word' id='word_1_120' title='bbox 902 1804 1092 1848; x_wconf 75' lang='lat' dir='ltr'><strong>vestra:</strong></span> <span class='ocrx_word' id='word_1_121' title='bbox 1117 1793 1348 1864; x_wconf 78' lang='lat' dir='ltr'><strong>gravidae</strong></span> <span class='ocrx_word' id='word_1_122' title='bbox 1389 1809 1484 1863; x_wconf 90' lang='lat' dir='ltr'><strong>per</strong></span> <span class='ocrx_word' id='word_1_123' title='bbox 1513 1809 1636 1846; x_wconf 78' lang='lat' dir='ltr'><strong>saxa</strong></span> <span class='ocrx_word' id='word_1_124' title='bbox 1669 1809 1726 1847; x_wconf 90' lang='lat' dir='ltr'><strong>se</strong></span> <span class='ocrx_word' id='word_1_125' title='bbox 1747 1794 2007 1847; x_wconf 90' lang='lat' dir='ltr'><strong>miserunt</strong></span> <span class='ocrx_word' id='word_1_126' title='bbox 2027 1835 2042 1859; x_wconf 90' lang='lat'><strong>,</strong></span> <span class='ocrx_word' id='word_1_127' title='bbox 2075 1802 2128 1847; x_wconf 89' lang='lat' dir='ltr'><strong>et</strong></span> 
     </span>
    </p>
   </div>
   <div class='ocr_carea' id='block_1_17' title="bbox 548 1885 2126 1953">
    <p class='ocr_par' dir='ltr' id='par_1_17' title="bbox 548 1885 2126 1953">
     <span class='ocr_line' id='line_1_17' title="bbox 548 1885 2126 1953; baseline -0.001 -14"><span class='ocrx_word' id='word_1_128' title='bbox 548 1887 929 1941; x_wconf 89' lang='lat' dir='ltr'><strong>dissilientibns</strong></span> <span class='ocrx_word' id='word_1_129' title='bbox 967 1887 1130 1939; x_wconf 90' lang='lat' dir='ltr'><strong>uteris</strong></span> <span class='ocrx_word' id='word_1_130' title='bbox 1157 1885 1559 1939; x_wconf 89' lang='lat' dir='ltr'><strong>bomicidiorum</strong></span> <span class='ocrx_word' id='word_1_131' title='bbox 1588 1886 1789 1939; x_wconf 89' lang='lat' dir='ltr'><strong>scelere</strong></span> <span class='ocrx_word' id='word_1_132' title='bbox 1819 1893 1873 1939; x_wconf 90' lang='lat' dir='ltr'><strong>et</strong></span> <span class='ocrx_word' id='word_1_133' title='bbox 1911 1895 2126 1953; x_wconf 80' lang='lat' dir='ltr'><strong>stupro-</strong></span> 
     </span>
    </p>
   </div>
   <div class='ocr_carea' id='block_1_18' title="bbox 549 1975 2125 2046">
    <p class='ocr_par' dir='ltr' id='par_1_18' title="bbox 549 1975 2125 2046">
     <span class='ocr_line' id='line_1_18' title="bbox 549 1975 2125 2046; baseline -0.001 -16"><span class='ocrx_word' id='word_1_134' title='bbox 549 1993 664 2030; x_wconf 89' lang='lat' dir='ltr'><strong>rum</strong></span> <span class='ocrx_word' id='word_1_135' title='bbox 692 1979 890 2031; x_wconf 89' lang='lat' dir='ltr'><strong>scelera</strong></span> <span class='ocrx_word' id='word_1_136' title='bbox 918 1976 1676 2046; x_wconf 79' lang='lat' dir='ltr'><strong>prodiderunt;existimantes</strong></span> <span class='ocrx_word' id='word_1_137' title='bbox 1697 1977 1740 2029; x_wconf 87' lang='lat' dir='ltr'><strong>si</strong></span> <span class='ocrx_word' id='word_1_138' title='bbox 1768 1975 1868 2029; x_wconf 86' lang='lat' dir='ltr'><strong>hoc</strong></span> <span class='ocrx_word' id='word_1_139' title='bbox 1893 1976 2050 2030; x_wconf 90' lang='lat' dir='ltr'><strong>modo</strong></span> <span class='ocrx_word' id='word_1_140' title='bbox 2074 1975 2125 2029; x_wconf 93' lang='lat' dir='ltr'><strong>in</strong></span> 
     </span>
    </p>
   </div>
   <div class='ocr_carea' id='block_1_19' title="bbox 548 2067 2122 2136">
    <p class='ocr_par' dir='ltr' id='par_1_19' title="bbox 548 2067 2122 2136">
     <span class='ocr_line' id='line_1_19' title="bbox 548 2067 2122 2136; baseline -0.001 -15"><span class='ocrx_word' id='word_1_141' title='bbox 548 2084 608 2122; x_wconf 88' lang='lat' dir='ltr'><strong>se</strong></span> <span class='ocrx_word' id='word_1_142' title='bbox 633 2068 1009 2130; x_wconf 75' lang='lat' dir='ltr'><strong>vindicassent,</strong></span> <span class='ocrx_word' id='word_1_143' title='bbox 1031 2067 1174 2121; x_wconf 92' lang='lat' dir='ltr'><strong>nullo</strong></span> <span class='ocrx_word' id='word_1_144' title='bbox 1196 2067 1305 2136; x_wconf 88' lang='lat' dir='ltr'><strong>jam</strong></span> <span class='ocrx_word' id='word_1_145' title='bbox 1329 2067 1487 2120; x_wconf 90' lang='lat' dir='ltr'><strong>modo</strong></span> <span class='ocrx_word' id='word_1_146' title='bbox 1511 2068 1673 2120; x_wconf 90' lang='lat' dir='ltr'><strong>Deum</strong></span> <span class='ocrx_word' id='word_1_147' title='bbox 1699 2067 2082 2122; x_wconf 84' lang='lat' dir='ltr'><strong>vindicaturum</strong></span> <span class='ocrx_word' id='word_1_148' title='bbox 2111 2085 2122 2120; x_wconf 92' lang='lat'><strong>:</strong></span> 
     </span>
    </p>
   </div>
   <div class='ocr_carea' id='block_1_20' title="bbox 548 2157 2127 2227">
    <p class='ocr_par' dir='ltr' id='par_1_20' title="bbox 548 2157 2127 2227">
     <span class='ocr_line' id='line_1_20' title="bbox 548 2157 2127 2227; baseline 0 -15"><span class='ocrx_word' id='word_1_149' title='bbox 548 2160 684 2213; x_wconf 85' lang='lat' dir='ltr'><strong>sicut</strong></span> <span class='ocrx_word' id='word_1_150' title='bbox 710 2170 764 2213; x_wconf 89' lang='lat' dir='ltr'><strong>et</strong></span> <span class='ocrx_word' id='word_1_151' title='bbox 791 2174 884 2212; x_wconf 85' lang='lat' dir='ltr'><strong>vos</strong></span> <span class='ocrx_word' id='word_1_152' title='bbox 908 2159 1098 2227; x_wconf 89' lang='lat' dir='ltr'><strong>putatis</strong></span> <span class='ocrx_word' id='word_1_153' title='bbox 1120 2197 1135 2223; x_wconf 98' lang='lat'><strong>,</strong></span> <span class='ocrx_word' id='word_1_154' title='bbox 1166 2173 1283 2227; x_wconf 78' lang='lat' dir='ltr'><strong>qua:</strong></span> <span class='ocrx_word' id='word_1_155' title='bbox 1312 2158 1587 2227; x_wconf 84' lang='lat' dir='ltr'><strong>sacrilegio</strong></span> <span class='ocrx_word' id='word_1_156' title='bbox 1609 2158 1911 2212; x_wconf 87' lang='lat' dir='ltr'><strong>sebismatis</strong></span> <span class='ocrx_word' id='word_1_157' title='bbox 1937 2168 1989 2212; x_wconf 91' lang='lat' dir='ltr'><strong>et</strong></span> <span class='ocrx_word' id='word_1_158' title='bbox 2018 2157 2127 2212; x_wconf 80' lang='lat' dir='ltr'><strong>ha:—</strong></span> 
     </span>
    </p>
   </div>
   <div class='ocr_carea' id='block_1_21' title="bbox 547 2247 2124 2318">
    <p class='ocr_par' dir='ltr' id='par_1_21' title="bbox 547 2247 2124 2318">
     <span class='ocr_line' id='line_1_21' title="bbox 547 2247 2124 2318; baseline 0.001 -18"><span class='ocrx_word' id='word_1_159' title='bbox 547 2249 699 2313; x_wconf 85' lang='lat' dir='ltr'><strong>resis,</strong></span> <span class='ocrx_word' id='word_1_160' title='bbox 728 2249 809 2302; x_wconf 91' lang='lat' dir='ltr'><strong>vel</strong></span> <span class='ocrx_word' id='word_1_161' title='bbox 838 2247 1211 2318; x_wconf 81' lang='lat' dir='ltr'><strong>depraedando,</strong></span> <span class='ocrx_word' id='word_1_162' title='bbox 1245 2247 1631 2312; x_wconf 88' lang='lat' dir='ltr'><strong>detruncando,</strong></span> <span class='ocrx_word' id='word_1_163' title='bbox 1660 2249 1999 2315; x_wconf 59' lang='lat' dir='ltr'><strong>exercendo,</strong></span> <span class='ocrx_word' id='word_1_164' title='bbox 2032 2264 2124 2304; x_wconf 86' lang='lat' dir='ltr'><strong>oc-</strong></span> 
     </span>
    </p>
   </div>
   <div class='ocr_carea' id='block_1_22' title="bbox 543 2339 2128 2409">
    <p class='ocr_par' dir='ltr' id='par_1_22' title="bbox 543 2339 2128 2409">
     <span class='ocr_line' id='line_1_22' title="bbox 543 2339 2128 2409; baseline -0.001 -15"><span class='ocrx_word' id='word_1_165' title='bbox 543 2339 771 2395; x_wconf 90' lang='lat' dir='ltr'><strong>cidendo</strong></span> <span class='ocrx_word' id='word_1_166' title='bbox 790 2382 805 2405; x_wconf 92' lang='lat'><strong>,</strong></span> <span class='ocrx_word' id='word_1_167' title='bbox 837 2349 1108 2409; x_wconf 87' lang='lat' dir='ltr'><strong>postremo</strong></span> <span class='ocrx_word' id='word_1_168' title='bbox 1129 2340 1284 2394; x_wconf 88' lang='lat' dir='ltr'><strong>etiam</strong></span> <span class='ocrx_word' id='word_1_169' title='bbox 1309 2339 1685 2407; x_wconf 89' lang='lat' dir='ltr'><strong>rebaptizando</strong></span> <span class='ocrx_word' id='word_1_170' title='bbox 1709 2339 2012 2394; x_wconf 87' lang='lat' dir='ltr'><strong>Catholicos</strong></span> <span class='ocrx_word' id='word_1_171' title='bbox 2029 2381 2045 2405; x_wconf 95' lang='lat'><strong>,</strong></span> <span class='ocrx_word' id='word_1_172' title='bbox 2074 2349 2128 2393; x_wconf 90' lang='lat' dir='ltr'><strong>et</strong></span> 
     </span>
    </p>
   </div>
   <div class='ocr_carea' id='block_1_23' title="bbox 544 2429 2127 2500">
    <p class='ocr_par' dir='ltr' id='par_1_23' title="bbox 544 2429 2127 2500">
     <span class='ocr_line' id='line_1_23' title="bbox 544 2429 2127 2500; baseline 0 -16"><span class='ocrx_word' id='word_1_173' title='bbox 544 2430 796 2500; x_wconf 65' lang='lat' dir='ltr'><strong>quaelibet</strong></span> <span class='ocrx_word' id='word_1_174' title='bbox 814 2431 914 2484; x_wconf 89' lang='lat' dir='ltr'><strong>alia</strong></span> <span class='ocrx_word' id='word_1_175' title='bbox 946 2439 1232 2499; x_wconf 88' lang='lat' dir='ltr'><strong>potuerunt</strong></span> <span class='ocrx_word' id='word_1_176' title='bbox 1252 2445 1281 2482; x_wconf 92' lang='lat' dir='ltr'><strong>a</strong></span> <span class='ocrx_word' id='word_1_177' title='bbox 1306 2429 1454 2483; x_wconf 90' lang='lat' dir='ltr'><strong>vobis</strong></span> <span class='ocrx_word' id='word_1_178' title='bbox 1477 2429 1701 2483; x_wconf 89' lang='lat' dir='ltr'><strong>nefanda</strong></span> <span class='ocrx_word' id='word_1_179' title='bbox 1723 2430 2004 2493; x_wconf 87' lang='lat' dir='ltr'><strong>committi,</strong></span> <span class='ocrx_word' id='word_1_180' title='bbox 2028 2433 2127 2484; x_wconf 91' lang='lat' dir='ltr'><strong>isto</strong></span> 
     </span>
    </p>
   </div>
   <div class='ocr_carea' id='block_1_24' title="bbox 547 2519 2124 2589">
    <p class='ocr_par' dir='ltr' id='par_1_24' title="bbox 547 2519 2124 2589">
     <span class='ocr_line' id='line_1_24' title="bbox 547 2519 2124 2589; baseline 0.002 -17"><span class='ocrx_word' id='word_1_181' title='bbox 547 2519 706 2575; x_wconf 90' lang='lat' dir='ltr'><strong>modo</strong></span> <span class='ocrx_word' id='word_1_182' title='bbox 736 2534 912 2589; x_wconf 86' lang='lat' dir='ltr'><strong>posse,</strong></span> <span class='ocrx_word' id='word_1_183' title='bbox 946 2521 1070 2589; x_wconf 85' lang='lat' dir='ltr'><strong>quia</strong></span> <span class='ocrx_word' id='word_1_184' title='bbox 1090 2536 1185 2575; x_wconf 89' lang='lat' dir='ltr'><strong>vos</strong></span> <span class='ocrx_word' id='word_1_185' title='bbox 1224 2520 1484 2584; x_wconf 85' lang='lat' dir='ltr'><strong>occiditis,</strong></span> <span class='ocrx_word' id='word_1_186' title='bbox 1518 2522 1738 2588; x_wconf 81' lang='lat' dir='ltr'><strong>expiari.</strong></span> <span class='ocrx_word' id='word_1_187' title='bbox 1770 2521 2085 2587; x_wconf 78' lang='lat' dir='ltr'><strong>Sed‘crratis</strong></span> <span class='ocrx_word' id='word_1_188' title='bbox 2111 2540 2124 2576; x_wconf 87' lang='lat'><strong>:</strong></span> 
     </span>
    </p>
   </div>
   <div class='ocr_carea' id='block_1_25' title="bbox 547 2612 2126 2683">
    <p class='ocr_par' dir='ltr' id='par_1_25' title="bbox 547 2612 2126 2683">
     <span class='ocr_line' id='line_1_25' title="bbox 547 2612 2126 2683; baseline -0.001 -17"><span class='ocrx_word' id='word_1_189' title='bbox 547 2615 646 2667; x_wconf 86' lang='lat' dir='ltr'><strong>hoc</strong></span> <span class='ocrx_word' id='word_1_190' title='bbox 669 2614 871 2683; x_wconf 86' lang='lat' dir='ltr'><strong>putavit</strong></span> <span class='ocrx_word' id='word_1_191' title='bbox 895 2621 950 2667; x_wconf 88' lang='lat' dir='ltr'><strong>et</strong></span> <span class='ocrx_word' id='word_1_192' title='bbox 975 2612 1156 2667; x_wconf 82' lang='lat' dir='ltr'><strong>Judas.</strong></span> <span class='ocrx_word' id='word_1_193' title='bbox 1187 2613 1268 2666; x_wconf 85' lang='lat' dir='ltr'><strong>An</strong></span> <span class='ocrx_word' id='word_1_194' title='bbox 1295 2612 1398 2666; x_wconf 89' lang='lat' dir='ltr'><strong>hoc</strong></span> <span class='ocrx_word' id='word_1_195' title='bbox 1431 2613 1589 2666; x_wconf 90' lang='lat' dir='ltr'><strong>etiam</strong></span> <span class='ocrx_word' id='word_1_196' title='bbox 1616 2613 1772 2665; x_wconf 90' lang='lat' dir='ltr'><strong>vultis</strong></span> <span class='ocrx_word' id='word_1_197' title='bbox 1795 2612 1990 2667; x_wconf 86' lang='lat' dir='ltr'><strong>addere</strong></span> <span class='ocrx_word' id='word_1_198' title='bbox 2027 2613 2126 2667; x_wconf 84' lang='lat' dir='ltr'><strong>do-</strong></span> 
     </span>
    </p>
   </div>
   <div class='ocr_carea' id='block_1_26' title="bbox 543 2705 2128 2776">
    <p class='ocr_par' dir='ltr' id='par_1_26' title="bbox 543 2705 2128 2776">
     <span class='ocr_line' id='line_1_26' title="bbox 543 2705 2128 2776; baseline -0.001 -15"><span class='ocrx_word' id='word_1_199' title='bbox 543 2717 846 2762; x_wconf 90' lang='lat' dir='ltr'><strong>cumentum</strong></span> <span class='ocrx_word' id='word_1_200' title='bbox 869 2747 882 2769; x_wconf 87' lang='lat'><strong>,</strong></span> <span class='ocrx_word' id='word_1_201' title='bbox 916 2721 1023 2776; x_wconf 89' lang='lat' dir='ltr'><strong>quo</strong></span> <span class='ocrx_word' id='word_1_202' title='bbox 1069 2706 1268 2759; x_wconf 88' lang='lat' dir='ltr'><strong>certius</strong></span> <span class='ocrx_word' id='word_1_203' title='bbox 1312 2705 1616 2758; x_wconf 90' lang='lat' dir='ltr'><strong>noverimus</strong></span> <span class='ocrx_word' id='word_1_204' title='bbox 1663 2705 1894 2774; x_wconf 80' lang='lat' dir='ltr'><strong>majores</strong></span> <span class='ocrx_word' id='word_1_205' title='bbox 1922 2714 2128 2760; x_wconf 90' lang='lat' dir='ltr'><strong>vestros</strong></span> 
     </span>
    </p>
   </div>
   <div class='ocr_carea' id='block_1_27' title="bbox 545 2788 2128 2867">
    <p class='ocr_par' dir='ltr' id='par_1_27' title="bbox 545 2788 2128 2867">
     <span class='ocr_line' id='line_1_27' title="bbox 545 2788 2128 2867; baseline -0.001 -17"><span class='ocrx_word' id='word_1_206' title='bbox 545 2798 718 2867; x_wconf 86' lang='lat' dir='ltr'><strong>potius</strong></span> <span class='ocrx_word' id='word_1_207' title='bbox 732 2797 907 2852; x_wconf 72' lang='lat' dir='ltr'><strong>fuisse</strong></span> <span class='ocrx_word' id='word_1_208' title='bbox 938 2795 1255 2864; x_wconf 88' lang='lat' dir='ltr'><strong>traditores,</strong></span> <span class='ocrx_word' id='word_1_209' title='bbox 1288 2796 1411 2866; x_wconf 86' lang='lat' dir='ltr'><strong>quia</strong></span> <span class='ocrx_word' id='word_1_210' title='bbox 1439 2802 1668 2851; x_wconf 86' lang='lat' dir='ltr'><strong>mortem</strong></span> <span class='ocrx_word' id='word_1_211' title='bbox 1700 2788 1979 2850; x_wconf 90' lang='lat' dir='ltr'><strong>imitamini</strong></span> <span class='ocrx_word' id='word_1_212' title='bbox 2021 2804 2128 2849; x_wconf 82' lang='lat' dir='ltr'><strong>tra-</strong></span> 
     </span>
    </p>
   </div>
   <div class='ocr_carea' id='block_1_28' title="bbox 543 2889 770 2944">
    <p class='ocr_par' dir='ltr' id='par_1_28' title="bbox 543 2889 770 2944">
     <span class='ocr_line' id='line_1_28' title="bbox 543 2889 770 2944; baseline -0.004 -1"><span class='ocrx_word' id='word_1_213' title='bbox 543 2889 770 2944; x_wconf 90' lang='lat' dir='ltr'><strong>ditoris?</strong></span> 
     </span>
    </p>
   </div>
   <div class='ocr_carea' id='block_1_29' title="bbox 614 2979 2128 3048">
    <p class='ocr_par' dir='ltr' id='par_1_29' title="bbox 614 2979 2128 3048">
     <span class='ocr_line' id='line_1_29' title="bbox 614 2979 2128 3048; baseline -0.002 -13"><span class='ocrx_word' id='word_1_214' title='bbox 614 2981 840 3036; x_wconf 79' lang='lat' dir='ltr'><strong>CAPUT</strong></span> <span class='ocrx_word' id='word_1_215' title='bbox 878 2979 1142 3036; x_wconf 81' lang='lat' dir='ltr'><strong>XXXVII.</strong></span> <span class='ocrx_word' id='word_1_216' title='bbox 1175 3009 1243 3018; x_wconf 85' lang='lat'><strong>——</strong></span> <span class='ocrx_word' id='word_1_217' title='bbox 1273 2980 1362 3035; x_wconf 71' lang='grc'><strong>47.</strong></span> <span class='ocrx_word' id='word_1_218' title='bbox 1404 2979 1545 3048; x_wconf 84' lang='lat' dir='ltr'><strong>Ergo</strong></span> <span class='ocrx_word' id='word_1_219' title='bbox 1583 2979 1722 3048; x_wconf 88' lang='lat' dir='ltr'><strong>quod</strong></span> <span class='ocrx_word' id='word_1_220' title='bbox 1753 2979 1804 3032; x_wconf 93' lang='lat' dir='ltr'><strong>in</strong></span> <span class='ocrx_word' id='word_1_221' title='bbox 1833 2979 2128 3033; x_wconf 84' lang='lat' dir='ltr'><strong>Collatione</strong></span> 
     </span>
    </p>
   </div>
   <div class='ocr_carea' id='block_1_30' title="bbox 543 3070 2126 3141">
    <p class='ocr_par' dir='ltr' id='par_1_30' title="bbox 543 3070 2126 3141">
     <span class='ocr_line' id='line_1_30' title="bbox 543 3070 2126 3141; baseline -0.003 -13"><span class='ocrx_word' id='word_1_222' title='bbox 543 3075 876 3128; x_wconf 87' lang='lat' dir='ltr'><strong>eontentiose</strong></span> <span class='ocrx_word' id='word_1_223' title='bbox 926 3087 1120 3141; x_wconf 84' lang='lat' dir='ltr'><strong>negare</strong></span> <span class='ocrx_word' id='word_1_224' title='bbox 1159 3070 1423 3136; x_wconf 86' lang='lat' dir='ltr'><strong>voluistis,</strong></span> <span class='ocrx_word' id='word_1_225' title='bbox 1473 3071 1632 3124; x_wconf 89' lang='lat' dir='ltr'><strong>etiam</strong></span> <span class='ocrx_word' id='word_1_226' title='bbox 1680 3070 1805 3124; x_wconf 84' lang='lat' dir='ltr'><strong>hinc</strong></span> <span class='ocrx_word' id='word_1_227' title='bbox 1836 3085 1958 3124; x_wconf 88' lang='lat' dir='ltr'><strong>vera</strong></span> <span class='ocrx_word' id='word_1_228' title='bbox 2007 3085 2126 3125; x_wconf 89' lang='lat' dir='ltr'><strong>esse</strong></span> 
     </span>
    </p>
   </div>
   <div class='ocr_carea' id='block_1_31' title="bbox 542 3160 2126 3233">
    <p class='ocr_par' dir='ltr' id='par_1_31' title="bbox 542 3160 2126 3233">
     <span class='ocr_line' id='line_1_31' title="bbox 542 3160 2126 3233; baseline -0.002 -15"><span class='ocrx_word' id='word_1_229' title='bbox 542 3174 692 3233; x_wconf 82' lang='lat' dir='ltr'><strong>gesta</strong></span> <span class='ocrx_word' id='word_1_230' title='bbox 718 3163 958 3216; x_wconf 87' lang='lat' dir='ltr'><strong>firmatis.</strong></span> <span class='ocrx_word' id='word_1_231' title='bbox 1002 3162 1056 3216; x_wconf 93' lang='lat' dir='ltr'><strong>ln</strong></span> <span class='ocrx_word' id='word_1_232' title='bbox 1085 3162 1278 3232; x_wconf 90' lang='lat' dir='ltr'><strong>quibus</strong></span> <span class='ocrx_word' id='word_1_233' title='bbox 1321 3160 1583 3215; x_wconf 87' lang='lat' dir='ltr'><strong>confessis</strong></span> <span class='ocrx_word' id='word_1_234' title='bbox 1629 3160 1989 3225; x_wconf 89' lang='lat' dir='ltr'><strong>traditoribus,</strong></span> <span class='ocrx_word' id='word_1_235' title='bbox 2037 3161 2126 3230; x_wconf 89' lang='lat' dir='ltr'><strong>qui</strong></span> 
     </span>
    </p>
   </div>
   <div class='ocr_carea' id='block_1_32' title="bbox 543 3251 2124 3325">
    <p class='ocr_par' dir='ltr' id='par_1_32' title="bbox 543 3251 2124 3325">
     <span class='ocr_line' id='line_1_32' title="bbox 543 3251 2124 3325; baseline -0.004 -14"><span class='ocrx_word' id='word_1_236' title='bbox 543 3268 669 3312; x_wconf 87' lang='lat' dir='ltr'><strong>tunc</strong></span> <span class='ocrx_word' id='word_1_237' title='bbox 700 3257 881 3325; x_wconf 78' lang='lat' dir='ltr'><strong>prima:</strong></span> <span class='ocrx_word' id='word_1_238' title='bbox 911 3254 1052 3308; x_wconf 88' lang='lat' dir='ltr'><strong>sedis</strong></span> <span class='ocrx_word' id='word_1_239' title='bbox 1081 3255 1360 3323; x_wconf 83' lang='lat' dir='ltr'><strong>episcopus</strong></span> <span class='ocrx_word' id='word_1_240' title='bbox 1399 3254 1451 3307; x_wconf 90' lang='lat' dir='ltr'><strong>in</strong></span> <span class='ocrx_word' id='word_1_241' title='bbox 1480 3253 1724 3307; x_wconf 89' lang='lat' dir='ltr'><strong>Numidia</strong></span> <span class='ocrx_word' id='word_1_242' title='bbox 1757 3251 1886 3318; x_wconf 88' lang='lat' dir='ltr'><strong>fuit,</strong></span> <span class='ocrx_word' id='word_1_243' title='bbox 1919 3251 2124 3306; x_wconf 89' lang='lat' dir='ltr'><strong>Secun-</strong></span> 
     </span>
    </p>
   </div>
   <div class='ocr_carea' id='block_1_33' title="bbox 543 3342 2126 3416">
    <p class='ocr_par' dir='ltr' id='par_1_33' title="bbox 543 3342 2126 3416">
     <span class='ocr_line' id='line_1_33' title="bbox 543 3342 2126 3416; baseline -0.005 -13"><span class='ocrx_word' id='word_1_244' title='bbox 543 3348 642 3402; x_wconf 90' lang='lat' dir='ltr'><strong>dus</strong></span> <span class='ocrx_word' id='word_1_245' title='bbox 666 3346 987 3416; x_wconf 85' lang='lat' dir='ltr'><strong>Tigisitanus</strong></span> <span class='ocrx_word' id='word_1_246' title='bbox 1015 3345 1252 3416; x_wconf 85' lang='lat' dir='ltr'><strong>ignovit,</strong></span> <span class='ocrx_word' id='word_1_247' title='bbox 1280 3352 1334 3399; x_wconf 91' lang='lat' dir='ltr'><strong>et</strong></span> <span class='ocrx_word' id='word_1_248' title='bbox 1356 3343 1549 3413; x_wconf 91' lang='lat' dir='ltr'><strong>quibus</strong></span> <span class='ocrx_word' id='word_1_249' title='bbox 1573 3342 1796 3396; x_wconf 89' lang='lat' dir='ltr'><strong>crimina</strong></span> <span class='ocrx_word' id='word_1_250' title='bbox 1832 3342 2126 3396; x_wconf 88' lang='lat' dir='ltr'><strong>traditionis</strong></span> 
     </span>
    </p>
   </div>
   <div class='ocr_carea' id='block_1_34' title="bbox 543 3431 2126 3508">
    <p class='ocr_par' dir='ltr' id='par_1_34' title="bbox 543 3431 2126 3508">
     <span class='ocr_line' id='line_1_34' title="bbox 543 3431 2126 3508; baseline -0.004 -16"><span class='ocrx_word' id='word_1_251' title='bbox 543 3437 820 3492; x_wconf 88' lang='lat' dir='ltr'><strong>manifesta</strong></span> <span class='ocrx_word' id='word_1_252' title='bbox 861 3446 1018 3508; x_wconf 89' lang='lat' dir='ltr'><strong>atque</strong></span> <span class='ocrx_word' id='word_1_253' title='bbox 1062 3434 1306 3489; x_wconf 88' lang='lat' dir='ltr'><strong>confessa</strong></span> <span class='ocrx_word' id='word_1_254' title='bbox 1349 3434 1486 3502; x_wconf 89' lang='lat' dir='ltr'><strong>apud</strong></span> <span class='ocrx_word' id='word_1_255' title='bbox 1529 3431 1727 3487; x_wconf 87' lang='lat' dir='ltr'><strong>Cirtam</strong></span> <span class='ocrx_word' id='word_1_256' title='bbox 1778 3433 2126 3501; x_wconf 64' lang='lat' dir='ltr'><strong>praesentibus</strong></span> 
     </span>
    </p>
   </div>
   <div class='ocr_carea' id='block_1_35' title="bbox 543 3521 2125 3592">
    <p class='ocr_par' dir='ltr' id='par_1_35' title="bbox 543 3521 2125 3592">
     <span class='ocr_line' id='line_1_35' title="bbox 543 3521 2125 3592; baseline -0.004 -12"><span class='ocrx_word' id='word_1_257' title='bbox 543 3527 826 3591; x_wconf 79' lang='lat' dir='ltr'><strong>relaxavit,</strong></span> <span class='ocrx_word' id='word_1_258' title='bbox 857 3540 978 3580; x_wconf 91' lang='lat' dir='ltr'><strong>cum</strong></span> <span class='ocrx_word' id='word_1_259' title='bbox 1009 3526 1089 3579; x_wconf 89' lang='lat' dir='ltr'><strong>bis</strong></span> <span class='ocrx_word' id='word_1_260' title='bbox 1116 3525 1253 3592; x_wconf 91' lang='lat' dir='ltr'><strong>apud</strong></span> <span class='ocrx_word' id='word_1_261' title='bbox 1283 3524 1654 3591; x_wconf 83' lang='lat' dir='ltr'><strong>Carthaginem</strong></span> <span class='ocrx_word' id='word_1_262' title='bbox 1684 3531 1930 3590; x_wconf 87' lang='lat' dir='ltr'><strong>tanquam</strong></span> <span class='ocrx_word' id='word_1_263' title='bbox 1957 3521 2125 3574; x_wconf 87' lang='lat' dir='ltr'><strong>tradi-</strong></span> 
     </span>
    </p>
   </div>
   <div class='ocr_carea' id='block_1_36' title="bbox 541 3613 2126 3683">
    <p class='ocr_par' dir='ltr' id='par_1_36' title="bbox 541 3613 2126 3683">
     <span class='ocr_line' id='line_1_36' title="bbox 541 3613 2126 3683; baseline -0.006 -8"><span class='ocrx_word' id='word_1_264' title='bbox 541 3629 686 3675; x_wconf 88' lang='lat' dir='ltr'><strong>tores</strong></span> <span class='ocrx_word' id='word_1_265' title='bbox 714 3633 818 3672; x_wconf 91' lang='lat' dir='ltr'><strong>non</strong></span> <span class='ocrx_word' id='word_1_266' title='bbox 856 3617 1128 3672; x_wconf 88' lang='lat' dir='ltr'><strong>convictos</strong></span> <span class='ocrx_word' id='word_1_267' title='bbox 1159 3615 1510 3683; x_wconf 83' lang='lat' dir='ltr'><strong>absentesque</strong></span> <span class='ocrx_word' id='word_1_268' title='bbox 1548 3613 1750 3682; x_wconf 88' lang='lat' dir='ltr'><strong>punivit</strong></span> <span class='ocrx_word' id='word_1_269' title='bbox 1776 3631 1788 3667; x_wconf 92' lang='lat'><strong>:</strong></span> <span class='ocrx_word' id='word_1_270' title='bbox 1819 3629 1848 3666; x_wconf 91' lang='lat' dir='ltr'><strong>a</strong></span> <span class='ocrx_word' id='word_1_271' title='bbox 1889 3628 1992 3682; x_wconf 90' lang='lat' dir='ltr'><strong>quo</strong></span> <span class='ocrx_word' id='word_1_272' title='bbox 2022 3613 2126 3666; x_wconf 89' lang='lat' dir='ltr'><strong>cri-</strong></span> 
     </span>
    </p>
   </div>
   <div class='ocr_carea' id='block_1_37' title="bbox 542 3703 2124 3775">
    <p class='ocr_par' dir='ltr' id='par_1_37' title="bbox 542 3703 2124 3775">
     <span class='ocr_line' id='line_1_37' title="bbox 542 3703 2124 3775; baseline -0.004 -12"><span class='ocrx_word' id='word_1_273' title='bbox 542 3710 684 3765; x_wconf 86' lang='lat' dir='ltr'><strong>mine</strong></span> <span class='ocrx_word' id='word_1_274' title='bbox 712 3710 870 3764; x_wconf 88' lang='lat' dir='ltr'><strong>etiam</strong></span> <span class='ocrx_word' id='word_1_275' title='bbox 896 3706 1171 3763; x_wconf 86' lang='lat' dir='ltr'><strong>Secundus</strong></span> <span class='ocrx_word' id='word_1_276' title='bbox 1204 3706 1316 3775; x_wconf 90' lang='lat' dir='ltr'><strong>ipse</strong></span> <span class='ocrx_word' id='word_1_277' title='bbox 1342 3704 1628 3772; x_wconf 86' lang='lat' dir='ltr'><strong>objiciente</strong></span> <span class='ocrx_word' id='word_1_278' title='bbox 1657 3703 1916 3772; x_wconf 89' lang='lat' dir='ltr'><strong>Purpurio</strong></span> <span class='ocrx_word' id='word_1_279' title='bbox 1945 3703 2124 3757; x_wconf 88' lang='lat' dir='ltr'><strong>Lima-</strong></span> 
     </span>
    </p>
   </div>
   <div class='ocr_carea' id='block_1_38' title="bbox 541 3796 2124 3870">
    <p class='ocr_par' dir='ltr' id='par_1_38' title="bbox 541 3796 2124 3870">
     <span class='ocr_line' id='line_1_38' title="bbox 541 3796 2124 3870; baseline -0.003 -15"><span class='ocrx_word' id='word_1_280' title='bbox 541 3802 675 3856; x_wconf 91' lang='lat' dir='ltr'><strong>tensi</strong></span> <span class='ocrx_word' id='word_1_281' title='bbox 719 3815 778 3856; x_wconf 87' lang='lat' dir='ltr'><strong>se</strong></span> <span class='ocrx_word' id='word_1_282' title='bbox 822 3814 1047 3870; x_wconf 87' lang='lat' dir='ltr'><strong>purgare</strong></span> <span class='ocrx_word' id='word_1_283' title='bbox 1093 3814 1197 3852; x_wconf 92' lang='lat' dir='ltr'><strong>non</strong></span> <span class='ocrx_word' id='word_1_284' title='bbox 1243 3798 1431 3867; x_wconf 89' lang='lat' dir='ltr'><strong>potuit,</strong></span> <span class='ocrx_word' id='word_1_285' title='bbox 1476 3796 1687 3866; x_wconf 88' lang='lat' dir='ltr'><strong>quando</strong></span> <span class='ocrx_word' id='word_1_286' title='bbox 1727 3796 1935 3851; x_wconf 82' lang='lat' dir='ltr'><strong>cidiin</strong></span> <span class='ocrx_word' id='word_1_287' title='bbox 1984 3797 2124 3851; x_wconf 90' lang='lat' dir='ltr'><strong>idem</strong></span> 
     </span>
    </p>
   </div>
   <div class='ocr_carea' id='block_1_39' title="bbox 541 3888 2126 3963">
    <p class='ocr_par' dir='ltr' id='par_1_39' title="bbox 541 3888 2126 3963">
     <span class='ocr_line' id='line_1_39' title="bbox 541 3888 2126 3963; baseline -0.004 -15"><span class='ocrx_word' id='word_1_288' title='bbox 541 3893 849 3963; x_wconf 83' lang='lat' dir='ltr'><strong>Purpurius,</strong></span> <span class='ocrx_word' id='word_1_289' title='bbox 881 3890 960 3944; x_wconf 89' lang='lat' dir='ltr'><strong>Tu</strong></span> <span class='ocrx_word' id='word_1_290' title='bbox 988 3890 1108 3959; x_wconf 89' lang='lat' dir='ltr'><strong>quid</strong></span> <span class='ocrx_word' id='word_1_291' title='bbox 1133 3890 1276 3961; x_wconf 76' lang='lat' dir='ltr'><strong>egisti</strong></span> <span class='ocrx_word' id='word_1_292' title='bbox 1297 3930 1311 3952; x_wconf 92' lang='lat'><strong>,</strong></span> <span class='ocrx_word' id='word_1_293' title='bbox 1342 3888 1544 3957; x_wconf 86' lang='lat' dir='ltr'><strong>quando</strong></span> <span class='ocrx_word' id='word_1_294' title='bbox 1571 3897 1731 3941; x_wconf 81' lang='lat' dir='ltr'><strong>tentus</strong></span> <span class='ocrx_word' id='word_1_295' title='bbox 1761 3905 1812 3942; x_wconf 87' lang='lat' dir='ltr'><strong>es</strong></span> <span class='ocrx_word' id='word_1_296' title='bbox 1840 3905 1870 3940; x_wconf 90' lang='lat' dir='ltr'><strong>a</strong></span> <span class='ocrx_word' id='word_1_297' title='bbox 1897 3897 2126 3942; x_wconf 86' lang='lat' dir='ltr'><strong>curatore</strong></span> 
     </span>
    </p>
   </div>
   <div class='ocr_carea' id='block_1_40' title="bbox 537 3980 2124 4052">
    <p class='ocr_par' dir='ltr' id='par_1_40' title="bbox 537 3980 2124 4052">
     <span class='ocr_line' id='line_1_40' title="bbox 537 3980 2124 4052; baseline -0.003 -13"><span class='ocrx_word' id='word_1_298' title='bbox 537 3994 584 4039; x_wconf 82' lang='lat' dir='ltr'><strong>et</strong></span> <span class='ocrx_word' id='word_1_299' title='bbox 612 3985 804 4047; x_wconf 84' lang='lat' dir='ltr'><strong>ordine,</strong></span> <span class='ocrx_word' id='word_1_300' title='bbox 829 3994 882 4037; x_wconf 88' lang='lat' dir='ltr'><strong>ut</strong></span> <span class='ocrx_word' id='word_1_301' title='bbox 911 3983 1202 4052; x_wconf 84' lang='lat' dir='ltr'><strong>Scripturas</strong></span> <span class='ocrx_word' id='word_1_302' title='bbox 1232 3981 1377 4035; x_wconf 84' lang='lat' dir='ltr'><strong>dares</strong></span> <span class='ocrx_word' id='word_1_303' title='bbox 1404 3983 1426 4031; x_wconf 83' lang='lat'><strong><em>?</em></strong></span> <span class='ocrx_word' id='word_1_304' title='bbox 1460 3980 1722 4046; x_wconf 84' lang='lat' dir='ltr'><strong>Quomodo</strong></span> <span class='ocrx_word' id='word_1_305' title='bbox 1746 3990 1792 4034; x_wconf 89' lang='lat' dir='ltr'><strong>te</strong></span> <span class='ocrx_word' id='word_1_306' title='bbox 1820 3980 2042 4034; x_wconf 80' lang='lat' dir='ltr'><strong>liberasti</strong></span> <span class='ocrx_word' id='word_1_307' title='bbox 2063 3982 2124 4034; x_wconf 82' lang='lat' dir='ltr'><strong>ab</strong></span> 
     </span>
    </p>
   </div>
   <div class='ocr_carea' id='block_1_41' title="bbox 539 4071 2124 4144">
    <p class='ocr_par' dir='ltr' id='par_1_41' title="bbox 539 4071 2124 4144">
     <span class='ocr_line' id='line_1_41' title="bbox 539 4071 2124 4144; baseline -0.001 -16"><span class='ocrx_word' id='word_1_308' title='bbox 539 4077 662 4144; x_wconf 85' lang='lat' dir='ltr'><strong>ipsis</strong></span> <span class='ocrx_word' id='word_1_309' title='bbox 683 4119 697 4142; x_wconf 93' lang='lat'><strong>,</strong></span> <span class='ocrx_word' id='word_1_310' title='bbox 731 4077 830 4130; x_wconf 84' lang='lat' dir='ltr'><strong>nisi</strong></span> <span class='ocrx_word' id='word_1_311' title='bbox 853 4077 970 4144; x_wconf 85' lang='lat' dir='ltr'><strong>quia</strong></span> <span class='ocrx_word' id='word_1_312' title='bbox 999 4075 1210 4137; x_wconf 82' lang='lat' dir='ltr'><strong>dedisti,</strong></span> <span class='ocrx_word' id='word_1_313' title='bbox 1244 4081 1330 4126; x_wconf 87' lang='lat' dir='ltr'><strong>aut</strong></span> <span class='ocrx_word' id='word_1_314' title='bbox 1349 4072 1551 4142; x_wconf 82' lang='lat' dir='ltr'><strong>jussiin</strong></span> <span class='ocrx_word' id='word_1_315' title='bbox 1587 4071 1699 4124; x_wconf 84' lang='lat' dir='ltr'><strong>dari</strong></span> <span class='ocrx_word' id='word_1_316' title='bbox 1733 4071 2079 4140; x_wconf 78' lang='lat' dir='ltr'><strong>quodcumque</strong></span> <span class='ocrx_word' id='word_1_317' title='bbox 2099 4074 2124 4126; x_wconf 85' lang='lat'><strong><em>?</em></strong></span> 
     </span>
    </p>
   </div>
   <div class='ocr_carea' id='block_1_42' title="bbox 544 4160 2123 4234">
    <p class='ocr_par' dir='ltr' id='par_1_42' title="bbox 544 4160 2123 4234">
     <span class='ocr_line' id='line_1_42' title="bbox 544 4160 2123 4234; baseline -0.002 -14"><span class='ocrx_word' id='word_1_318' title='bbox 544 4167 680 4220; x_wconf 81' lang='lat' dir='ltr'><strong>Nam</strong></span> <span class='ocrx_word' id='word_1_319' title='bbox 708 4184 808 4220; x_wconf 86' lang='lat' dir='ltr'><strong>non</strong></span> <span class='ocrx_word' id='word_1_320' title='bbox 836 4175 881 4219; x_wconf 83' lang='lat' dir='ltr'><strong>te</strong></span> <span class='ocrx_word' id='word_1_321' title='bbox 910 4164 1221 4218; x_wconf 84' lang='lat' dir='ltr'><strong>dimittebant</strong></span> <span class='ocrx_word' id='word_1_322' title='bbox 1247 4164 1454 4234; x_wconf 85' lang='lat' dir='ltr'><strong>passim.</strong></span> <span class='ocrx_word' id='word_1_323' title='bbox 1489 4163 1600 4216; x_wconf 87' lang='lat' dir='ltr'><strong>lloc</strong></span> <span class='ocrx_word' id='word_1_324' title='bbox 1639 4171 1814 4215; x_wconf 89' lang='lat' dir='ltr'><strong>autem</strong></span> <span class='ocrx_word' id='word_1_325' title='bbox 1850 4160 2123 4217; x_wconf 85' lang='lat' dir='ltr'><strong>Secondus</strong></span> 
     </span>
    </p>
   </div>
   <div class='ocr_carea' id='block_1_43' title="bbox 536 4253 2123 4324">
    <p class='ocr_par' dir='ltr' id='par_1_43' title="bbox 536 4253 2123 4324">
     <span class='ocr_line' id='line_1_43' title="bbox 536 4253 2123 4324; baseline -0.001 -13"><span class='ocrx_word' id='word_1_326' title='bbox 536 4258 694 4311; x_wconf 87' lang='lat' dir='ltr'><strong>etiam</strong></span> <span class='ocrx_word' id='word_1_327' title='bbox 720 4259 769 4310; x_wconf 92' lang='lat' dir='ltr'><strong>in</strong></span> <span class='ocrx_word' id='word_1_328' title='bbox 795 4257 981 4310; x_wconf 87' lang='lat' dir='ltr'><strong>litteris</strong></span> <span class='ocrx_word' id='word_1_329' title='bbox 1003 4255 1111 4309; x_wconf 89' lang='lat' dir='ltr'><strong>suis</strong></span> <span class='ocrx_word' id='word_1_330' title='bbox 1131 4255 1194 4308; x_wconf 90' lang='lat' dir='ltr'><strong>ad</strong></span> <span class='ocrx_word' id='word_1_331' title='bbox 1222 4255 1541 4309; x_wconf 82' lang='lat' dir='ltr'><strong>Mensurium</strong></span> <span class='ocrx_word' id='word_1_332' title='bbox 1569 4253 1728 4319; x_wconf 88' lang='lat' dir='ltr'><strong>datis,</strong></span> <span class='ocrx_word' id='word_1_333' title='bbox 1752 4267 1881 4323; x_wconf 89' lang='lat' dir='ltr'><strong>quas</strong></span> <span class='ocrx_word' id='word_1_334' title='bbox 1908 4270 2001 4308; x_wconf 84' lang='lat' dir='ltr'><strong>vos</strong></span> <span class='ocrx_word' id='word_1_335' title='bbox 2024 4256 2123 4324; x_wconf 89' lang='lat' dir='ltr'><strong>ipsi</strong></span> 
     </span>
    </p>
   </div>
   <div class='ocr_carea' id='block_1_44' title="bbox 539 4345 2122 4417">
    <p class='ocr_par' dir='ltr' id='par_1_44' title="bbox 539 4345 2122 4417">
     <span class='ocr_line' id='line_1_44' title="bbox 539 4345 2122 4417; baseline -0.001 -15"><span class='ocrx_word' id='word_1_336' title='bbox 539 4349 831 4417; x_wconf 87' lang='lat' dir='ltr'><strong>protulistis</strong></span> <span class='ocrx_word' id='word_1_337' title='bbox 854 4357 1011 4415; x_wconf 89' lang='lat' dir='ltr'><strong>atque</strong></span> <span class='ocrx_word' id='word_1_338' title='bbox 1036 4347 1317 4411; x_wconf 88' lang='lat' dir='ltr'><strong>recitastis,</strong></span> <span class='ocrx_word' id='word_1_339' title='bbox 1344 4347 1457 4400; x_wconf 89' lang='lat' dir='ltr'><strong>sine</strong></span> <span class='ocrx_word' id='word_1_340' title='bbox 1479 4347 1822 4415; x_wconf 80' lang='lat' dir='ltr'><strong>ambiguitate</strong></span> <span class='ocrx_word' id='word_1_341' title='bbox 1849 4345 2122 4401; x_wconf 85' lang='lat' dir='ltr'><strong>confessus</strong></span> 
     </span>
    </p>
   </div>
   <div class='ocr_carea' id='block_1_45' title="bbox 538 4436 2120 4508">
    <p class='ocr_par' dir='ltr' id='par_1_45' title="bbox 538 4436 2120 4508">
     <span class='ocr_line' id='line_1_45' title="bbox 538 4436 2120 4508; baseline -0.001 -14"><span class='ocrx_word' id='word_1_342' title='bbox 538 4448 653 4504; x_wconf 88' lang='lat' dir='ltr'><strong>est,</strong></span> <span class='ocrx_word' id='word_1_343' title='bbox 685 4439 824 4508; x_wconf 90' lang='lat' dir='ltr'><strong>quod</strong></span> <span class='ocrx_word' id='word_1_344' title='bbox 853 4453 954 4491; x_wconf 92' lang='lat' dir='ltr'><strong>non</strong></span> <span class='ocrx_word' id='word_1_345' title='bbox 986 4436 1295 4502; x_wconf 88' lang='lat' dir='ltr'><strong>tradiderit,</strong></span> <span class='ocrx_word' id='word_1_346' title='bbox 1325 4436 1416 4491; x_wconf 91' lang='lat' dir='ltr'><strong>sed</strong></span> <span class='ocrx_word' id='word_1_347' title='bbox 1445 4437 1584 4506; x_wconf 88' lang='lat' dir='ltr'><strong>quod</strong></span> <span class='ocrx_word' id='word_1_348' title='bbox 1619 4437 1686 4491; x_wconf 89' lang='lat' dir='ltr'><strong>ad</strong></span> <span class='ocrx_word' id='word_1_349' title='bbox 1714 4453 1832 4492; x_wconf 90' lang='lat' dir='ltr'><strong>eum</strong></span> <span class='ocrx_word' id='word_1_350' title='bbox 1863 4452 2120 4507; x_wconf 86' lang='lat' dir='ltr'><strong>pervene-</strong></span> 
     </span>
    </p>
   </div>
   <div class='ocr_carea' id='block_1_46' title="bbox 540 4528 2117 4598">
    <p class='ocr_par' dir='ltr' id='par_1_46' title="bbox 540 4528 2117 4598">
     <span class='ocr_line' id='line_1_46' title="bbox 540 4528 2117 4598; baseline -0.002 -13"><span class='ocrx_word' id='word_1_351' title='bbox 540 4531 647 4585; x_wconf 90' lang='lat' dir='ltr'><strong>rint</strong></span> <span class='ocrx_word' id='word_1_352' title='bbox 674 4545 702 4582; x_wconf 93' lang='lat' dir='ltr'><strong>a</strong></span> <span class='ocrx_word' id='word_1_353' title='bbox 729 4538 974 4583; x_wconf 90' lang='lat' dir='ltr'><strong>curatore</strong></span> <span class='ocrx_word' id='word_1_354' title='bbox 1003 4537 1056 4583; x_wconf 91' lang='lat' dir='ltr'><strong>et</strong></span> <span class='ocrx_word' id='word_1_355' title='bbox 1083 4528 1270 4582; x_wconf 92' lang='lat' dir='ltr'><strong>ordine</strong></span> <span class='ocrx_word' id='word_1_356' title='bbox 1296 4528 1442 4581; x_wconf 84' lang='lat' dir='ltr'><strong>missi</strong></span> <span class='ocrx_word' id='word_1_357' title='bbox 1473 4538 1844 4597; x_wconf 89' lang='lat' dir='ltr'><strong>persecutores</strong></span> <span class='ocrx_word' id='word_1_358' title='bbox 1865 4569 1877 4590; x_wconf 90' lang='lat'><strong>,</strong></span> <span class='ocrx_word' id='word_1_359' title='bbox 1911 4544 2042 4598; x_wconf 88' lang='lat' dir='ltr'><strong>quos</strong></span> <span class='ocrx_word' id='word_1_360' title='bbox 2071 4530 2117 4582; x_wconf 92' lang='lat' dir='ltr'><strong>ei</strong></span> 
     </span>
    </p>
   </div>
   <div class='ocr_carea' id='block_1_47' title="bbox 540 4619 2115 4692">
    <p class='ocr_par' dir='ltr' id='par_1_47' title="bbox 540 4619 2115 4692">
     <span class='ocr_line' id='line_1_47' title="bbox 540 4619 2115 4692; baseline -0.001 -16"><span class='ocrx_word' id='word_1_361' title='bbox 540 4621 826 4692; x_wconf 79' lang='lat' dir='ltr'><strong>Purpurius</strong></span> <span class='ocrx_word' id='word_1_362' title='bbox 857 4620 1170 4674; x_wconf 83' lang='lat' dir='ltr'><strong>Limatensis</strong></span> <span class='ocrx_word' id='word_1_363' title='bbox 1200 4619 1414 4688; x_wconf 86' lang='lat' dir='ltr'><strong>objecit,</strong></span> <span class='ocrx_word' id='word_1_364' title='bbox 1439 4631 1496 4674; x_wconf 90' lang='lat' dir='ltr'><strong>ut</strong></span> <span class='ocrx_word' id='word_1_365' title='bbox 1519 4619 1818 4688; x_wconf 89' lang='lat' dir='ltr'><strong>Scripturas</strong></span> <span class='ocrx_word' id='word_1_366' title='bbox 1848 4620 2075 4675; x_wconf 88' lang='lat' dir='ltr'><strong>traderet</strong></span> <span class='ocrx_word' id='word_1_367' title='bbox 2103 4639 2115 4674; x_wconf 88' lang='lat'>:</span> 
     </span>
    </p>
   </div>
   <div class='ocr_carea' id='block_1_48' title="bbox 541 4712 2117 4786">
    <p class='ocr_par' dir='ltr' id='par_1_48' title="bbox 541 4712 2117 4786">
     <span class='ocr_line' id='line_1_48' title="bbox 541 4712 2117 4786; baseline 0 -21"><span class='ocrx_word' id='word_1_368' title='bbox 541 4729 667 4786; x_wconf 80' lang='lat' dir='ltr'><strong>quas</strong></span> <span class='ocrx_word' id='word_1_369' title='bbox 710 4728 829 4766; x_wconf 91' lang='lat' dir='ltr'><strong>cum</strong></span> <span class='ocrx_word' id='word_1_370' title='bbox 875 4713 941 4767; x_wconf 91' lang='lat' dir='ltr'><strong>ab</strong></span> <span class='ocrx_word' id='word_1_371' title='bbox 989 4712 1083 4766; x_wconf 89' lang='lat' dir='ltr'><strong>illo</strong></span> <span class='ocrx_word' id='word_1_372' title='bbox 1127 4722 1400 4783; x_wconf 89' lang='lat' dir='ltr'><strong>peterent,</strong></span> <span class='ocrx_word' id='word_1_373' title='bbox 1448 4726 1506 4766; x_wconf 91' lang='lat' dir='ltr'><strong>se</strong></span> <span class='ocrx_word' id='word_1_374' title='bbox 1555 4712 1925 4780; x_wconf 89' lang='lat' dir='ltr'><strong>respondisse,</strong></span> <span class='ocrx_word' id='word_1_375' title='bbox 1969 4712 2117 4766; x_wconf 67' lang='lat' dir='ltr'><strong>Clari-</strong></span> 
     </span>
    </p>
   </div>
   <div class='ocr_carea' id='block_1_49' title="bbox 533 4802 2116 4873">
    <p class='ocr_par' dir='ltr' id='par_1_49' title="bbox 533 4802 2116 4873">
     <span class='ocr_line' id='line_1_49' title="bbox 533 4802 2116 4873; baseline 0.002 -20"><span class='ocrx_word' id='word_1_376' title='bbox 533 4805 726 4856; x_wconf 71' lang='lat' dir='ltr'><strong>stinnus</strong></span> <span class='ocrx_word' id='word_1_377' title='bbox 768 4813 952 4857; x_wconf 84' lang='lat' dir='ltr'><strong>sumet</strong></span> <span class='ocrx_word' id='word_1_378' title='bbox 996 4803 1290 4873; x_wconf 78' lang='lat' dir='ltr'><strong>episwpns,</strong></span> <span class='ocrx_word' id='word_1_379' title='bbox 1338 4818 1436 4855; x_wconf 86' lang='lat' dir='ltr'><strong>non</strong></span> <span class='ocrx_word' id='word_1_380' title='bbox 1481 4802 1712 4868; x_wconf 87' lang='lat' dir='ltr'><strong>traditor,</strong></span> <span class='ocrx_word' id='word_1_381' title='bbox 1734 4803 1887 4872; x_wconf 90' lang='lat' dir='ltr'><strong>eique</strong></span> <span class='ocrx_word' id='word_1_382' title='bbox 1929 4804 1943 4833; x_wconf 90' lang='grc'>¹</span> <span class='ocrx_word' id='word_1_383' title='bbox 1986 4803 2116 4856; x_wconf 86' lang='lat' dir='ltr'><strong>nibil</strong></span> 
     </span>
    </p>
   </div>
   <div class='ocr_carea' id='block_1_50' title="bbox 531 4893 2112 4960">
    <p class='ocr_par' dir='ltr' id='par_1_50' title="bbox 531 4893 2112 4960">
     <span class='ocr_line' id='line_1_50' title="bbox 531 4893 2112 4960; baseline -0.003 -9"><span class='ocrx_word' id='word_1_384' title='bbox 531 4898 750 4951; x_wconf 89' lang='lat' dir='ltr'><strong>omnino</strong></span> <span class='ocrx_word' id='word_1_385' title='bbox 777 4897 983 4950; x_wconf 88' lang='lat' dir='ltr'><strong>tradere</strong></span> <span class='ocrx_word' id='word_1_386' title='bbox 1012 4895 1256 4948; x_wconf 82' lang='lat' dir='ltr'><strong>voluisse.</strong></span> <span class='ocrx_word' id='word_1_387' title='bbox 1289 4893 1438 4960; x_wconf 83' lang='lat' dir='ltr'><strong>Quod</strong></span> <span class='ocrx_word' id='word_1_388' title='bbox 1466 4893 1513 4945; x_wconf 89' lang='lat' dir='ltr'><strong>ei</strong></span> <span class='ocrx_word' id='word_1_389' title='bbox 1549 4893 1705 4946; x_wconf 82' lang='lat' dir='ltr'><strong>vultis</strong></span> <span class='ocrx_word' id='word_1_390' title='bbox 1733 4902 1788 4946; x_wconf 91' lang='lat' dir='ltr'><strong>ut</strong></span> <span class='ocrx_word' id='word_1_391' title='bbox 1812 4893 2112 4959; x_wconf 89' lang='lat' dir='ltr'><strong>credamus,</strong></span> 
     </span>
    </p>
   </div>
   <div class='ocr_carea' id='block_1_51' title="bbox 533 4985 2115 5056">
    <p class='ocr_par' dir='ltr' id='par_1_51' title="bbox 533 4985 2115 5056">
     <span class='ocr_line' id='line_1_51' title="bbox 533 4985 2115 5056; baseline -0.001 -13"><span class='ocrx_word' id='word_1_392' title='bbox 533 5005 652 5044; x_wconf 91' lang='lat' dir='ltr'><strong>cum</strong></span> <span class='ocrx_word' id='word_1_393' title='bbox 679 4997 728 5043; x_wconf 92' lang='lat' dir='ltr'><strong>et</strong></span> <span class='ocrx_word' id='word_1_394' title='bbox 758 5004 851 5041; x_wconf 89' lang='lat' dir='ltr'><strong>vos</strong></span> <span class='ocrx_word' id='word_1_395' title='bbox 877 4989 972 5056; x_wconf 85' lang='lat' dir='ltr'><strong>ipsi</strong></span> <span class='ocrx_word' id='word_1_396' title='bbox 999 5003 1153 5056; x_wconf 90' lang='lat' dir='ltr'><strong>quam</strong></span> <span class='ocrx_word' id='word_1_397' title='bbox 1183 4989 1248 5039; x_wconf 83' lang='lat' dir='ltr'><strong>sit</strong></span> <span class='ocrx_word' id='word_1_398' title='bbox 1278 4985 1583 5040; x_wconf 85' lang='lat' dir='ltr'><strong>incredibile</strong></span> <span class='ocrx_word' id='word_1_399' title='bbox 1606 4985 1846 5050; x_wconf 78' lang='lat' dir='ltr'><strong>videatis,</strong></span> <span class='ocrx_word' id='word_1_400' title='bbox 1877 4987 2115 5041; x_wconf 88' lang='lat' dir='ltr'><strong>fervente</strong></span> 
     </span>
    </p>
   </div>
   <div class='ocr_carea' id='block_1_52' title="bbox 526 5076 2111 5150">
    <p class='ocr_par' dir='ltr' id='par_1_52' title="bbox 526 5076 2111 5150">
     <span class='ocr_line' id='line_1_52' title="bbox 526 5076 2111 5150; baseline -0.001 -17"><span class='ocrx_word' id='word_1_401' title='bbox 526 5081 614 5134; x_wconf 89' lang='lat' dir='ltr'><strong>illa</strong></span> <span class='ocrx_word' id='word_1_402' title='bbox 641 5079 1008 5150; x_wconf 90' lang='lat' dir='ltr'><strong>persecutione</strong></span> <span class='ocrx_word' id='word_1_403' title='bbox 1029 5077 1300 5130; x_wconf 88' lang='lat' dir='ltr'><strong>detentum</strong></span> <span class='ocrx_word' id='word_1_404' title='bbox 1329 5076 1634 5145; x_wconf 88' lang='lat' dir='ltr'><strong>episc0pum</strong></span> <span class='ocrx_word' id='word_1_405' title='bbox 1664 5077 1774 5132; x_wconf 87' lang='lat' dir='ltr'><strong>sive</strong></span> <span class='ocrx_word' id='word_1_406' title='bbox 1795 5087 2111 5132; x_wconf 86' lang='lat' dir='ltr'><strong>conventum</strong></span> 
     </span>
    </p>
   </div>
   <div class='ocr_carea' id='block_1_53' title="bbox 532 5167 2112 5241">
    <p class='ocr_par' dir='ltr' id='par_1_53' title="bbox 532 5167 2112 5241">
     <span class='ocr_line' id='line_1_53' title="bbox 532 5167 2112 5241; baseline -0.001 -15"><span class='ocrx_word' id='word_1_407' title='bbox 532 5184 588 5226; x_wconf 87' lang='lat' dir='ltr'><strong>ut</strong></span> <span class='ocrx_word' id='word_1_408' title='bbox 608 5173 909 5241; x_wconf 84' lang='lat' dir='ltr'><strong>Scripturas</strong></span> <span class='ocrx_word' id='word_1_409' title='bbox 933 5169 1226 5222; x_wconf 87' lang='lat' dir='ltr'><strong>dominicas</strong></span> <span class='ocrx_word' id='word_1_410' title='bbox 1250 5169 1498 5233; x_wconf 83' lang='lat' dir='ltr'><strong>traderet,</strong></span> <span class='ocrx_word' id='word_1_411' title='bbox 1531 5167 1688 5222; x_wconf 89' lang='lat' dir='ltr'><strong>nullis</strong></span> <span class='ocrx_word' id='word_1_412' title='bbox 1718 5169 1921 5223; x_wconf 88' lang='lat' dir='ltr'><strong>traditis</strong></span> <span class='ocrx_word' id='word_1_413' title='bbox 1950 5169 2112 5225; x_wconf 91' lang='lat' dir='ltr'><strong>fuisse</strong></span> 
     </span>
    </p>
   </div>
   <div class='ocr_carea' id='block_1_54' title="bbox 532 5258 2112 5327">
    <p class='ocr_par' dir='ltr' id='par_1_54' title="bbox 532 5258 2112 5327">
     <span class='ocr_line' id='line_1_54' title="bbox 532 5258 2112 5327; baseline -0.002 -12"><span class='ocrx_word' id='word_1_414' title='bbox 532 5263 829 5316; x_wconf 81' lang='lat' dir='ltr'><strong>dimissum.</strong></span> <span class='ocrx_word' id='word_1_415' title='bbox 863 5260 1062 5327; x_wconf 75' lang='lat' dir='ltr'><strong>Nempe</strong></span> <span class='ocrx_word' id='word_1_416' title='bbox 1091 5258 1489 5313; x_wconf 85' lang='lat' dir='ltr'><strong>Contendebatis</strong></span> <span class='ocrx_word' id='word_1_417' title='bbox 1516 5274 1620 5312; x_wconf 91' lang='lat' dir='ltr'><strong>non</strong></span> <span class='ocrx_word' id='word_1_418' title='bbox 1643 5260 1880 5327; x_wconf 89' lang='lat' dir='ltr'><strong>potuisse</strong></span> <span class='ocrx_word' id='word_1_419' title='bbox 1906 5261 2112 5327; x_wconf 86' lang='lat' dir='ltr'><strong>cpisco-</strong></span> 
     </span>
    </p>
   </div>
   <div class='ocr_carea' id='block_1_55' title="bbox 529 5347 2107 5422">
    <p class='ocr_par' dir='ltr' id='par_1_55' title="bbox 529 5347 2107 5422">
     <span class='ocr_line' id='line_1_55' title="bbox 529 5347 2107 5422; baseline -0.004 -13"><span class='ocrx_word' id='word_1_420' title='bbox 529 5370 622 5422; x_wconf 83' lang='lat' dir='ltr'><strong>pos</strong></span> <span class='ocrx_word' id='word_1_421' title='bbox 642 5353 707 5408; x_wconf 85' lang='lat' dir='ltr'><strong>ad</strong></span> <span class='ocrx_word' id='word_1_422' title='bbox 730 5349 1079 5406; x_wconf 89' lang='lat' dir='ltr'><strong>ordinandum</strong></span> <span class='ocrx_word' id='word_1_423' title='bbox 1105 5348 1412 5418; x_wconf 82' lang='lat' dir='ltr'><strong>episcopum</strong></span> <span class='ocrx_word' id='word_1_424' title='bbox 1435 5348 1499 5402; x_wconf 88' lang='lat' dir='ltr'><strong>ad</strong></span> <span class='ocrx_word' id='word_1_425' title='bbox 1525 5347 1791 5404; x_wconf 85' lang='lat' dir='ltr'><strong>civitatem</strong></span> <span class='ocrx_word' id='word_1_426' title='bbox 1814 5349 2107 5404; x_wconf 71' lang='lat' dir='ltr'><strong>Cirtensem</strong></span> 
     </span>
    </p>
   </div>
   <div class='ocr_carea' id='block_1_56' title="bbox 527 5441 2108 5515">
    <p class='ocr_par' dir='ltr' id='par_1_56' title="bbox 527 5441 2108 5515">
     <span class='ocr_line' id='line_1_56' title="bbox 527 5441 2108 5515; baseline -0.003 -15"><span class='ocrx_word' id='word_1_427' title='bbox 527 5444 911 5515; x_wconf 83' lang='lat' dir='ltr'><strong>persecutionis</strong></span> <span class='ocrx_word' id='word_1_428' title='bbox 934 5453 1175 5510; x_wconf 88' lang='lat' dir='ltr'><strong>tempore</strong></span> <span class='ocrx_word' id='word_1_429' title='bbox 1203 5441 1506 5495; x_wconf 86' lang='lat' dir='ltr'><strong>convenire.</strong></span> <span class='ocrx_word' id='word_1_430' title='bbox 1538 5441 1814 5507; x_wconf 82' lang='lat' dir='ltr'><strong>Quomodo</strong></span> <span class='ocrx_word' id='word_1_431' title='bbox 1842 5458 1968 5512; x_wconf 76' lang='lat' dir='ltr'><strong>ergo</strong></span> <span class='ocrx_word' id='word_1_432' title='bbox 1992 5461 2108 5511; x_wconf 82' lang='lat' dir='ltr'><strong>per-</strong></span> 
     </span>
    </p>
   </div>
   <div class='ocr_carea' id='block_1_57' title="bbox 527 5532 2108 5603">
    <p class='ocr_par' dir='ltr' id='par_1_57' title="bbox 527 5532 2108 5603">
     <span class='ocr_line' id='line_1_57' title="bbox 527 5532 2108 5603; baseline -0.004 -13"><span class='ocrx_word' id='word_1_433' title='bbox 527 5539 724 5592; x_wconf 85' lang='lat' dir='ltr'><strong>secutio</strong></span> <span class='ocrx_word' id='word_1_434' title='bbox 751 5536 836 5589; x_wconf 84' lang='lat' dir='ltr'><strong>illa</strong></span> <span class='ocrx_word' id='word_1_435' title='bbox 868 5534 1118 5596; x_wconf 76' lang='lat' dir='ltr'><strong>fervebat,</strong></span> <span class='ocrx_word' id='word_1_436' title='bbox 1147 5532 1188 5585; x_wconf 90' lang='lat' dir='ltr'><strong>si</strong></span> <span class='ocrx_word' id='word_1_437' title='bbox 1219 5533 1386 5600; x_wconf 92' lang='lat' dir='ltr'><strong>potuit</strong></span> <span class='ocrx_word' id='word_1_438' title='bbox 1411 5533 1692 5602; x_wconf 84' lang='lat' dir='ltr'><strong>episcopus</strong></span> <span class='ocrx_word' id='word_1_439' title='bbox 1725 5544 1938 5603; x_wconf 77' lang='lat' dir='ltr'><strong>propter</strong></span> <span class='ocrx_word' id='word_1_440' title='bbox 1965 5535 2108 5587; x_wconf 77' lang='lat' dir='ltr'><strong>Scri-</strong></span> 
     </span>
    </p>
   </div>
   <div class='ocr_carea' id='block_1_58' title="bbox 527 5624 2106 5696">
    <p class='ocr_par' dir='ltr' id='par_1_58' title="bbox 527 5624 2106 5696">
     <span class='ocr_line' id='line_1_58' title="bbox 527 5624 2106 5696; baseline 0.001 -17"><span class='ocrx_word' id='word_1_441' title='bbox 527 5636 704 5689; x_wconf 87' lang='lat' dir='ltr'><strong>pturas</strong></span> <span class='ocrx_word' id='word_1_442' title='bbox 756 5626 1038 5680; x_wconf 79' lang='lat' dir='ltr'><strong>tradendus</strong></span> <span class='ocrx_word' id='word_1_443' title='bbox 1085 5624 1289 5686; x_wconf 84' lang='lat' dir='ltr'><strong>teneri,</strong></span> <span class='ocrx_word' id='word_1_444' title='bbox 1338 5625 1598 5693; x_wconf 88' lang='lat' dir='ltr'><strong>nullisque</strong></span> <span class='ocrx_word' id='word_1_445' title='bbox 1643 5625 1849 5679; x_wconf 88' lang='lat' dir='ltr'><strong>traditis</strong></span> <span class='ocrx_word' id='word_1_446' title='bbox 1894 5628 2106 5696; x_wconf 68' lang='grc' dir='ltr'><strong>ἱιιιμιιιερ</strong></span> 
     </span>
    </p>
   </div>
   <div class='ocr_carea' id='block_1_59' title="bbox 524 5715 2102 5785">
    <p class='ocr_par' dir='ltr' id='par_1_59' title="bbox 524 5715 2102 5785">
     <span class='ocr_line' id='line_1_59' title="bbox 524 5715 2102 5785; baseline 0.003 -20"><span class='ocrx_word' id='word_1_447' title='bbox 524 5717 755 5768; x_wconf 87' lang='lat' dir='ltr'><strong>dimitti?</strong></span> <span class='ocrx_word' id='word_1_448' title='bbox 791 5715 850 5768; x_wconf 77' lang='lat' dir='ltr'><strong>Et</strong></span> <span class='ocrx_word' id='word_1_449' title='bbox 880 5725 1052 5770; x_wconf 73' lang='lat' dir='ltr'><strong>tamen</strong></span> <span class='ocrx_word' id='word_1_450' title='bbox 1084 5715 1412 5779; x_wconf 70' lang='lat' dir='ltr'><strong>t-latnrtbatis,</strong></span> <span class='ocrx_word' id='word_1_451' title='bbox 1447 5716 1824 5770; x_wconf 58' lang='lat' dir='ltr'><strong>imntnttiltdt‘m</strong></span> <span class='ocrx_word' id='word_1_452' title='bbox 1861 5736 2102 5785; x_wconf 63' lang='lat' dir='ltr'><strong>persecu-</strong></span> 
     </span>
    </p>
   </div>
   <div class='ocr_carea' id='block_1_60' title="bbox 586 5819 994 5885">
    <p class='ocr_par' dir='ltr' id='par_1_60' title="bbox 586 5819 994 5885">
     <span class='ocr_line' id='line_1_60' title="bbox 586 5819 994 5885; baseline 0.022 -21"><span class='ocrx_word' id='word_1_453' title='bbox 586 5819 613 5851; x_wconf 71' lang='grc'><strong>⁸</strong></span> <span class='ocrx_word' id='word_1_454' title='bbox 642 5827 795 5878; x_wconf 74' lang='lat' dir='ltr'><strong>Forte,</strong></span> <span class='ocrx_word' id='word_1_455' title='bbox 823 5822 940 5885; x_wconf 69' lang='lat' dir='ltr'><strong>cisqt</strong></span> <span class='ocrx_word' id='word_1_456' title='bbox 955 5840 994 5873; x_wconf 82' lang='lat' dir='ltr'><strong>e.</strong></span> 
     </span>
    </p>
   </div>
   <div class='ocr_carea' id='block_1_61' title="bbox 1519 401 2802 462">
    <p class='ocr_par' dir='ltr' id='par_1_61' title="bbox 1519 401 2802 462">
     <span class='ocr_line' id='line_1_61' title="bbox 1519 401 2802 462; baseline 0.004 -7"><span class='ocrx_word' id='word_1_457' title='bbox 1519 402 1784 457; x_wconf 68' lang='lat' dir='ltr'><strong>CDNTlH</strong></span> <span class='ocrx_word' id='word_1_458' title='bbox 1828 401 2014 457; x_wconf 50' lang='grc' dir='ltr'><strong>(ἰξυῖ)</strong></span> <span class='ocrx_word' id='word_1_459' title='bbox 2054 401 2295 460; x_wconf 63' lang='lat' dir='ltr'><strong>.N&#39;l&#39;lUil.</strong></span> <span class='ocrx_word' id='word_1_460' title='bbox 2339 405 2393 456; x_wconf 75' lang='lat' dir='ltr'><strong>S.</strong></span> <span class='ocrx_word' id='word_1_461' title='bbox 2439 403 2802 462; x_wconf 75' lang='lat' dir='ltr'><strong>AUGUSTI-NI</strong></span> 
     </span>
    </p>
   </div>
   <div class='ocr_carea' id='block_1_62' title="bbox 3707 426 3805 478">
    <p class='ocr_par' dir='ltr' id='par_1_62' title="bbox 3707 426 3805 478">
     <span class='ocr_line' id='line_1_62' title="bbox 3707 426 3805 478; baseline 0 0"><span class='ocrx_word' id='word_1_462' title='bbox 3707 426 3805 478; x_wconf 65' lang='lat'><strong>756</strong></span> 
     </span>
    </p>
   </div>
   <div class='ocr_carea' id='block_1_63' title="bbox 2235 517 3804 597">
    <p class='ocr_par' dir='ltr' id='par_1_63' title="bbox 2235 517 3804 597">
     <span class='ocr_line' id='line_1_63' title="bbox 2235 517 3804 597; baseline 0.02 -31"><span class='ocrx_word' id='word_1_463' title='bbox 2235 517 2389 569; x_wconf 75' lang='lat' dir='ltr'><strong>tionis</strong></span> <span class='ocrx_word' id='word_1_464' title='bbox 2442 518 2580 575; x_wconf 85' lang='lat' dir='ltr'><strong>illius</strong></span> <span class='ocrx_word' id='word_1_465' title='bbox 2631 525 2882 591; x_wconf 89' lang='lat' dir='ltr'><strong>temporis</strong></span> <span class='ocrx_word' id='word_1_466' title='bbox 2931 524 3328 595; x_wconf 89' lang='lat' dir='ltr'><strong>describentes,</strong></span> <span class='ocrx_word' id='word_1_467' title='bbox 3379 549 3475 588; x_wconf 90' lang='lat' dir='ltr'><strong>nec</strong></span> <span class='ocrx_word' id='word_1_468' title='bbox 3529 535 3804 597; x_wconf 80' lang='lat' dir='ltr'><strong>duodecim</strong></span> 
     </span>
    </p>
   </div>
   <div class='ocr_carea' id='block_1_64' title="bbox 2231 607 3806 688">
    <p class='ocr_par' dir='ltr' id='par_1_64' title="bbox 2231 607 3806 688">
     <span class='ocr_line' id='line_1_64' title="bbox 2231 607 3806 688; baseline 0.02 -32"><span class='ocrx_word' id='word_1_469' title='bbox 2231 607 2507 677; x_wconf 72' lang='lat' dir='ltr'><strong>episcopos</strong></span> <span class='ocrx_word' id='word_1_470' title='bbox 2536 611 2601 664; x_wconf 89' lang='lat' dir='ltr'><strong>ad</strong></span> <span class='ocrx_word' id='word_1_471' title='bbox 2632 613 2982 668; x_wconf 86' lang='lat' dir='ltr'><strong>ordinandum</strong></span> <span class='ocrx_word' id='word_1_472' title='bbox 3009 618 3311 687; x_wconf 79' lang='lat' dir='ltr'><strong>episcopum</strong></span> <span class='ocrx_word' id='word_1_473' title='bbox 3339 625 3572 688; x_wconf 87' lang='lat' dir='ltr'><strong>potuisse</strong></span> <span class='ocrx_word' id='word_1_474' title='bbox 3601 629 3651 682; x_wconf 91' lang='lat' dir='ltr'><strong>in</strong></span> <span class='ocrx_word' id='word_1_475' title='bbox 3677 647 3806 686; x_wconf 89' lang='lat' dir='ltr'><strong>con-</strong></span> 
     </span>
    </p>
   </div>
   <div class='ocr_carea' id='block_1_65' title="bbox 2232 698 3804 781">
    <p class='ocr_par' dir='ltr' id='par_1_65' title="bbox 2232 698 3804 781">
     <span class='ocr_line' id='line_1_65' title="bbox 2232 698 3804 781; baseline 0.018 -33"><span class='ocrx_word' id='word_1_476' title='bbox 2232 698 2411 751; x_wconf 83' lang='lat' dir='ltr'><strong>cilium</strong></span> <span class='ocrx_word' id='word_1_477' title='bbox 2442 705 2770 771; x_wconf 80' lang='lat' dir='ltr'><strong>congregari,</strong></span> <span class='ocrx_word' id='word_1_478' title='bbox 2799 706 2886 774; x_wconf 90' lang='lat' dir='ltr'><strong>qui</strong></span> <span class='ocrx_word' id='word_1_479' title='bbox 2914 717 3059 776; x_wconf 83' lang='lat' dir='ltr'><strong>gesta</strong></span> <span class='ocrx_word' id='word_1_480' title='bbox 3090 707 3176 763; x_wconf 90' lang='lat' dir='ltr'><strong>illa</strong></span> <span class='ocrx_word' id='word_1_481' title='bbox 3209 712 3555 781; x_wconf 85' lang='lat' dir='ltr'><strong>conficerent,</strong></span> <span class='ocrx_word' id='word_1_482' title='bbox 3587 722 3672 773; x_wconf 89' lang='lat' dir='ltr'><strong>ubi</strong></span> <span class='ocrx_word' id='word_1_483' title='bbox 3704 726 3804 776; x_wconf 85' lang='lat' dir='ltr'><strong>cri-</strong></span> 
     </span>
    </p>
   </div>
   <div class='ocr_carea' id='block_1_66' title="bbox 2233 795 3807 887">
    <p class='ocr_par' dir='ltr' id='par_1_66' title="bbox 2233 795 3807 887">
     <span class='ocr_line' id='line_1_66' title="bbox 2233 795 3807 887; baseline 0.015 -40"><span class='ocrx_word' id='word_1_484' title='bbox 2233 795 2372 848; x_wconf 89' lang='lat' dir='ltr'><strong>mina</strong></span> <span class='ocrx_word' id='word_1_485' title='bbox 2427 798 2720 853; x_wconf 88' lang='lat' dir='ltr'><strong>traditio-nis</strong></span> <span class='ocrx_word' id='word_1_486' title='bbox 2770 804 2991 858; x_wconf 78' lang='lat' dir='ltr'><strong>invicem</strong></span> <span class='ocrx_word' id='word_1_487' title='bbox 3038 807 3387 878; x_wconf 86' lang='lat' dir='ltr'><strong>donaverunt,</strong></span> <span class='ocrx_word' id='word_1_488' title='bbox 3438 830 3636 886; x_wconf 79' lang='lat' dir='ltr'><strong>proque</strong></span> <span class='ocrx_word' id='word_1_489' title='bbox 3683 835 3807 887; x_wconf 70' lang='grc' dir='ltr'><strong>νηειτ</strong></span> 
     </span>
    </p>
   </div>
   <div class='ocr_carea' id='block_1_67' title="bbox 2234 886 3809 969">
    <p class='ocr_par' dir='ltr' id='par_1_67' title="bbox 2234 886 3809 969">
     <span class='ocr_line' id='line_1_67' title="bbox 2234 886 3809 969; baseline 0.016 -31"><span class='ocrx_word' id='word_1_490' title='bbox 2234 886 2780 958; x_wconf 73' lang='lat' dir='ltr'><strong>Ecclesitcjudicanda</strong></span> <span class='ocrx_word' id='word_1_491' title='bbox 2808 894 3030 950; x_wconf 82' lang='lat' dir='ltr'><strong>Domino</strong></span> <span class='ocrx_word' id='word_1_492' title='bbox 3057 899 3385 969; x_wconf 87' lang='lat' dir='ltr'><strong>reliquerunt</strong></span> <span class='ocrx_word' id='word_1_493' title='bbox 3412 922 3424 956; x_wconf 93' lang='lat'><strong>:</strong></span> <span class='ocrx_word' id='word_1_494' title='bbox 3455 922 3572 961; x_wconf 88' lang='lat' dir='ltr'><strong>cum</strong></span> <span class='ocrx_word' id='word_1_495' title='bbox 3598 886 3692 962; x_wconf 83' lang='lat' dir='ltr'><strong>vos</strong></span> <span class='ocrx_word' id='word_1_496' title='bbox 3713 911 3809 963; x_wconf 86' lang='lat' dir='ltr'><strong>hoc</strong></span> 
     </span>
    </p>
   </div>
   <div class='ocr_carea' id='block_1_68' title="bbox 2234 982 3807 1064">
    <p class='ocr_par' dir='ltr' id='par_1_68' title="bbox 2234 982 3807 1064">
     <span class='ocr_line' id='line_1_68' title="bbox 2234 982 3807 1064; baseline 0.016 -36"><span class='ocrx_word' id='word_1_497' title='bbox 2234 987 2472 1047; x_wconf 89' lang='lat' dir='ltr'><strong>tempore</strong></span> <span class='ocrx_word' id='word_1_498' title='bbox 2512 982 2664 1036; x_wconf 89' lang='lat' dir='ltr'><strong>talem</strong></span> <span class='ocrx_word' id='word_1_499' title='bbox 2718 988 3134 1053; x_wconf 84' lang='lat' dir='ltr'><strong>persecutionem</strong></span> <span class='ocrx_word' id='word_1_500' title='bbox 3170 1008 3261 1046; x_wconf 92' lang='lat' dir='ltr'><strong>vos</strong></span> <span class='ocrx_word' id='word_1_501' title='bbox 3311 998 3512 1064; x_wconf 85' lang='lat' dir='ltr'><strong>perpeti</strong></span> <span class='ocrx_word' id='word_1_502' title='bbox 3562 999 3807 1061; x_wconf 76' lang='lat' dir='ltr'><strong>dixistis,</strong></span> 
     </span>
    </p>
   </div>
   <div class='ocr_carea' id='block_1_69' title="bbox 2233 1069 3810 1159">
    <p class='ocr_par' dir='ltr' id='par_1_69' title="bbox 2233 1069 3810 1159">
     <span class='ocr_line' id='line_1_69' title="bbox 2233 1069 3810 1159; baseline 0.016 -41"><span class='ocrx_word' id='word_1_503' title='bbox 2233 1069 2401 1137; x_wconf 83' lang='lat' dir='ltr'><strong>qualis</strong></span> <span class='ocrx_word' id='word_1_504' title='bbox 2434 1088 2697 1142; x_wconf 90' lang='lat' dir='ltr'><strong>nunquam</strong></span> <span class='ocrx_word' id='word_1_505' title='bbox 2728 1074 2841 1141; x_wconf 92' lang='lat' dir='ltr'><strong>fuit,</strong></span> <span class='ocrx_word' id='word_1_506' title='bbox 2867 1077 2919 1131; x_wconf 90' lang='lat' dir='ltr'><strong>id</strong></span> <span class='ocrx_word' id='word_1_507' title='bbox 2941 1088 3054 1146; x_wconf 91' lang='lat' dir='ltr'><strong>cst,</strong></span> <span class='ocrx_word' id='word_1_508' title='bbox 3086 1091 3143 1134; x_wconf 89' lang='lat' dir='ltr'><strong>ttt</strong></span> <span class='ocrx_word' id='word_1_509' title='bbox 3166 1083 3279 1138; x_wconf 89' lang='lat' dir='ltr'><strong>loca</strong></span> <span class='ocrx_word' id='word_1_510' title='bbox 3306 1086 3457 1140; x_wconf 88' lang='lat' dir='ltr'><strong>vobis</strong></span> <span class='ocrx_word' id='word_1_511' title='bbox 3482 1089 3673 1152; x_wconf 87' lang='lat' dir='ltr'><strong>desint,</strong></span> <span class='ocrx_word' id='word_1_512' title='bbox 3708 1108 3810 1159; x_wconf 86' lang='lat' dir='ltr'><strong>quo</strong></span> 
     </span>
    </p>
   </div>
   <div class='ocr_carea' id='block_1_70' title="bbox 2233 1161 3809 1241">
    <p class='ocr_par' dir='ltr' id='par_1_70' title="bbox 2233 1161 3809 1241">
     <span class='ocr_line' id='line_1_70' title="bbox 2233 1161 3809 1241; baseline 0.013 -27"><span class='ocrx_word' id='word_1_513' title='bbox 2233 1161 2536 1232; x_wconf 60' lang='lat' dir='ltr'><strong>confugere,</strong></span> <span class='ocrx_word' id='word_1_514' title='bbox 2566 1175 2725 1235; x_wconf 87' lang='lat' dir='ltr'><strong>atque</strong></span> <span class='ocrx_word' id='word_1_515' title='bbox 2748 1169 2832 1222; x_wconf 92' lang='lat' dir='ltr'><strong>ubi</strong></span> <span class='ocrx_word' id='word_1_516' title='bbox 2859 1170 3024 1226; x_wconf 90' lang='lat' dir='ltr'><strong>latere</strong></span> <span class='ocrx_word' id='word_1_517' title='bbox 3052 1175 3300 1241; x_wconf 91' lang='lat' dir='ltr'><strong>possitis;</strong></span> <span class='ocrx_word' id='word_1_518' title='bbox 3332 1193 3450 1232; x_wconf 90' lang='lat' dir='ltr'><strong>cum</strong></span> <span class='ocrx_word' id='word_1_519' title='bbox 3482 1184 3703 1236; x_wconf 88' lang='lat' dir='ltr'><strong>concilia</strong></span> <span class='ocrx_word' id='word_1_520' title='bbox 3739 1184 3809 1238; x_wconf 71' lang='lat' dir='ltr'><strong>fa-</strong></span> 
     </span>
    </p>
   </div>
   <div class='ocr_carea' id='block_1_71' title="bbox 2233 1251 3809 1342">
    <p class='ocr_par' dir='ltr' id='par_1_71' title="bbox 2233 1251 3809 1342">
     <span class='ocr_line' id='line_1_71' title="bbox 2233 1251 3809 1342; baseline 0.015 -38"><span class='ocrx_word' id='word_1_521' title='bbox 2233 1251 2405 1316; x_wconf 89' lang='lat' dir='ltr'><strong>ciatis,</strong></span> <span class='ocrx_word' id='word_1_522' title='bbox 2431 1255 2706 1325; x_wconf 89' lang='lat' dir='ltr'><strong>cpisc0pos</strong></span> <span class='ocrx_word' id='word_1_523' title='bbox 2733 1260 3008 1328; x_wconf 90' lang='lat' dir='ltr'><strong>ordinetis,</strong></span> <span class='ocrx_word' id='word_1_524' title='bbox 3036 1266 3192 1320; x_wconf 91' lang='lat' dir='ltr'><strong>etiam</strong></span> <span class='ocrx_word' id='word_1_525' title='bbox 3218 1268 3266 1320; x_wconf 91' lang='lat' dir='ltr'><strong>in</strong></span> <span class='ocrx_word' id='word_1_526' title='bbox 3298 1285 3481 1324; x_wconf 88' lang='lat' dir='ltr'><strong>eorum</strong></span> <span class='ocrx_word' id='word_1_527' title='bbox 3508 1272 3700 1338; x_wconf 66' lang='lat' dir='ltr'><strong>larum,</strong></span> <span class='ocrx_word' id='word_1_528' title='bbox 3724 1277 3809 1342; x_wconf 88' lang='lat' dir='ltr'><strong>qui</strong></span> 
     </span>
    </p>
   </div>
   <div class='ocr_carea' id='block_1_72' title="bbox 2233 1345 3810 1433">
    <p class='ocr_par' dir='ltr' id='par_1_72' title="bbox 2233 1345 3810 1433">
     <span class='ocr_line' id='line_1_72' title="bbox 2233 1345 3810 1433; baseline 0.016 -39"><span class='ocrx_word' id='word_1_529' title='bbox 2233 1345 2342 1396; x_wconf 79' lang='lat' dir='ltr'><strong>suis</strong></span> <span class='ocrx_word' id='word_1_530' title='bbox 2375 1346 2578 1427; x_wconf 78' lang='lat' dir='ltr'><strong>ignibus</strong></span> <span class='ocrx_word' id='word_1_531' title='bbox 2608 1351 2898 1418; x_wconf 91' lang='lat' dir='ltr'><strong>perierunt,</strong></span> <span class='ocrx_word' id='word_1_532' title='bbox 2933 1353 3121 1407; x_wconf 90' lang='lat' dir='ltr'><strong>iterum</strong></span> <span class='ocrx_word' id='word_1_533' title='bbox 3152 1358 3283 1412; x_wconf 88' lang='lat' dir='ltr'><strong>tales</strong></span> <span class='ocrx_word' id='word_1_534' title='bbox 3303 1402 3317 1423; x_wconf 94' lang='lat'><strong>,</strong></span> <span class='ocrx_word' id='word_1_535' title='bbox 3351 1362 3437 1429; x_wconf 90' lang='lat' dir='ltr'><strong>qui</strong></span> <span class='ocrx_word' id='word_1_536' title='bbox 3465 1363 3576 1416; x_wconf 87' lang='lat' dir='ltr'><strong>suis</strong></span> <span class='ocrx_word' id='word_1_537' title='bbox 3605 1364 3810 1433; x_wconf 83' lang='lat' dir='ltr'><strong>ignibus</strong></span> 
     </span>
    </p>
   </div>
   <div class='ocr_carea' id='block_1_73' title="bbox 2234 1435 3811 1525">
    <p class='ocr_par' dir='ltr' id='par_1_73' title="bbox 2234 1435 3811 1525">
     <span class='ocr_line' id='line_1_73' title="bbox 2234 1435 3811 1525; baseline 0.016 -40"><span class='ocrx_word' id='word_1_538' title='bbox 2234 1435 2411 1502; x_wconf 87' lang='lat' dir='ltr'><strong>perire</strong></span> <span class='ocrx_word' id='word_1_539' title='bbox 2439 1439 2603 1504; x_wconf 88' lang='lat' dir='ltr'><strong>parati</strong></span> <span class='ocrx_word' id='word_1_540' title='bbox 2635 1449 2775 1494; x_wconf 90' lang='lat' dir='ltr'><strong>sunt.</strong></span> <span class='ocrx_word' id='word_1_541' title='bbox 2818 1442 2873 1495; x_wconf 91' lang='lat' dir='ltr'><strong>ln</strong></span> <span class='ocrx_word' id='word_1_542' title='bbox 2901 1446 3182 1501; x_wconf 79' lang='lat' dir='ltr'><strong>concilium</strong></span> <span class='ocrx_word' id='word_1_543' title='bbox 3212 1460 3386 1504; x_wconf 89' lang='lat' dir='ltr'><strong>autem</strong></span> <span class='ocrx_word' id='word_1_544' title='bbox 3419 1461 3595 1516; x_wconf 73' lang='lat' dir='ltr'><strong>tantae,</strong></span> <span class='ocrx_word' id='word_1_545' title='bbox 3629 1465 3685 1509; x_wconf 91' lang='lat' dir='ltr'><strong>ut</strong></span> <span class='ocrx_word' id='word_1_546' title='bbox 3715 1473 3811 1525; x_wconf 85' lang='lat' dir='ltr'><strong>pu-</strong></span> 
     </span>
    </p>
   </div>
   <div class='ocr_carea' id='block_1_74' title="bbox 2235 1528 3810 1617">
    <p class='ocr_par' dir='ltr' id='par_1_74' title="bbox 2235 1528 3810 1617">
     <span class='ocr_line' id='line_1_74' title="bbox 2235 1528 3810 1617; baseline 0.015 -38"><span class='ocrx_word' id='word_1_547' title='bbox 2235 1528 2356 1580; x_wconf 91' lang='lat' dir='ltr'><strong>tatis</strong></span> <span class='ocrx_word' id='word_1_548' title='bbox 2396 1539 2554 1600; x_wconf 89' lang='lat' dir='ltr'><strong>atque</strong></span> <span class='ocrx_word' id='word_1_549' title='bbox 2582 1530 2813 1601; x_wconf 88' lang='lat' dir='ltr'><strong>jactatis,</strong></span> <span class='ocrx_word' id='word_1_550' title='bbox 2866 1541 3249 1604; x_wconf 87' lang='lat' dir='ltr'><strong>persecutionis</strong></span> <span class='ocrx_word' id='word_1_551' title='bbox 3295 1547 3550 1614; x_wconf 77' lang='lat' dir='ltr'><strong>teinpore,</strong></span> <span class='ocrx_word' id='word_1_552' title='bbox 3585 1551 3810 1617; x_wconf 87' lang='lat' dir='ltr'><strong>amplius</strong></span> 
     </span>
    </p>
   </div>
   <div class='ocr_carea' id='block_1_75' title="bbox 2233 1619 3810 1700">
    <p class='ocr_par' dir='ltr' id='par_1_75' title="bbox 2233 1619 3810 1700">
     <span class='ocr_line' id='line_1_75' title="bbox 2233 1619 3810 1700; baseline 0.015 -28"><span class='ocrx_word' id='word_1_553' title='bbox 2233 1619 2388 1672; x_wconf 89' lang='lat' dir='ltr'><strong>etiam</strong></span> <span class='ocrx_word' id='word_1_554' title='bbox 2420 1635 2574 1689; x_wconf 90' lang='lat' dir='ltr'><strong>quam</strong></span> <span class='ocrx_word' id='word_1_555' title='bbox 2610 1624 2816 1693; x_wconf 85' lang='lat' dir='ltr'><strong>triginta</strong></span> <span class='ocrx_word' id='word_1_556' title='bbox 2863 1631 3146 1685; x_wconf 89' lang='lat' dir='ltr'><strong>convenire</strong></span> <span class='ocrx_word' id='word_1_557' title='bbox 3172 1635 3413 1700; x_wconf 90' lang='lat' dir='ltr'><strong>potuistis</strong></span> <span class='ocrx_word' id='word_1_558' title='bbox 3435 1678 3449 1700; x_wconf 95' lang='lat'><strong>,</strong></span> <span class='ocrx_word' id='word_1_559' title='bbox 3481 1638 3566 1690; x_wconf 91' lang='lat' dir='ltr'><strong>ubi</strong></span> <span class='ocrx_word' id='word_1_560' title='bbox 3593 1649 3645 1692; x_wconf 90' lang='lat' dir='ltr'><strong>et</strong></span> <span class='ocrx_word' id='word_1_561' title='bbox 3673 1640 3810 1694; x_wconf 72' lang='lat' dir='ltr'><strong>Peti-</strong></span> 
     </span>
    </p>
   </div>
   <div class='ocr_carea' id='block_1_76' title="bbox 2235 1707 3810 1792">
    <p class='ocr_par' dir='ltr' id='par_1_76' title="bbox 2235 1707 3810 1792">
     <span class='ocr_line' id='line_1_76' title="bbox 2235 1707 3810 1792; baseline 0.016 -32"><span class='ocrx_word' id='word_1_562' title='bbox 2235 1707 2404 1763; x_wconf 89' lang='lat' dir='ltr'><strong>lianns</strong></span> <span class='ocrx_word' id='word_1_563' title='bbox 2428 1709 2558 1776; x_wconf 89' lang='lat' dir='ltr'><strong>fuit,</strong></span> <span class='ocrx_word' id='word_1_564' title='bbox 2592 1716 2677 1781; x_wconf 89' lang='lat' dir='ltr'><strong>qui</strong></span> <span class='ocrx_word' id='word_1_565' title='bbox 2718 1721 3100 1784; x_wconf 73' lang='lat' dir='ltr'><strong>persecutionis</strong></span> <span class='ocrx_word' id='word_1_566' title='bbox 3130 1730 3366 1792; x_wconf 85' lang='lat' dir='ltr'><strong>tempore</strong></span> <span class='ocrx_word' id='word_1_567' title='bbox 3409 1742 3507 1782; x_wconf 90' lang='lat' dir='ltr'><strong>nec</strong></span> <span class='ocrx_word' id='word_1_568' title='bbox 3533 1728 3810 1784; x_wconf 88' lang='lat' dir='ltr'><strong>duodecim</strong></span> 
     </span>
    </p>
   </div>
   <div class='ocr_carea' id='block_1_77' title="bbox 2232 1801 3084 1872">
    <p class='ocr_par' dir='ltr' id='par_1_77' title="bbox 2232 1801 3084 1872">
     <span class='ocr_line' id='line_1_77' title="bbox 2232 1801 3084 1872; baseline 0.012 -20"><span class='ocrx_word' id='word_1_569' title='bbox 2232 1801 2515 1856; x_wconf 85' lang='lat' dir='ltr'><strong>convenire</strong></span> <span class='ocrx_word' id='word_1_570' title='bbox 2542 1806 2776 1872; x_wconf 89' lang='lat' dir='ltr'><strong>potuisse</strong></span> <span class='ocrx_word' id='word_1_571' title='bbox 2805 1807 3084 1864; x_wconf 89' lang='lat' dir='ltr'><strong>clamabat.</strong></span> 
     </span>
    </p>
   </div>
   <div class='ocr_carea' id='block_1_78' title="bbox 2301 1893 3813 1978">
    <p class='ocr_par' dir='ltr' id='par_1_78' title="bbox 2301 1893 3813 1978">
     <span class='ocr_line' id='line_1_78' title="bbox 2301 1893 3813 1978; baseline 0.015 -34"><span class='ocrx_word' id='word_1_572' title='bbox 2301 1893 2391 1945; x_wconf 73' lang='grc'><strong>43.</strong></span> <span class='ocrx_word' id='word_1_573' title='bbox 2433 1894 2600 1950; x_wconf 89' lang='lat' dir='ltr'><strong>Porro</strong></span> <span class='ocrx_word' id='word_1_574' title='bbox 2635 1896 2686 1948; x_wconf 91' lang='lat' dir='ltr'><strong>in</strong></span> <span class='ocrx_word' id='word_1_575' title='bbox 2722 1897 2836 1968; x_wconf 87' lang='lat' dir='ltr'><strong>ipso</strong></span> <span class='ocrx_word' id='word_1_576' title='bbox 2873 1902 3096 1955; x_wconf 92' lang='lat' dir='ltr'><strong>concilio</strong></span> <span class='ocrx_word' id='word_1_577' title='bbox 3134 1905 3422 1970; x_wconf 86' lang='lat' dir='ltr'><strong>statuistis,</strong></span> <span class='ocrx_word' id='word_1_578' title='bbox 3458 1917 3516 1962; x_wconf 92' lang='lat' dir='ltr'><strong>ut</strong></span> <span class='ocrx_word' id='word_1_579' title='bbox 3553 1912 3638 1978; x_wconf 84' lang='lat' dir='ltr'><strong>qui</strong></span> <span class='ocrx_word' id='word_1_580' title='bbox 3675 1914 3813 1966; x_wconf 76' lang='lat' dir='ltr'><strong>nobis</strong></span> 
     </span>
    </p>
   </div>
   <div class='ocr_carea' id='block_1_79' title="bbox 2232 1978 3810 2070">
    <p class='ocr_par' dir='ltr' id='par_1_79' title="bbox 2232 1978 3810 2070">
     <span class='ocr_line' id='line_1_79' title="bbox 2232 1978 3810 2070; baseline 0.013 -34"><span class='ocrx_word' id='word_1_581' title='bbox 2232 1984 2370 2036; x_wconf 86' lang='lat' dir='ltr'><strong>inviti</strong></span> <span class='ocrx_word' id='word_1_582' title='bbox 2386 1978 2890 2057; x_wconf 82' lang='lat' dir='ltr'><strong>communicaverunt,</strong></span> <span class='ocrx_word' id='word_1_583' title='bbox 2909 1993 3275 2063; x_wconf 83' lang='lat' dir='ltr'><strong>episcoporum,</strong></span> <span class='ocrx_word' id='word_1_584' title='bbox 3294 1998 3371 2051; x_wconf 82' lang='lat' dir='ltr'><strong>vel</strong></span> <span class='ocrx_word' id='word_1_585' title='bbox 3388 2001 3810 2070; x_wconf 81' lang='lat' dir='ltr'><strong>presbyterorum,</strong></span> 
     </span>
    </p>
   </div>
   <div class='ocr_carea' id='block_1_80' title="bbox 2234 2079 3812 2162">
    <p class='ocr_par' dir='ltr' id='par_1_80' title="bbox 2234 2079 3812 2162">
     <span class='ocr_line' id='line_1_80' title="bbox 2234 2079 3812 2162; baseline 0.013 -35"><span class='ocrx_word' id='word_1_586' title='bbox 2234 2085 2424 2128; x_wconf 87' lang='lat' dir='ltr'><strong>tantum</strong></span> <span class='ocrx_word' id='word_1_587' title='bbox 2449 2079 2492 2131; x_wconf 84' lang='lat' dir='ltr'><strong>si</strong></span> <span class='ocrx_word' id='word_1_588' title='bbox 2518 2080 2822 2145; x_wconf 81' lang='lat' dir='ltr'><strong>sacriﬁcium</strong></span> <span class='ocrx_word' id='word_1_589' title='bbox 2852 2100 2952 2136; x_wconf 85' lang='lat' dir='ltr'><strong>non</strong></span> <span class='ocrx_word' id='word_1_590' title='bbox 2982 2086 3269 2151; x_wconf 82' lang='lat' dir='ltr'><strong>obtulerint,</strong></span> <span class='ocrx_word' id='word_1_591' title='bbox 3299 2101 3385 2142; x_wconf 87' lang='lat' dir='ltr'><strong>aut</strong></span> <span class='ocrx_word' id='word_1_592' title='bbox 3414 2092 3468 2144; x_wconf 84' lang='lat' dir='ltr'><strong>in</strong></span> <span class='ocrx_word' id='word_1_593' title='bbox 3496 2096 3684 2162; x_wconf 82' lang='lat' dir='ltr'><strong>populo</strong></span> <span class='ocrx_word' id='word_1_594' title='bbox 3715 2113 3812 2149; x_wconf 85' lang='lat' dir='ltr'><strong>non</strong></span> 
     </span>
    </p>
   </div>
   <div class='ocr_carea' id='block_1_81' title="bbox 2233 2169 3814 2242">
    <p class='ocr_par' dir='ltr' id='par_1_81' title="bbox 2233 2169 3814 2242">
     <span class='ocr_line' id='line_1_81' title="bbox 2233 2169 3814 2242; baseline 0.013 -24"><span class='ocrx_word' id='word_1_595' title='bbox 2233 2169 2572 2234; x_wconf 84' lang='lat' dir='ltr'><strong>tractaverint,</strong></span> <span class='ocrx_word' id='word_1_596' title='bbox 2601 2169 2669 2222; x_wconf 87' lang='lat' dir='ltr'><strong>ad</strong></span> <span class='ocrx_word' id='word_1_597' title='bbox 2697 2173 2890 2226; x_wconf 82' lang='lat' dir='ltr'><strong>veniam</strong></span> <span class='ocrx_word' id='word_1_598' title='bbox 2917 2177 3232 2242; x_wconf 76' lang='lat' dir='ltr'><strong>pertineant,</strong></span> <span class='ocrx_word' id='word_1_599' title='bbox 3264 2188 3309 2232; x_wconf 88' lang='lat' dir='ltr'><strong>et</strong></span> <span class='ocrx_word' id='word_1_600' title='bbox 3334 2181 3386 2232; x_wconf 85' lang='lat' dir='ltr'><strong>in</strong></span> <span class='ocrx_word' id='word_1_601' title='bbox 3411 2182 3516 2234; x_wconf 86' lang='lat' dir='ltr'><strong>suis</strong></span> <span class='ocrx_word' id='word_1_602' title='bbox 3543 2183 3814 2238; x_wconf 75' lang='lat' dir='ltr'><strong>honoribus</strong></span> 
     </span>
    </p>
   </div>
   <div class='ocr_carea' id='block_1_82' title="bbox 2233 2259 3808 2336">
    <p class='ocr_par' dir='ltr' id='par_1_82' title="bbox 2233 2259 3808 2336">
     <span class='ocr_line' id='line_1_82' title="bbox 2233 2259 3808 2336; baseline 0.013 -28"><span class='ocrx_word' id='word_1_603' title='bbox 2233 2259 2539 2328; x_wconf 76' lang='lat' dir='ltr'><strong>recipiantur</strong></span> <span class='ocrx_word' id='word_1_604' title='bbox 2559 2277 2577 2312; x_wconf 90' lang='lat'><strong><em>:</em></strong></span> <span class='ocrx_word' id='word_1_605' title='bbox 2604 2276 2666 2314; x_wconf 87' lang='lat' dir='ltr'><strong>ac</strong></span> <span class='ocrx_word' id='word_1_606' title='bbox 2687 2262 2730 2314; x_wconf 91' lang='lat' dir='ltr'><strong>si</strong></span> <span class='ocrx_word' id='word_1_607' title='bbox 2763 2271 2898 2317; x_wconf 91' lang='lat' dir='ltr'><strong>totas</strong></span> <span class='ocrx_word' id='word_1_608' title='bbox 2921 2265 3307 2322; x_wconf 88' lang='lat' dir='ltr'><strong>calumniarum</strong></span> <span class='ocrx_word' id='word_1_609' title='bbox 3333 2280 3623 2326; x_wconf 86' lang='lat' dir='ltr'><strong>vestrarum</strong></span> <span class='ocrx_word' id='word_1_610' title='bbox 3652 2276 3808 2336; x_wconf 88' lang='lat' dir='ltr'><strong>vires,</strong></span> 
     </span>
    </p>
   </div>
   <div class='ocr_carea' id='block_1_83' title="bbox 2232 2350 3810 2432">
    <p class='ocr_par' dir='ltr' id='par_1_83' title="bbox 2232 2350 3810 2432">
     <span class='ocr_line' id='line_1_83' title="bbox 2232 2350 3810 2432; baseline 0.012 -31"><span class='ocrx_word' id='word_1_611' title='bbox 2232 2350 2390 2402; x_wconf 88' lang='lat' dir='ltr'><strong>etiam</strong></span> <span class='ocrx_word' id='word_1_612' title='bbox 2419 2350 2515 2419; x_wconf 90' lang='lat' dir='ltr'><strong>ipsi</strong></span> <span class='ocrx_word' id='word_1_613' title='bbox 2547 2351 2650 2408; x_wconf 84' lang='lat' dir='ltr'><strong>hoc</strong></span> <span class='ocrx_word' id='word_1_614' title='bbox 2669 2352 2883 2408; x_wconf 91' lang='lat' dir='ltr'><strong>decreto</strong></span> <span class='ocrx_word' id='word_1_615' title='bbox 2907 2366 3085 2410; x_wconf 92' lang='lat' dir='ltr'><strong>vestro</strong></span> <span class='ocrx_word' id='word_1_616' title='bbox 3107 2361 3317 2426; x_wconf 88' lang='lat' dir='ltr'><strong>penitus</strong></span> <span class='ocrx_word' id='word_1_617' title='bbox 3347 2367 3659 2432; x_wconf 83' lang='lat' dir='ltr'><strong>amputastis</strong></span> <span class='ocrx_word' id='word_1_618' title='bbox 3714 2366 3810 2422; x_wconf 89' lang='lat' dir='ltr'><strong>Ubi</strong></span> 
     </span>
    </p>
   </div>
   <div class='ocr_carea' id='block_1_84' title="bbox 2231 2442 3810 2526">
    <p class='ocr_par' dir='ltr' id='par_1_84' title="bbox 2231 2442 3810 2526">
     <span class='ocr_line' id='line_1_84' title="bbox 2231 2442 3810 2526; baseline 0.012 -32"><span class='ocrx_word' id='word_1_619' title='bbox 2231 2448 2312 2495; x_wconf 80' lang='lat' dir='ltr'><strong>est</strong></span> <span class='ocrx_word' id='word_1_620' title='bbox 2343 2442 2483 2495; x_wconf 89' lang='lat' dir='ltr'><strong>enim</strong></span> <span class='ocrx_word' id='word_1_621' title='bbox 2514 2445 2654 2512; x_wconf 90' lang='lat' dir='ltr'><strong>quod</strong></span> <span class='ocrx_word' id='word_1_622' title='bbox 2695 2455 2870 2501; x_wconf 90' lang='lat' dir='ltr'><strong>vestro</strong></span> <span class='ocrx_word' id='word_1_623' title='bbox 2910 2450 3210 2519; x_wconf 88' lang='lat' dir='ltr'><strong>vaniloqnio</strong></span> <span class='ocrx_word' id='word_1_624' title='bbox 3256 2455 3414 2508; x_wconf 87' lang='lat' dir='ltr'><strong>etiam</strong></span> <span class='ocrx_word' id='word_1_625' title='bbox 3455 2472 3549 2510; x_wconf 88' lang='lat' dir='ltr'><strong>eos</strong></span> <span class='ocrx_word' id='word_1_626' title='bbox 3591 2459 3676 2526; x_wconf 81' lang='lat' dir='ltr'><strong>qui</strong></span> <span class='ocrx_word' id='word_1_627' title='bbox 3709 2477 3810 2511; x_wconf 87' lang='lat' dir='ltr'><strong>non</strong></span> 
     </span>
    </p>
   </div>
   <div class='ocr_carea' id='block_1_85' title="bbox 2232 2531 3814 2606">
    <p class='ocr_par' dir='ltr' id='par_1_85' title="bbox 2232 2531 3814 2606">
     <span class='ocr_line' id='line_1_85' title="bbox 2232 2531 3814 2606; baseline 0.011 -22"><span class='ocrx_word' id='word_1_628' title='bbox 2232 2531 2461 2597; x_wconf 90' lang='lat' dir='ltr'><strong>fuerunt,</strong></span> <span class='ocrx_word' id='word_1_629' title='bbox 2490 2534 2662 2589; x_wconf 90' lang='lat' dir='ltr'><strong>dicitis</strong></span> <span class='ocrx_word' id='word_1_630' title='bbox 2688 2552 2782 2606; x_wconf 90' lang='lat' dir='ltr'><strong>per</strong></span> <span class='ocrx_word' id='word_1_631' title='bbox 2805 2541 3228 2595; x_wconf 89' lang='lat' dir='ltr'><strong>communionem</strong></span> <span class='ocrx_word' id='word_1_632' title='bbox 3256 2555 3488 2598; x_wconf 83' lang='lat' dir='ltr'><strong>nostram</strong></span> <span class='ocrx_word' id='word_1_633' title='bbox 3519 2546 3628 2600; x_wconf 85' lang='lat' dir='ltr'><strong>fieri</strong></span> <span class='ocrx_word' id='word_1_634' title='bbox 3655 2551 3814 2601; x_wconf 67' lang='lat' dir='ltr'><strong>iratii-</strong></span> 
     </span>
    </p>
   </div>
   <div class='ocr_carea' id='block_1_86' title="bbox 2233 2625 3811 2706">
    <p class='ocr_par' dir='ltr' id='par_1_86' title="bbox 2233 2625 3811 2706">
     <span class='ocr_line' id='line_1_86' title="bbox 2233 2625 3811 2706; baseline 0.01 -30"><span class='ocrx_word' id='word_1_635' title='bbox 2233 2630 2392 2688; x_wconf 82' lang='lat' dir='ltr'><strong>tores,</strong></span> <span class='ocrx_word' id='word_1_636' title='bbox 2423 2625 2542 2692; x_wconf 88' lang='lat' dir='ltr'><strong>quia</strong></span> <span class='ocrx_word' id='word_1_637' title='bbox 2569 2627 2769 2681; x_wconf 89' lang='lat' dir='ltr'><strong>scilicet</strong></span> <span class='ocrx_word' id='word_1_638' title='bbox 2795 2629 2930 2682; x_wconf 90' lang='lat' dir='ltr'><strong>sicut</strong></span> <span class='ocrx_word' id='word_1_639' title='bbox 2955 2631 3347 2687; x_wconf 79' lang='lat' dir='ltr'><strong>calutnniatnini</strong></span> <span class='ocrx_word' id='word_1_640' title='bbox 3369 2676 3382 2698; x_wconf 94' lang='lat'><strong>,</strong></span> <span class='ocrx_word' id='word_1_641' title='bbox 3415 2636 3486 2688; x_wconf 87' lang='lat' dir='ltr'><strong>illi</strong></span> <span class='ocrx_word' id='word_1_642' title='bbox 3516 2653 3611 2689; x_wconf 88' lang='lat' dir='ltr'><strong>nos</strong></span> <span class='ocrx_word' id='word_1_643' title='bbox 3634 2638 3811 2706; x_wconf 89' lang='lat' dir='ltr'><strong>inqui-</strong></span> 
     </span>
    </p>
   </div>
   <div class='ocr_carea' id='block_1_87' title="bbox 2232 2720 3814 2797">
    <p class='ocr_par' dir='ltr' id='par_1_87' title="bbox 2232 2720 3814 2797">
     <span class='ocr_line' id='line_1_87' title="bbox 2232 2720 3814 2797; baseline 0.008 -24"><span class='ocrx_word' id='word_1_644' title='bbox 2232 2727 2518 2784; x_wconf 88' lang='lat' dir='ltr'><strong>naverunt,</strong></span> <span class='ocrx_word' id='word_1_645' title='bbox 2546 2720 2635 2789; x_wconf 92' lang='lat' dir='ltr'><strong>qui</strong></span> <span class='ocrx_word' id='word_1_646' title='bbox 2681 2722 2988 2790; x_wconf 85' lang='lat' dir='ltr'><strong>urgenti-bus</strong></span> <span class='ocrx_word' id='word_1_647' title='bbox 3021 2725 3035 2754; x_wconf 77' lang='grc' dir='ltr'>ί</span> <span class='ocrx_word' id='word_1_648' title='bbox 3077 2733 3200 2778; x_wconf 89' lang='lat' dir='ltr'><strong>tunc</strong></span> <span class='ocrx_word' id='word_1_649' title='bbox 3247 2727 3422 2795; x_wconf 86' lang='lat' dir='ltr'><strong>impiis</strong></span> <span class='ocrx_word' id='word_1_650' title='bbox 3468 2732 3814 2797; x_wconf 84' lang='lat' dir='ltr'><strong>potestatibus</strong></span> 
     </span>
    </p>
   </div>
   <div class='ocr_carea' id='block_1_88' title="bbox 2232 2809 3814 2887">
    <p class='ocr_par' dir='ltr' id='par_1_88' title="bbox 2232 2809 3814 2887">
     <span class='ocr_line' id='line_1_88' title="bbox 2232 2809 3814 2887; baseline 0.008 -25"><span class='ocrx_word' id='word_1_651' title='bbox 2232 2809 2395 2864; x_wconf 86' lang='lat' dir='ltr'><strong>libros</strong></span> <span class='ocrx_word' id='word_1_652' title='bbox 2441 2811 2828 2866; x_wconf 88' lang='lat' dir='ltr'><strong>ecclesiasticos</strong></span> <span class='ocrx_word' id='word_1_653' title='bbox 2870 2813 3236 2868; x_wconf 87' lang='lat' dir='ltr'><strong>tradiderunt?</strong></span> <span class='ocrx_word' id='word_1_654' title='bbox 3273 2816 3380 2870; x_wconf 86' lang='lat' dir='ltr'><strong>Cur</strong></span> <span class='ocrx_word' id='word_1_655' title='bbox 3425 2834 3552 2887; x_wconf 83' lang='lat' dir='ltr'><strong>ergo</strong></span> <span class='ocrx_word' id='word_1_656' title='bbox 3599 2837 3739 2874; x_wconf 83' lang='lat' dir='ltr'><strong>tlllllc</strong></span> <span class='ocrx_word' id='word_1_657' title='bbox 3783 2839 3814 2875; x_wconf 85' lang='lat' dir='ltr'><strong>a</strong></span> 
     </span>
    </p>
   </div>
   <div class='ocr_carea' id='block_1_89' title="bbox 2231 2901 3814 2982">
    <p class='ocr_par' dir='ltr' id='par_1_89' title="bbox 2231 2901 3814 2982">
     <span class='ocr_line' id='line_1_89' title="bbox 2231 2901 3814 2982; baseline 0.007 -28"><span class='ocrx_word' id='word_1_658' title='bbox 2231 2901 2453 2956; x_wconf 90' lang='lat' dir='ltr'><strong>crimine</strong></span> <span class='ocrx_word' id='word_1_659' title='bbox 2478 2903 2752 2960; x_wconf 86' lang='lat' dir='ltr'><strong>absolvitis</strong></span> <span class='ocrx_word' id='word_1_660' title='bbox 2770 2945 2784 2968; x_wconf 97' lang='lat'><strong>,</strong></span> <span class='ocrx_word' id='word_1_661' title='bbox 2818 2917 2949 2974; x_wconf 91' lang='lat' dir='ltr'><strong>quos</strong></span> <span class='ocrx_word' id='word_1_662' title='bbox 2981 2907 3131 2961; x_wconf 88' lang='lat' dir='ltr'><strong>nobis</strong></span> <span class='ocrx_word' id='word_1_663' title='bbox 3156 2911 3580 2965; x_wconf 86' lang='lat' dir='ltr'><strong>communicasse</strong></span> <span class='ocrx_word' id='word_1_664' title='bbox 3607 2927 3814 2982; x_wconf 85' lang='lat' dir='ltr'><strong>cogno-</strong></span> 
     </span>
    </p>
   </div>
   <div class='ocr_carea' id='block_1_90' title="bbox 2230 2991 3817 3072">
    <p class='ocr_par' dir='ltr' id='par_1_90' title="bbox 2230 2991 3817 3072">
     <span class='ocr_line' id='line_1_90' title="bbox 2230 2991 3817 3072; baseline 0.009 -29"><span class='ocrx_word' id='word_1_665' title='bbox 2230 2991 2413 3045; x_wconf 88' lang='lat' dir='ltr'><strong>veritis</strong></span> <span class='ocrx_word' id='word_1_666' title='bbox 2446 2991 2640 3047; x_wconf 89' lang='lat' dir='ltr'><strong>invitos</strong></span> <span class='ocrx_word' id='word_1_667' title='bbox 2663 3036 2676 3058; x_wconf 93' lang='lat'><strong>,</strong></span> <span class='ocrx_word' id='word_1_668' title='bbox 2707 2994 2750 3048; x_wconf 90' lang='lat' dir='ltr'><strong>si</strong></span> <span class='ocrx_word' id='word_1_669' title='bbox 2797 2996 3111 3050; x_wconf 73' lang='lat' dir='ltr'><strong>sacrificium</strong></span> <span class='ocrx_word' id='word_1_670' title='bbox 3157 3014 3259 3051; x_wconf 84' lang='lat' dir='ltr'><strong>non</strong></span> <span class='ocrx_word' id='word_1_671' title='bbox 3297 2999 3613 3062; x_wconf 87' lang='lat' dir='ltr'><strong>obtulerint,</strong></span> <span class='ocrx_word' id='word_1_672' title='bbox 3644 3018 3817 3072; x_wconf 85' lang='lat' dir='ltr'><strong>neque</strong></span> 
     </span>
    </p>
   </div>
   <div class='ocr_carea' id='block_1_91' title="bbox 2231 3084 3814 3162">
    <p class='ocr_par' dir='ltr' id='par_1_91' title="bbox 2231 3084 3814 3162">
     <span class='ocr_line' id='line_1_91' title="bbox 2231 3084 3814 3162; baseline 0.009 -29"><span class='ocrx_word' id='word_1_673' title='bbox 2231 3096 2531 3135; x_wconf 90' lang='lat' dir='ltr'><strong>sermonem</strong></span> <span class='ocrx_word' id='word_1_674' title='bbox 2573 3084 2624 3137; x_wconf 92' lang='lat' dir='ltr'><strong>in</strong></span> <span class='ocrx_word' id='word_1_675' title='bbox 2671 3085 2865 3153; x_wconf 91' lang='lat' dir='ltr'><strong>populo</strong></span> <span class='ocrx_word' id='word_1_676' title='bbox 2892 3086 3140 3151; x_wconf 88' lang='lat' dir='ltr'><strong>fecerint;</strong></span> <span class='ocrx_word' id='word_1_677' title='bbox 3171 3090 3322 3158; x_wconf 88' lang='lat' dir='ltr'><strong>quasi</strong></span> <span class='ocrx_word' id='word_1_678' title='bbox 3362 3091 3433 3143; x_wconf 92' lang='lat' dir='ltr'><strong>illi</strong></span> <span class='ocrx_word' id='word_1_679' title='bbox 3484 3103 3608 3147; x_wconf 90' lang='lat' dir='ltr'><strong>tunc</strong></span> <span class='ocrx_word' id='word_1_680' title='bbox 3656 3095 3814 3162; x_wconf 88' lang='lat' dir='ltr'><strong>primi</strong></span> 
     </span>
    </p>
   </div>
   <div class='ocr_carea' id='block_1_92' title="bbox 2233 3172 3815 3254">
    <p class='ocr_par' dir='ltr' id='par_1_92' title="bbox 2233 3172 3815 3254">
     <span class='ocr_line' id='line_1_92' title="bbox 2233 3172 3815 3254; baseline 0.008 -28"><span class='ocrx_word' id='word_1_681' title='bbox 2233 3172 2514 3228; x_wconf 90' lang='lat' dir='ltr'><strong>traditores</strong></span> <span class='ocrx_word' id='word_1_682' title='bbox 2542 3175 2641 3228; x_wconf 85' lang='lat' dir='ltr'><strong>sub</strong></span> <span class='ocrx_word' id='word_1_683' title='bbox 2686 3184 2887 3230; x_wconf 89' lang='lat' dir='ltr'><strong>terrore</strong></span> <span class='ocrx_word' id='word_1_684' title='bbox 2931 3187 2984 3230; x_wconf 91' lang='lat' dir='ltr'><strong>et</strong></span> <span class='ocrx_word' id='word_1_685' title='bbox 3015 3177 3234 3234; x_wconf 86' lang='lat' dir='ltr'><strong>horrore</strong></span> <span class='ocrx_word' id='word_1_686' title='bbox 3266 3181 3570 3235; x_wconf 87' lang='lat' dir='ltr'><strong>immanium</strong></span> <span class='ocrx_word' id='word_1_687' title='bbox 3611 3187 3815 3254; x_wconf 80' lang='lat' dir='ltr'><strong>suppli—</strong></span> 
     </span>
    </p>
   </div>
   <div class='ocr_carea' id='block_1_93' title="bbox 2231 3262 3810 3340">
    <p class='ocr_par' dir='ltr' id='par_1_93' title="bbox 2231 3262 3810 3340">
     <span class='ocr_line' id='line_1_93' title="bbox 2231 3262 3810 3340; baseline 0.008 -25"><span class='ocrx_word' id='word_1_688' title='bbox 2231 3262 2466 3329; x_wconf 85' lang='lat' dir='ltr'><strong>ciorum,</strong></span> <span class='ocrx_word' id='word_1_689' title='bbox 2495 3263 2668 3332; x_wconf 89' lang='lat' dir='ltr'><strong>qualia</strong></span> <span class='ocrx_word' id='word_1_690' title='bbox 2698 3265 2854 3320; x_wconf 91' lang='lat' dir='ltr'><strong>modo</strong></span> <span class='ocrx_word' id='word_1_691' title='bbox 2899 3267 3047 3321; x_wconf 84' lang='lat' dir='ltr'><strong>vobis</strong></span> <span class='ocrx_word' id='word_1_692' title='bbox 3076 3270 3291 3322; x_wconf 89' lang='lat' dir='ltr'><strong>omnino</strong></span> <span class='ocrx_word' id='word_1_693' title='bbox 3334 3271 3510 3325; x_wconf 89' lang='lat' dir='ltr'><strong>nullus</strong></span> <span class='ocrx_word' id='word_1_694' title='bbox 3555 3273 3810 3340; x_wconf 72' lang='lat' dir='ltr'><strong>ingessit,</strong></span> 
     </span>
    </p>
   </div>
   <div class='ocr_carea' id='block_1_94' title="bbox 2230 3352 3813 3425">
    <p class='ocr_par' dir='ltr' id='par_1_94' title="bbox 2230 3352 3813 3425">
     <span class='ocr_line' id='line_1_94' title="bbox 2230 3352 3813 3425; baseline 0.007 -19"><span class='ocrx_word' id='word_1_695' title='bbox 2230 3352 2440 3407; x_wconf 88' lang='lat' dir='ltr'><strong>codices</strong></span> <span class='ocrx_word' id='word_1_696' title='bbox 2469 3363 2679 3408; x_wconf 89' lang='lat' dir='ltr'><strong>sanctos</strong></span> <span class='ocrx_word' id='word_1_697' title='bbox 2706 3372 2810 3408; x_wconf 92' lang='lat' dir='ltr'><strong>non</strong></span> <span class='ocrx_word' id='word_1_698' title='bbox 2840 3357 2984 3410; x_wconf 87' lang='lat' dir='ltr'><strong>inviti</strong></span> <span class='ocrx_word' id='word_1_699' title='bbox 3017 3358 3345 3425; x_wconf 63' lang='lat' dir='ltr'><strong>tradiderint;</strong></span> <span class='ocrx_word' id='word_1_700' title='bbox 3373 3373 3464 3414; x_wconf 88' lang='lat' dir='ltr'><strong>aut</strong></span> <span class='ocrx_word' id='word_1_701' title='bbox 3493 3364 3813 3418; x_wconf 87' lang='lat' dir='ltr'><strong>sacrificium</strong></span> 
     </span>
    </p>
   </div>
   <div class='ocr_carea' id='block_1_95' title="bbox 2230 3443 3814 3517">
    <p class='ocr_par' dir='ltr' id='par_1_95' title="bbox 2230 3443 3814 3517">
     <span class='ocr_line' id='line_1_95' title="bbox 2230 3443 3814 3517; baseline 0.008 -21"><span class='ocrx_word' id='word_1_702' title='bbox 2230 3443 2340 3498; x_wconf 90' lang='lat' dir='ltr'><strong>illic</strong></span> <span class='ocrx_word' id='word_1_703' title='bbox 2383 3445 2688 3512; x_wconf 86' lang='lat' dir='ltr'><strong>obtulerint,</strong></span> <span class='ocrx_word' id='word_1_704' title='bbox 2733 3455 2823 3500; x_wconf 87' lang='lat' dir='ltr'><strong>aut</strong></span> <span class='ocrx_word' id='word_1_705' title='bbox 2861 3448 2910 3500; x_wconf 90' lang='lat' dir='ltr'><strong>in</strong></span> <span class='ocrx_word' id='word_1_706' title='bbox 2959 3451 3151 3517; x_wconf 91' lang='lat' dir='ltr'><strong>populo</strong></span> <span class='ocrx_word' id='word_1_707' title='bbox 3198 3466 3499 3505; x_wconf 89' lang='lat' dir='ltr'><strong>sermonem</strong></span> <span class='ocrx_word' id='word_1_708' title='bbox 3545 3451 3814 3509; x_wconf 79' lang='lat' dir='ltr'><strong>fecerint?</strong></span> 
     </span>
    </p>
   </div>
   <div class='ocr_carea' id='block_1_96' title="bbox 2232 3535 3797 3611">
    <p class='ocr_par' dir='ltr' id='par_1_96' title="bbox 2232 3535 3797 3611">
     <span class='ocr_line' id='line_1_96' title="bbox 2232 3535 3797 3611; baseline 0.006 -23"><span class='ocrx_word' id='word_1_709' title='bbox 2232 3535 2436 3588; x_wconf 81' lang='lat' dir='ltr'><strong>Videtis</strong></span> <span class='ocrx_word' id='word_1_710' title='bbox 2461 3551 2587 3606; x_wconf 88' lang='lat' dir='ltr'><strong>ergo</strong></span> <span class='ocrx_word' id='word_1_711' title='bbox 2614 3538 2752 3606; x_wconf 88' lang='lat' dir='ltr'><strong>quod</strong></span> <span class='ocrx_word' id='word_1_712' title='bbox 2783 3539 2919 3592; x_wconf 91' lang='lat' dir='ltr'><strong>sicut</strong></span> <span class='ocrx_word' id='word_1_713' title='bbox 2949 3555 3040 3593; x_wconf 89' lang='lat' dir='ltr'><strong>vos</strong></span> <span class='ocrx_word' id='word_1_714' title='bbox 3069 3541 3200 3603; x_wconf 89' lang='lat' dir='ltr'><strong>istis,</strong></span> <span class='ocrx_word' id='word_1_715' title='bbox 3232 3558 3363 3611; x_wconf 89' lang='lat' dir='ltr'><strong>quos</strong></span> <span class='ocrx_word' id='word_1_716' title='bbox 3392 3544 3679 3599; x_wconf 86' lang='lat' dir='ltr'><strong>vanissime</strong></span> <span class='ocrx_word' id='word_1_717' title='bbox 3703 3549 3797 3598; x_wconf 89' lang='lat' dir='ltr'><strong>cri-</strong></span> 
     </span>
    </p>
   </div>
   <div class='ocr_carea' id='block_1_97' title="bbox 2230 3625 3811 3704">
    <p class='ocr_par' dir='ltr' id='par_1_97' title="bbox 2230 3625 3811 3704">
     <span class='ocr_line' id='line_1_97' title="bbox 2230 3625 3811 3704; baseline 0.008 -27"><span class='ocrx_word' id='word_1_718' title='bbox 2230 3625 2503 3680; x_wconf 89' lang='lat' dir='ltr'><strong>minamini</strong></span> <span class='ocrx_word' id='word_1_719' title='bbox 2530 3630 2902 3683; x_wconf 90' lang='lat' dir='ltr'><strong>communione</strong></span> <span class='ocrx_word' id='word_1_720' title='bbox 2931 3642 3106 3685; x_wconf 88' lang='lat' dir='ltr'><strong>nostra</strong></span> <span class='ocrx_word' id='word_1_721' title='bbox 3137 3632 3246 3686; x_wconf 88' lang='lat' dir='ltr'><strong>fieri</strong></span> <span class='ocrx_word' id='word_1_722' title='bbox 3281 3634 3583 3697; x_wconf 85' lang='lat' dir='ltr'><strong>traditores,</strong></span> <span class='ocrx_word' id='word_1_723' title='bbox 3609 3637 3653 3690; x_wconf 87' lang='lat' dir='ltr'><strong>si</strong></span> <span class='ocrx_word' id='word_1_724' title='bbox 3685 3638 3811 3704; x_wconf 86' lang='lat' dir='ltr'><strong>quid</strong></span> 
     </span>
    </p>
   </div>
   <div class='ocr_carea' id='block_1_98' title="bbox 2231 3713 3812 3793">
    <p class='ocr_par' dir='ltr' id='par_1_98' title="bbox 2231 3713 3812 3793">
     <span class='ocr_line' id='line_1_98' title="bbox 2231 3713 3812 3793; baseline 0.008 -26"><span class='ocrx_word' id='word_1_725' title='bbox 2231 3714 2377 3767; x_wconf 89' lang='lat' dir='ltr'><strong>inviti</strong></span> <span class='ocrx_word' id='word_1_726' title='bbox 2404 3713 2625 3770; x_wconf 76' lang='lat' dir='ltr'><strong>fecerint</strong></span> <span class='ocrx_word' id='word_1_727' title='bbox 2644 3757 2659 3782; x_wconf 94' lang='lat'><strong>,</strong></span> <span class='ocrx_word' id='word_1_728' title='bbox 2689 3719 2932 3786; x_wconf 89' lang='lat' dir='ltr'><strong>potuistis</strong></span> <span class='ocrx_word' id='word_1_729' title='bbox 2962 3722 3235 3790; x_wconf 85' lang='lat' dir='ltr'><strong>ignoscere</strong></span> <span class='ocrx_word' id='word_1_730' title='bbox 3259 3740 3272 3786; x_wconf 91' lang='lat'>;</span> <span class='ocrx_word' id='word_1_731' title='bbox 3302 3724 3364 3776; x_wconf 89' lang='lat' dir='ltr'><strong>ita</strong></span> <span class='ocrx_word' id='word_1_732' title='bbox 3392 3725 3548 3777; x_wconf 87' lang='lat' dir='ltr'><strong>etiam</strong></span> <span class='ocrx_word' id='word_1_733' title='bbox 3575 3726 3812 3793; x_wconf 73' lang='lat' dir='ltr'><strong>tnajnees</strong></span> 
     </span>
    </p>
   </div>
   <div class='ocr_carea' id='block_1_99' title="bbox 2230 3808 3811 3872">
    <p class='ocr_par' dir='ltr' id='par_1_99' title="bbox 2230 3808 3811 3872">
     <span class='ocr_line' id='line_1_99' title="bbox 2230 3808 3811 3872; baseline 0.007 -12"><span class='ocrx_word' id='word_1_734' title='bbox 2230 3808 2392 3862; x_wconf 88' lang='lat' dir='ltr'><strong>vestri</strong></span> <span class='ocrx_word' id='word_1_735' title='bbox 2423 3808 2472 3862; x_wconf 91' lang='lat' dir='ltr'><strong>in</strong></span> <span class='ocrx_word' id='word_1_736' title='bbox 2505 3811 2817 3864; x_wconf 84' lang='lat' dir='ltr'><strong>necessitate</strong></span> <span class='ocrx_word' id='word_1_737' title='bbox 2839 3814 3001 3866; x_wconf 90' lang='lat' dir='ltr'><strong>nmlto</strong></span> <span class='ocrx_word' id='word_1_738' title='bbox 3030 3816 3256 3868; x_wconf 81' lang='lat' dir='ltr'><strong>arctiore</strong></span> <span class='ocrx_word' id='word_1_739' title='bbox 3289 3817 3612 3871; x_wconf 86' lang='lat' dir='ltr'><strong>tradentibus</strong></span> <span class='ocrx_word' id='word_1_740' title='bbox 3643 3821 3811 3872; x_wconf 87' lang='lat' dir='ltr'><strong>tradi-</strong></span> 
     </span>
    </p>
   </div>
   <div class='ocr_carea' id='block_1_100' title="bbox 2234 3900 3809 3977">
    <p class='ocr_par' dir='ltr' id='par_1_100' title="bbox 2234 3900 3809 3977">
     <span class='ocr_line' id='line_1_100' title="bbox 2234 3900 3809 3977; baseline 0.007 -25"><span class='ocrx_word' id='word_1_741' title='bbox 2234 3900 2432 3953; x_wconf 90' lang='lat' dir='ltr'><strong>toribus</strong></span> <span class='ocrx_word' id='word_1_742' title='bbox 2462 3902 2598 3954; x_wconf 87' lang='lat' dir='ltr'><strong>veris</strong></span> <span class='ocrx_word' id='word_1_743' title='bbox 2627 3903 2646 3933; x_wconf 82' lang='grc'><em>³</em></span> <span class='ocrx_word' id='word_1_744' title='bbox 2667 3943 2680 3965; x_wconf 84' lang='grc'><em>,</em></span> <span class='ocrx_word' id='word_1_745' title='bbox 2712 3903 2761 3955; x_wconf 92' lang='lat' dir='ltr'><strong>in</strong></span> <span class='ocrx_word' id='word_1_746' title='bbox 2789 3903 2971 3957; x_wconf 84' lang='lat' dir='ltr'><strong>eadem</strong></span> <span class='ocrx_word' id='word_1_747' title='bbox 2999 3906 3172 3974; x_wconf 72' lang='lat' dir='ltr'><strong>regula</strong></span> <span class='ocrx_word' id='word_1_748' title='bbox 3205 3908 3477 3975; x_wconf 82' lang='lat' dir='ltr'><strong>ignoscere</strong></span> <span class='ocrx_word' id='word_1_749' title='bbox 3504 3921 3809 3977; x_wconf 87' lang='lat' dir='ltr'><strong>potuerunt.</strong></span> 
     </span>
    </p>
   </div>
   <div class='ocr_carea' id='block_1_101' title="bbox 2229 3987 3812 4064">
    <p class='ocr_par' dir='ltr' id='par_1_101' title="bbox 2229 3987 3812 4064">
     <span class='ocr_line' id='line_1_101' title="bbox 2229 3987 3812 4064; baseline 0.006 -20"><span class='ocrx_word' id='word_1_750' title='bbox 2229 3987 2330 4044; x_wconf 88' lang='lat' dir='ltr'><strong>Sed</strong></span> <span class='ocrx_word' id='word_1_751' title='bbox 2353 3997 2407 4042; x_wconf 90' lang='lat' dir='ltr'><strong>ut</strong></span> <span class='ocrx_word' id='word_1_752' title='bbox 2423 3989 2734 4045; x_wconf 83' lang='lat' dir='ltr'><strong>damnarent</strong></span> <span class='ocrx_word' id='word_1_753' title='bbox 2761 3992 2893 4046; x_wconf 85' lang='lat' dir='ltr'><strong>alios</strong></span> <span class='ocrx_word' id='word_1_754' title='bbox 2915 3994 3159 4049; x_wconf 87' lang='lat' dir='ltr'><strong>absentes</strong></span> <span class='ocrx_word' id='word_1_755' title='bbox 3181 4003 3237 4050; x_wconf 90' lang='lat' dir='ltr'><strong>et</strong></span> <span class='ocrx_word' id='word_1_756' title='bbox 3263 3997 3546 4064; x_wconf 88' lang='lat' dir='ltr'><strong>inauditos,</strong></span> <span class='ocrx_word' id='word_1_757' title='bbox 3571 3999 3812 4054; x_wconf 56' lang='lat' dir='ltr'><strong>inimico-</strong></span> 
     </span>
    </p>
   </div>
   <div class='ocr_carea' id='block_1_102' title="bbox 2230 4082 3810 4162">
    <p class='ocr_par' dir='ltr' id='par_1_102' title="bbox 2230 4082 3810 4162">
     <span class='ocr_line' id='line_1_102' title="bbox 2230 4082 3810 4162; baseline 0.009 -29"><span class='ocrx_word' id='word_1_758' title='bbox 2230 4097 2345 4134; x_wconf 90' lang='lat' dir='ltr'><strong>rum</strong></span> <span class='ocrx_word' id='word_1_759' title='bbox 2375 4082 2638 4135; x_wconf 66' lang='lat' dir='ltr'><strong>Cmciliani</strong></span> <span class='ocrx_word' id='word_1_760' title='bbox 2670 4085 2894 4139; x_wconf 78' lang='lat' dir='ltr'><strong>factione</strong></span> <span class='ocrx_word' id='word_1_761' title='bbox 2921 4089 3176 4157; x_wconf 90' lang='lat' dir='ltr'><strong>compulsi</strong></span> <span class='ocrx_word' id='word_1_762' title='bbox 3208 4099 3350 4153; x_wconf 90' lang='lat' dir='ltr'><strong>sunt,</strong></span> <span class='ocrx_word' id='word_1_763' title='bbox 3385 4090 3639 4147; x_wconf 87' lang='lat' dir='ltr'><strong>facientes</strong></span> <span class='ocrx_word' id='word_1_764' title='bbox 3667 4095 3810 4162; x_wconf 66' lang='lat' dir='ltr'><strong>quod</strong></span> 
     </span>
    </p>
   </div>
   <div class='ocr_carea' id='block_1_103' title="bbox 2229 4173 3812 4257">
    <p class='ocr_par' dir='ltr' id='par_1_103' title="bbox 2229 4173 3812 4257">
     <span class='ocr_line' id='line_1_103' title="bbox 2229 4173 3812 4257; baseline 0.007 -29"><span class='ocrx_word' id='word_1_765' title='bbox 2229 4173 2295 4228; x_wconf 90' lang='lat' dir='ltr'><strong>de</strong></span> <span class='ocrx_word' id='word_1_766' title='bbox 2327 4174 2516 4228; x_wconf 89' lang='lat' dir='ltr'><strong>talibus</strong></span> <span class='ocrx_word' id='word_1_767' title='bbox 2546 4177 2828 4245; x_wconf 86' lang='lat' dir='ltr'><strong>Apostolus</strong></span> <span class='ocrx_word' id='word_1_768' title='bbox 2855 4178 3003 4246; x_wconf 89' lang='lat' dir='ltr'><strong>dicit,</strong></span> <span class='ocrx_word' id='word_1_769' title='bbox 3033 4179 3096 4233; x_wconf 90' lang='lat' dir='ltr'><strong>In</strong></span> <span class='ocrx_word' id='word_1_770' title='bbox 3120 4198 3216 4249; x_wconf 83' lang='lat' dir='ltr'><strong>quo</strong></span> <span class='ocrx_word' id='word_1_771' title='bbox 3243 4185 3375 4236; x_wconf 83' lang='lat' dir='ltr'><strong>enim</strong></span> <span class='ocrx_word' id='word_1_772' title='bbox 3405 4186 3560 4238; x_wconf 85' lang='lat' dir='ltr'><strong>alium</strong></span> <span class='ocrx_word' id='word_1_773' title='bbox 3581 4187 3812 4257; x_wconf 82' lang='lat' dir='ltr'><strong>judiras,</strong></span> 
     </span>
    </p>
   </div>
   <div class='ocr_carea' id='block_1_104' title="bbox 2229 4267 3820 4347">
    <p class='ocr_par' dir='ltr' id='par_1_104' title="bbox 2229 4267 3820 4347">
     <span class='ocr_line' id='line_1_104' title="bbox 2229 4267 3820 4347; baseline 0.008 -28"><span class='ocrx_word' id='word_1_774' title='bbox 2229 4275 2276 4319; x_wconf 86' lang='lat' dir='ltr'><strong>te</strong></span> <span class='ocrx_word' id='word_1_775' title='bbox 2321 4267 2485 4335; x_wconf 84' lang='lat' dir='ltr'><strong>ipsum</strong></span> <span class='ocrx_word' id='word_1_776' title='bbox 2527 4269 2870 4334; x_wconf 81' lang='lat' dir='ltr'><strong>condemnas;</strong></span> <span class='ocrx_word' id='word_1_777' title='bbox 2915 4272 3087 4325; x_wconf 84' lang='lat' dir='ltr'><strong>eadem</strong></span> <span class='ocrx_word' id='word_1_778' title='bbox 3125 4275 3257 4326; x_wconf 80' lang='lat' dir='ltr'><strong>enim</strong></span> <span class='ocrx_word' id='word_1_779' title='bbox 3303 4276 3412 4346; x_wconf 77' lang='lat' dir='ltr'><strong>agis</strong></span> <span class='ocrx_word' id='word_1_780' title='bbox 3456 4293 3568 4344; x_wconf 75' lang='lat' dir='ltr'><strong>qua:</strong></span> <span class='ocrx_word' id='word_1_781' title='bbox 3602 4279 3820 4347; x_wconf 78' lang='lat' dir='ltr'><strong>judicas</strong></span> 
     </span>
    </p>
   </div>
   <div class='ocr_carea' id='block_1_105' title="bbox 2230 4358 2606 4429">
    <p class='ocr_par' dir='ltr' id='par_1_105' title="bbox 2230 4358 2606 4429">
     <span class='ocr_line' id='line_1_105' title="bbox 2230 4358 2606 4429; baseline 0 -17"><span class='ocrx_word' id='word_1_782' title='bbox 2230 4358 2406 4429; x_wconf 84' lang='lat' dir='ltr'><strong>(Rom.</strong></span> <span class='ocrx_word' id='word_1_783' title='bbox 2429 4377 2463 4414; x_wconf 83' lang='grc' dir='ltr'>ιι</span> <span class='ocrx_word' id='word_1_784' title='bbox 2482 4403 2495 4425; x_wconf 96' lang='lat'><strong>,</strong></span> <span class='ocrx_word' id='word_1_785' title='bbox 2534 4361 2606 4429; x_wconf 86' lang='lat' dir='ltr'><strong>l).</strong></span> 
     </span>
    </p>
   </div>
   <div class='ocr_carea' id='block_1_106' title="bbox 2298 4449 3813 4523">
    <p class='ocr_par' dir='ltr' id='par_1_106' title="bbox 2298 4449 3813 4523">
     <span class='ocr_line' id='line_1_106' title="bbox 2298 4449 3813 4523; baseline 0.005 -21"><span class='ocrx_word' id='word_1_786' title='bbox 2298 4449 2384 4503; x_wconf 70' lang='grc'><strong>4-9.</strong></span> <span class='ocrx_word' id='word_1_787' title='bbox 2440 4450 2802 4520; x_wconf 86' lang='lat' dir='ltr'><strong>Quapropter,</strong></span> <span class='ocrx_word' id='word_1_788' title='bbox 2858 4453 3104 4522; x_wconf 90' lang='lat' dir='ltr'><strong>quoniam</strong></span> <span class='ocrx_word' id='word_1_789' title='bbox 3151 4454 3437 4510; x_wconf 70' lang='lat' dir='ltr'><strong>Donatista</strong></span> <span class='ocrx_word' id='word_1_790' title='bbox 3493 4457 3813 4523; x_wconf 82' lang='lat' dir='ltr'><strong>semetipsos</strong></span> 
     </span>
    </p>
   </div>
   <div class='ocr_carea' id='block_1_107' title="bbox 2227 4541 3815 4614">
    <p class='ocr_par' dir='ltr' id='par_1_107' title="bbox 2227 4541 3815 4614">
     <span class='ocr_line' id='line_1_107' title="bbox 2227 4541 3815 4614; baseline 0.004 -21"><span class='ocrx_word' id='word_1_791' title='bbox 2227 4541 2469 4596; x_wconf 87' lang='lat' dir='ltr'><strong>occidere</strong></span> <span class='ocrx_word' id='word_1_792' title='bbox 2491 4558 2698 4612; x_wconf 84' lang='lat' dir='ltr'><strong>semper</strong></span> <span class='ocrx_word' id='word_1_793' title='bbox 2719 4555 3046 4611; x_wconf 86' lang='lat' dir='ltr'><strong>amaverunt,</strong></span> <span class='ocrx_word' id='word_1_794' title='bbox 3073 4557 3120 4598; x_wconf 91' lang='lat' dir='ltr'><strong>ct</strong></span> <span class='ocrx_word' id='word_1_795' title='bbox 3150 4546 3246 4614; x_wconf 90' lang='lat' dir='ltr'><strong>ipsi</strong></span> <span class='ocrx_word' id='word_1_796' title='bbox 3267 4548 3335 4601; x_wconf 92' lang='lat' dir='ltr'><strong>ab</strong></span> <span class='ocrx_word' id='word_1_797' title='bbox 3358 4549 3503 4600; x_wconf 90' lang='lat' dir='ltr'><strong>initio</strong></span> <span class='ocrx_word' id='word_1_798' title='bbox 3527 4549 3815 4602; x_wconf 83' lang='lat' dir='ltr'><strong>traditores</strong></span> 
     </span>
    </p>
   </div>
   <div class='ocr_carea' id='block_1_108' title="bbox 2227 4632 3808 4709">
    <p class='ocr_par' dir='ltr' id='par_1_108' title="bbox 2227 4632 3808 4709">
     <span class='ocr_line' id='line_1_108' title="bbox 2227 4632 3808 4709; baseline 0.006 -25"><span class='ocrx_word' id='word_1_799' title='bbox 2227 4632 2469 4695; x_wconf 77' lang='lat' dir='ltr'><strong>fuerunt;</strong></span> <span class='ocrx_word' id='word_1_800' title='bbox 2517 4634 2639 4702; x_wconf 90' lang='lat' dir='ltr'><strong>quid</strong></span> <span class='ocrx_word' id='word_1_801' title='bbox 2682 4635 2870 4688; x_wconf 89' lang='lat' dir='ltr'><strong>mirum</strong></span> <span class='ocrx_word' id='word_1_802' title='bbox 2911 4637 2952 4688; x_wconf 91' lang='lat' dir='ltr'><strong>si</strong></span> <span class='ocrx_word' id='word_1_803' title='bbox 3004 4637 3272 4691; x_wconf 82' lang='lat' dir='ltr'><strong>traditoris</strong></span> <span class='ocrx_word' id='word_1_804' title='bbox 3319 4650 3544 4693; x_wconf 90' lang='lat' dir='ltr'><strong>mortem</strong></span> <span class='ocrx_word' id='word_1_805' title='bbox 3589 4639 3808 4709; x_wconf 74' lang='lat' dir='ltr'><strong>(Ilattb.</strong></span> 
     </span>
    </p>
   </div>
   <div class='ocr_carea' id='block_1_109' title="bbox 2226 4725 3809 4794">
    <p class='ocr_par' dir='ltr' id='par_1_109' title="bbox 2226 4725 3809 4794">
     <span class='ocr_line' id='line_1_109' title="bbox 2226 4725 3809 4794; baseline 0.006 -20"><span class='ocrx_word' id='word_1_806' title='bbox 2226 4737 2366 4776; x_wconf 77' lang='lat' dir='ltr'><strong>xxvii</strong></span> <span class='ocrx_word' id='word_1_807' title='bbox 2387 4764 2400 4788; x_wconf 98' lang='lat'><strong>,</strong></span> <span class='ocrx_word' id='word_1_808' title='bbox 2432 4725 2485 4794; x_wconf 85' lang='grc'><strong>5)</strong></span> <span class='ocrx_word' id='word_1_809' title='bbox 2513 4725 2670 4779; x_wconf 84' lang='lat' dir='ltr'><strong>etiam</strong></span> <span class='ocrx_word' id='word_1_810' title='bbox 2702 4741 2827 4779; x_wconf 89' lang='lat' dir='ltr'><strong>suos</strong></span> <span class='ocrx_word' id='word_1_811' title='bbox 2856 4739 3094 4794; x_wconf 88' lang='lat' dir='ltr'><strong>posteros</strong></span> <span class='ocrx_word' id='word_1_812' title='bbox 3120 4744 3300 4782; x_wconf 88' lang='lat' dir='ltr'><strong>amare</strong></span> <span class='ocrx_word' id='word_1_813' title='bbox 3327 4730 3620 4784; x_wconf 88' lang='lat' dir='ltr'><strong>docuerunt</strong></span> <span class='ocrx_word' id='word_1_814' title='bbox 3649 4732 3670 4784; x_wconf 91' lang='lat'><strong>?</strong></span> <span class='ocrx_word' id='word_1_815' title='bbox 3703 4732 3809 4785; x_wconf 85' lang='lat' dir='ltr'><strong>Sed</strong></span> 
     </span>
    </p>
   </div>
   <div class='ocr_carea' id='block_1_110' title="bbox 2226 4814 3809 4890">
    <p class='ocr_par' dir='ltr' id='par_1_110' title="bbox 2226 4814 3809 4890">
     <span class='ocr_line' id='line_1_110' title="bbox 2226 4814 3809 4890; baseline 0.007 -26"><span class='ocrx_word' id='word_1_816' title='bbox 2226 4814 2451 4868; x_wconf 73' lang='lat' dir='ltr'><strong>vitanda:</strong></span> <span class='ocrx_word' id='word_1_817' title='bbox 2483 4815 2637 4885; x_wconf 85' lang='lat' dir='ltr'><strong>hujus</strong></span> <span class='ocrx_word' id='word_1_818' title='bbox 2663 4816 3022 4871; x_wconf 88' lang='lat' dir='ltr'><strong>similitudinis</strong></span> <span class='ocrx_word' id='word_1_819' title='bbox 3049 4833 3228 4881; x_wconf 76' lang='lat' dir='ltr'><strong>cauSa,</strong></span> <span class='ocrx_word' id='word_1_820' title='bbox 3263 4821 3345 4873; x_wconf 88' lang='lat' dir='ltr'><strong>vel</strong></span> <span class='ocrx_word' id='word_1_821' title='bbox 3378 4837 3684 4890; x_wconf 88' lang='lat' dir='ltr'><strong>nunquam,</strong></span> <span class='ocrx_word' id='word_1_822' title='bbox 3727 4824 3809 4875; x_wconf 86' lang='lat' dir='ltr'><strong>vel</strong></span> 
     </span>
    </p>
   </div>
   <div class='ocr_carea' id='block_1_111' title="bbox 2222 4906 3805 4978">
    <p class='ocr_par' dir='ltr' id='par_1_111' title="bbox 2222 4906 3805 4978">
     <span class='ocr_line' id='line_1_111' title="bbox 2222 4906 3805 4978; baseline 0.006 -20"><span class='ocrx_word' id='word_1_823' title='bbox 2222 4906 2530 4962; x_wconf 83' lang='lat' dir='ltr'><strong>difficillime</strong></span> <span class='ocrx_word' id='word_1_824' title='bbox 2576 4923 2634 4962; x_wconf 87' lang='lat' dir='ltr'><strong>se</strong></span> <span class='ocrx_word' id='word_1_825' title='bbox 2672 4909 2857 4978; x_wconf 87' lang='lat' dir='ltr'><strong>laqueo</strong></span> <span class='ocrx_word' id='word_1_826' title='bbox 2907 4921 3248 4965; x_wconf 86' lang='lat' dir='ltr'><strong>necaverunt.</strong></span> <span class='ocrx_word' id='word_1_827' title='bbox 3295 4911 3512 4966; x_wconf 84' lang='lat' dir='ltr'><strong>Frustra</strong></span> <span class='ocrx_word' id='word_1_828' title='bbox 3555 4914 3805 4977; x_wconf 85' lang='lat' dir='ltr'><strong>omnino;</strong></span> 
     </span>
    </p>
   </div>
   <div class='ocr_carea' id='block_1_112' title="bbox 2223 5001 3812 5075">
    <p class='ocr_par' dir='ltr' id='par_1_112' title="bbox 2223 5001 3812 5075">
     <span class='ocr_line' id='line_1_112' title="bbox 2223 5001 3812 5075; baseline 0.004 -22"><span class='ocrx_word' id='word_1_829' title='bbox 2223 5017 2342 5053; x_wconf 89' lang='lat' dir='ltr'><strong>nam</strong></span> <span class='ocrx_word' id='word_1_830' title='bbox 2376 5001 2462 5054; x_wconf 85' lang='lat' dir='ltr'><strong>ille</strong></span> <span class='ocrx_word' id='word_1_831' title='bbox 2487 5001 2674 5056; x_wconf 83' lang='lat' dir='ltr'><strong>Judatn</strong></span> <span class='ocrx_word' id='word_1_832' title='bbox 2706 5002 3013 5056; x_wconf 90' lang='lat' dir='ltr'><strong>traditorem</strong></span> <span class='ocrx_word' id='word_1_833' title='bbox 3056 5004 3103 5057; x_wconf 93' lang='lat' dir='ltr'><strong>id</strong></span> <span class='ocrx_word' id='word_1_834' title='bbox 3133 5003 3304 5058; x_wconf 86' lang='lat' dir='ltr'><strong>facere</strong></span> <span class='ocrx_word' id='word_1_835' title='bbox 3333 5006 3610 5074; x_wconf 90' lang='lat' dir='ltr'><strong>compulit,</strong></span> <span class='ocrx_word' id='word_1_836' title='bbox 3641 5007 3731 5075; x_wconf 92' lang='lat' dir='ltr'><strong>qni</strong></span> <span class='ocrx_word' id='word_1_837' title='bbox 3758 5017 3812 5059; x_wconf 83' lang='lat' dir='ltr'><strong>ct</strong></span> 
     </span>
    </p>
   </div>
   <div class='ocr_carea' id='block_1_113' title="bbox 2222 5093 3808 5167">
    <p class='ocr_par' dir='ltr' id='par_1_113' title="bbox 2222 5093 3808 5167">
     <span class='ocr_line' id='line_1_113' title="bbox 2222 5093 3808 5167; baseline 0.004 -22"><span class='ocrx_word' id='word_1_838' title='bbox 2222 5093 2366 5145; x_wconf 91' lang='lat' dir='ltr'><strong>illum</strong></span> <span class='ocrx_word' id='word_1_839' title='bbox 2399 5108 2618 5162; x_wconf 90' lang='lat' dir='ltr'><strong>puerum</strong></span> <span class='ocrx_word' id='word_1_840' title='bbox 2644 5135 2656 5157; x_wconf 92' lang='lat'><strong>,</strong></span> <span class='ocrx_word' id='word_1_841' title='bbox 2691 5109 2845 5163; x_wconf 82' lang='lat' dir='ltr'><strong>quem</strong></span> <span class='ocrx_word' id='word_1_842' title='bbox 2879 5095 3083 5149; x_wconf 78' lang='lat' dir='ltr'><strong>sanavit</strong></span> <span class='ocrx_word' id='word_1_843' title='bbox 3123 5096 3402 5161; x_wconf 81' lang='lat' dir='ltr'><strong>Dominus,</strong></span> <span class='ocrx_word' id='word_1_844' title='bbox 3439 5097 3492 5150; x_wconf 92' lang='lat' dir='ltr'><strong>in</strong></span> <span class='ocrx_word' id='word_1_845' title='bbox 3520 5113 3713 5167; x_wconf 84' lang='lat' dir='ltr'><strong>aquam</strong></span> <span class='ocrx_word' id='word_1_846' title='bbox 3757 5111 3808 5150; x_wconf 85' lang='lat' dir='ltr'><strong>et</strong></span> 
     </span>
    </p>
   </div>
   <div class='ocr_carea' id='block_1_114' title="bbox 2220 5184 3808 5258">
    <p class='ocr_par' dir='ltr' id='par_1_114' title="bbox 2220 5184 3808 5258">
     <span class='ocr_line' id='line_1_114' title="bbox 2220 5184 3808 5258; baseline 0.003 -21"><span class='ocrx_word' id='word_1_847' title='bbox 2220 5184 2392 5250; x_wconf 65' lang='lat' dir='ltr'><strong>ignem</strong></span> <span class='ocrx_word' id='word_1_848' title='bbox 2426 5200 2566 5252; x_wconf 75' lang='lat' dir='ltr'><strong>Stepe</strong></span> <span class='ocrx_word' id='word_1_849' title='bbox 2599 5185 2789 5254; x_wconf 84' lang='lat' dir='ltr'><strong>dejecit</strong></span> <span class='ocrx_word' id='word_1_850' title='bbox 2813 5185 2919 5254; x_wconf 83' lang='lat' dir='ltr'><strong>(Id.</strong></span> <span class='ocrx_word' id='word_1_851' title='bbox 2953 5203 3055 5239; x_wconf 76' lang='lat' dir='ltr'><strong>xvn</strong></span> <span class='ocrx_word' id='word_1_852' title='bbox 3077 5228 3090 5250; x_wconf 91' lang='lat'><strong>,</strong></span> <span class='ocrx_word' id='word_1_853' title='bbox 3135 5189 3244 5257; x_wconf 76' lang='grc' dir='ltr'><strong>Μ),</strong></span> <span class='ocrx_word' id='word_1_854' title='bbox 3278 5197 3332 5241; x_wconf 89' lang='lat' dir='ltr'><strong>et</strong></span> <span class='ocrx_word' id='word_1_855' title='bbox 3367 5204 3582 5258; x_wconf 87' lang='lat' dir='ltr'><strong>gregem</strong></span> <span class='ocrx_word' id='word_1_856' title='bbox 3618 5205 3808 5258; x_wconf 59' lang='lat' dir='ltr'><strong>porca-</strong></span> 
     </span>
    </p>
   </div>
   <div class='ocr_carea' id='block_1_115' title="bbox 2219 5276 3780 5348">
    <p class='ocr_par' dir='ltr' id='par_1_115' title="bbox 2219 5276 3780 5348">
     <span class='ocr_line' id='line_1_115' title="bbox 2219 5276 3780 5348; baseline 0 -20"><span class='ocrx_word' id='word_1_857' title='bbox 2219 5291 2333 5328; x_wconf 90' lang='lat' dir='ltr'><strong>rnm</strong></span> <span class='ocrx_word' id='word_1_858' title='bbox 2367 5276 2416 5328; x_wconf 89' lang='lat' dir='ltr'><strong>in</strong></span> <span class='ocrx_word' id='word_1_859' title='bbox 2456 5292 2600 5330; x_wconf 90' lang='lat' dir='ltr'><strong>mare</strong></span> <span class='ocrx_word' id='word_1_860' title='bbox 2642 5277 2984 5345; x_wconf 61' lang='lat' dir='ltr'><strong>praecipitavit</strong></span> <span class='ocrx_word' id='word_1_861' title='bbox 3010 5276 3116 5346; x_wconf 89' lang='lat' dir='ltr'><strong>(Id.</strong></span> <span class='ocrx_word' id='word_1_862' title='bbox 3147 5293 3235 5330; x_wconf 87' lang='lat' dir='ltr'><strong>vnt</strong></span> <span class='ocrx_word' id='word_1_863' title='bbox 3257 5320 3270 5339; x_wconf 89' lang='lat'><strong>,</strong></span> <span class='ocrx_word' id='word_1_864' title='bbox 3307 5278 3397 5348; x_wconf 72' lang='lat'><strong>59.)</strong></span> <span class='ocrx_word' id='word_1_865' title='bbox 3428 5321 3442 5340; x_wconf 91' lang='lat'><strong>,</strong></span> <span class='ocrx_word' id='word_1_866' title='bbox 3489 5290 3541 5332; x_wconf 90' lang='lat' dir='ltr'><strong>et</strong></span> <span class='ocrx_word' id='word_1_867' title='bbox 3575 5280 3672 5347; x_wconf 82' lang='lat' dir='ltr'><strong>ipsi</strong></span> <span class='ocrx_word' id='word_1_868' title='bbox 3707 5280 3780 5330; x_wconf 79' lang='lat' dir='ltr'><strong>lio</strong></span> 
     </span>
    </p>
   </div>
   <div class='ocr_carea' id='block_1_116' title="bbox 2219 5367 3806 5438">
    <p class='ocr_par' dir='ltr' id='par_1_116' title="bbox 2219 5367 3806 5438">
     <span class='ocr_line' id='line_1_116' title="bbox 2219 5367 3806 5438; baseline 0 -18"><span class='ocrx_word' id='word_1_869' title='bbox 2219 5367 2362 5421; x_wconf 90' lang='lat' dir='ltr'><strong>mino</strong></span> <span class='ocrx_word' id='word_1_870' title='bbox 2402 5367 2750 5436; x_wconf 66' lang='lat' dir='ltr'><strong>prtecipitium</strong></span> <span class='ocrx_word' id='word_1_871' title='bbox 2792 5367 2858 5421; x_wconf 89' lang='lat' dir='ltr'><strong>dc</strong></span> <span class='ocrx_word' id='word_1_872' title='bbox 2890 5369 3045 5437; x_wconf 84' lang='lat' dir='ltr'><strong>pinna</strong></span> <span class='ocrx_word' id='word_1_873' title='bbox 3089 5370 3270 5436; x_wconf 89' lang='lat' dir='ltr'><strong>templi</strong></span> <span class='ocrx_word' id='word_1_874' title='bbox 3316 5370 3504 5424; x_wconf 88' lang='lat' dir='ltr'><strong>audaci</strong></span> <span class='ocrx_word' id='word_1_875' title='bbox 3550 5387 3806 5438; x_wconf 60' lang='lat' dir='ltr'><strong>prteaun-</strong></span> 
     </span>
    </p>
   </div>
   <div class='ocr_carea' id='block_1_117' title="bbox 2219 5457 3806 5528">
    <p class='ocr_par' dir='ltr' id='par_1_117' title="bbox 2219 5457 3806 5528">
     <span class='ocr_line' id='line_1_117' title="bbox 2219 5457 3806 5528; baseline 0.002 -19"><span class='ocrx_word' id='word_1_876' title='bbox 2219 5457 2395 5526; x_wconf 90' lang='lat' dir='ltr'><strong>ptione</strong></span> <span class='ocrx_word' id='word_1_877' title='bbox 2441 5458 2702 5526; x_wconf 80' lang='lat' dir='ltr'><strong>suggessit</strong></span> <span class='ocrx_word' id='word_1_878' title='bbox 2757 5457 2882 5528; x_wconf 90' lang='lat' dir='ltr'><strong>(Id.</strong></span> <span class='ocrx_word' id='word_1_879' title='bbox 2934 5474 3020 5523; x_wconf 84' lang='lat' dir='ltr'><strong>tv,</strong></span> <span class='ocrx_word' id='word_1_880' title='bbox 3066 5460 3137 5522; x_wconf 83' lang='lat'><strong>5,</strong></span> <span class='ocrx_word' id='word_1_881' title='bbox 3189 5460 3280 5526; x_wconf 83' lang='grc'><strong>6).</strong></span> <span class='ocrx_word' id='word_1_882' title='bbox 3335 5459 3588 5527; x_wconf 84' lang='lat' dir='ltr'><strong>Quamvis</strong></span> <span class='ocrx_word' id='word_1_883' title='bbox 3627 5461 3806 5528; x_wconf 82' lang='lat' dir='ltr'><strong>itaque</strong></span> 
     </span>
    </p>
   </div>
   <div class='ocr_carea' id='block_1_118' title="bbox 2215 5532 3801 5621">
    <p class='ocr_par' dir='ltr' id='par_1_118' title="bbox 2215 5551 3801 5621">
     <span class='ocr_line' id='line_1_118' title="bbox 2215 5551 3801 5621; baseline 0 -17"><span class='ocrx_word' id='word_1_884' title='bbox 2215 5551 2437 5605; x_wconf 86' lang='lat' dir='ltr'><strong>diversis</strong></span> <span class='ocrx_word' id='word_1_885' title='bbox 2466 5551 2634 5604; x_wconf 79' lang='lat' dir='ltr'><strong>modis</strong></span> <span class='ocrx_word' id='word_1_886' title='bbox 2665 5551 3009 5605; x_wconf 72' lang='lat' dir='ltr'><strong>Voluntariam</strong></span> <span class='ocrx_word' id='word_1_887' title='bbox 3059 5567 3152 5605; x_wconf 89' lang='lat' dir='ltr'><strong>vos</strong></span> <span class='ocrx_word' id='word_1_888' title='bbox 3191 5555 3530 5621; x_wconf 63' lang='lat' dir='ltr'><strong>prawipictis</strong></span> <span class='ocrx_word' id='word_1_889' title='bbox 3572 5555 3619 5605; x_wconf 92' lang='lat' dir='ltr'><strong>in</strong></span> <span class='ocrx_word' id='word_1_890' title='bbox 3654 5569 3801 5604; x_wconf 70' lang='lat' dir='ltr'><strong>ttttlr-</strong></span> 
     </span>
    </p>
   </div>
   <div class='ocr_carea' id='block_1_119' title="bbox 2279 5705 2922 5758">
    <p class='ocr_par' dir='ltr' id='par_1_119' title="bbox 2279 5705 2922 5758">
     <span class='ocr_line' id='line_1_119' title="bbox 2279 5705 2922 5758; baseline 0.002 -5"><span class='ocrx_word' id='word_1_891' title='bbox 2279 5708 2291 5736; x_wconf 86' lang='grc'><em>³</em></span> <span class='ocrx_word' id='word_1_892' title='bbox 2332 5716 2430 5753; x_wconf 69' lang='lat' dir='ltr'><strong>am.</strong></span> <span class='ocrx_word' id='word_1_893' title='bbox 2459 5715 2508 5754; x_wconf 81' lang='lat' dir='ltr'><strong>et</strong></span> <span class='ocrx_word' id='word_1_894' title='bbox 2533 5713 2623 5757; x_wconf 68' lang='grc' dir='ltr'><strong>ΕΓ..</strong></span> <span class='ocrx_word' id='word_1_895' title='bbox 2645 5705 2922 5758; x_wconf 63' lang='lat' dir='ltr'><strong>(trionibus.</strong></span> 
     </span>
    </p>
   </div>
   <div class='ocr_carea' id='block_1_120' title="bbox 2278 5769 3792 5834">
    <p class='ocr_par' dir='ltr' id='par_1_120' title="bbox 2278 5769 3792 5834">
     <span class='ocr_line' id='line_1_120' title="bbox 2278 5769 3792 5834; baseline 0.005 -22"><span class='ocrx_word' id='word_1_896' title='bbox 2278 5770 2297 5798; x_wconf 83' lang='grc'>²</span> <span class='ocrx_word' id='word_1_897' title='bbox 2331 5776 2403 5815; x_wconf 52' lang='grc' dir='ltr'><strong>μω</strong></span> <span class='ocrx_word' id='word_1_898' title='bbox 2427 5769 2684 5834; x_wconf 78' lang='lat' dir='ltr'><strong>etiicndari</strong></span> <span class='ocrx_word' id='word_1_899' title='bbox 2692 5771 3288 5834; x_wconf 60' lang='lat' dir='ltr'><strong>jllb‘SCl’ﬂilll1)&quot;il_lll€ll§tl$,</strong></span> <span class='ocrx_word' id='word_1_900' title='bbox 3319 5769 3433 5820; x_wconf 80' lang='lat' dir='ltr'><strong>licet</strong></span> <span class='ocrx_word' id='word_1_901' title='bbox 3459 5774 3487 5834; x_wconf 71' lang='grc' dir='ltr'><strong><em>ἱι</em></strong></span> <span class='ocrx_word' id='word_1_902' title='bbox 3506 5787 3662 5822; x_wconf 72' lang='lat' dir='ltr'><strong>Serua:</strong></span> <span class='ocrx_word' id='word_1_903' title='bbox 3681 5773 3792 5820; x_wconf 75' lang='lat' dir='ltr'><strong>rdi-</strong></span> 
     </span>
    </p>
   </div>
   <div class='ocr_carea' id='block_1_121' title="bbox 2217 5830 3394 5893">
    <p class='ocr_par' dir='ltr' id='par_1_121' title="bbox 2217 5830 3394 5893">
     <span class='ocr_line' id='line_1_121' title="bbox 2217 5830 3394 5893; baseline 0.006 -17"><span class='ocrx_word' id='word_1_904' title='bbox 2217 5835 2279 5879; x_wconf 84' lang='lat' dir='ltr'><strong>tis</strong></span> <span class='ocrx_word' id='word_1_905' title='bbox 2302 5842 2406 5877; x_wconf 82' lang='lat' dir='ltr'><strong>cum</strong></span> <span class='ocrx_word' id='word_1_906' title='bbox 2435 5831 2779 5891; x_wconf 78' lang='lat' dir='ltr'><strong>antiquioribus</strong></span> <span class='ocrx_word' id='word_1_907' title='bbox 2806 5831 2942 5893; x_wconf 77' lang='lat' dir='ltr'><strong>ferat,</strong></span> <span class='ocrx_word' id='word_1_908' title='bbox 2969 5830 3231 5883; x_wconf 55' lang='lat' dir='ltr'><strong>traditurus</strong></span> <span class='ocrx_word' id='word_1_909' title='bbox 3258 5846 3394 5884; x_wconf 75' lang='lat' dir='ltr'><strong>t‘crts.</strong></span> 
     </span>
    </p>
   </div>
  </div>
