4108 6198
292 328 399 382 737

302 450 428 502 tem,
477 445 649 490 tamen
685 435 921 504 ejusdem
964 433 1159 491 diaboli
1198 433 1444 489 instinctu
1471 448 1567 488 vos
1606 434 1748 502 ipsos
1787 446 1880 487 ne-

299 526 470 581 cando
498 524 772 580 imitamini
808 525 1135 580 traditorem.
1165 524 1317 592 Quod
1343 525 1442 579 etsi
1469 539 1564 578 vos
1594 539 1700 578 non
1730 525 1878 585 estis.

300 612 483 672 eorum
532 627 703 671 tamen
752 617 840 687 'qui
889 606 1118 680 fuerunt,
1160 626 1213 671 et
1257 615 1484 669 schisma
1531 615 1786 677 fecerunt,
1831 614 1880 666 in

298 723 403 776 quo
445 707 670 763 libenter
713 707 877 771 estis,
905 707 1063 761 etiam
1091 706 1191 760 hoc
1232 707 1284 760 in
1321 706 1471 760 vobis
1500 706 1693 772 facere,
1742 703 1882 774 quod

302 802 351 851 in
399 814 458 853 se
508 786 729 851 traditor
765 796 922 863 fecit,
973 797 1201 852 nefando
1248 797 1552 867 magisterio
1598 795 1879 851 didicistis.

302 888 439 943 lit-ee
468 903 588 941 cum
615 902 715 957 qua
741 887 943 957 justitia
973 889 1177 944 stabitis
1206 889 1458 943 adversus
1488 903 1581 944 eos
1604 929 1618 953 ,
1652 889 1740 957 qui
1787 900 1882 942 vos

300 979 765 1048 angustiaverunt:
814 989 871 1033 ut
907 980 952 1033 si
979 990 1167 1035 vestrze
1194 987 1390 1034 mortes
1433 981 1836 1035 vindicabuntur
1863 1019 1878 1043 ,

302 1071 510 1123 ltnnttisi
535 1072 586 1124 in
611 1070 760 1124 vobis
784 1071 911 1140 ipsis
930 1069 1223 1140 justissime
1247 1071 1597 1125 vindicentur.

372 1161 462 1216 50.
510 1158 610 1229 Qui
654 1169 776 1214 sunt
818 1168 992 1215 autem
1019 1161 1230 1216 labores
1275 1160 1459 1223 vestri,
1501 1175 1635 1230 quos
1675 1176 1703 1212 a
1734 1158 1883 1213 vobis

299 1252 510 1320 iactatis
541 1251 768 1306 auferri?
807 1252 955 1307 Anne
986 1252 1235 1321 injttstum
1267 1262 1348 1307 est
1368 1295 1382 1315 ,
1412 1262 1465 1306 ut
1502 1253 1740 1308 ecclesiae
1764 1267 1882 1321 qua:

303 1327 520 1398 fuerunt
550 1352 756 1408 vestrae,
788 1359 907 1412 cunt
945 1344 997 1398 in
1032 1360 1213 1414 pacem
1245 1344 1557 1399 catholicam
1588 1352 1880 1410 transeunt,

301 1450 423 1489 cum
466 1437 575 1488 suis
622 1435 781 1489 rebus
828 1435 1143 1490 transeant?
1171 1435 1280 1489 Illis
1306 1434 1461 1489 ‘enim
1491 1434 1555 1489 ad
1598 1449 1696 1488 nos
1717 1445 1887 1488 tra:.s~

304 1527 551 1582 euntibus
575 1567 591 1592 ,
620 1527 666 1581 si
719 1542 806 1582 res
829 1542 1011 1582 earum
1041 1520 1203 1582 vultis
1226 1536 1426 1592 tenere,
1452 1541 1547 1580 vos
1578 1527 1755 1597 procul
1784 1526 1883 1579 du-

302 1616 392 1672 bio
415 1632 502 1672 res
531 1617 728 1672 alienas
758 1618 914 1671 vultis
939 1617 1169 1673 auferre.
1202 1618 1368 1672 Mater
1397 1626 1572 1673 autem
1612 1617 1883 1671 Catholica

301 1709 454 1763 vobis
482 1708 628 1775 dicit,
660 1708 799 1778 quod
824 1708 1139 1779 quibusdam
1165 1709 1352 1763 beatus
1377 1708 1662 1778 Apostolus
1689 1750 1701 1769 ,
1731 1708 1882 1770 dixit,

305 1798 429 1854 Non
454 1800 586 1854 enim
624 1816 791 1871 quer
820 1816 934 1871 qum
957 1810 1121 1854 vestra
1145 1810 1260 1855 sunt
1282 1842 1297 1865 ,
1325 1800 1413 1853 sed
1438 1815 1522 1853 vos
1545 1799 1609 1870 (ll
1635 1798 1750 1854 Cor.
1777 1814 1847 1854 xu
1869 1841 1883 1865 ,

302 1893 418 1962 H).
454 1892 829 1949 Verumtamen
863 1892 1131 1962 quomodo
1160 1892 1311 1946 vobis
1338 1907 1441 1946 non
1472 1892 1600 1946 estis
1626 1892 1723 1963 ipsi
1753 1906 1882 1945 con.

302 1983 482 2045 trarii,
514 1982 724 2052 quando
761 1990 1045 2052 utrumque
1072 1982 1226 2036 nobis
1255 1981 1516 2050 objicitis,
1549 1989 1605 2036 et
1631 1981 1769 2051 quod
1801 1996 1887 2037 res

300 2083 511 2127 vestras
555 2073 826 2143 possidere
868 2073 1165 2142 cupiamus,
1211 2081 1264 2127 et
1304 2070 1444 2142 quod
1488 2071 1752 2126 violenter
1793 2079 1887 2126 vo‘s

303 2166 580 2221 nobiscum
608 2181 726 2220 esse
752 2165 1049 2236 cogamus?
1070 2164 1193 2220 llaec
1222 2164 1328 2219 duo
1356 2179 1512 2233 quam
1535 2163 1642 2218 sint
1669 2163 1807 2219 inter
1829 2178 1887 2218 se

300 2257 589 2319 contraria,
622 2272 724 2311 non
752 2254 960 2309 videtis.
987 2256 1043 2311 Si
1073 2255 1213 2310 enim
1241 2255 1306 2308 ad
1337 2254 1763 2309 communionem
1794 2268 1889 2307 no-

299 2356 470 2400 stram
494 2360 589 2399 VH5
615 2346 805 2400 invitos
828 2345 1113 2415 qumrimus
1131 2354 1182 2398 et
1213 2328 1453 2398 tenemus
1469 2384 1482 2407 ,
1511 2342 1777 2412 quomodo
1802 2356 1890 2396 res

303 2446 512 2489 vestras
537 2435 919 2497 desideramus,
948 2450 1078 2503 quas
1108 2434 1284 2503 utique
1313 2435 1462 2487 vobis
1489 2434 1888 2487 communican-

302 2527 450 2579 t'bus
488 2523 683 2578 habere
709 2541 811 2578 non
857 2538 1157 2593 possumus.
1200 2524 1253 2577 Si
1293 2532 1468 2576 autem
1504 2523 1619 2576 illas
1648 2524 1891 2592 cupimus

300 2608 575 2679 «ditinere,
607 2614 872 2684 quomodo
900 2629 995 2668 vos
1021 2614 1328 2683 quaerimus,
1362 2625 1418 2667 ut
1447 2629 1538 2667 eas
1564 2613 1715 2668 vobis
1742 2628 1889 2667 com-

304 2703 699 2758 municantibus
719 2703 1063 2757 amittamus?
1087 2702 1192 2756 Sed
1213 2702 1529 2756 conﬁtemur
1554 2703 1720 2768 vobis,
1746 2703 1892 2771 cupi-

303 2798 446 2851 ditas
490 2810 668 2850 nnstra
715 2796 947 2851 charitas
991 2804 1243 2851 vocatur:
1296 2794 1412 2849 haec
1463 2810 1555 2849 vos
1598 2795 1789 2865 qumrit
1838 2796 1889 2849 in

306 2887 492 2952 nobis;
526 2887 638 2942 hzec
664 2903 758 2941 vos
780 2887 1036 2953 invenire,
1061 2888 1346 2956 corrigere,
1379 2897 1536 2955 atque
1562 2885 1612 2938 in
1637 2886 1889 2939 unitatem

303 2977 500 3031 Christi
531 2966 732 3033 sociare
757 2978 1044 3041 desiderat,
1076 2993 1142 3031 ne
1174 2978 1189 3009 ¹
1219 2979 1405 3032 vestris
1435 2978 1655 3031 caminis
1686 2992 1779 3030 vos
1802 2993 1890 3029 ar-

304 3068 437 3123 dere
460 3070 755 3124 timeamus.
790 3069 955 3134 llujus
982 3070 1102 3138 igne
1131 3068 1413 3133 fervemus,
1444 3067 1558 3122 luec
1582 3081 1678 3121 nos
1703 3082 1891 3121 accen-

302 3160 406 3225 d‘t,
431 3170 486 3211 ut
514 3175 615 3212 non
643 3160 811 3213 solum
837 3175 941 3212 non
965 3159 1399 3235 concupiscamus
1431 3173 1518 3212 res
1544 3166 1768 3222 vestras,
1797 3159 1891 3211 sed

308 3250 584 3303 nobiseum
613 3260 855 3317 Optentus
883 3247 1195 3318 possideatis
1224 3257 1277 3301 et
1306 3257 1535 3301 nostras.
1569 3249 1852 3315 Agnoscite
1873 3288 1887 3311 ,

307 3350 363 3393 et
394 3340 599 3400 venite,
633 3348 685 3392 ct
729 3340 902 3405 [ct-ire
933 3338 1125 3401 nolite;
1170 3345 1261 3390 aut
1289 3336 1332 3390 si
1375 3336 1512 3389 ultro
1554 3338 1735 3390 venire
1771 3351 1891 3390 eru-

310 3431 525 3484 bescitis
547 3471 560 3492 ,
593 3430 851 3482 Servimus
880 3428 1202 3491 inﬁrmitati,
1249 3443 1317 3481 ne
1353 3428 1474 3495 quid
1506 3438 1686 3495 pereat
1715 3428 1892 3482 chari-

308 3525 425 3572 ιλιι.
462 3521 597 3572 Ecce
627 3519 868 3572 volumus
892 3533 987 3572 vos
1015 3527 1214 3584 tenere,
1243 3517 1368 3587 quid
1392 3516 1651 3572 festinatis
1670 3518 1893 3572 ardere?

308 3609 389 3663 Ad
422 3609 578 3662 vitam
608 3621 879 3675 tenemus,
908 3609 972 3663 ad
1011 3609 1233 3663 salutem
1264 3616 1508 3664 tenemus
1529 3649 1546 3676 ,
1586 3610 1652 3663 ad
1696 3610 1893 3665 Christi

310 3701 608 3761 unitatem,
656 3699 963 3763 veritatem,
1018 3699 1329 3753 suavitatem
1385 3708 1670 3754 tenemus:
1727 3709 1781 3753 et
1825 3699 1892 3752 ad

310 3807 519 3847 comam
550 3790 680 3844 tanti
713 3789 1123 3859 patrisfamilias,
1152 3790 1195 3842 si
1224 3798 1413 3858 sponte
1443 3805 1546 3842 non
1580 3789 1735 3841 vultis
1758 3830 1773 3852 ,
1807 3790 1887 3841 in-

313 3894 453 3936 trare
483 3881 868 3950 compellimus.

384 3970 607 4026 CAPUT
661 3967 1018 4023 XXX'tlll.—
1040 3969 1129 4024 5|.
1158 3968 1229 4021 De
1258 3967 1462 4036 justitia
1492 3977 1760 4022 certamen
1789 3974 1891 4032 est,

314 4079 420 4116 non
446 4063 511 4116 de
539 4061 779 4130 pecunia.
823 4058 1020 4113 Cavete
1048 4073 1175 4128 ergo
1204 4075 1271 4112 ne
1294 4042 1425 4112 forte
1446 4057 1570 4112 dum
1612 4059 1803 4127 putatis
1827 4057 1893 4112 ad

316 4172 409 4207 vos
440 4154 705 4221 pertinere
750 4151 890 4222 quod
921 4152 1175 4221 scriptum
1204 4163 1283 4205 est
1306 4194 1319 4216 ,
1368 4151 1510 4207 Tunc
1539 4151 1739 4204 stabunt
1762 4151 1893 4220 justi

313 4249 363 4299 in
392 4262 575 4314 magna
592 4244 874 4318 constantia
900 4249 1138 4296 adversus
1167 4259 1248 4295 eos
1277 4243 1363 4310 qui
1386 4259 1440 4294 se
1462 4242 1889 4311 angustiavcrunt,

312 4346 359 4388 et
388 4335 699 4388 abstulerunt
729 4334 925 4387 labores
951 4349 1119 4387 eorum
1141 4349 1159 4397 ;
1196 4348 1298 4386 non
1325 4332 1425 4386 hoc
1447 4331 1596 4385 vobis
1622 4332 1893 4400 contingat

316 4428 380 4480 de
413 4427 680 4481 laboribus
701 4427 913 4486 vestris,
943 4424 1040 4480 sed
1066 4426 1239 4494 potius
1265 4425 1390 4477 illud
1420 4423 1560 4493 quod
1587 4423 1713 4477 alibi
1756 4424 1890 4478 scri-

316 4528 459 4585 ptum
488 4527 590 4583 est,
635 4516 853 4569 Lubores
880 4517 1147 4586 impiorum
1169 4515 1298 4585 justi
1328 4514 1472 4567 edent
1502 4513 1655 4586 (Snp.
1688 4530 1744 4578 χ,
1775 4515 1889 4584 i9).

316 4610 495 4677 Neque
524 4610 665 4662 enim
697 4608 907 4661 stabunt
953 4618 1134 4660 contra
1162 4621 1258 4659 vos
1299 4604 1726 4672 Maximianista',
1759 4621 1892 4674 quo-

315 4715 429 4753 rum
460 4699 671 4768 tutando
700 4698 964 4768 potuistis,
1019 4698 1266 4753 basilicas
1309 4696 1601 4752 abstulistis
1634 4707 1765 4752 :aut
1786 4706 1895 4751 sta-

317 4792 443 4845 bunt
468 4801 648 4845 contra
675 4808 773 4845 vos
804 4791 994 4860 Pagani
1024 4805 1250 4859 quorum
1296 4798 1443 4843 certe
1482 4789 1565 4842 ubi
1598 4789 1842 4858 potuistis
1872 4829 1887 4855 ,

316 4882 508 4949 templa
537 4882 803 4935 evertistis
829 4891 883 4934 et
922 4880 1164 4933 basilicas
1191 4877 1565 4933 construxistis
1586 4880 1643 4943 ²;
1672 4878 1811 4945 quod
1839 4888 1891 4933 et

240 5030 247 5035 δ
313 4987 410 5026 nos
448 4970 666 5025 iecimus
692 4988 703 5023 :
732 4980 821 5024 aut
850 4970 1065 5023 stabunt
1114 4969 1370 5023 adversus
1399 4982 1493 5021 vos
1522 4968 1889 5038 symphoniaci

312 5060 721 5123 darmouiorum,
770 5076 994 5130 quorum
1048 5060 1204 5114 tibias
1244 5070 1299 5113 et
1338 5060 1567 5114 seabella
1614 5059 1886 5130 fregistis;

314 5151 455 5219 quod
507 5161 562 5205 et
595 5165 692 5204 nos
738 5150 976 5206 fecimus.
1009 5148 1098 5205 Sic
1128 5165 1230 5204 nec
1269 5164 1365 5203 vos
1394 5150 1603 5203 stabilis
1631 5150 1890 5206 adversus

314 5258 430 5296 nos.
475 5240 531 5296 lu
585 5243 778 5296 talibus
817 5244 1013 5312 quippe
1063 5244 1309 5297 omnibus
1346 5243 1514 5307 factis,
1570 5258 1675 5296 non
1707 5245 1888 5312 rapina

313 5333 743 5403 Concupiscitur,
785 5332 878 5388 sed
925 5349 1075 5390 error
1102 5334 1375 5389 evertitur.
1434 5332 1583 5387 Sicut
1629 5349 1754 5402 ergo
1784 5350 1887 5386 non

316 5424 529 5477 stabunt
556 5423 839 5478 Cltanana‘i
868 5424 1120 5478 adversus
1144 5423 1427 5489 lsraelitas,
1450 5423 1689 5493 quamvis
1723 5424 1890 5478 lsrae-

322 5516 427 5570 lita:
473 5515 806 5571 abstulerunt
848 5516 1053 5571 labores
1084 5532 1302 5582 eorum;
1355 5515 1448 5570 sed
1476 5516 1632 5571 stabit
1684 5514 1886 5569 Nabuth

375 5669 393 5701 ι
427 5677 528 5716 Am.
556 5676 609 5716 et
629 5667 876 5721 Parcensis
899 5674 999 5726 .\ts.,
1026 5674 1099 5716 ut:

369 5736 387 5750 ⁶
426 5730 675 5779 rareensis
699 5738 799 5789 32s.,
824 5726 1144 5779 dccti'uxistis.

1670 318 1869 376 LIBER
1914 317 2176 374 PRIMUS.

3451 328 3553 383 758

1988 431 2239 486 adversus
2260 434 2472 499 Achab,
2505 436 2626 505 quia
2656 436 2907 490 delictum
2933 436 3127 492 factum
3149 448 3250 498 est.
3286 454 3387 492 non
3425 455 3564 507 prm-

1987 532 2202 591 ceptum
2224 566 2238 586 ,
2294 534 2349 578 ut
2378 526 2588 603 labores
2622 527 2748 597 justi
2777 530 3017 583 auferret
3042 530 3270 597 injustns
3296 530 3399 600 (Ill
3432 532 3561 601 Reg.

1990 616 2134 684 XXI):
2165 615 2246 669 sic
2290 616 2523 673 hmretici
2556 637 2657 672 non
2694 621 2904 675 stabunt
2936 621 3195 677 adversus
3220 624 3520 677 Catltolicos
3546 665 3562 687 ,

1986 719 2106 759 cum
2137 706 2189 760 in
2240 692 2398 763 rebus
2444 709 2819 766 haereticorum
2847 713 3123 769 christiani
3157 714 3368 783 imperii
3410 715 3562 784 jussu

1987 799 2356 867 complentur;
2391 817 2488 856 nec
2515 817 2605 857 res
2624 819 2810 858 eorum
2841 820 2870 857 a
2898 804 3184 859 Catholicis
3208 808 3520 859 auferuntur
3545 845 3561 871 ,

1986 887 2078 940 sed
2112 889 2286 957 potius
2327 890 2684 958 inquiruntur,
2722 894 2905 964 eisque
2956 896 3118 949 nmlta
3148 906 3404 965 quantum
3456 896 3565 948 ﬁeri

1988 988 2181 1046 potest,
2221 983 2478 1035 correctis
2510 983 2779 1038 reddenda
2837 996 3164 1042 servantur:
3198 989 3291 1043 sed
3350 989 3570 1043 stabunt

1986 1067 2264 1131 Catholici,
2313 1084 2418 1124 non
2463 1073 2635 1137 solum
2677 1074 2932 1128 adversus
2988 1076 3259 1142 Gentiles,
3307 1094 3335 1131 a
3373 1078 3567 1146 quibus

1986 1170 2251 1231 martyres
2276 1163 2390 1215 veri
2413 1164 2691 1232 exSpoliati
2722 1178 2878 1230 sunt;
2909 1182 3094 1221 verum
3119 1169 3278 1222 etiam
3310 1168 3568 1223 adversus

1988 1246 2461 1307 Cit-cumet‘llioncs
2495 1253 2909 1319 Donatistarum,
2945 1257 3068 1325 quia
3114 1267 3168 1311 et
3199 1257 3301 1326 ipsi
3330 1258 3564 1312 abstule-

1987 1349 2113 1395 runt
2142 1340 2352 1396 labores
2375 1348 2591 1396 eorum.
2621 1343 2813 1398 Verum
2842 1345 2911 1400 de
2942 1345 3027 1399 his
3066 1347 3386 1414 pecuniariis
3416 1347 3567 1401 labo-

1988 1432 2135 1486 ribus
2155 1431 2361 1487 facilior
2387 1449 2545 1488 causa
2573 1444 2674 1489 est.
2704 1435 2842 1491 Ecce
2868 1437 3127 1506 quotidie,
3161 1439 3205 1492 si
3232 1439 3351 1507 quis
3372 1438 3438 1493 ad
3465 1453 3562 1493 nos

1992 1525 2276 1579 transitum
2329 1525 2452 1580 facit
2482 1526 2637 1598 (cum
2669 1528 2829 1583 etiam
2881 1529 2956 1582 illi
2984 1546 3210 1598 quorum
3264 1540 3452 1596 erant,
3494 1530 3563 1585 ad

1994 1610 2172 1683 pacem
2198 1616 2513 1673 catholicam
2543 1629 2819 1674 transeunt
2848 1618 2924 1693 ί),
2954 1621 3229 1676 reddimus
3266 1623 3567 1690 pecuniam,

1989 1714 2190 1759 vestem
2215 1745 2230 1769 ,
2283 1706 2486 1781 fruetus
2510 1749 2524 1771 ,
2559 1708 2708 1775 vasa,
2737 1724 2884 1775 rura,
2915 1718 3053 1765 tecta
3097 1721 3396 1767 vestrorum
3427 1731 3441 1766 :
3473 1728 3571 1767 vos

1990 1796 2257 1864 quomodo
2284 1797 2436 1852 nobis
2463 1799 2718 1854 reddituri
2739 1801 2868 1856 estis
2888 1803 3126 1857 membra
3153 1804 3500 1859 nostrorum?

2061 1886 2157 1943 52.
2184 1888 2387 1958 Nempe
2430 1891 2718 1960 aliquando
2749 1894 3214 1963 expergiscimini,
3268 1903 3325 1949 et
3370 1896 3573 1951 cernite

1992 1991 2090 2031 nec
2119 1992 2213 2031 vos
2262 1991 2381 2032 esse
2431 1978 2500 2033 de
2548 1980 2742 2049 quibus
2788 1981 3016 2047 dicatur,
3071 1998 3172 2037 nec
3196 1997 3352 2036 nosa
3381 1983 3574 2051 quibus

1990 2066 2218 2135 dicatur,
2254 2066 2327 2120 Hi
2362 2078 2479 2123 sunt
2502 2085 2627 2140 quos
2653 2070 2927 2141 aliquando
2947 2071 3215 2126 habuimus
3241 2073 3292 2126 in
3313 2072 3570 2138 derisum;

1990 2172 2110 2210 cum
2143 2157 2320 2226 potius
2369 2172 2466 2213 vos
2503 2159 2794 2215 habeamus
2824 2161 2877 2215 in
2921 2160 3125 2216 ﬂetum.
3153 2161 3264 2221 Nec
3288 2177 3381 2217 vos
3423 2178 3572 2218 com-

1992 2247 2251 2314 putamiui
2280 2248 2419 2302 inter
2450 2248 2589 2304 ﬁlios
2618 2250 2732 2313 Dei,
2764 2251 2866 2304 nisi
2892 2251 3204 2305 recedentes
3224 2267 3252 2304 a
3283 2261 3434 2321 parte
3465 2253 3570 2307 Do-

1994 2338 2100 2388 nati
2130 2337 2266 2390 hanc
2293 2338 2571 2392 tenueritis
2596 2338 2911 2404 Ecclesium,
2941 2354 3099 2409 quam
3128 2341 3266 2396 sicut
3299 2341 3564 2410 praedixit,

1993 2425 2207 2479 exhibet
2233 2425 2396 2479 Filius
2427 2426 2542 2482 Dei.
2571 2426 2680 2481 Nec
2703 2428 2846 2483 inter
2864 2437 3082 2483 sanctos
3112 2438 3198 2485 est
3222 2444 3340 2484 sors
3368 2440 3565 2495 vestra,

1993 2518 2088 2573 sed
2116 2518 2255 2573 inter
2285 2517 2589 2573 litereticos.
2619 2520 2749 2574 Nam
2778 2520 2921 2590 quod
2950 2522 3084 2575 alios
3112 2522 3179 2575 dc
3207 2522 3362 2576 vobis
3401 2523 3574 2579 dietu-

1992 2625 2083 2664 ros
2109 2611 2324 2678 putatis,
2355 2609 2469 2665 Nos
2495 2612 2736 2667 imemati
2757 2614 2908 2666 vitam
2928 2614 3131 2667 illorum
3156 2616 3573 2671 existinmbamus

1994 2703 2284 2773 insaniam;
2313 2702 2482 2756 miror
2507 2703 2648 2773 quod
2690 2713 2795 2757 tam
2843 2704 3101 2759 insensati
3140 2706 3274 2761 estis
3298 2746 3312 2770 ,
3360 2716 3422 2761 ut
3470 2708 3569 2776 ipsi

1997 2792 2143 2848 vobis
2169 2793 2329 2847 modo
2376 2794 2494 2848 talia
2536 2809 2644 2848 non
2674 2795 2863 2849 dicatis
2885 2797 2927 2849 ’.
2950 2797 3161 2852 Sanctis
3187 2797 3401 2867 quidem
3431 2801 3574 2854 veris

1995 2899 2060 2939 ac
2104 2883 2347 2940 fidelibus
2375 2884 2633 2939 immundi
2681 2894 2734 2940 et
2779 2886 3017 2941 inﬁdeles
3053 2895 3179 2942 tunc
3240 2889 3339 2943 ista
3383 2889 3573 2944 dicturi

1995 2983 2137 3040 sunt,
2169 2974 2245 3029 eis
2276 2974 2461 3044 utique
2484 2988 2617 3043 quos
2646 2990 2789 3030 nunc
2819 2976 3128 3031 existimant
3159 2978 3412 3042 insanire,
3438 2978 3562 3047 quia

1996 3067 2220 3121 luxuriis
2246 3082 2378 3136 quas
2417 3067 2599 3121 vident
2637 3067 2738 3122 frui
2784 3069 2989 3136 nolunt,
3019 3069 3144 3124 dum
3176 3069 3447 3138 quodnon
3490 3072 3567 3125 vi-

1996 3157 2126 3212 dent
2176 3157 2418 3212 credunt.
2450 3157 2556 3213 Sed
2599 3173 2695 3213 vos
2720 3160 2764 3213 si
2796 3176 2901 3213 non
2952 3161 3110 3215 vitam
3142 3171 3394 3223 vestram,
3428 3171 3574 3216 certe

1998 3247 2151 3301 istam
2184 3263 2340 3316 quam
2369 3248 2521 3302 vobis
2548 3249 2706 3302 vultis
2738 3249 2935 3315 facere,
2971 3261 3200 3306 mortem
3230 3262 3497 3317 vestram,
3525 3252 3574 3307 si

1998 3352 2101 3388 ttott
2129 3336 2442 3391 existimatis
2473 3337 2755 3401 insaniam,
2779 3339 3112 3407 desperatius
3139 3341 3400 3397 insanitis.
3435 3342 3566 3397 Ver-

1998 3424 2061 3478 ba
2095 3440 2219 3479 vero
2250 3425 2356 3491 illa,
2388 3425 2523 3493 Ergo
2551 3429 2824 3482 erravimus
2854 3447 2886 3483 a
2914 3430 2995 3483 via
3015 3431 3235 3485 veritatis
3259 3473 3274 3497 ,
3303 3442 3433 3499 etc.,
3463 3449 3570 3488 non

1997 3526 2156 3569 erunt
2182 3517 2391 3586 quidem
2439 3527 2644 3572 tantum
2675 3528 2869 3584 vestra,
2908 3520 3002 3574 sed
3031 3522 3260 3575 maxime
3287 3531 3340 3575 et
3361 3531 3560 3577 vestra.

1999 3608 2202 3662 Erratis
2231 3610 2395 3674 enim,
2424 3610 2565 3679 quod
2614 3612 2952 3666 manifestum
2980 3620 3064 3667 est
3087 3655 3100 3679 ,
3125 3629 3154 3667 a
3182 3614 3266 3668 via
3298 3616 3536 3670 veritatis
3559 3657 3574 3682 ,

1997 3706 2050 3753 et
2069 3698 2289 3767 iustitia:
2310 3699 2488 3752 lumen
2509 3714 2612 3753 non
2641 3701 2783 3755 lucet
2803 3702 2974 3765 vobis,
3004 3703 3274 3757 lassamini
3299 3705 3351 3758 in
3379 3705 3573 3774 iniqui-

1999 3788 2122 3840 tatis
2147 3787 2230 3840 via
2253 3795 2307 3840 et
2341 3788 2673 3855 perditionis,
2708 3799 2758 3843 et
2799 3792 3084 3845 ambulatis
3111 3792 3425 3847 solitudines
3468 3794 3573 3848 dif-

1998 3875 2199 3940 ﬁciles;
2231 3876 2370 3928 viam
2401 3890 2528 3930 vero
2558 3878 2764 3931 Domini
2804 3879 3081 3948 ignoratis.
3105 3880 3235 3946 Qua:
3268 3891 3444 3937 autem
3483 3897 3574 3939 se-

1998 3977 2251 4037 quuntur,
2279 3967 2414 4034 Quid
2438 3967 2581 4021 nobis
2620 3968 2810 4038 profuit
2856 3969 3134 4038 superbia?
3166 3981 3253 4024 aut
3276 3974 3397 4040 quid
3440 3974 3567 4026 diui-
3644 4022 3657 4027 -

2000 4060 2181 4111 tiurum
2193 4060 2447 4128 joctantia
2480 4059 2688 4112 contulit
2713 4060 2856 4112 nobis
2874 4061 2899 4113 ?
2923 4058 3256 4114 Transierunt
3277 4064 3445 4116 munia
3475 4064 3566 4116 illa

2000 4160 2240 4219 tanquam
2261 4149 2434 4202 umbra
2456 4148 2608 4220 (Sap.
2633 4165 2685 4212 v,
2712 4149 2834 4218 1-9)
2856 4168 2869 4203 :
2891 4150 3069 4204 nescio
3086 4159 3259 4204 utrum
3283 4150 3559 4220 quisquam

2000 4242 2142 4296 inter
2161 4250 2389 4296 caeteros
2429 4239 2633 4295 diceret
2657 4240 2833 4309 aptius
2862 4250 2917 4296 et
2941 4242 3346 4297 convenientius
3366 4281 3380 4305 ,
3412 4257 3570 4311 quam

2001 4341 2119 4385 tuus
2139 4330 2392 4385 decessor
2420 4329 2664 4401 Optatos.
2693 4330 2870 4386 Nolite
2896 4347 3024 4401 ergo
3066 4341 3251 4400 putare
3270 4347 3366 4386 vos
3387 4333 3578 4401 quales

2001 4436 2106 4475 non
2138 4422 2289 4485 estis,
2322 4430 2376 4476 et
2412 4422 2589 4490 perire
2610 4422 2795 4491 quales
2811 4423 2983 4476 estis”
3008 4439 3021 4475 :
3047 4423 3296 4492 queniam
3345 4437 3449 4477 non
3478 4439 3573 4477 vos

2002 4513 2115 4566 haec
2151 4512 2301 4578 ﬁdes,
2335 4512 2426 4566 sed
2460 4521 2638 4567 vester
2680 4513 2849 4567 malus
2884 4530 3036 4568 error
3084 4514 3358 4579 hortatur,
3391 4525 3576 4571 utnon

1999 4602 2225 4655 libenter
2261 4617 2355 4670 pro
2385 4602 2527 4668 Deo,
2570 4603 2709 4657 sicut
2762 4588 2936 4667 dicis,
2970 4604 3022 4657 iu
3076 4605 3174 4659 ista
3209 4607 3577 4674 persecutione

1997 4693 2323 4761 muriamini,
2347 4695 2439 4747 sed
2464 4694 2709 4762 nequiter
2728 4710 2826 4763 pro
2850 4696 3053 4751 Donato
3076 4697 3226 4753 factis
3251 4701 3444 4759 vestris
3466 4716 3577 4769 pcr-

2000 4786 2323 4840 secutionctu
2363 4786 2654 4852 patiamini.
3076 4778 3079 4781 ’

2068 4874 2294 4930 CAPUT
2322 4874 2571 4930 XXXIX.
2603 4906 2674 4916 —
2695 4876 2788 4933 55.
2814 4876 2988 4934 Verba
3045 4878 3293 4946 Epistula:
3317 4896 3331 4933 :
3357 4878 3425 4933 Et
3471 4882 3573 4933 alin

1998 4984 2151 5020 manu
2180 4983 2197 5022 :
2226 4966 2358 5038 Opto
2393 4977 2460 5035 le,
2506 4969 2710 5039 inquit,
2742 4971 3028 5025 incolumen
3064 4972 3270 5031 veritate
3315 4988 3573 5044 perspecta

1997 5060 2220 5113 animum
2249 5061 2405 5113 lenire
2423 5102 2437 5125 ,
2494 5069 2541 5113 et
2567 5061 2631 5114 ab
2684 5062 3010 5117 innocentum
3033 5064 3248 5118 exitibus
3275 5073 3566 5134 tentperare.

1962 5154 1963 5157 “
1997 5150 2078 5205 Ad
2117 5150 2228 5205 lucc
2270 5152 2590 5220 responsio:
2620 5149 2730 5207 Vos
2770 5154 2947 5223 potius
2998 5158 3219 5209 veritate
3283 5165 3568 5223 perspecta

1999 5242 2157 5295 lenite
2197 5242 2431 5295 animum
2454 5251 2712 5308 vestrum,
2758 5258 2825 5298 ne
2850 5245 2928 5298 sic
2962 5247 3182 5310 saeviat,
3208 5251 3265 5299 ut
3292 5258 3388 5298 nec
3415 5245 3578 5298 vobis

2062 5546 2076 5573 ¹
2116 5543 2269 5591 verba
2292 5543 2368 5591 hic
2389 5541 2668 5607 larenthesi
2694 5544 2877 5593 inclusa
2915 5543 3038 5594 forte
3060 5546 3283 5607 superius
3304 5544 3574 5595 eolleearda

2002 5607 2219 5675 [roxitne
2260 5602 2401 5675 post,
2424 5602 2612 5675 facilior
2637 5613 2890 5675 causaest.

2066 5669 2085 5696 ¹
2122 5676 2243 5726 Αιιιη
2262 5664 2319 5714 ut
2342 5664 2434 5726 ipsi
2458 5665 2586 5715 vobis
2607 5665 2701 5715 nisi
2721 5666 2838 5716 talia
2856 5680 2946 5715 non
2971 5667 3160 5716 (lim/is.

2073 5727 2091 5758 ³
2125 5740 2222 5774 am.
2253 5737 2303 5777 et
2326 5733 2381 5775 Er
2405 5764 2417 5791 ,
2446 5735 2488 5779 rt
2511 5726 2805 5788 perirc’taics
2825 5741 2841 5789 ;
2865 5730 3055 5789 omisso,
3080 5727 3206 5777 estis.
