4108 6198
513 306 616 363 7'59

515 421 861 498 parcat.Nam
883 416 1006 489 quid
1035 416 1157 476 isto,
1186 410 1269 466 cui
1295 409 1409 463 hrcc
1430 386 1712 474 scripsisti,
1739 397 1892 453 facile
1915 401 2094 464 potest

518 519 690 576 lenius
719 508 941 567 inveniri
966 549 980 571 ,
1036 505 1123 574 qui
1154 516 1250 555 vos
1294 508 1348 553 et
1379 494 1624 552 invitavit
1656 491 1718 544 ad
1748 492 1940 548 vitam,
1966 492 2022 538 et
2049 480 2095 536 si

515 626 635 666 eam
675 605 949 660 nobiscum
994 612 1151 668 agere
1202 592 1412 647 nolletis
1434 631 1448 653 ,
1482 584 1744 641 relaxavit
1771 578 1838 635 ad
1871 579 2043 647 fugam
2071 573 2094 627 ἲ

482 742 486 745 η
522 701 628 755 Vos
649 698 704 753 in
729 710 823 749 Vos
850 693 977 748 estis
1003 687 1210 756 asperi,
1239 698 1334 736 vos
1361 680 1592 735 immites
1632 678 1646 707 ¹
1673 717 1687 736 ,
1720 688 1815 727 vos
1838 672 1952 724 sine
1986 667 2093 721 ulla

527 788 870 848 humanitatis
897 788 916 816 ³
938 777 1369 837 consideratione
1392 771 1656 833 crudeles,
1680 766 1766 836 qui
1797 764 1896 817 hoc
1922 762 1971 814 in
2009 773 2101 812 vo-

522 885 603 939 bis
634 879 823 938 facitis,
854 873 994 944 quod
1023 872 1075 924 in
1099 869 1207 923 suis
1238 863 1467 919 inimicis
1486 859 1656 914 facere
1677 845 2100 909 coostteverunt'

520 986 764 1030 errorum
794 968 1081 1021 dilectores
1109 1002 1122 1025 ,
1153 968 1208 1014 et
1262 958 1537 1011 hominum
1602 955 1969 1019 persecutores
1997 981 2011 1002 ,
2046 946 2103 991 ut

520 1067 594 1123 sit
621 1062 762 1135 quod
791 1056 1126 1114 amarissime
1147 1050 1363 1105 doleant
1392 1055 1632 1100 errorum
1657 1044 2027 1106 persecutores
2050 1036 2105 1083 et

523 1121 802 1213 hominum
853 1148 1163 1204 dilectores.
1204 1136 1339 1205 Quid
1378 1144 1555 1188 autem
1584 1138 1736 1197 optas
1768 1135 1823 1177 ut
1858 1122 1924 1175 ab
1954 1121 2106 1172 inno-

522 1259 737 1305 centum
766 1241 993 1298 exitibus
1031 1228 1398 1304 temperetur?
1419 1227 1529 1281 Vos
1554 1221 1766 1293 quidem
1794 1218 2100 1273 innocenter

516 1344 631 1393 'non
674 1336 803 1390 estis
836 1350 849 1385 :
878 1342 1052 1385 tamen
1110 1326 1198 1379 ille
1242 1321 1393 1375 vobis
1422 1314 1572 1370 dedit
1602 1312 1818 1370 exitum,
1852 1305 1945 1359 sed
2006 1300 2107 1369 ipsi

527 1428 677 1481 vobis
714 1424 843 1479 dare
873 1420 1029 1474 vultis
1056 1416 1297 1470 exitium.
1358 1409 1489 1463 Puto
1531 1404 1672 1459 enim
1706 1440 1720 1465 ,
1776 1396 1915 1467 quod
1960 1392 2107 1447 verbi

529 1513 823 1586 ignorantia
849 1520 899 1563 te
926 1506 1137 1568 fefellit,
1168 1511 1225 1555 ut
1255 1499 1438 1552 volens
1467 1491 1683 1559 intelligi
1712 1488 1869 1544 exitia
1892 1526 1906 1550 ,
1938 1483 2111 1536 exitus

527 1608 755 1659 diceres.
786 1601 917 1655 Cum
949 1610 1076 1666 ergo
1110 1591 1342 1647 hortaris
1404 1582 1666 1655 Optantio,
1700 1588 1756 1632 ut
1778 1591 1835 1630 se
1861 1575 1925 1628 ab
1958 1574 2110 1625 inuo-

530 1695 766 1752 centium
796 1689 973 1745 exitiis
1002 1679 1355 1754 imperialium
1386 1676 1561 1745 legum
1599 1671 1921 1737 temperaret
1954 1675 2111 1717 exse-

531 1796 711 1849 cutor,
740 1782 792 1837 id
819 1780 930 1850 agis
970 1786 1029 1831 ut
1067 1768 1443 1841 deceptoribus
1466 1768 1669 1833 parcat,
1700 1765 1755 1813 et
1798 1756 2113 1809 innocentes

532 1840 709 1944 decipi
736 1840 949 1941 ιηιριῖιιο
977 1865 1265 1936 permittat.
1293 1857 1430 1925 Quid
1458 1868 1584 1923 ergo
1608 1847 1774 1912 aliud,
1816 1844 1915 1899 nisi
1942 1850 2000 1895 ut
2027 1840 2115 1894 ille

533 1969 619 2023 cui
641 1977 693 2021 te
707 1966 841 2019 bene
865 1957 1142 2014 arbitraris
1168 1961 1374 2022 optare,
1404 1963 1502 2002 nec
1526 1946 1655 2007 Deo,
1686 1955 1784 1995 nec
1806 1931 2116 2006 imperatori

534 2076 635 2116 suo
660 2063 840 2113 servet
861 2052 1017 2106 fidem
1050 2066 1063 2101 :
1096 2046 1218 2117 quia
1252 2041 1452 2096 scilicet
1484 2052 1576 2105 per
1599 2031 1857 2103 justitiam
1886 2041 1989 2079 non
2022 2037 2113 2076 ve-

538 2164 652 2206 ram
675 2189 690 2211 ,
716 2145 811 2201 sed
838 2154 1091 2202 vestram,
1121 2135 1186 2189 ad
1230 2135 1612 2201 imperatorum
1642 2135 1820 2177 curam
1846 2115 2111 2187 pertinere

535 2254 711 2295 causa:
734 2230 1036 2303 hujusmodi
1087 2243 1190 2283 non
1223 2224 1513 2281 deberent,
1551 2227 1607 2271 ut
1634 2209 1961 2269 calmnniosa
1985 2203 2120 2258 divi-

536 2332 619 2386 sio
642 2335 945 2389 sanaretnr,
974 2321 1238 2376 deberent
1287 2324 1486 2375 autem,
1532 2316 1588 2362 ut
1631 2300 1844 2374 quando
1876 2298 2012 2352 facta
2038 2301 2122 2349 est

542 2416 881 2476 firmaretur?
911 2414 966 2467 Si
994 2409 1234 2466 doctrina
1283 2406 1383 2458 ista
1407 2442 1423 2467 ,
1457 2414 1614 2469 quam
1644 2409 1751 2449 non
1779 2391 1846 2445 de
1877 2389 2119 2455 Scriptu-

539 2513 614 2567 ris
651 2509 882 2570 sanctis,
918 2503 1013 2560 sed
1053 2501 1236 2556 nescio
1282 2495 1423 2550 unde
1471 2486 1767 2551 didicistis,
1796 2483 1934 2553 justa
1967 2480 2119 2533 vobis

541 2602 773 2663 videtur,
798 2606 856 2651 ut
887 2596 999 2649 haec
1024 2592 1090 2646 ad
1140 2585 1472 2657 imperialctn
1524 2595 1628 2634 non
1661 2576 1923 2646 pertineat
1974 2580 2122 2639 pote-

541 2702 732 2747 statem
762 2706 775 2741 :
811 2698 935 2741 tunc
972 2680 1263 2751 majoribus
1284 2673 1478 2730 vestris
1504 2668 1741 2725 venisset
1768 2667 1820 2717 in
1852 2671 2083 2717 mentem
2104 2698 2121 2724 ,

542 2780 757 2854 quando
796 2773 1065 2832 Czeciliani
1114 2783 1331 2824 causam
1366 2763 1432 2818 ad
1479 2755 1817 2829 imperatoris
1863 2750 2123 2822 judicium

542 2870 876 2930 Constantini
928 2861 1232 2921 accusando
1277 2858 1558 2913 miserunt.
1615 2850 1766 2904 Nunc
1823 2858 1956 2899 Vero
2002 2841 2124 2912 quia

547 2966 731 3020 leones
777 2958 1045 3015 Danielem
1096 2961 1319 3024 propter
1346 2944 1705 3027 innocentiam
1736 2954 1842 2993 non
1872 2937 2126 2991 laeserunt

547 3055 708 3126 (Dan.
740 3067 809 3110 vt.
847 3048 966 3115 22),
1001 3045 1160 3098 vultis
1186 3052 1245 3095 ut
1276 3040 1380 3093 illis
1418 3026 1619 3105 parcat,
1652 3030 1743 3099 qui
1774 3044 1893 3083 cum
1921 3026 2124 3078 calum-
2166 3086 2181 3097 ς

548 3141 745 3198 niando
772 3136 1015 3194 leonibus
1042 3126 1399 3199 obiecerunt?
1451 3122 1557 3180 Sed
1587 3136 1693 3175 non
1725 3127 1781 3172 ut
1811 3116 1972 3169 homo
1998 3111 2130 3182 judi-

547 3242 635 3287 cat
663 3231 837 3290 Deus,
881 3221 1115 3292 iucujus
1153 3232 1315 3275 manu
1353 3230 1451 3269 cor
1492 3210 1633 3280 regis
1671 3215 1750 3263 est
1777 3247 1795 3275 ,
1825 3216 2002 3272 etquo
2031 3215 2128 3255 vo-

550 3322 708 3378 luerit
735 3317 952 3373 inclinat
975 3291 1105 3368 illud
1131 3311 1150 3380 (
1178 3307 1334 3361 Prov.
1365 3319 1453 3359 XXI
1473 3344 1488 3370 ,
1535 3300 1613 3371 l).
1639 3298 1747 3353 Cor
1771 3305 1949 3351 autem
1994 3291 2132 3360 regis

512 3404 517 3407 ’
547 3429 669 3471 cum
694 3421 777 3467 est
804 3406 1018 3463 inﬁdele
1042 3444 1057 3469 ,
1085 3410 1176 3457 aut
1214 3405 1552 3459 exercentur,
1587 3399 1680 3447 aut
1716 3388 2007 3459 probantur
2032 3383 2132 3437 bo-

555 3506 611 3559 ui
643 3521 656 3555 :
684 3516 804 3557 cum
834 3513 960 3551 vero
990 3505 1072 3549 est
1105 3492 1268 3547 lidele
1293 3529 1309 3554 ,
1361 3496 1453 3541 aut
1497 3484 1840 3551 corriguntur
1863 3518 1878 3544 ,
1910 3485 2000 3531 aut
2032 3475 2135 3544 ple-

556 3602 776 3649 cttmtur
811 3587 957 3643 mali.
1006 3584 1206 3638 llorum
1251 3579 1479 3634 duorum
1505 3573 1631 3643 quid
1682 3572 1734 3624 in
1772 3578 1949 3622 vestra
1975 3578 2134 3620 causa

559 3687 651 3751 sit,
681 3684 810 3736 satis
835 3680 944 3751 jam
992 3675 1254 3737 diximus,
1300 3670 1539 3737 satisque
1581 3661 1778 3718 litteris
1810 3659 1911 3715 tuis
1938 3658 2137 3712 nullius

558 3780 662 3836 loci
706 3769 1156 3847 prsetermissione
1200 3759 1617 3832 respondimus:
1645 3752 1789 3825 quod
1835 3751 2037 3805 utinam
2084 3756 2141 3802 et

562 3872 691 3935 tibi,
727 3880 901 3922 tamen
941 3858 1206 3929 aliquibus
1235 3870 1300 3909 ex
1339 3851 1490 3906 vobis
1524 3849 1857 3919 profuturum
1888 3856 2007 3897 esse
2032 3841 2140 3895 Deo

562 3966 852 4022 miserante
872 3954 1211 4011 confidimus.

633 4054 723 4109 54.
753 4049 832 4105 Ad
861 4047 976 4101 bare
1000 4052 1175 4098 autem
1201 4038 1244 4092 si
1270 4031 1598 4105 respondere
1624 4025 1822 4097 aliquid
1852 4035 2139 4095 praeparas,

562 4148 682 4217 lege
710 4144 871 4198 etiam
899 4138 992 4192 illa
1021 4149 1141 4205 qua:
1168 4145 1288 4186 cum
1320 4125 1558 4181 Emerito
1588 4129 1707 4175 acta
1750 4125 1910 4182 sunt,
1952 4115 2146 4187 quibus

568 4206 660 4292 ille
687 4228 1013 4301 respondere
1041 4240 1146 4279 non
1193 4220 1399 4291 potuit,
1430 4230 1498 4271 ne
1539 4212 1674 4267 forte
1702 4220 1757 4263 tu
1784 4208 1978 4278 possis,
2009 4206 2147 4259 sicut

564 4327 675 4398 iam
704 4321 949 4391 superius
977 4327 1036 4371 ut
1064 4309 1386 4382 experireris
1414 4303 1664 4359 admonui
1688 4299 1907 4375 (Supra,
1935 4315 1988 4351 ιι.
2029 4294 2143 4367 41).

570 4418 648 4473 De
675 4427 834 4468 causa
864 4408 1023 4463 etiam
1073 4398 1583 4457 Maximianistarum
1613 4409 1733 4447 cum
1786 4390 1875 4444 illo
1910 4389 2139 4457 egimus,

568 4510 637 4565 de
666 4519 771 4578 qua
801 4517 831 4555 a
860 4498 1011 4553 nobis
1059 4495 1110 4549 in
1141 4490 1440 4547 Collatione
1475 4486 1630 4541 toties
1653 4482 1805 4538 vobis
1832 4479 2037 4549 objecta
2068 4476 2151 4531 ni-

572 4598 647 4655 hil
695 4586 1063 4663 respondistis,
1109 4582 1361 4657 quoniam
1408 4576 1479 4632 de
1507 4591 1565 4630 re
1611 4568 2045 4627 manifestissima
2090 4574 2146 4621 et

574 4686 939 4748 recentissima
986 4678 1113 4735 nihil
1139 4674 1280 4747 quod
1323 4666 1704 4741 responderitis
1734 4663 1753 4695 ⁸
1778 4660 2014 4731 invenire
2054 4675 2151 4729 po-

577 4781 754 4838 tuistis
775 4819 789 4843 ,
821 4772 1086 4848 quomodo
1134 4765 1484 4823 Maximianus
1519 4773 1676 4831 quem
1707 4755 1872 4811 multo
1909 4754 2155 4822 graviore

576 4889 733 4945 quam
755 4870 1092 4926 Caecilianum
1116 4857 1377 4917 sententia
1402 4848 1757 4924 percussistis,
1773 4846 1842 4899 ita
1877 4851 1932 4896 ut
1950 4841 2157 4895 dicere-

581 4968 649 5023 tis
678 4980 798 5021 eum
832 4962 1034 5021 Datlne,
1056 4957 1252 5014 Chot‘e,
1282 4959 1336 5005 et
1360 4947 1555 5002 Abit-on
1587 4940 1887 4995 ministrum
1918 4933 2023 5005 (In
2042 4949 2156 4987 scu-

584 5052 971 5114 tentiaCoucilii
1000 5043 1340 5118 Baguieusis),
1374 5050 1507 5106 quos
1532 5047 1630 5106 pro
1657 5029 1863 5086 scelere
1893 5024 2157 5080 schisma-

580 5151 648 5205 tis
676 5148 825 5204 vivos
855 5152 995 5197 terra
1042 5111 1317 5206 deglntivit
1344 5131 1361 5199 (
1385 5127 1543 5182 Num.
1598 5120 1737 5190 xvi),
1784 5133 1888 5173 non
1917 5111 2162 5185 polluerit

645 5327 663 5358 ι
701 5334 824 5380 “1).,
845 5332 929 5369 uos
949 5316 1102 5364 utiles.
1186 5374 1196 5380 _
1250 5378 1283 5380 Α
1380 5365 1390 5375 ,
1559 5361 1587 5380 ._
1624 5358 1658 5380 ,.

645 5390 666 5419 ¹
910 5367 963 5428 et
983 5374 1226 5425 t'arceusis
1248 5378 1350 5434 Ms,
1374 5367 1697 5434 humanitatis.

648 5448 669 5480 ³
820 5420 994 5497 Sir};
1013 5420 1142 5498 quod
1166 5420 1370 5484 inunités
1393 5429 1551 5491 furere
1564 5420 1929 5498 consueverunt.

648 5510 669 5541 ⁸
704 5482 1180 5570 Σίὶἱιιῖἑῖῐλιέιιῖδι
1206 5504 1341 5552 \‘eu.,
1370 5482 1737 5551 r'espmtderetis.
1826 5483 1883 5525 at.

1465 283 1734 339 CONTRA
1779 266 2249 334 GAUDENTIUM,
2290 266 2346 322 S.
2391 262 2754 323 AUCUSTINI

3663 250 3786 303 ’7ιο

2206 399 2481 451 consortes
2507 385 2808 443 schismatis
2830 382 2907 437 sui
2929 424 2942 445 ,
2984 380 3173 450 quibus
3199 387 3248 432 ut
3282 376 3347 430 ad
3372 383 3599 428 vestram
3630 384 3779 423 comv

2205 479 2505 536 munionem
2538 478 2790 537 redirent,
2819 473 3124 527 dilationem
3151 468 3391 530 dedistis,
3422 479 3527 517 non
3560 460 3771 528 pollue-

2204 573 2271 628 rit
2310 571 2437 626 Afer
2483 570 2679 633 Afros,
2712 562 2860 619 vivus
2904 565 3066 625 vivos,
3116 569 3274 614 notus
3313 566 3488 615 notos.
3520 552 3786 622 particeps

2204 665 2411 727 socios;
2432 673 2484 716 ct
2503 661 2818 716 Ca‘eiliauus
2846 656 3088 727 polluerit
3106 648 3509 711 transmarinos,
3541 638 3791 714 polluerit

2208 757 2360 826 longe
2385 753 2630 824 positos,
2690 748 2937 820 polluerit
2968 747 3176 816 ignotos
3203 782 3219 807 ,
3252 739 3499 812 polluerit
3549 733 3789 792 nondum

2208 859 2381 905 natos.
2408 847 2609 911 Inveni,
2642 845 2687 899 si
2721 854 2871 913 potes
2895 884 2908 905 ,
2953 838 3077 910 quid
3106 837 3271 901 dicas,
3303 830 3574 904 quomodo
3603 842 3790 882 susce-

2210 939 2394 1010 peritis
2434 937 2690 991 honorem
2743 931 2994 988 Feliciani
3038 924 3339 987 Mustitani,
3388 933 3441 975 et
3481 915 3792 975 Prattcxtati

2209 1026 2525 1089 Assuritani,
2560 1039 2693 1094 quos
2721 1037 2840 1077 cum
2891 1018 3208 1074 Maximiano
3236 1023 3290 1068 et
3316 1012 3434 1065 aliis
3458 1009 3644 1064 decem
3674 1006 3794 1058 sine

2181 1121 2312 1205 rulla
2338 1119 2590 1173 dilatione
2616 1114 2927 1176 damnastis,
2963 1119 3149 1165 contra
3198 1121 3351 1176 quos,
3378 1111 3434 1157 ut
3479 1116 3573 1156 eos
3597 1099 3665 1153 de
3696 1098 3794 1149 ba-

2210 1212 2375 1265 silicis
2404 1209 2692 1279 pelleretis,
2724 1205 2862 1276 apud
2894 1204 3046 1265 duos,
3079 1200 3163 1255 vel
3194 1197 3295 1253 nisi
3313 1195 3489 1260 fallor,
3514 1190 3651 1261 apud
3680 1202 3797 1242 tres

2214 1300 2558 1370 proconsules
2583 1298 2860 1366 litigastis;
2896 1305 2945 1349 et
2974 1308 3095 1347 eum
3121 1291 3226 1361 jam
3261 1288 3311 1342 in
3347 1287 3522 1340 locum
3554 1283 3793 1337 Prmtex-

2216 1392 2308 1447 tati
2334 1391 2493 1444 alium
2526 1385 2903 1450 ordinassetis,
2933 1392 3053 1453 post
3081 1392 3186 1435 tam
3224 1380 3438 1447 longum
3468 1385 3675 1441 tempus
3697 1384 3794 1424 eos

2216 1482 2267 1535 in
2299 1482 2409 1535 suis
2454 1477 2742 1533 honoribus
2767 1474 3061 1543 recepistis.
3092 1473 3203 1538 Qua
3230 1467 3458 1538 justitia,
3506 1478 3605 1533 qua
3634 1461 3792 1515 ratio-

2218 1586 2303 1635 ne,
2334 1585 2433 1639 qua
2461 1569 2633 1623 fronte
2657 1568 2707 1621 in
2733 1567 2935 1619 honore
2968 1577 3067 1616 suo
3096 1559 3380 1627 suscipitur
3410 1550 3798 1609 Maximianista

2217 1662 2496 1721 damnatus
2519 1700 2533 1723 ,
2566 1666 2620 1713 ct.
2657 1656 2937 1711 damnatur
2989 1652 3137 1706 orbis
3178 1659 3443 1702 terrarum
3498 1642 3798 1697 catholicus

2224 1751 2530 1810 inauditus?
2557 1751 2669 1819 Qua
2692 1748 2893 1819 justitia
2915 1790 2929 1811 ,
2961 1759 3063 1815 qua
3095 1742 3316 1803 ratione,
3345 1753 3445 1807 qua
3493 1738 3665 1787 fronte
3704 1746 3802 1785 ca-

2220 1845 2452 1900 vendum
2482 1857 2601 1898 esse
2622 1840 2817 1903 dicitis,
2848 1854 2913 1891 ne
2939 1851 3034 1889 vos
3059 1834 3295 1903 inquinet
3320 1828 3635 1883 Caecilianus
3665 1822 3795 1875 olim

2220 1936 2530 1999 defunctus,
2559 1932 2810 1997 vobisque
2850 1941 3066 1998 prorsus
3097 1920 3416 1991 incognitus,
3448 1914 3642 1969 vestris
3679 1928 3797 1965 ma-

2218 2028 2425 2097 joribus
2446 2024 2805 2094 judicantibns
2834 2018 3001 2075 semel
3032 2017 3335 2074 damnatus,
3367 2009 3558 2064 vestris
3586 2004 3806 2073 majori-

2222 2117 2321 2172 bus
2348 2114 2720 2171 accusantibus
2751 2123 2831 2166 ter
2846 2109 3114 2163 absolutus
3140 2122 3154 2171 ;
3181 2101 3556 2157 et‘cavendum
3581 2111 3683 2149 non
3709 2109 3807 2164 pu-

2226 2208 2376 2263 tastis
2398 2248 2413 2274 ,
2444 2224 2510 2261 ue
2536 2203 2948 2277 vosinquiuarct
2981 2197 3299 2259 Feliciauns,
3327 2188 3642 2244 universalis
3668 2199 3807 2239 con-

2224 2300 2333 2355 cilii
2356 2297 2517 2352 vestri
2550 2310 2643 2350 ore
2663 2295 2975 2355 damnatus,
3003 2300 3054 2344 et
3085 2289 3150 2341 ab
3180 2282 3441 2338 universis
3466 2279 3634 2341 vobis,
3665 2291 3807 2345 pra:-

2224 2392 2380 2461 cipue
2421 2389 2492 2441 tui
2535 2383 2945 2456 przedecessoris
2995 2378 3281 2457 (a).favore
3321 2369 3640 2440 susceptus?
3688 2366 3805 2432 Qua

2221 2482 2445 2553 justitia,
2474 2495 2575 2549 qua
2598 2478 2824 2541 ratione,
2848 2489 2947 2542 qua
2974 2471 3144 2524 fronte
3163 2465 3460 2521 rescinditis
3482 2460 3811 2529 Baptismum

2227 2590 2384 2645 quem
2430 2544 2560 2625 dant
2605 2566 2879 2624 Ecclesiae,
2926 2576 3056 2629 quas
3093 2556 3362 2612 laboribus
3412 2550 3521 2606 suis
3571 2544 3813 2616 Apostoli

2228 2667 2621 2735 plantaverunt,
2648 2670 2767 2711 cum
2792 2650 3133 2721 susceperitis
3169 2647 3493 2714 Baptismmn
3521 2654 3679 2708 quem
3711 2634 3815 2689 Fe-

2230 2758 2451 2812 licianus
2499 2758 2555 2806 et
2601 2751 2953 2805 Praetextatus
2998 2757 3094 2811 per
3149 2749 3254 2794 tam
3312 2737 3525 2804 longum
3581 2741 3813 2797 tempus,

2230 2846 2443 2918 quando
2474 2855 2656 2897 contra
2683 2853 2775 2893 eos
2800 2836 3078 2891 damnatos
3104 2828 3404 2899 litigabatis,
3438 2824 3565 2877 foris
3583 2837 3609 2872 a
3633 2828 3817 2873 vestra

2233 2936 2467 3003 Ecclesia
2525 2927 2890 2987 tradiderunt?
2921 2925 2977 2978 Si
3021 2918 3185 2985 enim,
3229 2928 3286 2972 ut
3331 2915 3512 2970 soletis
3556 2911 3690 2963 male
3741 2908 3821 2963 iu-

2234 3030 2492 3099 tclligere,
2548 3034 2603 3077 et
2654 3021 2805 3076 nobis
2858 3017 3110 3087 obiicere,
3156 3014 3237 3069 sic
3280 3018 3362 3063 est
3416 3002 3818 3072 iltlt'lligcttdllln

2233 3120 2373 3192 quod
2398 3116 2650 3187 scriptum
2680 3121 2779 3175 est,
2812 3109 2909 3176 Qui
2936 3107 3263 3175 baptizatum
3284 3109 3479 3152 mortuo
3509 3095 3627 3165 quid
3653 3092 3819 3160 pro/i-

2234 3213 2297 3266 cit
2324 3210 2523 3264 lavacro
2547 3221 2636 3258 suo
2664 3200 2848 3275 (Eccli.
2880 3212 3064 3261 χχχιιι,
3096 3193 3221 3263 '50)?
3252 3193 3387 3244 inter
3415 3188 3534 3241 illos
3559 3184 3641 3238 isti
3668 3186 3821 3251 jace-

2237 3303 2365 3357 bant
2390 3296 2601 3369 quando
2635 3274 2989 3362 baptizabant,
3017 3287 3084 3340 de
3110 3283 3298 3353 quibus
3333 3288 3505 3332 vestra
3532 3274 3822 3343 Bagaitana

2239 3390 2503 3447 sententia
2537 3393 2681 3438 tanto
2704 3381 2925 3447 strepitu
2960 3372 3213 3433 insonuit,
3246 3368 3607 3437 .‘Egyptiurum
3635 3362 3825 3414 admo-

2240 3485 2360 3537 dum
2383 3477 2612 3547 exemplo
2653 3471 2965 3544 pereuntium
2992 3466 3254 3540 funeribus
3286 3462 3433 3530 plena
3467 3465 3583 3509 sunt
3609 3454 3783 3508 littora
3804 3467 3825 3505 :

2239 3574 2415 3645 quibus
2442 3570 2497 3621 in
2525 3566 2635 3637 ipsa
2666 3573 2821 3617 morte
2849 3561 3010 3630 major
3050 3566 3120 3610 est
3148 3569 3314 3624 pauiu,
3344 3547 3476 3619 quod
3514 3555 3623 3615 ροει
3654 3553 3829 3595 extor-

2244 3676 2344 3718 tam
2384 3658 2527 3732 aquis
2566 3655 2827 3711 ultricibus
2855 3652 3097 3713 animum,
3144 3662 3231 3697 ιιι-ε
3262 3643 3417 3709 ipsum
3445 3634 3699 3689 inveniunt
3737 3648 3827 3683 se-

2246 3755 2519 3827 pulturam.
2543 3747 2680 3819 Quid
2701 3744 2767 3800 ad
2791 3746 2905 3797 hmc
2924 3736 3117 3794 dicturi
3143 3734 3307 3787 cstis?
3340 3730 3471 3783 Ecce
3499 3724 3693 3778 mortui
3726 3723 3828 3776 ba-

2247 3847 2445 3917 ptizant
2471 3856 2564 3897 eos
2600 3851 2734 3908 quos
2769 3830 3057 3902 suscipitis,
3106 3840 3202 3880 nec
3244 3816 3541 3880 ιιιυι·ἰιιιῑιιί;
3572 3824 3627 3868 et
3670 3811 3831 3865 nob;s

2249 3947 2495 4004 tanquam
2538 3926 2762 3983 mortuis
2794 3916 3210 3978 calumniamini,
3252 3922 3303 3965 ut
3332 3908 3609 3963 catholicm
3640 3901 3832 3955 unitati

2248 4024 2640 4084 communicare
2680 4018 2921 4072 nolentes
2969 4010 3162 4065 vestris
3206 4003 3415 4073 ignibus
3467 4013 3592 4052 vere
3628 3992 3833 4047 moria—

2250 4116 2399 4173 mini.
2445 4108 2726 4180 Responde
2767 4104 2833 4159 ad
2864 4104 2962 4156 ista
2995 4118 3006 4152 :
3034 4104 3187 4151 vacat
3217 4093 3308 4147 tibi
3337 4088 3573 4158 cogitare
3600 4082 3720 4153 quid
3748 4081 3807 4133 di

2251 4171 2361 4263 cas.
2401 4171 2599 4261 Saltem
2629 4201 2681 4253 in
2708 4196 2811 4251 hoc
2838 4189 3049 4262 aliquod
3096 4186 3187 4241 tibi
3230 4179 3541 4237 beneficium
3583 4171 3837 4228 confera-

2255 4313 2393 4361 mus,
2445 4302 2503 4348 ιιι
2528 4291 2653 4346 dum
2684 4286 2887 4355 cogitas
2913 4276 3181 4351 quomodo
3218 4268 3561 4341 respondeas,
3610 4263 3838 4317 minime

2252 4386 2454 4456 enigites
2482 4377 2750 4450 quomodo
2782 4373 2990 4429 ardeas.
3021 4367 3125 4424 Sed
3155 4364 3401 4420 nolmnns
3441 4366 3497 4411 nt
3534 4356 3707 4425 inopia
3739 4366 3839 4405 re-

2254 4473 2547 4548 Spondendi
2580 4472 2773 4524 lassum
2801 4461 2927 4520 illud
2954 4470 3008 4517 et
3036 4470 3305 4530 quassum,
3337 4450 3475 4521 quod
3502 4448 3678 4501 dicere
3704 4458 3844 4496 con-

2256 4568 2523 4629 suevistis,
2543 4561 2717 4617 adhuc
2738 4558 2830 4613 tibi
2858 4552 3131 4610 existimes
3160 4562 3280 4603 esse
3306 4542 3605 4602 dicendum,
3631 4537 3691 4590 Si
3710 4534 3845 4587 tam

2257 4676 2453 4725 sttmus,
2484 4670 2638 4727 quare
2666 4668 2755 4705 nos
2790 4644 3053 4721 quwritis?
3080 4637 3482 4710 Respondemus
3509 4634 3647 4683 enim
3677 4645 3692 4680 :
3721 4625 3845 4679 Ma-

2258 4755 2338 4824 gis
2367 4763 2459 4802 vos
2487 4745 2746 4801 catholica
2785 4737 3021 4794 Ecclesia
3050 4734 3209 4789 debet
3247 4741 3508 4800 qumrere,
3539 4722 3659 4792 quia
3690 4716 3850 4786 peri—

2260 4847 2374 4909 stis,
2404 4842 2445 4894 si
2474 4854 2568 4892 vos
2598 4830 3009 4890 Maximianistas
3044 4823 3230 4895 perditi
3262 4817 3495 4889 perditos
3524 4806 3853 4881 inquisistis.

2266 4940 2337 4991 De
2380 4931 2543 4989 corde
2586 4928 2726 4983 enim
2758 4933 2937 4979 vestro
2980 4917 3134 4973 nobis
3163 4913 3359 4976 dicitis,
3413 4908 3579 4972 Quare
3620 4899 3857 4972 queritis

2263 5038 2331 5081 tot
2358 5034 2705 5087 tantorumque
2731 5032 2839 5068 reos
2865 5005 3169 5065 criminum?
3196 5001 3299 5058 Sed
3323 5000 3387 5052 de
3416 4998 3550 5050 libro
3579 4990 3673 5045 Dei
3694 4988 3862 5042 vobis

2266 5115 2685 5187 respondemus,
2741 5109 2862 5177 quia
2923 5102 3145 5155 clmritat
3200 5095 3419 5165 cooperit
3476 5081 3863 5142 multitudinem

2268 5217 2581 5282 peccatorum
2610 5200 2652 5275 (ι
2682 5198 2820 5252 Petr.
2849 5212 2920 5261 tv,
2956 5194 3030 5265 8).

2334 5422 2406 5485 (ιι)
2440 5420 2594 5484 Optati
2614 5415 2893 5467 Gildoniani.

2106 5648 2348 5722 ἥἣῦθῆ
