4108 6198
341 299 344 302 .
429 245 521 296 7.51

431 381 638 393 -—-—-‘-

1740 234 1938 290 Ll'Bl-ZR
1975 233 2195 289 SECUN
2205 235 2355 292 DUS.

1350 443 1832 558 LIBER
1903 443 2780 586 SECUNDUS.

3594 247 3701 299 ’ἴςῖ

1316 631 1750 682 Catideutiieontra
1773 639 1845 686 su:
1867 626 2078 673 eriorem
2115 619 2287 672 librum
2325 631 2574 690 res;onsio
2596 630 2809 684 diluitur.

1832 765 2312 791 MM.—

497 905 724 968 C.-\PU'l‘
751 906 1030 965 PRIMUM.
1056 937 1124 946 —
1148 905 1197 960 l.
1224 903 1413 972 Accepi
1431 943 1446 967 ,
1476 896 1735 955 Gaudenti
1753 937 1767 960 ,
1791 905 2013 960 respon-

430 1007 634 1062 sionem
683 1015 824 1058 lttatu
852 1021 864 1056 :
890 1004 932 1056 si
973 1010 1146 1054 tamen
1185 994 1460 1066 responsio
1506 994 1601 1048 ista
1632 988 1853 1046 dicenda
1897 992 2010 1049 est,

431 1115 590 1170 quam
625 1097 750 1150 mihi
776 1104 1050 1164 propterea
1073 1090 1274 1145 referre
1299 1086 1508 1140 voluisti
1526 1125 1543 1151 ,
1567 1101 1632 1138 ne
1658 1083 1701 1137 si
1734 1080 2010 1143 tacuisses,
2027 1135 2040 1146 θ

428 1181 727 1246 diceremus
747 1202 796 1243 te
812 1203 930 1244 esse
950 1185 1268 1242 convictum.
1291 1180 1393 1237 Sed
1425 1197 1524 1232 non
1555 1178 1656 1231 hoc
1685 1185 1764 1231 est
1792 1189 2015 1243 respon-

429 1284 581 1346 dere,
615 1279 753 1350 quod
784 1289 863 1332 est
893 1293 996 1331 non
1026 1285 1218 1330 tacere.
1249 1271 1378 1326 Nam
1405 1271 1447 1324 si
1476 1272 1576 1323 hoc
1599 1277 1699 1326 est.
1727 1265 2007 1336 respondi-

429 1373 497 1428 sti
548 1369 856 1441 planezsed
900 1368 1044 1432 ideo,
1093 1377 1149 1420 ut
1193 1365 1350 1420 etiam
1397 1361 1447 1416 hi
1491 1363 1578 1431 qui
1627 1360 1693 1414 de
1731 1367 1781 1412 te
1817 1355 2012 1426 aliquid

432 1473 642 1532 possent
675 1475 924 1529 sperare,
957 1458 1197 1512 now-rint
1224 1465 1287 1512 te‘
1304 1470 1409 1509 non
1449 1451 1716 1506 invenisse
1755 1449 1876 1520 quid
1921 1463 2009 1503 re-

429 1553 696 1622 spondere
723 1551 982 1615 deberes,
1013 1557 1065 1602 et
1093 1556 1268 1601 tamen
1306 1543 1644 1615 respondisse
1680 1556 1746 1595 ne
1785 1550 2008 1594 laceres.

435 1645 614 1714 Itaque
657 1658 774 1698 cum
823 1655 1038 1696 caveres
1086 1655 1152 1692 ne
1196 1638 1364 1691 victus
1409 1633 1695 1695 dicereris,
1743 1630 1912 1686 fecisti
1956 1637 2014 1683 ut

430 1732 812 1795 ostendereris.
854 1731 930 1784 Ad
963 1729 1100 1798 quod
1132 1725 1516 1782 ostendendum
1549 1734 1633 1778 tua
1667 1723 1776 1791 ipsa
1816 1721 2010 1789 seripta

431 1825 719 1887 sufficiunt,
753 1823 796 1877 si
828 1823 892 1877 ab
924 1819 1335 1889 iutelligeutibns
1361 1817 1618 1887 legantur,
1651 1822 1704 1867 et
1731 1813 1864 1866 meis
1893 1810 2014 1864 dili-

431 1915 576 1984 genti
606 1913 849 1968 examine
890 1916 1280 1978 comparentur.
1327 1906 1395 1963 Ut
1436 1915 1610 1960 autem
1655 1901 1866 1971 scriptis
1894 1901 2010 1955 aliis

435 2006 539 2060 hoc
565 2005 804 2066 doceam,
837 2018 944 2073 quo
971 2003 1130 2066 etiam
1163 1999 1384 2069 ingeniis
1414 1995 1730 2052 tardioribus
1756 1990 2008 2056 satisfiat,

433 2097 702 2164 aliquanto
739 2094 994 2165 prolixior
1037 2090 1326 2160 disputatio
1372 2085 1668 2142 necessaria
1711 2093 2008 2151 estzquam

431 2186 647 2255 quidem
676 2184 970 2255 aggrediar,
1001 2183 1045 2237 si
1075 2197 1208 2253 opus
1247 2179 1402 2234 fuerit
1440 2177 1796 2245 Dnminusque
1827 2173 2010 2227 volue-

432 2276 520 2331 rit.

503 2364 729 2419 CAPUT
757 2363 817 2418 ll.
841 2362 978 2416 -—9..
1009 2361 1157 2416 Nunc
1178 2359 1408 2422 interim,
1438 2355 1683 2426 quoniam
1714 2368 1811 2406 vos
1837 2351 2012 2421 potius

433 2471 554 2510 esse
588 2454 880 2509 catholicus
921 2453 1220 2507 testimonio
1267 2449 1404 2503 beati
1444 2446 1689 2518 Cypriani
1743 2444 2012 2498 allirmare

436 2555 657 2600 ennatus
685 2561 742 2598 cs
767 2561 780 2596 :
806 2542 1018 2596 attende
1048 2541 1310 2609 paululum
1339 2553 1496 2608 quam
1528 2537 1820 2590 Eeelesiam
1857 2533 2010 2588 dixe-

441 2635 510 2690 rit
555 2635 641 2688 ille
683 2633 1032 2693 catholicam,
1062 2647 1182 2684 cum
1227 2630 1342 2698 ejus
1384 2627 1689 2682 defenderet
1735 2623 2009 2678 unitatem.

446 2727 691 2790 Ecclesia,
725 2725 907 2793 inquit,
935 2722 1140 2776 Domini
1167 2722 1275 2775 luce
1303 2722 1526 2790 perfusa,
1561 2735 1647 2788 per
1667 2727 1821 2770 totum
1846 2716 2014 2769 orbem

345 2882 352 2889 ο
439 2819 608 2874 radios
633 2835 749 2870 suos
763 2816 969 2887 porrigit
992 2831 1011 2870 :
1032 2832 1185 2867 unum
1201 2823 1362 2866 tamen
1381 2811 1544 2865 lumen
1563 2819 1656 2874 cst,
1676 2809 1811 2874 quod
1835 2806 2015 2877 ubique

439 2909 759 2977 diffunditur,
783 2925 870 2960 nec
887 2907 1050 2960 unitas
1067 2905 1290 2977 corporis
1307 2912 1584 2970 separatur.
1611 2898 1798 2952 Ramos
1814 2913 1932 2950 suos
1959 2896 2009 2948 in

439 2975 716 3052 universam
760 3005 943 3050 terram
981 2994 1126 3061 copia
1164 2975 1398 3045 ubertatis
1426 2990 1677 3048 extendit,
1709 2988 2014 3056 pro/luentes

438 3089 642 3158 largiter
672 3092 802 3140 rivos
840 3085 989 3138 latius
1028 3082 1266 3150 expandit
1291 3097 1309 3134 :
1333 3097 1488 3133 unum
1518 3091 1683 3130 tamen
1723 3086 1872 3145 caput
1902 3086 1972 3128 est
1995 3114 2009 3137 ,

437 3188 482 3230 et
509 3179 649 3246 origo
679 3193 800 3238 una,
833 3187 876 3228 et
907 3191 1007 3226 una
1038 3184 1214 3229 mater,
1245 3171 1563 3242 fecunditatis
1592 3167 1901 3222 successibus
1930 3183 2015 3219 co-

437 3273 579 3341 piosa
602 3270 738 3338 (Lib.
773 3272 834 3322 de
863 3268 1196 3336 Simplicitate
1226 3264 1581 3328 Prwlalorum,
1609 3280 1694 3317 seu
1723 3263 1783 3316 tle
1813 3261 2016 3317 Uuitate

441 3359 724 3428 lt'cclesiw).
769 3359 901 3424 Quid
931 3358 1086 3426 igitur
1115 3365 1170 3410 et
1211 3372 1306 3409 vos
1351 3356 1493 3424 ipsos
1539 3355 1718 3408 fallitis
1744 3395 1759 3417 ,
1788 3363 1842 3407 et
1879 3351 2016 3407 alios

437 3453 622 3504 fallere
648 3448 936 3503 mendaciis
966 3447 1355 3516 impudentibus
1383 3447 1580 3499 vultis?
1608 3447 1662 3500 Si
1686 3445 1842 3514 hujus
1869 3460 2011 3497 tuar-

437 3541 570 3612 tyris
603 3539 904 3592 testimonio
933 3548 1104 3592 vestra
1133 3549 1213 3591 est
1243 3538 1478 3593 Ecclesia
1509 3536 1794 3593 catltoliCa.
1827 3545 2011 3588 osten-

439 3633 548 3682 dite
581 3629 720 3681 illam
764 3644 856 3696 per
894 3630 1074 3681 orhcm
1118 3638 1282 3681 totum
1330 3628 1504 3681 radios
1533 3642 1660 3682 suos
1704 3628 2009 3695 porrigere;

439 3721 701 3774 iisti-mlite
733 3719 872 3772 illam
904 3735 995 3785 per
1017 3719 1534 3771 universamlerratn
1562 3731 1736 3769 ramos
1766 3730 1890 3768 suos
1919 3730 2012 3767 eo-

443 3832 453 3879 ς
476 3813 521 3864 ia
555 3812 806 3864 ubertatis
827 3810 1136 3863 extendere.
1163 3810 1295 3863 lline
1315 3809 1453 3863 enim
1485 3816 1540 3862 et
1565 3823 1736 3876 grasco
1757 3807 2014 3861 vocabulo

441 3901 708 3956 Catholica
751 3900 1068 3953 nominatur.
1115 3899 1264 3966 Quod
1297 3899 1436 3954 enim
1469 3915 1640 3969 grzeee
1669 3907 1772 3953 ὅλον
1800 3899 2009 3962 dicitur,

442 3993 600 4047 latine
633 4001 798 4045 totum
830 3991 908 4046 vel
941 3991 1241 4044 universum
1289 3991 1681 4057 interpretatur.
1715 3990 1814 4042 Per
1847 3999 2012 4041 tntum

441 4097 568 4152 ergo
596 4083 706 4136 sive
735 4081 1024 4136 secundum
1069 4090 1232 4134 totum
1265 4089 1346 4134 est
1374 4082 1474 4135 καθ’
1501 4087 1623 4144 ὅλον,
1658 4078 1794 4132 unde
1819 4078 2015 4132 Catho-

444 4172 543 4228 lica
575 4184 922 4238 nuncupatur.
958 4172 1011 4225 Si
1044 4172 1143 4225 huc
1184 4171 1320 4224 nosti
1342 4209 1357 4235 ,
1389 4184 1555 4240 quare
1597 4179 1647 4223 te
1678 4183 1834 4223 nosse
1860 4168 2017 4222 dissi—

445 4263 650 4316 mulas?
675 4262 728 4317 Si
757 4272 930 4315 autem
961 4262 1199 4332 ignoras.
1227 4275 1392 4330 quare
1431 4275 1536 4313 non
1565 4260 1707 4328 prius
1745 4274 1899 4328 quam
1941 4259 2016 4311 lo-

441 4352 641 4422 queris,
665 4353 803 4421 quod
827 4352 1020 4414 nescis,
1045 4367 1138 4406 eos
1158 4351 1246 4421 qui
1275 4358 1487 4413 norunt,
1508 4349 1840 4418 interrogas?
1867 4347 2016 4415 Quod

443 4444 488 4498 si
518 4443 759 4511 displicet
791 4443 880 4496 tibi
902 4484 916 4507 ,
952 4457 1055 4496 non
1095 4456 1319 4511 graecam
1343 4483 1356 4506 ,
1391 4441 1484 4495 sed
1514 4440 1741 4510 aliquam
1786 4438 2014 4508 linguam

445 4533 652 4598 inveni,
683 4549 784 4602 qua
813 4533 1006 4588 doceas
1036 4532 1138 4586 καθ’
1163 4538 1285 4591 ὅλον,
1318 4547 1421 4584 non
1452 4546 1546 4600 per
1573 4539 1764 4591 totum,
1793 4529 1905 4583 sive
1935 4544 2017 4583 se-

447 4622 675 4677 cundum
699 4611 886 4687 totum,
920 4623 997 4676 vel
1028 4623 1314 4676 Secondum
1343 4620 1649 4675 universum
1681 4619 2014 4688 significare:

445 4723 500 4767 et
542 4712 783 4766 recedea
815 4713 1116 4766 testimonio
1157 4711 1400 4782 Cypriani
1452 4709 1543 4764 llle
1586 4726 1810 4779 namque
1837 4720 2016 4764 eontra

447 4815 497 4858 te
526 4803 902 4873 loquiturzqui
949 4801 1094 4856 vides
1126 4802 1249 4872 quid
1289 4803 1448 4856 dicat.
1495 4801 1594 4856 Per
1620 4803 1803 4856 orbem
1852 4811 2017 4854 totum

446 4896 595 4959 dicit,
624 4906 677 4949 et
721 4911 813 4965 per
840 4895 1141 4949 universam
1187 4903 1380 4947 terram
1432 4894 1658 4961 porrigi,
1696 4893 2021 4962 cxtendiqne

450 4985 797 5042 Catholicam.
827 5001 1002 5054 grttrco
1029 4984 1144 5052 ejus
1171 4983 1368 5036 numini
1394 4998 1457 5038 ac
1482 4983 1771 5036 definitioni
1799 4997 2026 5036 consen-

452 5077 605 5131 tiens.
647 5075 725 5129 Tn
755 5074 894 5130 aliud
943 5083 1124 5128 tenere
1147 5115 1159 5135 .
1193 5074 1420 5136 sentire,
1451 5074 1629 5127 dicere
1657 5073 1907 5142 reperiris
1927 5112 1941 5137 ,
1970 5082 2018 5128 ρ)

451 5169 572 5222 dum
595 5167 858 5238 Cypriane
881 5176 1012 5220 teste
1034 5166 1296 5230 inuiteris,
1321 5164 1584 5235 Cypriane
1606 5175 1738 5219 teste
1760 5164 2020 5219 mentiris.

521 5257 746 5312 CAPUT
781 5255 862 5309 Ill.
904 5286 976 5297 ——-
1004 5257 1058 5309 5.
1100 5255 1183 5309 Ab
1212 5253 1312 5309 hac
1338 5269 1465 5323 ergo
1507 5269 1626 5308 vera
1669 5269 2021 5324 germanath

449 5348 747 5413 Catholica,
771 5364 888 5419 qua:
911 5349 1114 5403 Domini
1138 5349 1254 5402 lucc
1280 5345 1511 5417 perfusa,
1545 5364 1634 5415 per
1648 5347 1831 5401 orbem
1858 5358 2022 5401 totum

451 5442 629 5496 radios
654 5455 780 5495 suos
807 5441 1059 5512 porrigit,
1093 5455 1270 5495 ramos
1297 5453 1424 5494 suos
1454 5455 1547 5508 per
1573 5441 1873 5494 universam
1914 5451 2024 5495 ter-

453 5546 566 5587 ram
595 5533 748 5601 copia
783 5531 1040 5587 ubertatis
1064 5531 1333 5594 extendit,
1361 5547 1478 5599 qua:
1507 5545 1664 5585 causa
1692 5531 1843 5586 vobis
1871 5531 2028 5588 fuerit

451 5625 710 5692 exeundi,
743 5639 864 5680 cum
886 5623 1286 5695 interrogamini
1307 5663 1324 5693 ,
1353 5621 1482 5678 nihil
1503 5623 1701 5694 justum
1731 5623 2019 5681 invenitis:

2121 904 2337 984 prorsus
2365 896 2432 948 ali
2457 896 2554 952 hac
2581 900 2813 958 Ecclesia
2841 907 3037 960 exitum
3069 920 3296 964 vestrum
3326 914 3466 967 nulla
3499 931 3694 984 purga.

2121 980 2264 1036 tione
2292 986 2578 1052 probabilis
2619 996 2977 1052 excusationis
3015 1001 3238 1055 abluitis.
3274 1005 3406 1071 Quid
3435 980 3573 1060 enim

2118 1073 2258 1165 citis,
2289 1077 2386 1130 nisi
2410 1121 2423 1143 ,
2459 1079 2741 1139 Necessitas
2769 1091 3028 1158 compulit,
3066 1101 3117 1143 ut
3131 1095 3262 1162 justi
3302 1097 3691 1165 relinqueremus

2117 1163 2374 1234 injustas?
2411 1169 2712 1240 Respondet
2749 1178 2896 1232 vobis
2939 1180 3208 1252 Scriptura
3253 1163 3482 1243 divina:
3523 1188 3693 1243 Filius

2118 1254 2280 1311 malus
2305 1257 2413 1327 ipse
2448 1278 2500 1314 se
2509 1264 2707 1332 justum
2734 1267 2854 1321 dicit
2872 1285 2892 1332 ;
2913 1273 3100 1324 exitum
3129 1291 3239 1328 vero
3255 1293 3398 1330 suum
3415 1296 3514 1332 non
3535 1279 3693 1334 abluit

2117 1344 2294 1441 (Prov.
2320 1367 2464 1420 xxiv,
2493 1371 2590 1408 sec.
2625 1356 2808 1429 LXX).
2844 1361 3067 1426 Exitum,
3101 1365 3285 1435 iuqttit,
3316 1386 3479 1430 suum,
3513 1371 3694 1441 utique

2118 1438 2265 1492 illum
2283 1441 2350 1495 de
2382 1460 2485 1512 qtto
2503 1445 2630 1500 dii-it
2649 1455 2919 1517 apostolus
2941 1453 3190 1518 Joannes,
3214 1455 3297 1511 Ex
3309 1459 3449 1514 nobis
3468 1438 3693 1515 exierunt

2117 1527 2158 1601 (1
2187 1529 2343 1586 Joan.
2375 1549 2430 1596 ll,
2463 1535 2577 1603 19),
2597 1541 2814 1593 omnino
2842 1559 2942 1595 non
2972 1546 3148 1612 abluit,
3181 1563 3282 1600 non
3315 1549 3566 1614 defendit,
3586 1568 3690 1606 non

2078 1710 2080 1712 γ
2113 1631 2351 1712 excusat,
2383 1640 2485 1678 non
2523 1638 2724 1698 purgat.
2759 1632 2836 1685 Ad
2867 1633 3043 1701 justos
3079 1639 3218 1690 enim
3249 1656 3352 1691 non
3385 1642 3611 1708 pertinet
3638 1643 3688 1696 in

2116 1709 2355 1768 Ecclesia
2404 1716 2698 1786 catholica,
2743 1723 2842 1777 nisi
2893 1727 3091 1791 malos,
3121 1745 3252 1798 quos
3299 1733 3566 1803 corrigere
3609 1733 3696 1786 vel

2115 1801 2368 1861 damnare
2414 1823 2518 1864 non
2557 1823 2808 1880 possunt,
2855 1803 3237 1884 patientissime
3281 1801 3542 1889 tolerare;
3592 1842 3696 1880 nec

2115 1905 2334 1964 propter
2361 1900 2558 1953 zizania
2581 1943 2594 1962 .
2629 1902 2695 1957 de
2725 1903 2993 1960 dominico
3022 1923 3179 1977 agro,
3209 1925 3307 1965 nec
3347 1923 3563 1982 propter
3594 1930 3688 1982 pa-

2115 1985 2248 2040 leam
2269 2028 2285 2053 ,
2316 1987 2382 2042 de
2411 1989 2672 2048 dominica
2701 2012 2820 2049 area
2844 2038 2858 2059 ,
2901 2015 2998 2054 nec
3039 2012 3255 2070 pPOjllel‘
3287 2021 3409 2060 vasa
3452 2008 3688 2062 inhono-

2116 2087 2249 2140 rata,
2273 2078 2340 2134 de
2360 2079 2623 2138 dominica
2645 2084 2826 2150 domo,
2856 2103 2952 2142 nec
2978 2091 3194 2160 propter
3215 2095 3384 2161 pisces
3408 2097 3596 2158 malos,
3621 2097 3693 2150 de

2114 2163 2393 2221 dominicis
2423 2171 2620 2225 retibus
2649 2184 2774 2228 ante
2813 2185 3020 2246 tempus
3046 2181 3230 2244 exire;
3261 2199 3324 2235 nc
3352 2183 3543 2239 frustra
3571 2187 3690 2239 exl-

2117 2265 2228 2309 tum
2255 2273 2406 2312 suum
2435 2274 2694 2316 conentur
2717 2266 2950 2321 abluere.
2980 2269 3084 2322 Has
3113 2273 3439 2341 evangelicas
3470 2285 3692 2330 seuleuo

2106 2345 2216 2400 'tias
2242 2347 2284 2400 si
2326 2350 2552 2405 volueris
2583 2353 2632 2406 in
2673 2355 2833 2408 alium
2879 2373 3094 2413 sensum
3140 2363 3364 2430 qualibet
3400 2381 3682 2434 argumen-

2118 2437 2314 2493 tatione
2356 2452 2702 2508 convertere,
2753 2448 2926 2502 eidem
2983 2451 3140 2507 beato
3190 2455 3486 2525 Cypriane,
3538 2461 3690 2528 cujus

2119 2531 2476 2586 testimonium
2504 2534 2743 2599 adhibes.
2763 2541 3080 2596 Contradicis
3103 2561 3115 2595 :
3140 2545 3273 2599 sicut
3297 2549 3347 2600 in
3375 2561 3549 2604 nostra
3577 2550 3689 2605 Col-
3731 2540 3734 2544 ’

2119 2617 2314 2674 latione
2360 2623 2577 2676 feciSIis.
2609 2625 2738 2680 Nam
2783 2627 2896 2684 hoc
2937 2632 3004 2686 de
3050 2633 3144 2688 ista
3190 2639 3481 2702 qnmSIionc
3525 2657 3692 2709 sepra

2117 2709 2250 2802 dicti
2275 2714 2522 2784 martyris
2543 2718 2700 2771 verba
2723 2730 2866 2784 Sunt,
2899 2723 2948 2776 in
2968 2725 3184 2792 cpiSlnla
3213 2745 3368 2796 quam
3393 2733 3602 2802 scripsit
3621 2737 3695 2788 ad

2117 2797 2398 2855 Maximum
2430 2814 2482 2857 ct
2525 2807 2704 2861 socios
2746 2809 3094 2867 confessionis
3133 2815 3267 2883 ejus.
3302 2817 3410 2872 Etsi
3438 2797 3686 2887 videntur,

2118 2891 2316 2962 inquit.
2357 2895 2410 2948 in
2451 2895 2677 2950 Ecclesia
2716 2916 2822 2953 esse
2859 2903 3088 2969 zizania,
3121 2923 3218 2959 non
3249 2917 3414 2962 tamen
3457 2911 3694 2980 impediri

2118 2982 2257 3037 debet
2285 2995 2370 3037 aut
2395 2986 2522 3054 ﬁdes
2549 2999 2635 3040 aut
2663 2990 2883 3045 charitas
2909 3005 3116 3059 nostra;
3143 3006 3200 3049 ut
3225 3001 3463 3067 quoniam
3488 3003 3687 3057 zizania

2119 3089 2226 3125 esse
2249 3075 2299 3126 in
2329 3073 2552 3129 Ecclesia
2577 3076 2825 3132 cernimus
2843 3123 2857 3147 ,
2887 3083 2984 3149 ipsi
3009 3085 3070 3137 de
3114 3083 3338 3156 Ecclesia
3381 3090 3690 3145 recedamus.

2116 3161 2281 3217 Nobis
2307 3169 2648 3222 tantummodo
2677 3169 3010 3227 laborandum
3036 3185 3128 3236 est.
3163 3189 3216 3230 ut
3245 3179 3557 3246 frumentum
3585 3200 3698 3237 esse

2119 3255 2368 3322 possimus
2390 3271 2409 3309 :
2429 3268 2484 3310 ut
2507 3275 2621 3312 cum
2659 3264 2860 3328 creperi!
2888 3267 3186 3333 frumentum
3210 3271 3477 3324 dominicis
3504 3271 3696 3326 horreis

2117 3346 2294 3407 condi,
2331 3350 2548 3416 [nactum
2596 3367 2687 3418 pro
2731 3368 2878 3421 apere
2917 3365 3088 3408 nostro
3116 3367 3160 3408 et
3198 3359 3368 3412 labore
3408 3362 3687 3429 capiamus.

2116 3437 2388 3507 Apostolus
2417 3441 2467 3492 in
2490 3437 2722 3509 Epistola
2748 3459 2839 3496 sua
2870 3444 3008 3508 dicit,
3047 3463 3064 3496 ι
3103 3445 3168 3499 In
3199 3452 3347 3500 domo
3377 3465 3542 3502 autem
3583 3469 3692 3504 ma-

2115 3544 2215 3597 gna
2233 3545 2330 3581 non
2357 3530 2518 3582 solum
2545 3544 2665 3584 vasa
2689 3541 2973 3588 suutaurea
2992 3544 3037 3588 et
3047 3547 3301 3606 argentea,
3329 3540 3418 3591 sed
3431 3550 3479 3593 et
3501 3541 3689 3610 lignea,

2117 3626 2162 3670 et
2193 3619 2368 3685 ﬁctilia
2391 3635 2409 3682 ;
2455 3627 2500 3671 et
2527 3621 2759 3686 autetiam
2785 3624 2984 3691 quidem
3011 3625 3256 3679 honorata
3277 3667 3292 3689 ,
3318 3632 3548 3696 quaedam
3578 3647 3692 3684 vero

2117 3707 2417 3760 inhonorata
2454 3726 2474 3758 ι
2505 3709 2569 3777 (ll
2604 3709 2732 3762 Tim.
2765 3726 2798 3763 ll
2821 3753 2834 3772 ,
2863 3712 2976 3781 20).
3010 3713 3122 3766 Nos
3165 3731 3368 3781 operam
3398 3718 3570 3773 demus
3591 3761 3604 3783 ,
3637 3731 3685 3773 et

2116 3808 2356 3864 quantum
2382 3816 2644 3868 possumus
2664 3799 2961 3868 laboremus,
2995 3812 3045 3855 ut
3067 3820 3151 3858 vas
3171 3823 3374 3860 aureum
3402 3811 3478 3863 vel
3506 3828 3690 3879 argen-

2121 3900 2251 3943 tmnn
2283 3892 2456 3943 simas.
2485 3891 2729 3945 Cwlerum
2761 3893 2936 3961 ﬁctilia
2972 3910 3090 3948 vasa
3115 3899 3430 3968 confringere
3453 3903 3548 3954 soli
3580 3901 3692 3956 Do-

2120 3981 2255 4033 mino
2279 3997 2565 4035 concessum
2594 3992 2683 4046 est,
2712 3984 2794 4036 cui
2818 3991 2861 4036 el
2892 3984 3034 4054 rirga
3071 3987 3235 4054 ferrea
3264 3989 3384 4042 data
3409 4002 3480 4042 est
3513 3991 3684 4062 (Psal.

2121 4088 2174 4136 ll,
2209 4072 2263 4142 9)
2322 4072 2448 4127 Esse
2482 4091 2582 4127 non
2626 4085 2782 4144 potest
2821 4078 2984 4145 major
3016 4074 3229 4132 Domino
3267 4096 3360 4133 suo
3402 4099 3607 4138 seruus:
3630 4103 3695 4140 ne

2119 4165 2382 4235 quisquam
2408 4166 2532 4230 sibi,
2555 4166 2690 4235 quod
2714 4167 2810 4220 soli
2836 4166 2971 4221 Filio
2998 4165 3150 4222 Pater
3175 4171 3366 4234 tribuit,
3390 4174 3684 4229 vindicat-is:

2120 4265 2174 4308 ut
2203 4273 2254 4308 se
2282 4265 2434 4324 putet,
2466 4267 2552 4308 aut
2578 4257 2646 4308 ad
2685 4273 2852 4311 aream
2881 4259 3215 4313 veutilandaru
3245 4271 3292 4314 et
3338 4266 3648 4333 purgandum
3671 4306 3686 4330 ,

2122 4347 2292 4415 palam
2317 4346 2447 4414 ferre
2464 4346 2575 4415 jam
2603 4361 2765 4415 posse,
2797 4357 2886 4400 aut
2914 4366 2944 4401 a
2966 4351 3468 4426 fruntentounivcrstt
3495 4354 3690 4408 zisania

2123 4440 2342 4492 humano
2358 4439 2558 4508 judicio
2586 4455 2838 4506 separare.
2883 4439 3112 4507 Superba
3148 4452 3218 4495 est
3246 4443 3338 4496 ista
3363 4443 3624 4500 obstinatio
3648 4458 3698 4500 et

2120 4530 2366 4600 sacrilega
2395 4530 2739 4600 prtesumptio,
2767 4547 2916 4599 quam
2949 4530 3042 4584 sibi
3072 4536 3215 4602 furor
3241 4550 3424 4600 pravus
3443 4538 3690 4592 assumit:

2123 4630 2170 4674 et
2200 4623 2320 4672 dum
2362 4620 2458 4672 sibi
2496 4637 2690 4687 semper
2727 4621 2931 4687 quidam
2979 4623 3092 4689 plus
3134 4639 3282 4689 quant
3324 4626 3456 4680 utilis
3493 4627 3694 4695 iustitia

2125 4710 2370 4777 deposcit,
2402 4719 2680 4775 assumunt,
2713 4711 2775 4762 de
2799 4710 3021 4765 Ecclesia
3051 4722 3253 4781 pereunt
3270 4728 3290 4775 ;
3319 4725 3363 4766 et
3387 4715 3505 4768 dum
3531 4733 3585 4770 se
3611 4718 3693 4768 in-

2125 4800 2339 4853 solenter
2380 4800 2658 4865 extollunt,
2694 4801 2804 4870 ipso
2850 4817 2940 4855 suo
2978 4812 3172 4856 tumore
3216 4805 3384 4858 ca'cati
3406 4845 3421 4872 ,
3470 4807 3694 4862 veritatis

2125 4893 2288 4945 lumen
2317 4893 2573 4945 amittunt.

2197 4983 2419 5040 CAPUT
2451 4983 2539 5038 ιν.
2561 4985 2702 5038 -4.
2743 4984 2944 5053 Nempe
2983 5001 3123 5040 nunc
3169 4987 3353 5042 saltem
3387 4987 3531 5041 vides
3553 5029 3566 5050 ,
3600 4987 3696 5042 ad-

2143 5088 2312 5142 {et-sus
2339 5085 2578 5129 sanctum
2610 5076 2930 5144 Cyprianum
2972 5092 3066 5131 vos
3113 5077 3166 5131 in
3195 5090 3373 5132 nostra
3400 5075 3698 5133 Collationc

2126 5170 2410 5231 clamasse,
2443 5170 2598 5237 eique
2626 5165 3054 5222 Contentionibus
3080 5169 3364 5232 restitisse,
3394 5169 3583 5238 quibus
3609 5183 3697 5222 as-

2128 5259 2385 5313 serebatis
2431 5273 2614 5326 agrum
2659 5257 2888 5324 Christi,
2933 5258 2999 5312 de
3045 5273 3152 5328 quo
3194 5259 3303 5323 ait,
3349 5259 3481 5328 Ager
3520 5270 3590 5312 est
3620 5259 3700 5312 llic

2129 5352 2343 5403 mundus
2373 5350 2580 5422 (Matth.
2623 5365 2716 5418 xut
2741 5391 2756 5411 ,
2785 5350 2875 5417 58)
2895 5392 2912 5414 ,
2945 5365 3047 5405 aen
3091 5366 3212 5406 esse
3248 5351 3536 5404 Erclesimn
3563 5392 3576 5414 ,
3607 5351 3700 5405 sed

2130 5442 2383 5495 mundum
2417 5451 2607 5512 prteter
2632 5440 2958 5506 Ecclesium,
2995 5455 3135 5497 utea
3175 5459 3293 5512 qua:
3334 5455 3697 5504 cernerentur.

2133 5541 2312 5602 posset
2335 5531 2532 5588 habere
2558 5531 2756 5586 zizania
2775 5531 2799 5585 ἲ
2821 5531 2953 5588 Nam
2977 5533 3028 5588 in
3058 5532 3288 5588 Ecclesia
3309 5531 3566 5588 dicebatis
3593 5550 3703 5587 ma-

2133 5623 2321 5680 nifesta
2352 5621 2551 5678 zizania
2578 5635 2700 5678 esse
2730 5637 2833 5678 non
2865 5637 3040 5694 posse.
3069 5621 3286 5690 Quoties
3317 5621 3438 5677 hinc
3470 5622 3704 5678 testimo-
