4108 6198
475 294 580 345 7A3

479 399 622 452 nium
651 396 898 468 Cypriani
929 394 1227 465 posuimus,
1271 401 1324 446 et
1351 406 1449 446 nec
1493 400 1677 459 aperte
1708 390 1781 442 illi
1812 388 2060 441 resistere

489 493 601 544 ausi
629 491 756 545 estis
784 531 798 551 ,
831 503 930 542 nec
973 496 1146 540 tamen
1190 482 1496 539 consentire
1543 481 1816 536 voluistis?
1859 479 2062 546 Nempe

483 595 621 634 nunc
648 579 832 632 saltem
865 576 1268 646 expergisceris,
1302 573 1454 628 audis
1473 615 1488 639 ,
1517 572 1754 626 advertis
1778 609 1796 637 ,
1824 571 1942 640 quia
1973 569 2061 622 etsi

481 672 705 724 videntur
730 669 780 721 in
824 666 1053 722 Ecclesia
1094 683 1197 720 esse
1229 666 1460 728 zizania,
1491 680 1592 718 non
1623 675 1788 716 tamen
1830 660 2062 730 impediri

479 760 618 813 debet
646 769 732 811 aut
757 759 904 825 ﬁdes,
932 767 1017 810 aut
1046 757 1266 810 cltaritas
1294 767 1502 820 nostra;
1527 766 1579 807 ut
1602 756 1838 823 quoniam
1868 750 2065 804 zizauia

478 868 581 906 esse
607 852 658 902 in
691 851 913 902 Ecclesia
942 850 1211 912 cernimus,
1245 848 1344 919 ipsi
1389 848 1450 901 de
1481 846 1712 900 Ecclesia
1751 846 2060 898 recedamus.

479 941 654 1009 Quare
695 955 824 1010 ergo
863 955 958 994 vos
1001 941 1068 993 ab
1116 942 1317 994 unitate
1363 939 1517 1008 hujus
1562 938 1816 992 Ecclesia:
1863 936 2064 989 nefario

483 1032 770 1085 schismate
809 1029 1120 1095 disceditis,
1166 1041 1220 1083 et
1262 1030 1508 1084 haeretica
1556 1028 1966 1096 praesumptione
2011 1026 2063 1079 in

485 1122 670 1175 eadem
703 1121 1016 1174 discissione
1048 1120 1368 1189 persistitis?
1417 1120 1551 1173 Ecce
1582 1119 1672 1172 tibi
1717 1117 2013 1187 Cyprianus
2041 1158 2057 1181 ,

487 1213 730 1267 Consenti
762 1213 870 1277 illi,
900 1223 988 1264 aut
1020 1213 1281 1280 responde
1310 1212 1402 1264 illi.
1434 1210 1592 1264 Vides
1619 1209 2064 1279 quemadmodum

489 1306 567 1359 bis
598 1307 791 1369 verbis,
821 1305 1009 1373 quibus
1039 1305 1164 1357 dicit
1196 1320 1316 1357 esse
1343 1304 1392 1356 in
1425 1303 1657 1356 Ecclesia
1707 1303 1960 1370 cernique
1989 1302 2064 1354 zi-

486 1399 654 1461 zania,
689 1411 785 1449 nec
814 1406 988 1449 tatnen
1016 1399 1082 1448 ab
1109 1396 1190 1448 illa
1238 1404 1513 1463 pr0pterea
1546 1394 1741 1446 debere
1768 1393 2065 1458 discedere,

486 1489 625 1541 delet
658 1503 842 1541 omnes
877 1498 1084 1540 tuorum
1131 1487 1447 1554 scriptorum
1493 1485 1824 1538 calumnias?
1868 1483 2069 1550 Quibus

485 1581 642 1634 etiam
676 1581 726 1633 in
759 1588 901 1632 tanta
931 1580 1150 1647 abrupta
1176 1592 1484 1646 progressus
1508 1592 1586 1638 es,
1619 1585 1671 1630 et
1695 1586 1744 1629 te
1774 1590 1921 1628 more
1972 1590 2069 1626 ve-

485 1679 597 1722 stro
644 1670 981 1740 prmcipitasti
1007 1671 1020 1699 ί
1043 1711 1057 1734 ,
1086 1678 1143 1721 ιιι
1171 1669 1404 1732 diceres,
1435 1669 1593 1722 etiam
1640 1667 1941 1720 nescientes
1980 1666 2070 1734 qui

493 1768 851 1828 peccaverunt
877 1759 940 1813 de
973 1759 1218 1813 universo
1247 1759 1464 1823 mundo,
1495 1758 1728 1826 peccatis
1762 1757 1949 1810 alienis
1981 1771 2072 1824 po-

489 1852 653 1904 tuisse
686 1852 856 1918 perire
876 1850 1240 1914 Christianos;
1270 1849 1389 1918 quia
1413 1850 1615 1903 scilicet
1652 1849 1842 1917 legitur
1864 1848 1915 1901 in
1945 1862 2071 1900 san-

489 1943 588 1994 ctis
614 1941 923 2008 Scripturis,
956 1958 1114 1994 unum
1147 1941 1212 1996 de
1247 1942 1584 1996 anathemate
1627 1941 1786 1995 fuisse
1817 1939 2069 2006 furatum,

492 2040 547 2084 et
567 2046 664 2100 pro
689 2030 790 2083 isto
817 2039 1032 2098 peccato
1051 2030 1278 2084 alienum
1301 2032 1548 2099 populum
1567 2030 1890 2084 nescientem
1915 2029 2074 2084 fuisse

496 2123 737 2188 punitum
770 2118 965 2191 (Josue
990 2122 1092 2187 vn)
1123 2119 1410 2190 :ignorans
1451 2120 1568 2173 illas
1611 2119 1913 2172 mortalium
1955 2133 2074 2171 cor-

494 2226 678 2280 porum
711 2225 914 2279 pmnas,
948 2211 1046 2264 hoc
1073 2219 1173 2274 est,
1209 2210 1582 2263 moriturorum
1609 2219 1808 2262 mortes
1829 2249 1844 2274 ,
1875 2208 1938 2261 ad
1969 2210 2073 2261 nti-

494 2303 599 2356 lcm
646 2311 900 2355 terrorem
948 2301 1141 2370 populo
1186 2301 1451 2365 valuisse;
1499 2317 1604 2355 non
1652 2311 1829 2356 tamen
1872 2301 2073 2356 eisdem

496 2393 717 2445 mortuis
743 2391 808 2444 ad
846 2393 1056 2461 aliquod
1085 2393 1459 2447 detrimentum
1492 2394 1676 2444 futura:
1720 2393 1867 2456 vita},
1902 2391 2074 2445 aliena

496 2494 728 2549 peccata,
763 2483 1051 2550 pl'u'St3rtltll
1079 2499 1194 2551 qua:
1227 2484 1556 2544 nescierunt,
1587 2484 1782 2552 aliquid
1812 2482 2070 2536 obfuisse.

499 2573 642 2625 itane
673 2581 726 2624 ιιι
757 2571 854 2624 hoc
881 2573 1102 2633 diceres,
1134 2573 1275 2627 itane
1319 2582 1378 2626 ut
1423 2574 1654 2642 peccatis
1699 2573 1890 2628 alienis
1914 2575 2073 2628 etiam

499 2665 794 2733 incognitis,
829 2665 1004 2732 perire
1035 2666 1142 2718 Deo
1171 2681 1487 2734 quemquam
1511 2707 1524 2728 ,
1557 2665 1781 2719 credere
1809 2675 1863 2719 et
1892 2666 2076 2720 dicere

498 2755 740 2816 auderes,
771 2770 867 2808 nec
898 2755 1082 2808 saltem
1118 2757 1258 2824 ipsos
1296 2757 1512 2810 timuisti
1543 2757 1773 2826 collegas
1802 2767 1954 2825 tuos,
1985 2759 2076 2827 qui

499 2855 548 2900 te
573 2847 624 2900 in
655 2857 831 2901 nostra
862 2846 1152 2924 Collationc
1175 2850 1461 2914 reticente,
1493 2857 1547 2903 et
1573 2850 1796 2904 fortasse
1823 2865 1942 2904 cum
1977 2849 2076 2903 hoc

497 2936 600 3004 jam
644 2938 871 2990 sentires
913 2953 1015 2990 non
1048 2939 1308 3002 audente,
1343 2941 1504 2993 tantis
1532 2940 1974 3010 disceptationum
2003 2944 2077 2994 la-

501 3027 703 3080 teribus
728 3039 1126 3098 pugnaverunt,
1159 3031 1326 3098 pisces
1368 3031 1536 3084 malos
1568 3032 1617 3084 in
1648 3032 1924 3086 dominicis
1953 3034 2077 3088 reti-

501 3117 600 3172 bus
645 3134 673 3170 a
721 3119 1070 3187 piseatorilms
1123 3123 1389 3189 Ignorari,
1441 3138 1508 3176 ne
1555 3123 1800 3177 videlicet
1845 3127 2078 3194 perirent

497 3223 682 3261 eorum
722 3210 1032 3279 contagione
1060 3252 1074 3276 ,
1105 3212 1148 3264 si
1195 3213 1434 3267 scirent?
1486 3211 1671 3266 Nonne
1701 3214 1790 3266 tibi
1839 3217 1979 3268 venit
2025 3218 2074 3270 in

502 3310 766 3366 mentem,
795 3302 861 3355 de
892 3303 1036 3372 palea
1068 3303 1343 3358 dominica:
1371 3320 1545 3369 arcte;
1577 3305 1625 3358 id
1655 3315 1768 3368 est,
1800 3306 2074 3374 Ecclesim,

501 3408 666 3460 usque
695 3393 758 3445 ad
790 3401 994 3463 tempus
1021 3395 1374 3448 ventilationis
1404 3396 1454 3448 in
1483 3411 1588 3448 una
1613 3395 1969 3463 permixtione
1999 3407 2081 3451 to-

504 3483 752 3545 levanda,
797 3483 1184 3550 disputantibus
1210 3487 1229 3528 ³
1254 3525 1268 3548 ,
1311 3500 1430 3537 cunt
1471 3485 1736 3537 Emeritus
1781 3498 2075 3554 urgeretur,

503 3585 722 3639 negasse
742 3573 885 3623 illum
908 3581 1062 3639 atque
1078 3572 1302 3636 dixisse,
1329 3573 1443 3624 Non
1462 3573 1582 3643 legis
1609 3591 1776 3626 aream
1795 3575 2000 3641 (Col/at.
2023 3578 2075 3643 5,

507 3677 623 3728 cap.
655 3660 806 3728 262).
841 3660 1084 3725 Quicum
1114 3671 1166 3714 et
1191 3678 1218 3711 ιι
1265 3664 1370 3714 suis
1400 3663 1654 3716 scerctius
1681 3663 2073 3730 admoneretur,

503 3759 556 3802 et
583 3767 611 3804 a
642 3750 793 3803 nobis
836 3751 1068 3818 apettins
1097 3752 1634 3806 commemorantibus
1659 3769 1722 3805 ex
1754 3753 2038 3824 Evangelia
2058 3795 2073 3821 ,

506 3840 783 3893 Dominum
827 3855 946 3893 esse
993 3849 1270 3892 venturum
1319 3839 1574 3894 ferentem
1622 3843 1968 3896 ventilabrum
2026 3845 2076 3896 in

505 3947 660 3998 manu
691 3945 808 3992 sua,
839 3929 927 4004 qui
960 3929 1232 3983 mundabit
1259 3944 1436 3985 aream
1469 3945 1639 3995 suam,
1674 3941 1726 3986 et
1753 3932 2075 3987 frumentum

503 4023 753 4076 recundet
779 4022 830 4075 in
864 4023 1076 4086 horreo,
1104 4021 1308 4090 paleam
1337 4038 1461 4078 vero
1487 4024 1765 4077 comburet
1795 4025 1900 4094 igni
1933 4027 2077 4080 inex-

499 4113 787 4183 stinguibili
815 4110 1023 4183 (Matth.
1059 4128 1138 4176 nt,
1188 4112 1274 4181 12)
1295 4153 1308 4175 ,
1340 4114 1590 4166 continuo
1616 4116 1912 4169 correxisse
1941 4118 2077 4168 obli-

503 4207 671 4258 vionis
697 4220 952 4268 errorem,
985 4221 1090 4273 quo
1138 4215 1418 4274 negaverat
1453 4204 1742 4273 scriptum;
1778 4221 1874 4260 nec
1903 4217 2075 4260 tamen

504 4295 804 4348 luereticam
834 4295 913 4363 vel
955 4294 1349 4348 schismatieam
1391 4295 1718 4350 convertisse
1754 4299 2075 4364 perversita-

505 4398 632 4452 tem,
665 4403 763 4454 qtta
812 4385 1036 4453 negabat
1075 4387 1241 4439 malos
1269 4400 1298 4437 a
1337 4385 1488 4439 bonis
1515 4386 1710 4440 debere
1755 4404 1849 4457 pro
1881 4390 2078 4443 unitate

503 4475 756 4529 Ecclesia:
779 4476 1024 4529 sustineri
1052 4476 1438 4546 :cootinuoquc
1459 4477 1674 4541 dixisse,
1700 4479 1840 4548 quod
1863 4481 2077 4534 nomine

508 4567 692 4634 palear,
723 4565 846 4618 mali
875 4565 1300 4635 signiﬁcarentur
1325 4567 1518 4621 occulti
1539 4608 1554 4632 ,
1584 4578 1640 4620 ιιι
1667 4567 1752 4622 hic
1782 4584 1956 4622 causa;
1985 4585 2074 4624 vc-

500 4665 624 4708 stra:
674 4655 932 4725 praecipua
980 4655 1246 4725 diligentia
1295 4657 1580 4711 servaretis
1608 4697 1622 4720 ,
1670 4658 1809 4727 quod
1854 4659 2077 4729 ignorati

503 4746 624 4798 tnali
653 4745 1043 4802 eonnuacnlare
1085 4747 1345 4802 bonorum
1376 4750 1642 4820 neminem
1674 4761 1909 4817 possent.
1943 4753 2077 4806 Ecce

501 4837 665 4905 partis
708 4847 890 4889 vestra:
933 4847 1183 4905 patronus
1213 4839 1454 4907 egregius
1493 4839 1754 4905 perdidit,
1789 4849 1840 4893 te
1884 4841 2076 4895 adver-

499 4936 670 4990 sante,
703 4927 909 4981 labores
939 4943 1083 4981 suos.
1110 4928 1203 4982 llle
1229 4930 1422 4997 quippe
1446 4939 1500 4982 ut
1529 4931 1790 4984 custodiat
1816 4931 2075 4986 honorum

499 5022 758 5087 salutem,
807 5036 1024 5088 prorsus
1055 5021 1106 5074 in
1153 5021 1390 5075 Ecclesia
1434 5022 1602 5075 malos
1646 5035 2017 5092 permanentes
2047 5042 2073 5077 a

499 5113 651 5169 bonis
693 5112 931 5182 perbibet
979 5113 1240 5181 ignorari,
1288 5129 1355 5166 ne
1399 5114 1619 5182 perdant
1655 5129 1744 5168 eos
1789 5115 1833 5168 si
1881 5115 2076 5169 fuerint

498 5205 692 5273 cogniti
724 5213 776 5257 et
801 5203 1007 5256 tolerati
1036 5220 1046 5254 :
1077 5214 1129 5255 tu
1159 5215 1332 5256 autem
1373 5205 1530 5256 etiam
1573 5206 1928 5274 ignoraturum
1962 5223 2076 5259 ma-

504 5297 674 5349 lorum
721 5292 966 5362 contagio
999 5293 1165 5346 bonos
1211 5293 1384 5363 perire
1412 5293 1611 5346 dixisti.
1639 5294 1817 5364 Neque
1859 5296 2075 5348 timnzsti

559 5428 574 5457 ι
611 5425 746 5480 aliti,
773 5411 1185 5486 cttumbreeestro
1206 5421 1550 5486 prwcit'itarti:
1575 5424 1809 5474 mendose
1827 5438 1928 5486 pro,
1970 5435 2013 5474 rt
2035 5436 2081 5476 te

496 5499 624 5536 more
648 5492 800 5534 vestro
819 5483 1160 5546 rprwt‘t'pitasti.
1189 5483 1389 5533 liulcltt'e
1412 5483 1579 5534 alludit
1601 5488 1659 5533 ad
1681 5483 1863 5534 morem
1886 5493 2078 5537 Donati-

499 5557 692 5611 starum,
718 5545 840 5607 quos
860 5545 1005 5608 snpra
1042 5545 1164 5611 libro
1193 5547 1234 5603 l,
1261 5560 1308 5593 ιι.
1334 5547 1409 5606 3t),
1439 5548 1704 5611 redarguit,
1734 5548 1857 5610 qtth
1883 5562 1986 5598 sesi
2023 5551 2077 5598 ad

499 5609 695 5655 exitium
717 5607 1019 5670 prtectpitare
1038 5621 1068 5670 Vs
1087 5607 1275 5670 .lcrent.

475 5699 480 5706 .
562 5672 580 5696 ³
603 5676 754 5724 t-‘orte,
784 5668 1131 5729 disputantium
1151 5668 1300 5718 nobis.

1471 282 1741 335 CONTRA
1775 270 2243 336 GAUDENTIUM,
2287 271 2344 326 S.
2386 269 2750 328 AUGUSTINI

3647 267 3744 321 74‘.

2173 394 2277 438 tam
2308 384 2500 440 multos
2526 386 2594 439 ab
2623 386 2769 439 initio
2797 395 2999 439 vestros
3027 387 3249 439 latentes
3281 384 3588 456 llagitiosos,
3619 385 3748 440 faci-

2169 491 2393 530 norosos
2419 487 2578 546 atque
2607 477 2798 544 impios
2821 519 2833 538 ,
2864 476 2953 546 qui
2988 476 3226 545 profecto
3265 476 3554 530 secundum
3599 487 3735 538 tnaut

2168 570 2514 632 sententiam,
2550 579 2600 621 te
2628 580 2784 637 atque
2811 583 2997 623 omnes
3030 578 3176 631 tuos,
3205 569 3356 622 vobis
3387 571 3746 624 nescientibus

2171 659 2532 728 perdiderunt.
2561 660 2662 714 Sed
2687 675 2826 714 nunc
2845 675 3055 730 quoque
3081 661 3224 714 nullo
3250 675 3441 728 pavore
3465 663 3747 723 tremuisti.

2171 765 2236 804 ne
2278 750 2412 804 forte
2459 751 2718 820 quispiam
2748 761 2979 803 vestrum
3010 762 3059 804 te.
3099 751 3368 805 nesciente
3399 763 3671 820 peCCaret,
3701 765 3754 806 et

2172 852 2222 895 te
2248 841 2372 894 dttm
2407 841 2504 894 ista
2536 841 2769 910 loqueris
2796 840 3062 910 perderet.
3093 842 3172 894 An
3205 842 3338 896 forte
3378 841 3500 894 dttm
3527 843 3754 912 cognitis

2173 934 2276 986 tuis
2324 933 2473 986 factis
2520 934 2720 1002 perisse
2751 943 2801 985 te
2848 932 3099 1002 intelligis
3127 971 3140 994 ,
3177 941 3397 1002 propter
3438 932 3539 986 buc
3564 932 3752 986 alienis

2173 1024 2453 1092 incognitis
2484 1023 2654 1092 perire
2682 1039 2784 1075 non
2814 1022 3042 1077 metuis?
3105 1027 3135 1035 θ

2241 1114 2464 1169 CAPUT
2513 1115 2660 1168 V.——
2684 1115 2736 1169 5.
2779 1114 2916 1181 Quid
2948 1115 3039 1166 tibi
3073 1124 3270 1182 Optem,
3303 1115 3400 1166 nisi
3434 1125 3488 1166 nt
3520 1124 3568 1167 te
3601 1114 3755 1166 nobis

2174 1207 2330 1259 liceat
2360 1207 2616 1272 invenire,
2647 1224 2713 1262 ne
2745 1208 2908 1261 libeat
2945 1215 2996 1261 te
3023 1209 3236 1277 perire?
3279 1207 3412 1272 Quid
3457 1208 3597 1260 enim
3637 1209 3752 1274 spei

2174 1301 2488 1365 remanebit,
2519 1315 2624 1353 non
2648 1301 2817 1354 solum
2840 1301 2990 1354 nobis
3011 1301 3097 1370 qui
3121 1300 3344 1354 Domino
3369 1297 3600 1362 Christo,
3627 1301 3756 1353 Pro-

2175 1390 2367 1457 pbetis,
2409 1392 2697 1461 Apostolis,
2731 1400 3020 1460 sanctoque
3063 1391 3328 1462 Cypriano
3368 1392 3752 1447 consentimus;

2174 1481 2333 1534 etiam
2363 1482 2601 1550 cognitos
2631 1483 2818 1545 malos,
2851 1483 2892 1535 si
2927 1497 3021 1536 eos
3041 1497 3136 1535 nec
3153 1481 3421 1550 corrigere
3448 1496 3750 1550 possumus,

2177 1590 2274 1628 nec
2302 1575 2506 1643 punire,
2541 1589 2638 1644 pro
2666 1575 2882 1628 unitatis
2925 1575 3134 1627 vinculo
3172 1573 3539 1636 sustinendos;
3573 1589 3754 1627 verum

2175 1665 2332 1716 etiam
2363 1665 2530 1730 vobis,
2561 1665 2752 1735 quibus
2791 1674 2912 1719 ante
2946 1675 3151 1734 tempus
3197 1665 3405 1728 messis,
3453 1664 3756 1717 ventilatio-

2177 1755 2276 1814 nis,
2307 1765 2358 1808 et
2386 1755 2597 1819 littoris,
2629 1757 2800 1824 placet
2821 1773 2846 1808 τι
2883 1757 3034 1810 malis
3065 1758 3330 1825 separatio
3356 1757 3651 1826 Corporalis
3673 1775 3684 1807 :
3706 1757 3749 1809 si

2177 1846 2355 1914 opinio
2379 1855 2462 1898 tua
2490 1862 2613 1900 vera
2645 1857 2745 1911 est,
2775 1863 2872 1915 qua
2899 1858 3050 1912 putas
3077 1857 3121 1900 et
3146 1849 3248 1900 suis
3271 1849 3486 1916 peccatis
3511 1864 3756 1918 quemque

2178 1938 2340 2003 perire
2362 1938 2447 2004 qui
2473 1937 2611 2004 facit,
2654 1947 2700 1989 et
2739 1938 2914 1990 alienis
2943 1938 3027 2000 qui
3054 1948 3218 1989 utrum
3250 1937 3385 2005 facta
3426 1938 3526 1990 sint
3566 1939 3763 1991 nescit!

2178 2028 2232 2079 Si
2261 2028 2400 2080 enim
2432 2027 2531 2080 hoc
2552 2029 2619 2080 ita
2647 2037 2746 2090 est,
2782 2029 3014 2095 profecto
3037 2029 3334 2095 ctmajorcs
3356 2029 3540 2089 vestri,
3569 2030 3656 2096 qni
3678 2045 3759 2095 se,

2177 2118 2311 2171 sicut
2341 2119 2554 2185 putatis,
2581 2134 2608 2172 ιι
2639 2119 2865 2188 cognitis
2895 2120 3046 2171 malis
3075 2129 3474 2188 separaverunt,
3503 2119 3568 2174 de.
3611 2123 3759 2174 inco-

2179 2209 2337 2277 gnitis
2369 2211 2656 2277 perierunt.
2689 2210 2804 2264 Non
2837 2212 3006 2264 solum
3039 2221 3214 2264 autem
3261 2212 3376 2277 tibi,
3407 2214 3494 2283 qui
3525 2229 3644 2267 cum
3677 2215 3759 2268 di-

2178 2299 2254 2351 cis
2282 2299 2469 2352 alienis
2489 2300 2798 2354 criminibus
2827 2301 2998 2368 perire
3031 2300 3322 2365 hominem,
3348 2303 3458 2355 sive
3481 2303 3565 2356 illa
3588 2304 3761 2357 scien-

2182 2397 2309 2452 tem,
2334 2391 2444 2444 sive
2476 2392 2822 2456 nescientem,
2854 2391 3052 2445 nullttm
3091 2391 3276 2460 procul
3300 2392 3459 2446 dubio
3482 2409 3761 2449 remanere

2183 2481 2377 2546 pateris
2407 2480 2742 2534 innocentem
2765 2497 2777 2543 ;
2800 2481 2890 2534 sed
2914 2482 3072 2534 etiam
3105 2483 3200 2551 ipsi
3223 2482 3480 2544 Emerito,
3501 2485 3586 2551 qui
3607 2483 3760 2553 longe

2183 2570 2508 2625 tolerabilius
2534 2571 2788 2634 sentiens,
2816 2577 2864 2624 in
2894 2573 3271 2625 communione
3293 2571 3758 2628 Saeramentornm

2180 2664 2369 2716 alienis
2394 2662 2627 2730 peccatis
2655 2663 3017 2716 tantummodo
3055 2663 3280 2732 cognitis
3312 2663 3554 2718 homines
3604 2665 3757 2719 inne-

2179 2754 2293 2815 ctit,
2321 2752 2388 2805 ab
2428 2753 2706 2821 incognitis
2752 2753 2928 2818 solvit,
2983 2753 3149 2806 multo
3191 2755 3399 2808 veriore
3445 2755 3762 2810 venerabilis

2179 2843 2473 2913 Cyprianus
2503 2860 2630 2898 voce
2662 2845 2954 2913 respondit,
2984 2845 3139 2898 simul
3181 2847 3472 2900 crescentia
3507 2865 3608 2900 non
3642 2864 3762 2916 per-

2183 2936 2258 2988 ire
2289 2935 2570 2998 frumenta,
2615 2936 2830 2988 zizaniis
2894 2952 2998 2989 non
3043 2945 3192 2989 extra
3237 2936 3548 3000 Ecclesium,
3583 2939 3674 2991 sed
3709 2940 3758 2992 in

2183 3025 2420 3078 Ecclesia
2448 3026 2766 3086 constitutis,
2795 3040 2890 3077 nec
2911 3025 3132 3078 occultis
3155 3036 3309 3094 atque
3334 3027 3631 3096 incognitis,
3665 3027 3760 3082 sed

2185 3119 2336 3186 plane
2365 3117 2504 3169 notis
2525 3133 2587 3169 ac
2618 3117 2928 3184 perspicuis.
2955 3115 3086 3168 Puto
3108 3116 3246 3169 enim
3271 3117 3409 3185 quod
3441 3133 3541 3168 non
3570 3117 3619 3170 it:
3643 3133 3762 3170 car-

2184 3224 2269 3271 ne,
2300 3206 2393 3260 sed
2427 3207 2475 3259 in
2522 3207 2633 3274 ipsa
2662 3215 2840 3260 mente
2866 3217 3115 3270 cmeatur,
3149 3207 3238 3274 qui
3282 3207 3553 3262 contendit
3597 3210 3762 3262 latere

2181 3297 2320 3366 quod
2349 3298 2603 3350 cernitur.
2633 3298 2762 3352 Cum
2785 3308 2960 3350 autem
2995 3307 3174 3352 monet
3196 3299 3534 3352 beatissimus
3563 3300 3668 3363 illc,
3696 3317 3761 3355 ne

2185 3397 2396 3455 propter
2421 3388 2618 3440 zizania
2641 3404 2756 3457 quae
2785 3389 2834 3441 in
2859 3403 2917 3441 ea
2941 3397 3082 3452 sunt,
3109 3387 3176 3440 ab
3202 3388 3437 3443 Ecclesia
3462 3390 3757 3454 recedatur;

2184 3493 2286 3528 non
2320 3488 2499 3532 mooet
2529 3487 2742 3546 propter
2778 3479 2862 3532 illa
2895 3495 3012 3548 qn;e
3041 3480 3392 3545 occultantur,
3423 3481 3514 3534 sed
3547 3493 3761 3550 propter

2182 3567 2267 3619 illa
2296 3569 2467 3636 potius
2497 3586 2612 3636 quze
2639 3580 2948 3623 cernuntur.
2983 3569 3094 3638 Ipsa
3134 3571 3274 3624 enim
3311 3579 3450 3631 sunt,
3494 3587 3610 3639 que
3640 3589 3760 3640 pos-

2183 3669 2304 3710 snnt
2335 3658 2644 3726 perturbare
2689 3669 2988 3722 cernentes,
3042 3660 3140 3718 nisi
3186 3675 3279 3714 eos
3319 3660 3469 3714 faciat
3497 3662 3759 3728 sapientia

2186 3746 2464 3815 patientes.
2493 3748 2621 3808 Nam
2649 3749 2915 3818 quomodo
2942 3759 3156 3818 propter
3183 3751 3384 3804 oceulta
3416 3765 3510 3804 nos
3540 3769 3641 3804 non
3670 3752 3761 3805 tle-

2181 3838 2311 3894 bere
2342 3839 2595 3894 recedere
2623 3840 2969 3905 disceremus,
3015 3856 3132 3909 qua:
3176 3842 3392 3894 omnino
3423 3855 3540 3895 esse
3585 3842 3758 3895 nesci-

2183 3931 2335 3984 mus?
2357 3929 2461 3985 Etsi
2487 3932 2730 3994 videntur,
2756 3931 2942 4000 inquit,
2968 3931 3018 3983 in
3048 3929 3274 3983 Ecclesia
3295 3947 3400 3984 esse
3426 3933 3639 3984 zizania.
3680 3930 3764 3984 Vi-

2183 4029 2381 4088 dentur,
2416 4025 2506 4085 ait,
2539 4040 2641 4076 non
2672 4024 3028 4092 suspicatione
3067 4023 3374 4077 creduntur.
3423 4023 3488 4076 Et
3525 4039 3592 4078 ne
3619 4025 3765 4093 quis-

2182 4132 2337 4185 quam
2369 4126 2575 4184 putaret
2604 4117 2670 4168 ita
2702 4116 2920 4177 dictum,
2952 4116 3180 4168 videntur
3209 4132 3334 4180 esse,
3379 4126 3626 4184 tanquam
3658 4132 3764 4168 nou

2183 4219 2380 4268 εδει-ιιι,
2413 4208 2503 4260 sed
2543 4223 2661 4261 esse
2709 4209 3038 4269 viderentur;
3075 4208 3248 4262 verbis
3291 4207 3760 4274 consequentibus,

2181 4301 2307 4369 quid
2337 4301 2548 4364 dixerit,
2594 4302 2795 4369 aperit:
2829 4299 2946 4353 Non
2977 4311 3140 4354 tamen
3172 4301 3426 4366 impediri,
3455 4302 3645 4370 inquit,
3675 4302 3763 4353 de-

2182 4391 2278 4452 bet,
2309 4403 2394 4443 aut
2424 4391 2570 4457 ﬁdes,
2610 4403 2694 4443 aut
2735 4389 2960 4446 Charitas
2994 4401 3196 4455 nostra;
3226 4394 3532 4460 utquouiam
3569 4393 3765 4444 zizania

2183 4497 2287 4532 esse
2316 4482 2364 4532 in
2409 4481 2633 4533 Ecclesia
2663 4483 2930 4547 cernimus,
2971 4483 3066 4552 ipsi
3094 4483 3156 4536 tle
3188 4482 3414 4536 Ecclesia
3450 4484 3763 4537 recedamus.

2183 4569 2295 4624 Neu
2323 4573 2413 4634 ait,
2448 4571 2808 4639 Suspieamnr,
2845 4582 3106 4639 putamus,
3131 4573 3418 4635 credimus,
3452 4574 3762 4642 opinamur;

2183 4662 2294 4722 sed,
2326 4663 2593 4718 cernimus.
2627 4663 2701 4715 Ea
2731 4665 2923 4731 quippe
2951 4663 3109 4716 etiam
3145 4664 3215 4716 illi
3266 4680 3370 4717 non
3418 4675 3600 4733 operta
3645 4679 3799 4729 creg

2183 4756 2400 4818 dobant,
2434 4756 2524 4809 sed
2551 4768 2732 4824 aperta
2765 4757 3074 4820 cernebant,
3099 4757 3186 4824 qui
3213 4757 3454 4810 dixerunt
3479 4756 3768 4825 patrifami-

2185 4845 2297 4908 lias,
2337 4845 2440 4910 Vis,
2464 4847 2613 4910 imus,
2643 4856 2686 4899 et
2708 4847 2986 4916 colligimus
3002 4862 3059 4898 ea
3077 4848 3100 4898 ?
3118 4846 3184 4900 de
3202 4848 3396 4915 quibus
3413 4849 3610 4900 dictum
3630 4855 3761 4911 erat,

2185 4936 2308 4988 Cum
2347 4939 2572 4990 crevisset
2602 4937 2772 4998 herba,
2803 4948 2847 4990 et
2866 4937 3086 5004 fructum
3111 4937 3326 5007 fecisset,
3370 4948 3489 4990 tunc
3517 4953 3768 5006 apparue-

2185 5038 2298 5080 runt
2321 5038 2366 5080 et
2387 5029 2598 5080 zizania.
2633 5029 2834 5096 Quibus
2861 5029 3152 5095 respondit,
3197 5027 3350 5089 Non;
3380 5046 3441 5081 ne
3465 5030 3614 5096 forte,
3647 5029 3765 5081 dum

2185 5121 2329 5172 vulsis
2367 5121 2597 5189 colligere
2623 5120 2837 5180 zizania,
2873 5120 3025 5172 sinml
3049 5121 3308 5172 eradicetis
3338 5129 3381 5172 et
3409 5121 3662 5183 triticum;
3689 5127 3763 5182 et,

2187 5214 2348 5263 .‘iwie
2396 5222 2600 5274 utraque
2652 5229 2868 5264 crescere
2913 5229 3068 5278 usque
3116 5213 3183 5264 (ιιι
3233 5230 3440 5266 messem
3496 5212 3608 5278 (Id.
3649 5229 3763 5277 xm,

2184 5304 2392 5372 23-30).
2449 5302 2514 5355 lit
2555 5313 2724 5354 tamen
2769 5313 2821 5355 ιιι
2885 5303 3018 5355 dicis
3063 5302 3198 5372 (ubi
3247 5304 3371 5372 quid
3423 5304 3566 5356 aliud
3609 5319 3765 5372 quant

2189 5398 2405 5448 Domina
2435 5395 2808 5465 contradicis?)
2839 5396 2946 5447 sola
2991 5414 3080 5464 per
3117 5396 3360 5448 mundum
3391 5397 3606 5449 crevisse
3629 5397 3764 5448 ziza-

2185 5487 2288 5542 nia,
2320 5497 2360 5538 tt
2384 5496 2482 5536 ιυίίι
2511 5503 2633 5552 pene
2663 5487 2846 5538 tumulo
2871 5487 3114 5538 diminuta
3135 5489 3322 5555 perisse
3342 5488 3764 5555 frumenlamum

2185 5577 2248 5630 ad
2276 5579 2476 5643 aliquas
2507 5587 2691 5645 gentes
2722 5577 2951 5629 nondum
2985 5579 3217 5630 Ecclesia
3255 5579 3545 5631 crescendo
3583 5593 3763 5647 perve-

2189 5667 2340 5721 nerit.
2374 5668 2599 5722 Nece.~se
2628 5679 2702 5720 est
2735 5678 2909 5721 autem
2943 5678 2995 5721 ut
3033 5669 3323 5738 perveniat,
3360 5679 3410 5722 et
3457 5671 3767 5738 pra-dicetur
