4108 6198
386 384 487 440 745

390 499 728 571 Evangelium
755 497 809 553 in
838 497 1085 552 universo
1113 495 1329 561 mundo,
1374 502 1428 550 et
1463 501 1586 548 tunc
1616 493 1790 547 veniat
1818 487 1956 544 linis.

385 590 534 658 Quod
565 588 796 643 futurum
826 602 965 654 esse,
1017 586 1271 641 Dominus
1317 586 1431 641 sine
1473 585 1572 638 ulla
1618 582 1963 651 ambiguitate

388 680 648 752 praedixit.

455 770 682 829 CAPUT
721 769 809 823 VI.
836 797 910 810 —-
935 768 988 825 6.
1031 768 1193 823 Vides
1214 766 1507 821 Ecclesiam
1536 761 1842 819 testimonio
1865 764 1966 830 Cy-

387 862 578 932 priani,
619 868 673 914 et
701 874 732 913 a
755 869 866 915 toto
891 859 1209 915 catholicam
1235 858 1452 924 dictam,
1479 862 1537 911 et
1571 871 1675 909 non
1704 867 1823 908 esse
1852 853 1966 906 sine

389 951 681 1007 manifestis
725 950 898 1017 malis,
951 959 1166 1020 propter
1201 963 1334 1019 quos
1367 958 1542 1001 tamen
1569 947 1821 1000 admonet
1861 961 1964 998 non

388 1042 808 1113 relinquendam.
839 1041 893 1096 In
921 1056 982 1096 ea
1007 1049 1132 1096 sunt
1157 1039 1300 1101 boni,
1330 1053 1425 1106 per
1445 1052 1503 1092 se
1525 1038 1668 1104 ipsos
1699 1035 1882 1090 multi:
1913 1035 1965 1088 in

386 1135 783 1204 comparatione
811 1142 985 1187 autem
1037 1131 1360 1186 zizaniorum
1401 1129 1484 1183 vel
1515 1128 1699 1196 paleae,
1733 1125 1968 1195 profeCIo

387 1228 560 1296 pauci.
587 1227 700 1282 Non
727 1226 871 1282 enim
900 1234 1090 1294 praeter
1113 1224 1275 1288 illam,
1305 1222 1397 1276 sed
1429 1223 1479 1275 in
1518 1237 1578 1276 ea
1607 1221 1799 1290 agitur,
1828 1219 1968 1289 quod

389 1319 503 1387 ipse
537 1317 788 1370 Dominus
827 1315 976 1379 dicit,
1013 1314 1264 1378 Quoniam
1305 1312 1576 1365 abundavit
1605 1311 1859 1375 iniquitas,
1890 1327 1970 1361 re-

391 1411 621 1478 frigescet
644 1407 863 1460 cItaritas
888 1406 1155 1459 multorum
1171 1403 1380 1474 (Matth.
1395 1402 1770 1471 xstv,12).Sed
1795 1402 1862 1456 ibi
1889 1411 1969 1455 est

388 1509 442 1553 et
470 1499 695 1568 populus
723 1498 916 1566 ubique
941 1496 1182 1555 dimisus.
1212 1496 1298 1550 cui
1323 1494 1537 1560 dicitur,
1574 1493 1675 1560 Qui
1696 1509 1972 1562 perseuera-

389 1590 512 1643 verit
539 1605 692 1659 usque
713 1589 762 1640 in
789 1589 960 1655 ﬁnem,
991 1587 1069 1638 hic
1089 1585 1259 1639 salvus
1287 1585 1381 1638 erit
1409 1582 1515 1653 (Id.
1547 1599 1602 1645 χ,
1625 1582 1742 1653 22).
1765 1582 1864 1648 Qui
1888 1598 1971 1632 an-

391 1688 496 1734 tem
545 1679 776 1732 habeant
829 1677 982 1730 fidem
1032 1686 1278 1745 tanquam
1327 1691 1548 1746 granum
1598 1675 1815 1742 sinapis,
1867 1688 1969 1741 qua

390 1777 600 1822 montes
630 1769 786 1821 etiam
820 1765 1204 1821 transferantur
1246 1764 1358 1835 (Id.
1391 1781 1519 1828 xvtt,
1553 1764 1662 1832 19),
1716 1763 1971 1817 rarissimi

389 1859 608 1913 omnino
633 1867 776 1910 sunt.
804 1857 876 1910 De
905 1857 992 1910 tali
1016 1857 1154 1910 enim
1185 1855 1286 1910 fnle
1320 1853 1832 1928 Dominusxdicebat,
1860 1852 1972 1906 Pu-

392 1958 490 2013 tas,
514 1948 669 2000 veniet
695 1946 857 2000 Filius
875 1947 1109 2008 hominis,
1133 1955 1174 1999 et
1196 1946 1406 1999 inveniet
1428 1945 1578 2013 [idem
1601 1945 1650 1997 in
1673 1953 1804 1996 terra
1821 1942 1968 2013 (Luc.

393 2055 546 2101 xvnt,
573 2039 664 2110 8)?
709 2054 814 2092 non
844 2039 906 2090 de
933 2039 1186 2107 apostasia
1216 2038 1366 2091 totius
1393 2037 1545 2102 orbis,
1578 2035 1714 2090 sicut
1754 2045 1806 2089 tu
1848 2049 1972 2104 per-

391 2131 694 2185 versissime
714 2129 982 2199 intelligis.

467 2221 689 2276 CAPUT
723 2221 830 2274 Vll.
856 2250 927 2261 —
956 2221 1007 2274 7.
1048 2221 1215 2274 Porro
1245 2220 1311 2273 de
1339 2219 1628 2288 Baptismo.
1681 2232 1836 2286 quem
1869 2232 1971 2270 non

389 2322 550 2382 putas
576 2328 693 2366 esse
720 2313 820 2365 nisi
863 2313 914 2365 in
949 2311 1207 2372 Ecclesia,
1237 2319 1288 2363 et
1335 2310 1455 2364 ideo
1485 2325 1581 2362 nos
1604 2310 1800 2377 arguis,
1832 2307 1971 2375 quod

389 2420 460 2459 ex
493 2403 786 2457 haeresihus
812 2402 1100 2466 venientes,
1132 2402 1174 2454 si
1200 2401 1308 2468 jam
1337 2399 1586 2468 baptizali
1611 2407 1755 2458 sunt.
1786 2398 1974 2450 iterum

388 2512 504 2550 non
533 2509 654 2549 esse
672 2492 1015 2562 baptizandos
1037 2506 1348 2555 censemus;
1372 2489 1585 2554 sufﬁcit,
1607 2488 1745 2558 quod
1768 2502 1979 2556 respon-

389 2585 529 2640 dere
575 2583 793 2637 minime
831 2583 1067 2653 potu’sti,
1099 2580 1369 2651 quomodo
1398 2579 1678 2633 damnatus
1707 2578 1979 2647 baptizare

391 2675 632 2746 potuerit
648 2674 964 2739 Felicianus,
991 2673 1120 2728 foris
1137 2689 1164 2726 a
1181 2681 1354 2727 vestra
1377 2671 1613 2727 Ecclesia
1639 2671 1977 2724 constitutus:

390 2786 557 2842 quem
589 2769 781 2825 frustra
815 2784 1012 2840 ponere
1034 2769 1244 2822 voluisti
1269 2768 1406 2822 inter
1434 2781 1526 2820 eos
1551 2765 1744 2834 quibus
1767 2763 1980 2817 dilatio-

391 2877 522 2916 nem
544 2861 783 2916 dedistis.
806 2861 946 2930 Lege
971 2861 1306 2930 Bagaitanam
1333 2857 1496 2912 vestri
1524 2856 1731 2911 concilii
1762 2863 1982 2909 sentcn-

390 2957 549 3019 tiam,
600 2955 650 3008 in
696 2969 798 3024 qua
830 2953 1032 3008 scilicet
1076 2960 1197 3022 post
1225 2951 1388 3005 multa
1417 2948 1755 3004 acerbissima
1786 2962 1905 3016 qua:
1931 2945 1982 3000 in

391 3048 522 3103 illos
549 3047 686 3102 dicta
716 3055 859 3110 sunt,
890 3054 944 3100 et
972 3046 1125 3114 longe
1166 3043 1411 3114 graviora
1454 3053 1612 3112 quam
1642 3041 1694 3094 in
1737 3037 1984 3093 Caecilia—

391 3155 552 3202 num,
582 3138 793 3208 quando
819 3153 939 3191 eum
974 3136 1205 3204 majores
1232 3136 1392 3190 vestri
1419 3135 1693 3189 absentem
1726 3131 1984 3188 innocen-

389 3239 615 3300 temque
642 3230 990 3290 damnarunt;
1023 3227 1093 3282 ita
1115 3226 1354 3293 subjecta
1382 3234 1463 3279 est
1493 3241 1676 3278 eorum
1703 3225 1982 3279 manifesta

389 3331 452 3378 et
505 3322 795 3376 indubitata
839 3319 1151 3373 damnatio:
1189 3315 1396 3369 Famosi
1444 3331 1562 3385 ergo
1606 3315 1828 3368 criminis
1874 3330 1986 3367 reos

397 3414 755 3467 Victorianum
781 3409 1246 3474 Carcabianensem,
1285 3405 1598 3460 Martianum
1625 3406 1982 3470 Sullectinum,

383 3504 649 3558 Baianum
678 3502 1026 3567 Baianensem,
1057 3500 1286 3555 Salvium
1327 3497 1724 3568 Ausap/tensem,
1753 3496 1987 3550 Theodo-

383 3610 520 3649 rum
573 3591 907 3653 Usulensem,
959 3591 1214 3644 Donatum
1263 3589 1648 3656 Sabratensem,
1699 3589 1987 3658 Miggcnent

387 3682 928 3751 Elepltantariensem,
958 3679 1318 3735 Prwtextatunt
1345 3679 1720 3742 Assuritanunt,
1755 3679 1987 3735 Salvium

395 3774 456 3826 Μ
467 3771 853 3842 enibresitanum
879 3811 893 3834 ,
954 3771 1206 3824 Valerium
1250 3771 1581 3824 Melzitanum
1607 3810 1622 3835 ,
1673 3769 1986 3824 Felicianum

391 3861 764 3927 Mustitanum,
811 3871 857 3914 et
905 3861 1194 3915 Martialem
1251 3860 1617 3924 Pcrtuscnsent,
1666 3862 1751 3931 qui
1795 3862 1987 3929 funesto

391 3972 559 4024 apere
598 3955 892 4024 perditionis
923 3969 1008 4007 vas
1034 3953 1292 4008 sordidum
1321 3951 1533 4007 collecta
1564 3953 1848 4020 fwculentia
1872 3955 1987 4022 glu-

394 4048 725 4109 tinaverunt;
750 4045 838 4098 sed
859 4055 903 4097 et
924 4045 1128 4097 clericos
1157 4043 1430 4114 aliquando
1453 4042 1694 4098 Ecclesia:
1717 4043 1987 4114 Carthagi-

393 4138 510 4196 nis,
533 4137 615 4205 qui
655 4135 776 4187 dum
809 4136 1023 4205 facinori
1047 4136 1312 4200 intersunt,
1352 4134 1529 4188 illicito
1555 4135 1764 4188 incestui
1799 4136 1988 4188 lenoci-

392 4227 548 4280 nium
577 4226 922 4295 prwbuerunt;
956 4226 1048 4280 Dei
1093 4226 1405 4295 prazsidentis
1434 4225 1664 4292 arbitrio,
1693 4227 1987 4280 universalis

390 4317 606 4372 concilii
631 4334 717 4370 ore
739 4318 953 4371 veridico
979 4318 1243 4370 damnatos
1263 4334 1369 4372 esse
1388 4318 1686 4389 cognoscite.
1707 4318 1768 4372 Et
1797 4317 1990 4373 deinde

393 4409 594 4476 incipit
614 4410 822 4462 caeteris
845 4408 1029 4462 dilatio
1053 4408 1322 4478 prorogari
1349 4407 1433 4462 his
1454 4408 1665 4463 verbis:
1696 4407 1800 4462 Eos
1819 4418 1988 4462 autent

391 4517 532 4570 quos
561 4501 796 4569 sacrilegi
824 4501 1013 4554 surculi
1052 4517 1154 4554 non
1193 4503 1417 4570 polluere
1457 4501 1730 4571 plantaria,
1776 4501 1870 4554 hoc
1895 4513 1984 4568 est,

390 4591 496 4660 qui
524 4607 554 4642 α
582 4589 885 4643 Maximiani
914 4592 1078 4658 capite
1099 4592 1333 4660 proprias
1363 4608 1540 4644 manus
1569 4592 1846 4644 verecundo
1870 4593 1992 4660 ﬁdei

392 4683 603 4754 pudore
625 4691 958 4748 retraxerunt,
986 4683 1053 4734 ad
1082 4692 1290 4735 matrem
1314 4682 1591 4736 Ecclesiant
1611 4681 1772 4735 redire
1802 4687 1990 4753 permi-

386 4775 584 4828 simus.
614 4773 730 4826 iam
760 4773 828 4826 de
856 4772 936 4827 his
967 4772 1110 4842 quod
1156 4772 1435 4826 dicendum
1481 4772 1596 4839 fuit,
1626 4783 1679 4828 et
1709 4775 1760 4828 in
1793 4775 1991 4844 priori-

388 4865 506 4918 ltus
534 4863 598 4916 ad
633 4873 684 4916 te
709 4863 846 4916 datis
872 4862 1062 4917 litteris
1085 4861 1220 4917 meis
1245 4863 1371 4916 satis
1397 4861 1594 4916 dictum
1627 4872 1726 4918 est.
1749 4863 1844 4918 Cui
1873 4866 1992 4922 loco

387 4965 447 5010 te
485 4969 707 5024 prorsus
735 4955 1060 5024 reSpondere
1087 4970 1192 5009 non
1214 4954 1449 5024 potuisse
1469 4958 1710 5027 quisquis
1734 4957 1922 5030 legerit
1939 4968 1994 5015 et

388 5063 700 5119 parumper
729 5047 1038 5110 adverterit,
1069 5048 1308 5102 dubitare
1338 5063 1443 5103 non
1467 5050 1681 5120 poterit.

473 5138 705 5195 CAPUT
757 5137 884 5194 VIII.
927 5169 1000 5178 —
1048 5138 1100 5194 8.
1143 5139 1360 5193 Frustra
1403 5140 1582 5210 itaque
1621 5141 1712 5195 tibi
1762 5142 1988 5208 videtur,

385 5233 676 5304 Agrippini
707 5241 754 5286 et
779 5232 1022 5303 Cypriani
1044 5232 1258 5286 concilia
1281 5235 1333 5287 in
1357 5233 1452 5288 hac
1489 5234 1765 5306 quastione
1789 5252 1894 5289 esse
1916 5253 1994 5291 se-

384 5325 595 5380 ctanda
632 5340 652 5378 :
689 5341 810 5379 cum
859 5341 955 5381 vos
984 5340 1046 5380 ea
1077 5326 1434 5396 neglexeritis,
1467 5332 1678 5398 quando
1704 5342 1848 5388 extra
1897 5347 1990 5388 ve-

385 5430 574 5475 stram
619 5419 1046 5473 communionem
1092 5419 1390 5488 baptizatos
1418 5439 1448 5478 a
1475 5425 1759 5491 damnatis,
1805 5433 1988 5478 contra

380 5524 544 5580 quos
573 5507 642 5562 de
667 5509 900 5564 basilicis
929 5510 1285 5568 excludendos
1313 5514 1616 5586 litigabatis,
1647 5517 1764 5572 sine
1785 5517 1888 5570 ulla
1907 5531 1990 5570 rc-

387 5598 669 5670 petitione
695 5599 1035 5669 Baptismatis
1078 5604 1404 5674 suscepistis.
1455 5606 1527 5670 De
1566 5607 1825 5662 sententia
1865 5621 1989 5660 vero

385 5704 689 5779 Cypriani.
720 5705 806 5762 vel
835 5706 1150 5776 collegarum
1205 5706 1340 5777 ejus,
1385 5706 1574 5776 quibus
1619 5715 1740 5760 tunc
1769 5704 1982 5774 placuit.

392 5796 689 5855 venientes
714 5797 780 5850 ab
805 5796 1071 5854 haereticis
1095 5800 1361 5867 baptizare
1382 5807 1648 5868 oportere,
1675 5797 1888 5867 longum
1905 5799 1983 5852 est

622 5875 898 5938 PATROL.
926 5873 1144 5937 XLIII.

1664 367 1864 429 LIBER
1903 363 2280 424 SECUNDUS.

3545 369 3647 426 7i“

2075 494 2131 534 ut
2157 498 2252 552 pro
2281 487 2470 541 merito
2497 487 2778 556 disputem.
2808 489 2910 544 Sed
2943 490 3092 545 istam
3121 501 3173 546 tu
3197 492 3345 559 mihi,
3379 494 3422 549 si
3474 503 3644 564 potes.

2075 572 2289 626 brevem
2330 577 2477 630 solve
2504 583 2869 646 qtta‘stioncm.
2895 581 3117 648 Quando
3147 585 3507 654 rebaptizahat
3535 584 3646 658 Cy.

2074 663 2288 730 prianus
2331 665 2398 718 ab
2447 666 2707 724 hmrcticis
2745 672 3042 740 venientes,
3096 674 3348 730 Ecclesia:
3378 675 3654 748 Carthagi-

2073 756 2252 809 nensis
2289 757 2588 827 episcopus,
2623 771 2744 816 tunc
2777 763 3026 820 Ecclesizc
3073 768 3324 824 Romana:
3353 771 3656 842 Stephanus

2073 847 2353 916 episcopus
2382 849 2434 902 in
2459 851 2644 906 eodem
2676 855 2947 923 Baptismo
2976 874 3131 928 quem
3163 861 3287 916 foris
3313 878 3650 933 acceperant.

2074 937 2398 1006 suscipiebat
2414 941 2724 1007 lnereticos;
2749 956 2804 1000 et
2827 949 2982 1003 ambo
3010 950 3123 1004 inec
3149 951 3355 1007 diversa
3376 954 3650 1015 facientes.

2077 1031 2128 1084 in
2178 1032 2373 1088 unitate
2419 1035 2676 1092 catholica
2727 1043 3124 1108 permanebant.
3160 1045 3251 1100 Dic
3291 1047 3442 1113 mihi,
3477 1059 3651 1104 utrum

2076 1122 2166 1176 illo
2187 1131 2421 1192 tempore
2447 1125 2706 1193 Ecclesia,
2729 1132 2939 1200 quando
2962 1135 3250 1190 secundum
3278 1153 3392 1204 vos,
3414 1141 3650 1194 onmimn

2075 1214 2357 1268 criminum
2391 1232 2514 1271 reos
2538 1219 2654 1273 sine
2696 1221 2966 1290 Baptismo
2993 1226 3283 1294 recipiebat
3310 1243 3402 1297 per
3424 1229 3654 1299 Stepha-

2076 1319 2200 1356 num
2248 1312 2303 1358 ct
2331 1305 2447 1373 ejus
2475 1308 2890 1366 innumerabiles
2937 1322 3047 1368 toto
3092 1318 3218 1371 orbe
3263 1319 3513 1390 collegas,
3564 1322 3653 1390 qui

2079 1393 2319 1460 ejusdem
2351 1399 2628 1452 sententia:
2659 1403 2942 1472 participes
2985 1417 3156 1468 erant,
3191 1409 3447 1463 malorum
3473 1423 3656 1464 conta-

2075 1485 2232 1553 gione
2278 1488 2525 1554 perierat,
2574 1505 2641 1544 an
2686 1506 2791 1546 non
2845 1495 3108 1564 perierat?
3145 1498 3326 1568 Neque
3357 1501 3496 1553 enim
3527 1501 3656 1555 istos

2078 1576 2247 1630 malos
2277 1578 2472 1644 poteris
2492 1577 2674 1635 dicere
2696 1583 2965 1638 occultos:
2996 1589 3235 1655 quamvis
3263 1597 3314 1641 tn
3342 1604 3550 1644 asseras
3572 1607 3660 1644 no-

2078 1679 2200 1720 cere
2223 1683 2284 1721 ac
2312 1670 2631 1727 mortiﬁcare
2651 1682 2704 1726 et
2729 1676 2983 1730 occultos.
3030 1678 3275 1749 Quisquis
3303 1681 3459 1752 igitur
3489 1683 3658 1738 homi-

2078 1755 2218 1819 cida,
2249 1757 2331 1811 vel
2356 1760 2516 1814 etiam
2547 1763 2827 1830 parricida,
2858 1767 3082 1832 adulter,
3111 1769 3417 1836 incestator,
3448 1775 3654 1829 idnlo|a«

2080 1851 2178 1907 tra,
2204 1848 2442 1902 codicum
2465 1851 2694 1921 denique
2722 1863 3024 1912 sanctorum
3046 1874 3148 1912 non
3181 1861 3394 1916 timidus
3418 1864 3661 1931 tradilor,

2079 1936 2174 1990 sed
2204 1948 2262 1990 ut
2281 1939 2617 1995 traderentur
2635 1945 2866 2000 crudelis
2898 1955 3084 2016 tortor,
3119 1959 3172 2003 et
3202 1951 3462 2008 violentus
3484 1965 3663 2009 extor-

2083 2035 2165 2080 tor
2183 2035 2238 2082 et
2262 2029 2416 2097 jussu
2453 2033 2537 2086 vel
2565 2048 2723 2089 manu
2749 2045 3020 2092 extremus
3050 2038 3314 2105 incensor,
3339 2044 3474 2112 apud
3501 2044 3665 2101 ha:re-

2083 2119 2216 2174 ticos
2241 2119 2556 2191 baptizatus,
2591 2126 2656 2179 ad
2685 2127 3010 2196 Stephanum
3050 2140 3103 2184 et
3144 2132 3259 2198 ejus
3283 2134 3457 2188 socios
3495 2137 3663 2204 venit,

2080 2211 2371 2266 secundum
2423 2229 2518 2268 vos
2561 2215 2679 2270 sine
2731 2218 3000 2286 Baptismo
3041 2231 3292 2291 exceptus
3332 2231 3432 2277 est.
3479 2223 3667 2280 Cernis

2083 2300 2244 2370 igitur
2273 2305 2449 2358 omnia
2482 2305 2755 2360 hominum
2786 2309 3027 2376 crimina,
3059 2311 3101 2365 si
3133 2327 3314 2367 vermn
3339 2323 3419 2369 est
3443 2316 3582 2384 quod
3600 2317 3667 2371 de

2085 2391 2358 2460 Baptismo
2400 2394 2630 2460 sentitis,
2683 2405 2808 2452 tunc
2851 2399 2903 2453 in
2950 2401 3183 2456 Ecclesia
3235 2403 3349 2459 sine
3397 2405 3669 2475 Baptismo

2083 2485 2438 2551 congregata?
2458 2484 2743 2554 Responde
2769 2496 2944 2543 utrum
2968 2491 3052 2546 his
3071 2493 3381 2551 criminibus
3403 2495 3454 2550 in
3475 2497 3664 2554 eadem

2085 2573 2289 2628 unitate
2332 2575 2627 2630 maculatus
2668 2577 2827 2633 fuerit
2853 2581 3168 2653 Cyprianus,
3199 2588 3462 2656 responde
3487 2598 3666 2645 utrum

2087 2661 2330 2718 Ecclesia
2357 2666 2686 2733 perierit,=an
2714 2685 2818 2724 non
2845 2673 3077 2739 perierit.
3112 2676 3258 2745 Elige
3282 2680 3422 2748 quod
3451 2691 3670 2750 putave-

2086 2752 2180 2806 ris.
2213 2752 2272 2808 Si
2297 2754 2406 2822 jam
2451 2766 2574 2811 tunc
2617 2760 2867 2828 perierat,
2902 2761 3165 2818 Donatum
3197 2781 3316 2835 qua:
3347 2771 3582 2838 peperit?
3607 2770 3667 2828 Si

2091 2855 2272 2901 autem
2297 2855 2374 2902 tot
2395 2847 2446 2901 in
2469 2863 2584 2903 eam
2603 2852 2715 2905 sine
2739 2851 3007 2922 Baptismo
3034 2860 3352 2928 aggregatis,
3371 2861 3546 2929 perire
3563 2842 3668 2918 non

2089 2939 2281 3007 potuit,
2309 2941 2575 3010 responde
2601 2957 2802 3012 quaeso,
2835 2953 2893 2999 ut
2919 2946 2986 3000 ab
3015 2962 3074 3001 ea
3103 2963 3180 3013 se,
3225 2958 3471 3021 tanquam
3502 2953 3672 3009 malo-

2091 3044 2208 3082 rum
2236 3032 2665 3088 communionem
2694 3033 2955 3102 devitans,
2994 3053 3116 3107 pars
3148 3040 3334 3096 Donati
3378 3054 3670 3114 separaret,

2097 3133 2216 3188 qua:
2241 3119 2507 3176 dementia
2541 3125 2822 3192 persuasit.

2163 3209 2219 3264 9.
2261 3211 2413 3266 Absit
2437 3222 2637 3279 autem,
2665 3225 2720 3268 ut
2743 3217 2992 3285 quoniam
3017 3220 3350 3278 beatissimus
3377 3224 3672 3296 Cyprianus

2092 3300 2160 3355 de
2186 3300 2458 3370 Baptismo
2483 3305 2637 3359 aliter
2661 3308 2849 3374 sensit,
2884 3325 3040 3378 quam
3067 3314 3260 3368 veritas
3289 3323 3343 3369 et
3367 3325 3519 3370 antea
3541 3332 3673 3372 con-

2092 3396 2374 3450 suetudine
2394 3405 2447 3450 et
2469 3406 2649 3465 postea
2673 3410 2947 3469 perspecta
2971 3404 3274 3473 diligentius
3299 3408 3506 3464 ratione
3522 3425 3674 3463 mon-

2092 3487 2299 3551 stravit,
2352 3497 2632 3556 propterea
2663 3491 2940 3559 quisquam
2987 3502 3245 3562 nostrum,
3277 3499 3362 3567 qui
3395 3498 3497 3553 hoc
3533 3501 3674 3570 quod

2094 3577 2186 3632 ille
2212 3593 2318 3632 non
2348 3579 2601 3649 sapimus,
2651 3581 2700 3634 ei
2748 3596 2806 3635 se
2849 3582 3038 3638 audeat
3082 3596 3425 3656 anteponere.
3473 3591 3676 3648 Cartera

2093 3671 2235 3726 enim
2263 3671 2427 3725 multa
2458 3680 2514 3725 ct
2541 3688 2728 3741 magna
2769 3673 2885 3742 ejus
2913 3679 3120 3743 merita,
3149 3687 3202 3732 et
3231 3680 3439 3736 animus
3485 3685 3678 3752 praeci-

2098 3776 2198 3832 pua
2229 3762 2488 3816 charitate
2515 3762 2878 3830 plenissimus,
2903 3781 2998 3833 per
3018 3783 3172 3836 quem
3194 3783 3314 3823 cum
3345 3773 3560 3842 collegis
3585 3773 3671 3828 di-

2096 3866 2250 3906 versa
2277 3850 2628 3905 sentientibus
2655 3853 3026 3919 pacatissimus
3072 3859 3284 3926 mansit,
3314 3869 3367 3915 et
3396 3863 3446 3916 in
3480 3863 3681 3921 unitate

2099 3940 2352 3997 Ecclesia:
2374 3941 2549 4009 passio
2565 3941 2816 4011 gloriosa,
2850 3944 2978 3999 satis
3005 3948 3349 4005 ostenderunt
3370 3967 3488 4007 eum
3517 3953 3682 4013 fuisse

2095 4041 2425 4087 sarmentum
2455 4031 2507 4086 in
2542 4032 2738 4087 Christi
2766 4036 2944 4092 radice
2974 4037 3321 4107 fructuosum,
3353 4045 3493 4112 quod
3525 4046 3676 4104 Pater

2097 4126 2257 4180 etiam
2282 4125 2350 4179 ab
2376 4125 2474 4179 ista
2504 4126 2918 4196 reprehensione
2937 4144 3201 4201 purgaret,
3224 4144 3280 4188 ut
3307 4133 3534 4192 fructum
3558 4155 3682 4208 pos-

2100 4225 2184 4271 set
2210 4216 2403 4271 all‘erre
2428 4217 2706 4286 majorem.
2746 4219 2835 4274 Sic
2877 4221 3016 4275 enim
3061 4225 3136 4277 ait
3182 4229 3292 4294 ipse
3335 4227 3525 4282 Jesus:
3555 4229 3683 4284 Sar-

2098 4319 2318 4364 mentum
2353 4310 2485 4378 quod
2510 4313 2561 4363 in
2601 4327 2678 4363 me
2717 4312 2803 4364 dat
2850 4317 3090 4382 fructum,
3139 4328 3320 4388 purgat
3364 4319 3497 4373 illud
3524 4321 3682 4378 Pater

2099 4415 2257 4467 meus,
2285 4409 2339 4454 ut
2360 4401 2602 4470 majorem
2626 4403 2843 4468 fructum
2870 4401 3049 4468 aIferat
3070 4404 3244 4474 (Joan.
3269 4424 3355 4476 xv,
3386 4409 3464 4480 2).
3489 4409 3682 4466 Osten-

2099 4490 2235 4546 dens
2281 4491 2440 4546 etiam
2483 4490 2535 4544 in
2568 4490 2697 4559 ipsis
2729 4491 3032 4561 ll‘uctuosis,
3064 4497 3348 4565 agricolam
3379 4500 3466 4569 qui
3515 4513 3597 4555 est
3623 4505 3674 4557 in

2099 4583 2274 4650 caelis,
2303 4580 2498 4651 aliquid
2528 4581 2764 4637 invenire
2807 4583 2946 4652 quod
2983 4595 3188 4655 purget.
3230 4588 3356 4655 Quis
3397 4592 3536 4644 enim
3578 4607 3680 4646 no-

2100 4680 2270 4727 strum
2297 4671 2457 4726 Petro
2481 4671 2723 4740 apostolo
2750 4674 3044 4741 comparari
3075 4684 3267 4743 potest,
3289 4681 3529 4746 quamvis
3547 4697 3677 4736 nun-

2102 4778 2261 4833 quam
2291 4772 2475 4832 gentes
2503 4761 2786 4817 Judaizare
2828 4765 3180 4834 coegerimus,
3226 4769 3363 4834 quod
3397 4770 3485 4824 ille
3515 4770 3673 4825 facie-

2101 4854 2211 4919 bat,
2265 4852 2476 4923 quando
2525 4866 2631 4905 non
2679 4861 2822 4908 recte
2871 4854 3261 4922 ingrcdiebatur
3288 4856 3354 4910 ad
3402 4861 3678 4914 veritatem

2101 4943 2407 5013 Evangelii?
2429 4942 2568 4996 unde
2595 4957 2626 4996 a
2655 4956 2750 4996 suo
2777 4945 3069 5012 posteriore
3094 4947 3335 5014 apostolo
3357 4947 3521 5003 Paulo
3544 4990 3559 5014 ,
3589 4964 3680 5004 sa-

2100 5034 2236 5089 lubri
2267 5033 2628 5088 admonitione
2655 5044 2924 5093 correctus
2946 5035 3138 5108 (Colat.
3171 5053 3228 5101 ιι,
3261 5039 3464 5109 li-M),
3498 5041 3680 5093 utilius

2102 5127 2330 5196 posteris
2359 5124 2675 5183 humilitatis
2700 5127 2922 5195 praebuit
2948 5129 3268 5199 exetnplum,
3302 5148 3456 5201 quam
3479 5132 3525 5188 si
3547 5133 3679 5190 nihil

2101 5219 2154 5272 in
2183 5219 2272 5272 illo
2301 5218 2544 5274 existeret
2567 5219 2959 5289 corrigendum.

2171 5333 2395 5388 CAPUT
2436 5333 2525 5387 IX.
2564 5363 2638 5374 —
2673 5335 2760 5389 10.
2802 5333 2857 5389 1η
2888 5337 2983 5390 hac
3013 5352 3138 5406 ergo
3165 5337 3402 5393 Ecclesia
3433 5340 3686 5395 constitu-

2101 5427 2159 5487 ti,
2183 5441 2300 5495 qnze
2347 5425 2606 5479 malorum
2643 5425 2754 5479 sive
2783 5425 3110 5481 occultorum
3135 5466 3151 5492 ,
3179 5427 3289 5480 sive
3318 5429 3476 5482 etiam
3509 5431 3682 5482 mani-

2099 5519 2374 5582 festorum,
2403 5531 2501 5570 nec
2541 5517 2729 5586 potuit,
2783 5531 2880 5571 nec
2929 5519 3120 5586 poterit
3173 5519 3346 5586 perire
3396 5521 3680 5590 contagio,

2101 5610 2274 5665 nullas
2297 5610 2364 5664 de
2397 5609 2720 5679 quibuslibet
2763 5608 3063 5665 hominibus
3098 5611 3390 5665 calumnias
3430 5611 3683 5666 formida-

2101 5716 2242 5757 mus.
2274 5701 2327 5757 Si
2355 5701 2495 5755 cnim
2538 5701 2659 5754 mali
2688 5710 2811 5754 sunt
2834 5744 2848 5767 ,
2878 5702 3057 5771 procul
3083 5701 3243 5756 dubio
3271 5715 3363 5758 eos
3401 5713 3494 5756 aut
3537 5703 3678 5776 igneo

2105 5803 2224 5848 rant
2253 5793 2397 5863 bona,
2429 5804 2516 5848 aut
2549 5793 2661 5850 suis
2682 5793 2893 5864 judiciis
2919 5791 3284 5849 manifestatos
3309 5794 3682 5853 ecclesiasncis

2941 5890 2973 5968 ί
2988 5891 3102 5953 Vin
3111 5895 3353 5966 gl—auat
3363 5890 3482 5958 re.)
