4108 6198
525 368 629 428 767

527 484 732 558 legibus
769 483 1022 539 damnant
1054 500 1065 536 :
1095 490 1185 535 aut
1219 479 1376 535 etiam
1408 477 1452 534 si
1484 485 1750 533 noverunt
1777 490 1888 537 eos,
1920 485 1973 528 et
2004 488 2109 527 non

512 579 664 649 apud
703 593 762 633 sc
787 586 1097 640 accusatos,
1140 588 1313 643 neque
1352 572 1645 636 convictos,
1700 568 1954 623 damnare
2006 579 2110 621 non

510 676 770 737 possunt,
804 683 899 739 pro
921 665 1175 724 Ecclesia:
1203 680 1330 734 pace
1347 680 1450 719 non
1477 662 1648 717 solum
1666 657 2110 729 irreprchensihi-

508 759 680 826 "liter,
707 774 891 813 verum
924 760 1082 813 etiam
1110 757 1445 812 laudabiliter
1477 755 1731 817 tolerant;
1768 766 1867 807 nec
1897 766 1955 806 se
1981 766 2108 820 pro-

523 862 644 923 pter
712 854 883 923 pisces
949 852 1118 906 malos
1186 850 1355 918 ruptis
1406 846 1684 903 dominicis
1737 844 1939 898 retibus
1988 852 2112 897 ante

526 954 736 1011 tempus
781 943 973 998 littoris
1010 940 1382 997 damnabililer
1416 946 1681 1008 separant.
1722 934 1777 991 Si
1819 934 1962 990 enim
2010 933 2112 987 hoc

528 1032 702 1087 facere
732 1034 916 1097 velint,
945 1032 1181 1101 exceptis
1202 1030 1497 1083 divinarum
1527 1028 1921 1098 Seripturarum
1954 1024 2112 1078 innu—

518 1124 869 1179 merabilibus
901 1124 1236 1189 testimoniis,
1268 1123 1457 1191 quibus
1488 1135 1554 1174 ne
1601 1119 1793 1173 faciant.
1820 1116 2110 1186 prohiben-

512 1226 630 1283 ‘tur,
665 1216 860 1279 retinet
884 1230 976 1270 cos
999 1224 1143 1269 certe
1159 1228 1315 1283 quem
1346 1219 1533 1267 testem
1566 1208 1885 1270 adhibuisti,
1917 1205 2114 1261 beatis-
2149 1203 2158 1212 ’

527 1310 693 1361 simus
736 1306 1057 1378 Cyprianus,
1116 1305 1353 1358 clamans
1395 1311 1551 1371 atque
1596 1308 1943 1354 contestans:
1982 1296 2114 1361 Quia

527 1399 618 1452 etsi
645 1398 878 1451 videnlur
907 1398 957 1450 in
987 1394 1215 1450 Ecclesia
1244 1409 1349 1447 esse
1377 1394 1593 1457 zizania,
1626 1407 1725 1444 non
1754 1399 1919 1442 tamen
1953 1388 2114 1456 impe-

528 1488 625 1541 diri
666 1487 806 1541 debet
836 1494 921 1539 aut
955 1487 1080 1554 ﬁdes
1125 1494 1211 1537 aut
1254 1482 1473 1537 cltaritas
1516 1491 1685 1534 nostra
1709 1497 1728 1543 ;
1772 1489 1825 1533 ut
1876 1478 2114 1546 quoniam

526 1577 722 1630 zizania
744 1593 849 1630 esse
880 1577 930 1629 in
960 1574 1186 1628 Ecclesia
1209 1574 1479 1636 cernimus,
1506 1572 1600 1641 ipsi
1628 1572 1687 1623 de
1720 1569 1948 1623 Ecclesia
1981 1584 2115 1622 rece-

526 1668 726 1722 damus.
753 1668 866 1722 Non
904 1668 1073 1721 solum
1106 1666 1289 1731 verbo,
1317 1680 1499 1719 verum
1544 1664 1702 1717 etiam
1739 1662 1985 1730 exemplo
2019 1676 2114 1716 suo

523 1774 627 1814 nos
657 1759 985 1822 admonens,
1019 1757 1105 1827 qui
1154 1756 1385 1825 collegas
1430 1769 1577 1819 suos,
1618 1753 1805 1807 fundos
1849 1751 2117 1806 insidiosis

498 1851 804 1905 vlraudibns
855 1851 1156 1920 rapientes,
1212 1848 1390 1902 usuris
1444 1844 1917 1914 multiplicantibus
1966 1842 2116 1897 fenus

530 1954 808 2014 augentes,
828 1958 1050 2013 quorum
1075 1956 1188 1994 avai
1205 1941 1371 2005 itiam,
1388 1954 1500 1993 non
1521 1940 1635 1992 leve
1664 1936 1875 2005 aliquod
1907 1936 2112 2002 vitium,

508 2034 625 2089 sed
655 2048 777 2088 esse
807 2031 1184 2097 idololatriam,
1213 2029 1502 2084 secundum
1523 2027 1834 2096 Apostolum
1858 2026 2117 2081 intellexit

524 2124 749 2194 (Coloss.
788 2140 879 2189 in,
913 2123 966 2192 5)
995 2137 1146 2192 ,«pro
1197 2121 1412 2175 unitatis
1465 2118 1675 2173 vinculo
1726 2118 1941 2189 pertulit
1986 2118 2117 2171 tales

532 2216 725 2284 (Serm.
759 2216 821 2267 de
849 2214 1073 2285 Lapsis),
1106 2229 1201 2267 nec
1238 2228 1424 2267 eorum
1452 2211 1698 2280 contagio
1727 2209 1897 2263 lactus
1924 2218 2007 2263 est
2034 2216 2116 2261 ta-

530 2306 597 2360 lis
630 2322 641 2358 :
673 2305 916 2360 discessit
937 2302 1005 2357 ab
1036 2303 1113 2357 eis
1136 2301 1574 2356 dissimilitudine
1598 2314 1827 2363 morum,
1858 2313 1963 2351 non
1984 2296 2117 2349 divi-

529 2397 681 2451 sione
725 2395 1188 2451 Sacramentorum
1222 2409 1234 2445 :
1265 2402 1319 2446 et
1368 2390 1698 2446 immundum
1752 2404 1856 2443 non
1908 2388 2114 2455 tetigit;

530 2486 625 2539 sed
656 2502 683 2537 a
716 2484 866 2539 lactis
892 2499 1076 2539 eorum
1107 2482 1465 2545 abhorrcndo,
1487 2497 1593 2535 non
1621 2495 1862 2536 seorsum
1896 2478 2117 2547 populos

520 2577 851 2646 exilligcntlo.
898 2575 1002 2630 Vos
1037 2581 1213 2626 autem
1250 2572 1377 2626 dum
1408 2572 1693 2626 carnaliter
1734 2569 1937 2638 sapitis,
1976 2567 2116 2638 quod

530 2670 728 2725 dictum
759 2676 843 2722 est
867 2681 961 2736 per
991 2664 1176 2719 Isaiam
1218 2664 1531 2734 prophetam
1554 2704 1568 2725 ,
1599 2660 1852 2725 Discedite
1873 2701 1888 2727 ,
1916 2669 1961 2714 et
1990 2659 2119 2713 exile

530 2760 595 2814 de
622 2757 785 2813 medio
810 2772 980 2810 eorum
1003 2796 1019 2824 ,
1053 2764 1099 2809 et
1120 2754 1459 2824 separamini,
1484 2752 1601 2806 dicit
1624 2751 1874 2806 Dominus
1901 2791 1913 2813 ,
1941 2761 1987 2803 et
2015 2752 2106 2803 int-

529 2846 775 2904 tnundum
800 2863 860 2900 ne
886 2846 1145 2917 letigeritis
1176 2843 1317 2916 (lsai.
1347 2860 1452 2909 ιιι,
1483 2843 1609 2912 ll);
1644 2853 1698 2896 et
1745 2842 1867 2895 talia
1912 2857 2031 2910 qua:
2063 2841 2113 2894 in

510 2938 822 3009 Scripturis
871 2936 1114 3012 similiter
1158 2935 1295 2991 dicta
1328 2944 1453 2989 sunt
1490 2952 1503 2986 :
1536 2934 1660 2988 dum
1704 2934 1837 2999 haec,
1880 2934 2111 3002 inquam,

504 3043 632 3084 ‘non
661 3026 1028 3098 spiritualizcr,
1057 3025 1151 3081 sed
1178 3025 1465 3080 carnaliter
1492 3023 1676 3093 sapitis
1695 3064 1710 3089 ,
1742 3023 1874 3077 tales
1900 3023 2117 3076 omnino

527 3118 811 3189 apparatis,
841 3118 1023 3188 quales
1063 3132 1246 3172 eorum
1273 3159 1288 3181 ,
1319 3115 1435 3187 ipso
1467 3113 1728 3183 Propheta
1774 3114 2113 3183 praedicante,

528 3209 868 3265 dominantur
885 3208 1144 3273 dicentes,
1171 3205 1345 3260 Nolite
1366 3222 1443 3259 me
1464 3214 1685 3275 tangere,
1717 3204 1953 3275 quoniam
1977 3221 2118 3257 mun-

529 3301 624 3354 dus
650 3315 762 3354 sum
794 3297 1054 3370 (Id..va,
1080 3298 1157 3368 5).
1194 3298 1430 3367 Denique
1458 3297 1671 3367 quando
1696 3297 1868 3352 aliena
1899 3307 2116 3367 peccata

527 3408 625 3448 vos
652 3406 902 3463 perverse
932 3390 1214 3445 devitanda
1262 3405 1381 3445 esse
1428 3389 1733 3456 eensuistis,
1790 3390 1892 3442 alia
1940 3398 2115 3443 vestra

526 3482 764 3546 fecistis,
808 3482 1121 3550 sacrilegum
1164 3481 1396 3535 schisma
1442 3480 1665 3549 populos
1712 3479 2017 3544 dividendo,
2064 3487 2117 3534 et

530 3570 844 3638 sacrilegam
877 3568 1123 3623 luercsim
1155 3577 1339 3622 contra
1370 3568 1463 3622 Dei
1494 3568 1827 3622 manifestata
1856 3569 2115 3637 promissa

529 3670 579 3716 et
613 3660 825 3729 impleta
846 3659 913 3713 de
934 3658 1171 3714 Ecclesia
1198 3665 1310 3713 toto
1338 3657 1467 3712 orbe
1493 3656 1682 3712 dill'usa
1726 3657 1930 3712 nefario
1955 3659 2115 3727 spiri-

527 3762 583 3806 tu
612 3750 910 3807 senticndo.
933 3749 1066 3804 Nam
1085 3749 1150 3814 si,
1179 3757 1234 3805 ut
1263 3758 1417 3819 putas
1442 3757 1495 3804 et
1530 3764 1629 3803 nos
1657 3748 1708 3804 in
1730 3748 1893 3803 verbo
1935 3764 2117 3818 repre-

528 3840 738 3908 hendis,
763 3856 863 3895 una
900 3838 1197 3909 eademque
1230 3839 1457 3893 societas
1490 3838 1822 3908 perditorum
1861 3839 2018 3894 simul
2060 3849 2115 3895 et

527 3934 761 3988 schisma
792 3942 846 3987 et
870 3930 1089 3986 haeresis
1121 3938 1282 3997 esset,
1314 3945 1417 3985 non
1440 3929 1865 3985 dixissctheatns
1891 3930 2112 4001 Cypria-

528 4039 630 4079 nus
662 4022 841 4078 iuliae
878 4023 988 4093 ipsa
1035 4020 1278 4091 cpistola,
1338 4020 1478 4076 unde
1529 4018 1632 4075 hoc
1679 4020 1745 4075 dc
1798 4021 2013 4075 zizaniis
2062 4021 2116 4075 in

533 4112 767 4169 Ecclesia
790 4110 1091 4167 constitutis
1130 4110 1279 4179 posui
1307 4108 1664 4164 testimonium
1684 4148 1700 4172 ,
1728 4109 1807 4163 eis
1839 4108 2115 4165 confesso-

531 4205 678 4258 ribus
721 4217 860 4272 quos
892 4200 1272 4271 gratulabatur
1321 4213 1351 4252 a
1388 4198 1804 4255 Novatianorum
1852 4198 2115 4254 divisione

534 4294 696 4350 fuisse
719 4293 973 4347 liberatos
1002 4288 1014 4345 ὲ
1045 4291 1284 4345 Dolebam
1313 4290 1626 4345 vehementer
1650 4299 1697 4344 et
1716 4290 1933 4361 graviter
1957 4307 2114 4361 ange-

533 4385 645 4447 bar,
672 4383 807 4453 quod
835 4383 904 4435 eis
932 4380 1301 4435 communicare
1320 4397 1435 4434 non.
1445 4396 1661 4452 possem,
1690 4396 1818 4451 quos
1842 4378 1997 4434 semel
2032 4380 2115 4434 di-

533 4476 688 4546 ligere
706 4475 982 4544 coepissem,
1015 4480 1334 4542 posteaquam
1372 4489 1456 4527 vos
1485 4473 1549 4526 de
1583 4488 1785 4527 carcere
1804 4471 2116 4544 prodeuntes

536 4568 885 4624 schismaticus
905 4582 1044 4620 error
1068 4564 1262 4634 excepit
1297 4563 1489 4635 (Epist.
1525 4564 1592 4617 ad
1625 4561 1954 4635 liminium).
2000 4564 2114 4619 Noli

534 4678 663 4732 ergo
688 4669 872 4716 contra
914 4659 1304 4731 apertissimam
1349 4657 1645 4723 veritatem,
1699 4665 1791 4711 aut
1833 4665 2117 4728 utrumque

534 4752 789 4809 fallaciter
817 4751 1084 4806 declinare
1109 4766 1124 4815 ;
1149 4759 1242 4804 aut
1279 4763 1440 4803 unum
1468 4748 1657 4802 horum
1689 4747 1805 4817 tibi,
1842 4747 1982 4818 quod
2024 4747 2116 4803 tibi

534 4846 716 4899 mitius
759 4843 965 4898 videtur
995 4884 1009 4909 ,
1060 4842 1259 4911 eligere
1303 4858 1315 4893 :
1358 4854 1477 4893 cum
1530 4847 1583 4894 et
1628 4838 2000 4895 schismaticus
2043 4839 2117 4895 sis

532 4939 789 5010 sacrilega
840 4934 1166 4993 discessione
1192 4975 1206 5001 ,
1261 4940 1315 4987 ct
1368 4932 1649 4989 lucretin
1702 4933 1959 5005 sacrilego
1983 4932 2116 5004 dog-

532 5040 691 5086 male.

605 5118 831 5175 CAPUT
870 5116 937 5172 Χ.
977 5146 1050 5159 --
1091 5117 1175 5171 ll.
1214 5116 1324 5171 Nec
1362 5116 1513 5172 vobis
1554 5114 1927 5184 blandiamini,
1972 5115 2114 5188 quod

538 5213 863 5283 llaptismum
906 5224 1013 5263 non
1049 5209 1404 5264 rescindimus
1447 5218 1703 5264 vestrum.
1749 5209 1864 5264 Non
1902 5209 2118 5266 esthoc

535 5313 792 5366 vestrum,
820 5300 913 5355 sed
943 5300 1219 5355 catholica:
1239 5300 1489 5355 Ecclesia:
1505 5316 1661 5371 quam
1686 5310 1949 5367 tenemus,
1974 5302 2115 5357 unde

539 5398 683 5452 illum
714 5393 923 5465 quando
947 5391 1286 5459 discessistis,
1302 5407 1405 5445 non
1428 5391 1641 5461 quidem
1663 5391 1727 5446 ad
1757 5393 2002 5457 salutem,
2021 5391 2114 5447 scd

533 5488 597 5541 ad
628 5486 917 5556 perniciem
959 5491 1188 5539 vestram
1235 5482 1505 5536 vobiscum
1552 5480 1764 5537 tulistis.
1812 5481 1945 5537 Nam
1990 5498 2114 5537 vasa

533 5574 1006 5641 dominica,'etiam
1036 5573 1175 5643 apud
1202 5572 1546 5642 alienigenas,
1576 5582 1757 5627 sancta
1802 5588 2111 5644 permanse-

536 5675 670 5716 rant.
699 5664 848 5718 Unde
875 5680 965 5717 rex
1005 5663 1094 5732 qui
1138 5662 1215 5717 eis
1263 5662 1650 5716 contumeliose
1702 5662 1775 5715 uti
1815 5678 1975 5716 ausus
2010 5671 2109 5731 est,

544 5752 927 5807 Deoirascente
955 5752 1169 5822 punitus
1199 5762 1275 5807 est
1311 5750 1468 5822 (Dan.
1497 5753 1569 5822 γ).
1596 5751 1663 5805 Ει
1687 5766 1809 5807 arca
1839 5762 2115 5810 testamen-

1516 362 1787 418 CONTllA
1835 358 2307 425 GAUDENTlUM,
2343 362 2399 417 S.
2446 362 2808 419 AlFGUSTlNl

3702 371 3736 425 Ἰ
3753 367 3814 427 ἱ8

2222 476 2257 530 ti
2280 477 2348 531 ab
2375 477 2615 534 hostibus
2637 490 2790 547 capta
2816 494 3145 550 nequaquam
3186 477 3434 535 virtutem
3461 494 3570 533 sua:
3604 480 3815 534 sancti-

2219 568 2480 623 ficationis
2504 570 2681 624 amisit
2721 568 2921 639 (llieg.
2951 572 3128 639 ινςνι).
3176 570 3230 624 Si
3281 584 3409 639 ergo
3462 569 3551 624 illa
3598 580 3818 641 sancta,

2217 674 2334 729 quae
2362 659 2407 714 si
2437 669 2563 714 tunc
2591 659 2729 729 apud
2755 659 2957 715 alienos
2989 660 3219 725 luerunt,
3254 671 3309 715 ut
3340 660 3479 729 apud
3520 677 3647 716 suos
3687 675 3818 717 esse

2217 748 2556 817 desisterent,
2592 751 2700 805 vim
2732 760 2908 805 tamen
2935 752 3231 807 sanctitatis
3260 752 3404 806 nullo
3422 752 3581 806 modo
3613 752 3816 822 perde-

2217 855 2277 893 re
2305 849 2620 909 potuerunt;
2652 850 2852 911 quanto
2890 842 3059 911 magis
3101 856 3217 895 eam
3270 842 3557 896 christiana
3614 844 3814 898 Sacrae

2218 941 2395 985 menta
2442 947 2543 985 non
2576 932 2818 1001 perdunt,
2857 933 3067 1000 quando
3099 933 3167 987 ita
3208 942 3267 986 ut
3312 933 3449 1003 apud
3502 950 3599 988 nos
3644 936 3811 988 etiam

2219 1031 2487 1085 maneant,
2519 1021 2585 1075 ad
2610 1021 2892 1077 haereticos
2930 1022 3252 1077 transeunt?
3281 1023 3391 1077 lloc
3419 1032 3503 1078 est
3526 1024 3664 1092 quod
3696 1023 3810 1077 dixi

2217 1112 2283 1165 ad
2327 1121 2378 1168 te
2406 1113 2645 1168 scribens
2673 1113 2887 1184 (Supra,
2933 1112 3023 1167 lib.
3056 1116 3106 1177 l,
3140 1131 3192 1167 η.
3226 1114 3306 1185 7),
3347 1114 3486 1184 quod
3542 1116 3698 1170 etiam
3752 1116 3809 1171 in

2217 1203 2513 1261 Collatione
2552 1207 2701 1260 vobis
2752 1207 3005 1271 diximus,
3067 1207 3225 1278 idque
3263 1210 3440 1280 potius
3484 1210 3806 1265 eludendum

2219 1299 2444 1369 putastis
2485 1298 2593 1371 (a),
2648 1299 2771 1368 quia
2822 1300 3115 1355 dissolvere
3173 1300 3803 1371 nequivisiiszquoniatn

2218 1389 2353 1445 sicut
2379 1390 2664 1460 Apostolus
2689 1390 2762 1444 ait
2793 1390 2861 1445 de
2902 1391 3241 1460 quibusdam,
3305 1392 3571 1447 Veritatem
3616 1396 3669 1447 in
3705 1394 3807 1447 ini-

2216 1481 2404 1550 quitate
2449 1483 2668 1536 detinent
2713 1481 2888 1552 (Rom.
2924 1499 2961 1547 ι,
2997 1485 3109 1553 18).
3152 1485 3220 1538 ita
3274 1494 3329 1541 et
3378 1501 3480 1539 vos
3527 1488 3808 1542 veritatem

2220 1574 2476 1643 Baptismi
2507 1574 2671 1630 divini
2702 1576 2753 1630 in
2784 1577 3055 1647 iniquitate
3072 1579 3325 1634 detinetis
3344 1581 3544 1634 erroris
3565 1582 3805 1637 humani.

2218 1666 2385 1733 Quam
2433 1669 2713 1723 veritatem
2753 1685 2858 1723 non
2910 1679 3165 1734 vestram,
3218 1683 3433 1740 propter
3472 1673 3806 1742 iniquitatem

2219 1770 2447 1815 vestram
2467 1761 2772 1818 rescindere
2800 1762 2979 1832 utique
3008 1778 3111 1817 non
3132 1764 3406 1819 debemus.
3440 1766 3503 1819 Et
3533 1767 3654 1836 quia
3686 1767 3808 1836 ipse

2221 1852 2509 1920 Apostolus
2533 1852 2600 1913 de
2626 1852 2919 1907 idololatris
2946 1854 3192 1923 gentibus
3218 1856 3416 1910 dixisse
3459 1856 3768 1926 intelligitur
3786 1899 3803 1921 ,

2222 1941 2322 2008 Qui
2363 1943 2619 1997 veritatem
2662 1943 2715 1996 in
2762 1943 3027 2012 iniquitate
3069 1945 3289 1999 detinent
3321 1962 3340 2000 .'
3370 1955 3424 2000 tu
3475 1948 3600 2000 mihi
3651 1952 3803 2018 quasi

2218 2032 2551 2102 respondens
2576 2033 2823 2104 ﬂagitasti
2853 2044 2908 2089 ut
2935 2037 3214 2106 probarem
3234 2079 3247 2102 ,
3276 2038 3397 2107 quid
3426 2039 3489 2092 de
3528 2038 3803 2094 Gentilium

2218 2123 2483 2193 sacrilegio
2512 2125 2784 2195 Apostolus
2814 2144 2913 2181 non
2939 2128 3210 2194 rescindat,
3237 2129 3358 2197 quid
3392 2130 3455 2185 de
3482 2147 3650 2185 eorum
3679 2150 3801 2201 pro-

2219 2217 2338 2285 fano
2369 2216 2470 2268 ritu
2496 2232 2596 2269 non
2625 2217 2846 2271 damnet.
2897 2218 3057 2285 Quasi
3102 2230 3277 2287 posset
3308 2223 3449 2290 quod
3480 2225 3801 2292 sacrilegum

2212 2316 2300 2361 est
2324 2316 2377 2361 et
2410 2307 2684 2376 profanum
2711 2324 2813 2363 non
2842 2310 3147 2366 rescindere
3176 2319 3332 2381 atque
3358 2313 3631 2381 damnare,
3661 2317 3803 2371 sicut

2218 2412 2315 2449 nos
2345 2397 2575 2452 schisma
2604 2408 2838 2452 vestrum
2865 2411 2921 2454 et
2949 2401 3192 2455 haeresim
3222 2410 3472 2456 vestram.
3499 2404 3798 2461 Sententias

2214 2494 2394 2540 tamen
2445 2488 2697 2557 quasdam
2751 2491 3004 2553 veritatis,
3047 2508 3178 2560 quas
3222 2493 3290 2547 de
3323 2493 3589 2563 incognito
3644 2497 3797 2550 Deo‘

2218 2580 2429 2647 quidam
2454 2580 2741 2636 Gentilium
2775 2582 3074 2654 philosophi
3107 2594 3324 2652 tenent,
3358 2603 3461 2641 non
3490 2587 3662 2642 solum
3690 2603 3798 2642 non

2217 2671 2478 2726 destruxit
2501 2674 2807 2744 Apostolus,
2837 2675 2929 2730 sed
2954 2677 3112 2730 etiam
3136 2677 3257 2731 inde
3280 2679 3799 2745 testimonium,cum

2216 2778 2351 2832 opus
2377 2773 2537 2828 esset,
2566 2765 2827 2820 adhibuit.
2873 2767 3120 2836 Loquens
3149 2769 3344 2839 quippe
3384 2770 3800 2827 Atheniensibus

2216 2856 2370 2909 aitde
2394 2856 2501 2910 Deo
2526 2874 2537 2909 :
2571 2855 2636 2910 In
2661 2857 2750 2911 illo
2772 2859 2903 2911 enim
2926 2860 3151 2925 vivimus,
3176 2870 3221 2913 et
3249 2877 3519 2929 movemur,
3546 2872 3794 2927 etsumus,

2216 2947 2343 2999 sirut
2368 2956 2413 3001 et
2433 2948 2639 3017 quidam
2667 2948 3053 3003 sccundumvos
3083 2951 3319 3004 dixerunt
3351 2952 3486 3023 (Act.
3513 2970 3616 3007 xvn
3638 2995 3651 3018 ,
3681 2954 3796 3024 28}.

2219 3038 2362 3091 lianc
2386 3040 2459 3092 illi
2489 3039 2763 3093 veritatem
2811 3041 3106 3113 sapientiai,
3161 3058 3318 3110 quam
3371 3043 3555 3096 beatus
3605 3042 3801 3098 Paulus

2219 3146 2324 3184 non
2351 3130 2519 3185 solum
2547 3147 2650 3184 non
2681 3131 3025 3200 destruebat,
3058 3149 3241 3188 verum
3272 3134 3435 3190 etiam
3471 3135 3534 3188 ad
3566 3136 3683 3189 illos
3714 3136 3799 3189 in-

2218 3224 2501 3279 struendos
2543 3224 2847 3290 adhibebat,
2894 3226 2947 3279 in
3004 3208 3282 3295 iniquitate
3325 3226 3634 3281 detinebant
3688 3243 3802 3283 sum

2218 3315 2552 3383 idololatriar,
2575 3332 2731 3386 quam
2759 3317 2999 3371 doctrina
3025 3318 3315 3386 apostolica
3358 3318 3803 3372 machinamentis

2209 3408 2517 3476 apostolicis
2561 3408 2854 3463 evertebat.
2892 3407 2962 3462 Ita
3018 3417 3073 3463 et
3121 3423 3239 3475 nos,
3293 3423 3411 3478 qua:
3462 3408 3512 3462 in
3561 3409 3800 3463 Ecclesia

2215 3502 2472 3555 catholica
2518 3518 2644 3557 vera
2682 3502 2912 3572 majores
2938 3503 3101 3559 vestri
3152 3512 3490 3573 acceperunt,
3540 3503 3803 3573 vobisque

2218 3592 2592 3657 tradiderunt,
2648 3608 2753 3647 non
2814 3594 3202 3657 rescindimus,
3258 3595 3350 3649 sed
3404 3596 3797 3664 agnoscimus:

2218 3696 2451 3738 vestrum
2477 3700 2605 3740 vero
2633 3686 2989 3756 sacrilegium,
3017 3696 3108 3740 aut
3143 3687 3195 3740 in
3238 3695 3407 3741 vestra
3446 3688 3802 3742 conversione

2218 3775 2596 3840 rescindimus,
2630 3786 2721 3830 aut
2761 3778 2811 3830 in
2842 3786 3014 3832 vestra
3044 3778 3328 3846 pertinacia
3356 3776 3704 3831 detestamur.

2288 3869 2513 3924 CAPUT
2554 3869 2646 3923 XI.
2678 3899 2748 3908 —
2777 3869 2860 3923 l2.
2902 3870 3211 3939 Quanquam
3240 3879 3401 3923 totam
3426 3869 3801 3938 qumstiouem,

2214 3971 2270 4017 et
2314 3970 2480 4016 totum
2512 3960 2652 4030 quod
2684 3962 2823 4015 inter
2853 3974 2950 4014 nos
2978 3961 3170 4030 agitur,
3214 3974 3323 4015 uno
3363 3959 3526 4014 verbo
3578 3959 3801 4015 Tribuni
3894 3946 3899 3949 ¹

2212 4055 2345 4106 satis
2367 4052 2646 4122 diligenter
2676 4051 2941 4121 exposito,
2970 4051 3188 4104 omnino
3213 4051 3439 4105 solvisti.
3480 4049 3615 4104 Cum
3658 4051 3801 4104 enim

2212 4158 2316 4214 ego
2345 4144 2619 4209 dixissem,
2652 4141 2834 4213 Neque
2860 4144 2953 4198 Itoc
2978 4145 3030 4197 in
3065 4143 3277 4197 Tribuni
3311 4145 3491 4197 litteris
3531 4144 3737 4214 legitur,
3774 4161 3803 4197 a

2217 4243 2263 4289 te
2283 4238 2333 4289 in
2359 4237 2563 4290 veritate
2586 4237 2869 4290 invocatum
2888 4252 3066 4289 nomen
3095 4234 3187 4287 Dei
3208 4235 3550 4305 ;quiaipsum
3587 4248 3802 4304 prorsus

2217 4329 2436 4383 verbum
2468 4330 2536 4383 ibi
2560 4344 2664 4383 non
2695 4329 2929 4398 legeram
2962 4326 3033 4399 (b)
3066 4344 3078 4380 :
3111 4336 3161 4381 tu
3194 4326 3535 4395 reSpondisn,
3558 4324 3799 4390 Falleris,

2210 4421 2297 4474 rel
2323 4422 2490 4490 potius
2518 4420 2677 4490 fallis.
2713 4418 2852 4473 Nam
2872 4419 3021 4473 verba
3060 4416 3267 4471 Tribuni
3309 4426 3425 4471 sunt
3459 4431 3477 4470 :
3505 4414 3649 4470 Neve
3684 4426 3802 4469 tan-

2219 4522 2324 4565 tum
2345 4528 2472 4582 Opus
2496 4513 2674 4566 domus
2699 4510 2928 4577 Domini,
2958 4510 3046 4564 ubi
3071 4527 3103 4563 a
3130 4519 3177 4564 te
3200 4511 3385 4578 sa'pius
3427 4507 3526 4562 Dei
3571 4518 3621 4563 et
3655 4507 3804 4563 Chri-

2217 4605 2282 4658 sti
2330 4605 2439 4675 ejus
2485 4604 2770 4657 invocatum
2816 4619 2998 4657 nomen
3037 4612 3141 4669 est,
3186 4618 3277 4671 per
3322 4600 3619 4670 religionem
3661 4609 3803 4653 tuam

2217 4696 2403 4751 ibidem
2426 4696 2766 4760 constitutam,
2797 4701 3167 4749 concrematam
3187 4709 3292 4747 esse
3316 4692 3531 4745 dicatur.
3564 4689 3802 4759 Intellige

2218 4790 2336 4859 quia
2354 4788 2408 4843 in
2432 4788 2637 4841 veritate
2653 4787 2829 4857 religio
2854 4785 3057 4849 dicitur,
3081 4785 3133 4837 in
3166 4783 3374 4855 fallacia
3403 4780 3693 4848 superstitio
3710 4795 3798 4833 no-

2220 4882 2462 4934 minatur.
2490 4878 2713 4946 Quando
2738 4892 2837 4948 ego
2862 4877 2911 4931 id
2942 4875 3314 4931 adverterem?
3346 4873 3558 4943 quando
3603 4873 3675 4925 ita
3721 4886 3803 4927 ra-

2222 4971 2545 5028 tiocinarcr?
2564 4970 2776 5041 quando
2789 4969 2929 5023 aliud
2946 4983 3011 5023 ex
3031 4967 3136 5022 alio
3152 4966 3228 5021 sic
3246 4963 3563 5035 probarem?
3588 4962 3798 5026 Fateor,

2220 5064 2352 5135 fugit
2374 5064 2475 5119 hoc
2500 5064 2667 5119 aciem
2694 5061 3165 5133 quantulicumque
3193 5058 3390 5128 ingenii
3422 5057 3524 5111 mei
3556 5074 3569 5108 :
3602 5064 3658 5110 et
3684 5052 3803 5109 ideo

2222 5157 2381 5212 crede
2405 5156 2554 5222 mihi,
2590 5155 2695 5209 falli
2729 5168 2813 5208 me
2831 5153 2900 5208 ibi
2923 5152 3181 5222 potuisse,
3202 5164 3326 5215 non,
3356 5159 3411 5202 ut
3430 5146 3800 5213 dixisti,lalle-

2223 5265 2282 5304 re
2312 5247 2540 5302 voluisse
2567 5245 2621 5300 in
2651 5245 2836 5299 verbo.
2869 5243 3049 5313 Itaque
3074 5242 3343 5296 Tribunus
3368 5246 3617 5309 tanquam
3642 5236 3796 5291 homo

2220 5340 2465 5395 militaris
2492 5337 2707 5398 erravit,
2730 5344 2789 5390 ut
2806 5336 2856 5390 ei
2883 5350 3038 5403 quem
3062 5331 3259 5388 scitvel
3279 5330 3447 5386 credit
3467 5327 3794 5389 lucreticum,

2219 5432 2442 5494 diceret,
2470 5445 2558 5500 per
2594 5428 2885 5497 religionem
2919 5435 3058 5479 tuam
3087 5439 3108 5479 :
3130 5439 3249 5479 cum
3281 5421 3505 5477 hrcresis
3534 5436 3643 5474 non
3679 5416 3793 5472 reli-

2220 5524 2325 5595 gio,
2351 5522 2447 5578 sed
2492 5519 2837 5591 superstitio;
2875 5519 3060 5589 religio
3092 5526 3269 5572 autem
3311 5530 3416 5570 non
3455 5515 3509 5567 ia
3549 5513 3791 5577 falsitate,

2282 5687 2298 5717 ί
2326 5680 2571 5733 Parcensis
2585 5687 2688 5737 Ms.
2712 5678 2773 5728 de
2796 5676 2981 5740 cognito
3008 5684 3118 5725 Πεο·
3201 5737 3211 5740 -
3431 5729 3459 5740 -σ

2281 5729 2788 5806 (to'naémnaaum
2815 5729 3174 5793 nonatistavum,
3201 5737 3249 5787 in
3267 5729 3525 5791 appendlce

2285 5802 2355 5869 to)
2380 5806 2595 5864 Scilicet,
2619 5802 2667 5850 in
2690 5802 2904 5851 veritate.
