4108 6198
297 373 394 429 749

287 576 576 633 secundum
607 578 744 634 hanc
769 581 1346 652 cxpositionemtuam,
1381 603 1536 642 verus
1568 589 1658 642 Dei
1691 589 1867 643 cultus

295 668 510 738 religio,
541 668 702 725 falsus
751 682 928 727 autem
977 676 1283 742 superstitio
1323 689 1674 747 nuncupatur.
1730 680 1868 735 Audi

284 772 412 828 ergo
442 767 493 813 te
517 760 706 828 ipsum,
739 760 929 816 obaudi
963 764 1055 818 tibi
1090 766 1186 834 ipsi
1219 785 1230 819 :
1266 777 1319 822 et
1351 783 1446 823 nos
1472 770 1620 838 sequi
1649 767 1866 826 minime

283 850 573 905 recusabis.
601 852 852 908 Scribcns
881 871 1108 926 namque
1138 858 1202 913 ad
1234 858 1786 916 eumdcm'l‘ribunum
1811 864 1866 920 in

280 941 464 1008 prima:
494 943 730 1011 cpistola:
769 954 871 1000 tote
903 948 1017 1015 ipso
1044 951 1264 1005 exordio
1295 953 1542 1021 posuisti,
1585 963 1743 1025 atque
1782 957 1863 1012 di-

277 1029 420 1094 xisti,
483 1031 802 1096 Honorabili,
853 1053 913 1090 ac
956 1038 1164 1093 nimium
1211 1044 1373 1106 nobis,
1429 1043 1475 1098 si
1510 1045 1581 1098 sic
1609 1048 1856 1115 uolueris,

277 1118 610 1176 desiderando
665 1122 888 1179 Dulcitio
928 1129 1125 1181 tribuno
1181 1140 1228 1182 et
1283 1134 1499 1192 notario.
1545 1134 1857 1190 Gaudentius

271 1209 536 1278 episcopus
561 1227 578 1264 :
599 1223 652 1266 et
677 1215 930 1269 continuo
959 1218 1230 1284 subjecisti
1263 1260 1274 1284 ,
1299 1221 1580 1292 Religionis
1602 1233 1701 1279 tua:
1729 1227 1856 1280 scri-

270 1312 358 1366 pta
386 1303 603 1370 percepi.
633 1303 767 1368 Quid
791 1305 946 1374 igitur
969 1307 1034 1360 ad
1063 1323 1158 1362 nos
1190 1309 1374 1364 venire
1399 1311 1574 1366 adhuc
1601 1313 1853 1370 dubitas?

269 1387 408 1445 Ecce
437 1393 677 1448 tribunus
718 1395 972 1450 Dulcitius
995 1413 1114 1451 cum
1144 1401 1212 1453 sit
1256 1400 1416 1456 homo
1459 1406 1852 1461 communionis

267 1491 483 1546 nnstm,
543 1491 718 1538 tamen
765 1487 1058 1541 secundum
1113 1491 1472 1546 testimonium
1517 1502 1688 1562 tuum,
1741 1512 1846 1552 non

265 1571 688 1640 superstitiosus,
733 1576 825 1630 sed
855 1578 1131 1648 religiosus
1157 1590 1240 1635 est
1277 1599 1290 1637 :
1322 1597 1382 1636 ac
1410 1599 1503 1653 per
1527 1582 1629 1640 lioc
1654 1601 1846 1640 secun-

261 1661 388 1715 dum
447 1667 830 1733 expositionem
888 1678 1052 1736 tuam,
1099 1687 1204 1726 non
1255 1672 1466 1737 falsum,
1517 1661 1608 1731 sed
1662 1693 1844 1735 verum

263 1752 355 1806 Dei
385 1754 580 1808 cu!tum
609 1764 771 1810 tenet.
803 1757 920 1828 lpse
955 1777 1081 1830 ergo
1112 1771 1192 1817 est
1241 1764 1292 1818 in
1326 1765 1616 1822 'Catbolica
1672 1771 1846 1837 potius

257 1857 414 1914 quam
448 1851 501 1896 tu
533 1862 544 1897 :
571 1851 816 1915 quoniam
864 1859 916 1903 tu
960 1851 1010 1904 in
1044 1853 1143 1906 hoc
1171 1855 1334 1908 verbo
1367 1871 1533 1927 usque
1560 1858 1694 1913 adeo
1737 1877 1843 1916 non

255 1934 468 1997 errasti,
529 1947 582 1988 ut
630 1939 788 1991 etiam
837 1956 1157 2010 exponeres,
1207 1954 1408 2000 tantum
1454 1950 1758 2020 religionem
1810 1968 1841 2008 a

256 2025 869 2093 Supersntiouedistare,
895 2043 1147 2100 quantum
1185 2050 1212 2087 a
1251 2036 1478 2093 falsitate
1513 2042 1707 2094 veritas
1755 2041 1836 2095 di-

252 2126 378 2169 stat.
417 2117 507 2173 Ille
543 2129 723 2174 autem
757 2121 936 2182 homo.
967 2135 1026 2179 ut
1060 2127 1169 2195 jam
1208 2129 1337 2192 dixi,
1381 2131 1642 2195 militat-is,
1679 2144 1734 2198 et
1785 2135 1836 2188 in

251 2205 373 2260 istis
404 2208 684 2265 verborum
732 2215 1143 2282 proprietatibus
1175 2219 1351 2274 minus
1402 2222 1662 2289 eruditus,
1711 2225 1834 2292 quid

245 2305 393 2350 esset
421 2299 604 2368 religio
632 2303 920 2356 nesciebat.
948 2305 1100 2360 Absit
1131 2309 1271 2362 enim
1305 2318 1362 2363 ut
1380 2311 1572 2376 dicam,
1603 2314 1678 2368 Te
1702 2314 1832 2367 adu-

245 2387 410 2441 lando
432 2389 665 2444 fallebat.
691 2393 768 2446 Tu
799 2410 925 2448 vero
946 2397 1034 2465 qui
1076 2412 1169 2452 eos
1197 2409 1382 2455 contra
1411 2417 1544 2470 quos
1571 2403 1830 2472 disputas.

243 2481 430 2548 arguis
455 2495 516 2533 ex
547 2481 804 2550 pmpheta
830 2492 885 2538 et
911 2485 1129 2551 clamas,
1162 2486 1250 2542 Va:
1275 2491 1354 2542 liis
1372 2492 1458 2560 qui
1489 2491 1661 2545 dicunt
1682 2510 1827 2546 ama-

241 2587 359 2624 rum
391 2571 556 2633 dulce,
588 2582 634 2625 et
655 2573 800 2627 dulce
824 2592 1052 2629 amarunt
1072 2579 1193 2642 ;qui
1208 2580 1380 2633 dicunt
1401 2583 1559 2634 lucem
1587 2582 1827 2652 tenebras,

240 2669 286 2712 et
323 2661 554 2714 tenebras
576 2662 734 2714 lucem
767 2663 976 2732 (Isaiv,
1003 2667 1096 2739 20)
1126 2668 1138 2721 !
1173 2669 1216 2722 si
1239 2671 1544 2739 superstitio
1567 2682 1829 2743 estquam

241 2749 524 2803 nobiscum
558 2761 703 2806 tenet
747 2755 1024 2820 Dulcitius,
1071 2773 1166 2812 cur
1193 2774 1312 2814 eam
1362 2762 1667 2832 religionem
1712 2779 1831 2819 esse

242 2839 464 2895 dixisti?
495 2842 548 2896 Si
585 2853 762 2898 autem
809 2861 990 2900 verum
1027 2847 1228 2916 dixisti,
1262 2866 1358 2905 cur
1403 2851 1704 2908 hiercticam
1749 2865 1829 2909 tc-

239 2929 422 2985 uendo
444 2933 898 3002 superstitionem,
921 2938 1126 3006 reSpuis
1143 2939 1458 2995 catholicam
1483 2943 1824 3013 religionem?

237 3021 482 3090 Sequere
514 3024 670 3093 igitur
707 3025 1070 3083 testimonium
1101 3038 1246 3084 tuum
1282 3050 1297 3086 :
1338 3032 1569 3088 maxime
1607 3035 1729 3105 quia
1771 3045 1828 3091 et

237 3111 346 3180 ipsi
369 3114 552 3179 vestri,
579 3130 697 3169 cum
726 3119 1106 3187 cognoverint,
1142 3137 1244 3174 non
1283 3121 1376 3176 tibi
1419 3123 1640 3179 fortasse
1672 3140 1824 3181 com-

235 3203 615 3270 municabunt;
645 3209 893 3276 quoniam
927 3211 1139 3264 tribuno
1184 3213 1412 3268 Dulcitio
1449 3230 1543 3283 per
1573 3217 1673 3271 hoc
1697 3233 1821 3274 ver-

232 3291 366 3348 bum
394 3298 820 3352 communicasti.
855 3299 966 3364 Eia,
986 3300 1149 3356 frater
1164 3301 1446 3370 Gaudenti,
1467 3305 1570 3358 noli
1597 3307 1822 3374 perdere

226 3388 572 3442 occasionem
595 3429 609 3452 ,
640 3405 797 3458 quam
831 3390 920 3445 tibi
949 3392 1108 3446 etiam
1141 3410 1233 3462 per
1264 3403 1404 3470 tuam
1437 3396 1669 3467 linguam
1710 3400 1818 3456 Do-

226 3478 409 3531 minus
437 3478 604 3532 dedit.
635 3481 718 3533 An
749 3479 887 3536 forte
911 3482 977 3536 ad
1003 3482 1103 3538 hoc
1135 3485 1396 3549 irasceris,
1426 3488 1564 3557 quod
1595 3488 1811 3547 fratrem

223 3568 406 3624 voco?
435 3568 546 3624 lloc
569 3570 708 3623 enim
735 3585 928 3626 nomen
959 3588 988 3626 a
1017 3574 1169 3629 nobis
1195 3577 1350 3629 etiam
1392 3577 1443 3630 in
1482 3587 1662 3634 nostra
1691 3582 1815 3635 Col-

223 3659 432 3714 lationc
463 3662 742 3730 respuistis
771 3663 850 3732 (α)
893 3680 907 3716 :
947 3665 1032 3718 ubi
1063 3666 1368 3720 ostendistis
1399 3683 1496 3722 nos
1526 3683 1668 3733 esse,
1691 3672 1814 3740 qui-

223 3751 329 3806 bus
353 3752 608 3806 Dominus
635 3755 888 3823 pra-cepit
935 3770 1030 3824 per
1068 3756 1380 3825 prepbetam
1404 3799 1418 3822 ,
1449 3757 1646 3826 Dicite,
1679 3759 1813 3814 Fra-

224 3850 329 3895 tres
340 3841 502 3894 nostri
521 3843 658 3908 estis,
681 3843 752 3895 eis
771 3845 857 3912 qui
882 3859 966 3896 vos
986 3844 1218 3910 oderunt,
1236 3855 1280 3897 et
1300 3845 1388 3915 qui
1402 3861 1486 3900 vos
1504 3848 1815 3902 detestantur

223 3930 337 4001 (Id.
356 3948 494 3998 LXVI,
515 3933 566 3994 5,
591 3949 691 3987 sec.
708 3933 898 4002 LXX);
918 3949 1009 3987 vos
1023 3950 1147 3988 vero
1162 3936 1212 3987 in
1234 3951 1454 3991 numero
1472 3951 1654 3992 eorum
1671 3953 1809 4006 esse,

223 4023 317 4091 qui
346 4024 476 4078 istos
500 4024 692 4092 quibus
713 4023 814 4079 hoc
838 4024 1091 4080 Dominus
1122 4025 1271 4089 dicit,
1318 4025 1553 4082 oderunt
1587 4037 1640 4082 ct
1661 4027 1812 4084 dcte-

222 4124 454 4168 stantur.
489 4115 690 4186 Negare
715 4125 858 4170 certe
879 4132 979 4170 non
1011 4126 1181 4186 potes,
1217 4126 1266 4171 te
1297 4117 1608 4187 religionem
1639 4119 1808 4176 dixis-

224 4220 304 4267 se,
339 4205 390 4260 in
423 4221 524 4274 qna
553 4217 632 4260 est
665 4208 902 4262 tribunus
932 4207 1208 4262 Dulcitius.
1242 4208 1530 4279 Propterea
1557 4211 1699 4266 illam
1739 4213 1808 4265 ti-

225 4294 276 4348 bi
310 4297 592 4365 epistolam
626 4298 790 4364 misit,
831 4298 1014 4367 utique
1059 4308 1118 4352 ut
1165 4309 1214 4354 le
1257 4315 1362 4354 non
1415 4301 1708 4372 occideres,
1755 4313 1810 4360 et

225 4385 301 4438 illi
335 4386 610 4454 Ecclesiie,
643 4388 694 4441 in
723 4404 822 4458 qua
853 4399 934 4443 cst
962 4389 1095 4458 ipse,
1116 4391 1567 4448 communicares.
1599 4392 1654 4448 Si
1680 4409 1807 4465 ergo

225 4478 391 4546 ipsius
417 4479 602 4549 religio
642 4490 742 4545 est,
769 4490 853 4535 tua
895 4482 1204 4549 superstitio
1243 4492 1344 4538 est.
1375 4484 1627 4551 Quamvis
1663 4489 1804 4543 enim

217 4569 383 4623 ambo
405 4571 550 4623 vobis
573 4571 673 4624 hoc
699 4571 922 4626 invicem
952 4571 1191 4628 dixeritis
1217 4591 1230 4628 :
1252 4575 1403 4644 eligis
1431 4583 1606 4630 tamen
1633 4576 1802 4646 ipsum

220 4660 396 4727 potius
427 4657 618 4713 falsum
655 4660 872 4728 dixisse,
895 4677 1051 4730 quam
1078 4673 1147 4718 te.

293 4749 515 4804 CAPUT
569 4750 681 4804 ΧΠ.
730 4779 800 4791 —
829 4753 913 4805 l5.
942 4753 1296 4817 Quamobrem
1319 4755 1610 4811 secundum
1639 4759 1806 4813 veris-

218 4839 415 4893 simum
446 4840 546 4894 hoc
579 4851 724 4896 tuum
757 4843 1116 4897 testimonium
1140 4885 1153 4908 ,
1186 4854 1240 4900 et
1286 4855 1428 4900 tuam
1473 4848 1802 4904 verissimam

216 4932 644 5000 expositionem,
676 4935 924 5004 quoniam
973 4937 1158 5006 religio
1203 4948 1284 4993 est
1330 4954 1488 5009 quam
1549 4941 1803 4999 Dulcitius

217 5021 466 5075 tribunus
511 5032 693 5088 tenet;
724 5025 961 5094 profecto
992 5026 1179 5097 religio
1228 5037 1342 5093 est,
1385 5045 1486 5099 qua
1516 5039 1568 5084 te
1610 5031 1676 5085 ad
1702 5047 1802 5086 no-

212 5119 382 5164 stram
413 5113 840 5168 communionem
871 5126 1192 5185 prmeeptum
1225 5117 1566 5186 imperatoris
1611 5122 1802 5192 impel-

212 5201 294 5255 lit.
326 5201 480 5257 Unde
509 5202 569 5258 ﬁt
590 5218 921 5275 consequens
951 5214 1005 5260 ut
1036 5207 1221 5277 religio
1236 5208 1305 5262 sit
1327 5208 1508 5274 etiam,
1527 5226 1627 5280 qua
1657 5213 1802 5268 chri-

212 5293 422 5347 stianus
453 5293 743 5363 imperator
767 5295 834 5350 ad
861 5311 1043 5351 curam
1089 5313 1236 5352 suam
1267 5299 1468 5368 judicat
1494 5303 1763 5372 pertinere
1783 5346 1798 5372 ,

211 5399 283 5438 ne
313 5383 364 5437 in
395 5398 482 5438 res
514 5383 720 5441 divinas
749 5391 965 5458 impune
998 5396 1249 5457 peccetur
1275 5406 1288 5441 :
1320 5404 1348 5442 a
1376 5405 1482 5460 quo
1509 5400 1561 5445 tu
1592 5408 1697 5446 non
1723 5395 1801 5450 vis

213 5473 396 5528 curari
446 5474 549 5530 nisi
593 5489 655 5531 ea
685 5487 811 5546 quin
852 5486 1065 5533 terrena
1115 5478 1387 5548 republica
1439 5482 1796 5537 continentur.

277 5607 350 5668 (n)
388 5615 434 5656 tn
457 5607 718 5658 Collatione
755 5609 802 5670 ‘2,
841 5623 945 5674 cap.
977 5610 1055 5670 49,
1092 5625 1201 5661 cum
1250 5614 1536 5674 augustinus
1579 5614 1796 5674 dixisset,

217 5685 239 5714 ι
263 5677 360 5717 non
387 5677 465 5718 est
488 5679 648 5738 nostra
671 5669 813 5738 causa
838 5669 1178 5735 factum,quod
1205 5669 1534 5738 nobisgvoluut
1563 5669 1800 5738 imputare

214 5737 444 5800 «utratres
467 5733 617 5800 nostri
642 5744 671 5779 e
704 5734 910 5800 diverso
935 5733 1191 5794 sistentcs;
1217 5751 1239 5780 ι
1269 5733 1522 5786 Petiliauus
1547 5733 1796 5800 episcopus

208 5789 354 5850 dixit,
381 5809 402 5837 ι
424 5793 641 5853 Iniuriam
667 5795 804 5842 nobis
826 5793 954 5842 facis.
980 5811 1002 5838 1

1625 387 1823 443 LIBER
1865 389 2236 453 SECUNDUS.

293 487 385 544 sed
417 488 466 541 in
503 488 743 550 veritate.
787 492 998 560 propria
1043 493 1309 551 locutione
1361 496 1584 552 dicatur.
1643 499 1874 554 Proinde

3463 432 3564 487 750

1981 502 2205 614 Un'de'et
2230 526 2406 584 regem
2439 515 2784 578 Ninivitarum
2806 567 2820 590 ,
2849 526 3044 586 oblitus
3072 533 3195 603 quid
3222 535 3432 609 legeris,
3457 560 3557 614 po-

1976 597 2100 665 pulo
2119 598 2182 655 de
2206 605 2406 671 agenda
2433 613 2736 677 poenitentia
2764 632 2866 674 non
2899 624 3177 680 mandasse
3197 597 3399 686 dixiisti.
3418 597 3555 691 vllae

1974 690 2116 788 enim
2149 692 2308 746 verba
2355 705 2439 750 tua
2491 711 2615 756 sunt
2643 705 2708 759 ad
2745 723 2829 763 me
2863 728 2875 763 :
2911 711 3081 780 Quid,
3113 717 3316 788 inquis,
3345 690 3553 780 miseras

1973 769 2161 871 decipis
2180 781 2206 834 ?
2230 780 2381 838 Iona:
2409 787 2545 844 Deus
2587 799 2848 868 praecepit,
2882 769 3198 871 prophetamj
3214 769 3460 865 Dominus
3481 769 3553 867 ad

1971 868 2216 939 populum
2237 875 2405 940 misit;
2427 879 2556 934 nihil
2585 885 2686 938 tale
2711 890 2816 958 regi
2846 868 3122 948 mandavit.
3157 897 3388 957 Advorte
3419 911 3547 973 ergo

1968 959 2093 1027 quid
2119 963 2375 1033 scriptum
2402 969 2510 1039 sit,
2542 982 2596 1028 et
2640 977 2744 1032 noli
2774 980 2928 1036 irasci
2966 985 3058 1040 tibi
3101 987 3196 1056 ipsi
3239 992 3280 1056 ι,
3332 993 3422 1062 qui
3466 959 3548 1050 ἔοι

1966 1049 2142 1106 divina
2169 1059 2364 1127 scripta
2396 1077 2499 1117 non
2531 1069 2723 1124 recolis
2751 1087 2766 1123 :
2795 1074 2874 1126 vel
2900 1083 2953 1128 tu
2985 1079 3165 1145 potius
3193 1082 3418 1140 miseros
3445 1087 3544 1142 de-

1964 1140 2116 1209 cipis.
2147 1144 2380 1203 Surrexit
2411 1151 2573 1210 Jenas
2593 1199 2608 1224 ,
2639 1169 2686 1212 et
2714 1163 2834 1216 abiit
2859 1164 2910 1218 in
2942 1140 3180 1224 Ninivem
3201 1212 3218 1239 ,
3244 1174 3370 1228 sicut
3396 1177 3540 1232 locu-

1963 1239 2043 1286 tus
2091 1245 2162 1288 est
2216 1237 2479 1298 Dominus.
2533 1246 2720 1304 Ninive
2759 1264 2928 1308 autent
2969 1259 3144 1315 civitas
3181 1279 3364 1335 magna
3388 1277 3533 1334 erat,

1958 1325 2102 1392 quasi
2148 1329 2240 1386 eia:
2286 1333 2459 1388 tridui.
2492 1337 2559 1390 Et
2605 1343 2752 1411 capit
2798 1344 2961 1401 Jonas
3010 1351 3207 1422 ingredi
3242 1325 3492 1411 ciuitatem
3517 1399 3536 1425 ,

1957 1417 2100 1480 quasi
2123 1421 2273 1476 unius
2316 1425 2416 1478 diei
2463 1428 2575 1496 iter,
2604 1442 2651 1486 et
2678 1439 2970 1504 prwdicavit
3002 1456 3048 1496 et
3063 1417 3152 1499 iuit
3177 1462 3196 1499 :
3216 1447 3397 1504 Adhuc
3445 1417 3538 1506 tri;

1954 1506 2132 1571 duum,
2159 1522 2208 1566 et
2232 1513 2417 1571 Ninive
2441 1520 2768 1581 subvertetur.
2803 1530 2868 1582 Et
2907 1535 3228 1592 crediderunt
3254 1541 3348 1594 viri
3371 1541 3534 1599 Nini-

1955 1597 2066 1650 cilte
2095 1599 2312 1658 Domino
2336 1646 2350 1670 ,
2385 1619 2432 1661 et
2456 1610 2746 1668 indixerunt
2761 1620 3014 1690 jejunium
3032 1665 3048 1690 ,
3078 1635 3126 1679 et
3165 1645 3337 1686 saccos
3357 1633 3532 1687 indue-

1951 1698 2097 1753 runt,
2131 1707 2162 1742 a
2189 1695 2380 1763 majore
2406 1715 2560 1766 usque
2596 1706 2665 1758 ad
2701 1711 2958 1765 minorem.
2984 1713 3206 1788 Cumque
3229 1727 3531 1788 pervenisset

1948 1794 2109 1833 sermo
2144 1783 2214 1835 ad
2249 1802 2413 1856 regem
2450 1793 2664 1850 ciuitatis
2690 1797 2898 1866 Ninive,-
2923 1809 3138 1861 surrexit
3173 1809 3237 1864 de
3264 1814 3380 1867 sede
3409 1833 3524 1882 sua,

1949 1879 1992 1920 et
2017 1870 2234 1927 detraxit
2252 1877 2345 1929 sibi
2361 1882 2482 1933 vesti
2487 1894 2669 1950 menta,
2691 1899 2735 1940 et
2751 1891 3134 1949 secircumdedit
3150 1915 3314 1962 sacco,
3335 1913 3383 1956 et
3408 1870 3528 1960 con:

1944 1963 2072 2016 sedit
2099 1965 2151 2018 in
2167 1969 2350 2024 cinere.
2372 1971 2786 2049 Prwdicaturque
2803 1998 2833 2034 a
2853 1999 2969 2053 rege
2994 1996 3040 2039 et
3065 2004 3096 2039 α
3117 1993 3414 2057 potentibus,
3443 1997 3524 2050 di.

1944 2067 2059 2106 cens
2083 2071 2103 2107 :
2129 2054 2369 2114 Homines
2392 2071 2438 2114 et
2466 2064 2708 2135 iumenta,
2736 2078 2780 2120 et
2804 2086 2916 2124 ores
2942 2082 2987 2127 et
3007 2054 3170 2142 boues,
3205 2096 3302 2134 non
3328 2093 3525 2151 gustant

1941 2145 2234 2218 quidquam,
2255 2166 2343 2204 nec
2354 2166 2641 2223 pascantur,
2665 2169 2712 2212 et
2740 2177 2925 2232 aquam
2951 2181 3048 2220 non
3068 2167 3257 2224 bibant.
3279 2145 3349 2226 El
3359 2176 3524 2230 induti

1942 2245 2060 2288 sunt
2086 2255 2258 2293 saccos
2286 2243 2531 2310 homines,
2553 2256 2601 2300 et
2615 2255 2851 2316 jumenta
2875 2257 3308 2324 proclamaverunt
3327 2265 3396 2316 ad
3415 2265 3520 2319 Do-

1941 2325 2130 2378 minum
2148 2329 2366 2399 impense
2380 2348 2400 2384 :
2415 2343 2460 2386 et
2475 2352 2679 2393 aversus
2696 2349 2766 2393 est
2782 2346 3120 2416 unusquisque
3132 2366 3164 2402 a
3189 2351 3268 2405 uia
3287 2356 3518 2422 nequitia!

1938 2429 2042 2466 sua:
2055 2425 2098 2468 et
2115 2416 2390 2487 iniquitatis
2404 2439 2550 2492 quam
2564 2427 2615 2481 in
2635 2431 2863 2489 manibus
2877 2434 3088 2492 habebat
3109 2439 3280 2512 (Iona
3290 2416 3370 2508 tu,
3382 2447 3414 2500 5
3433 2448 3512 2520 8).

1938 2505 2174 2565 Audisne
2216 2513 2426 2569 tandem
2451 2532 2628 2588 regem
2673 2537 2922 2594 curasse,
2955 2531 3094 2600 quod
3115 2505 3182 2588 ad
3211 2505 3392 2605 regum

1937 2611 2049 2650 ram
2079 2599 2170 2653 tibi
2213 2601 2492 2672 displiceat
2521 2599 3004 2678 pertinere?Certe
3039 2631 3093 2677 ut
3129 2599 3365 2694 impeiisc
3386 2644 3517 2699 age-

1936 2695 2100 2750 retur,
2134 2693 2275 2757 quod
2311 2696 2485 2753 minus
2515 2715 2670 2769 quam
2721 2716 3057 2778 oportuerat,
3089 2693 3358 2784 agebatur.
3389 2693 3512 2778 Ideo

1933 2791 2058 2848 ergo
2100 2780 2340 2844 Niniviue
2391 2805 2496 2844 non
2523 2805 2644 2848 sunt
2677 2780 3146 2868 exspoliationibus
3173 2811 3513 2880 proscriptio-

1933 2869 2195 2942 nibusque
2224 2878 2304 2931 vel
2351 2887 2554 2938 terrore
2608 2887 2832 2943 militum
2887 2893 2952 2947 ad
3001 2869 3510 2966 pmuitentiam-im-

1931 2959 2080 3026 pcrio
2118 2964 2256 3034 regis
2301 2970 2486 3023 aretati
2512 3014 2527 3038 ,
2555 2975 2672 3043 quia
2718 2959 3029 3037 obcdicntcr
3047 2984 3194 3054 jussa
3244 2987 3504 3047 fecerunt.

1928 3051 2046 3108 Non
2096 3055 2272 3127 itaque
2317 3065 2646 3122 ostendimus
2704 3073 2956 3140 populum
3017 3051 3114 3131 ista
3156 3095 3501 3150 perpessum,

1927 3144 2050 3213 quia
2071 3161 2172 3202 nec
2203 3157 2257 3202 tu
2286 3152 2522 3208 ostendis
2548 3171 2724 3226 regem
2755 3159 2917 3218 fuisse
2955 3144 3335 3238 contemptum.
3373 3144 3503 3228 Pro;

1927 3232 2048 3289 inde
2073 3250 2194 3292 eum
2219 3241 2432 3310 regibus
2452 3259 2512 3300 ea
2549 3261 2668 3316 qua:
2695 3254 2986 3308 secundum
3027 3232 3193 3312 Deum
3228 3272 3350 3315 sunt
3375 3265 3469 3318 reli
3493 3297 3501 3305 -

1923 3323 2076 3394 gioso
2107 3329 2297 3386 timore
2337 3332 2643 3400 iubentibus
2668 3341 2890 3411 quisque
2928 3345 3288 3418 obtemperat,
3312 3351 3503 3408 timore

1925 3414 2183 3488 incipiens
2217 3424 2272 3474 et
2296 3420 2362 3477 ad
2400 3423 2738 3483 dilectionem
2764 3431 3068 3504 proficiens,
3095 3414 3124 3491 a
3159 3414 3378 3496 Domino
3407 3457 3501 3498 ac-

1923 3504 2050 3575 cipit
2073 3521 2255 3576 pacem
2289 3528 2303 3564 :
2334 3527 2437 3566 non
2459 3515 2596 3570 sicut
2626 3532 2808 3586 pacem
2835 3521 3219 3596 datsrcculum;
3250 3533 3498 3599 quoniam

1920 3599 2172 3653 smeulum
2215 3600 2308 3656 dat
2348 3619 2531 3673 pacem
2557 3619 2773 3680 propter
2805 3617 3149 3685 temporalem
3176 3620 3454 3679 utilitatem
3478 3665 3497 3692 ,

1921 3686 2176 3746 Dominus
2201 3701 2376 3748 autem
2408 3707 2624 3767 propter
2654 3709 2908 3758 aiternam
2937 3707 3181 3764 salutem.
3212 3711 3354 3782 Ergo
3374 3686 3496 3785 quia

1918 3781 2017 3836 ista
2043 3785 2227 3853 religio
2250 3795 2326 3841 est
2353 3828 2368 3853 ,
2398 3789 2448 3842 in
2476 3804 2576 3862 qua
2615 3801 2699 3847 est
2741 3796 2982 3853 tribunus
3027 3801 3280 3858 Dulcitius
3300 3781 3496 3877 (neque

1916 3875 2057 3928 enim
2084 3876 2240 3932 verba
2265 3886 2350 3933 tua
2375 3890 2662 3950 negaturus
2677 3886 2778 3957 es);
2801 3893 3108 3958 superstitio
3132 3903 3214 3950 est
3243 3875 3367 3964 pars
3391 3875 3492 3954 Do-

1916 3966 2056 4030 nati,
2085 3967 2225 4024 unde
2251 3977 2303 4025 te
2334 3971 2448 4026 vult
2472 3975 2585 4028 erui
2617 3974 2774 4047 hujus
2803 3981 3015 4051 religio:
3044 3989 3350 4054 superstitio
3369 4000 3450 4046 est
3475 4035 3490 4054 .

1915 4055 2055 4123 quod
2082 4064 2134 4112 te
2162 4059 2356 4127 quaeris
2383 4061 2628 4119 occidere
2649 4105 2666 4131 ,
2698 4067 2836 4135 quod
2865 4069 3017 4125 valde
3060 4074 3310 4142 prohibet
3334 4078 3492 4149 hujus

1915 4146 2133 4217 religio:
2166 4151 2473 4218 superstitio
2493 4157 2746 4224 est,quod
2774 4173 2896 4229 erga
2926 4160 3020 4214 ista
3055 4179 3235 4220 curam
3255 4146 3492 4237 Impera-

1915 4236 2041 4290 toris
2060 4238 2433 4308 reprehendis,
2458 4258 2616 4312 quam
2646 4249 2878 4318 suscepit
2915 4255 3307 4322 exsequendam
3331 4236 3490 4329 hujus

1911 4329 2116 4399 religio.

1981 4421 2203 4477 CAPUT
2228 4423 2360 4479 Xlll.
2382 4456 2454 4466 -—
2483 4427 2568 4482 14.
2594 4428 2770 4499 itaque
2794 4432 2914 4501 quia
2946 4436 3108 4492 verbo
3139 4448 3229 4494 tuo
3249 4455 3408 4499 musa
3431 4445 3492 4500 li-

1911 4512 2016 4566 nita
2035 4522 2138 4580 est,
2156 4515 2379 4572 obsecro
2407 4534 2500 4588 per
2529 4522 2690 4576 Deum
2718 4509 3007 4596 religionis,
3027 4529 3192 4586 Deum
3225 4537 3487 4605 veritatis,

1911 4614 1966 4660 ut
1993 4608 2151 4661 etiam
2185 4618 2304 4664 tuus
2343 4626 2495 4666 error
2520 4613 2808 4683 aliquando
2837 4618 3065 4675 ﬁniatur.
3093 4621 3210 4693 Ipsa
3241 4637 3352 4690 cst,
3378 4627 3485 4682 fm-

1911 4705 2010 4761 ter,
2041 4698 2275 4756 Ecclesia
2311 4701 2538 4767 Christi,
2569 4720 2687 4773 qua:
2724 4704 2826 4762 hoc
2868 4717 3106 4779 tempore
3130 4754 3146 4778 ,
3176 4720 3286 4769 toto
3315 4725 3488 4771 teria-

1908 4804 2026 4842 rum
2051 4790 2180 4845 orbe
2205 4792 2494 4848 crescendo
2540 4794 2814 4861 dilatatur,
2834 4801 3113 4855 continens
3142 4813 3193 4857 ct
3219 4805 3394 4859 malos
3434 4818 3485 4862 et

1907 4882 2111 4948 bonos,
2143 4885 2490 4940 ventilatioue
2533 4887 2714 4941 ultima
2759 4891 3104 4958 separandos.
3140 4895 3312 4964 Atque
3352 4905 3408 4951 ut
3433 4906 3486 4953 te

1907 4973 1970 5027 ad
2019 4983 2314 5030 extremum
2351 4977 2490 5034 illius
2520 4979 2695 5047 potius
2724 4983 2898 5036 verbis
2924 4983 3186 5053 alloquar,
3214 5001 3368 5056 quem
3405 4999 3484 5044 te-

1907 5075 2041 5119 stem
2089 5067 2330 5122 catholici
2381 5070 2611 5125 nominis
2655 5072 2912 5129 adltilicre
2959 5075 3166 5129 voluisti
3200 5093 3212 5128 :
3243 5077 3368 5145 Ipsa
3415 5090 3486 5134 est

1906 5173 2020 5224 qua:
2046 5158 2247 5211 Domini
2269 5159 2378 5212 luce
2406 5161 2609 5231 perfusa
2631 5204 2645 5226 ,
2679 5181 2766 5230 per
2790 5165 2956 5218 orbem
2976 5175 3131 5220 totum
3173 5170 3343 5223 radios
3369 5187 3485 5223 suos

1909 5251 2118 5320 porrigit
2146 5266 2165 5305 :
2190 5253 2300 5322 ipsa
2347 5263 2420 5305 est
2445 5269 2557 5321 quae
2583 5269 2750 5309 ramos
2788 5271 2903 5310 suos
2941 5273 3032 5327 per
3071 5260 3354 5314 universam
3380 5268 3484 5323 te;-

1907 5360 2016 5396 ram
2057 5345 2203 5414 capia
2241 5345 2477 5399 ubertatis
2521 5349 2739 5401 extendit
2782 5347 3089 5421 (Cyprianus
3111 5392 3126 5414 ,
3174 5351 3237 5405 de
3280 5348 3488 5406 Unitate

1907 5434 2189 5505 Ecclesiae).
2211 5436 2441 5491 Proinde
2460 5437 2552 5491 etsi
2569 5438 2796 5492 ridentur
2825 5440 2876 5493 in
2892 5439 2982 5494 illa
3007 5457 3112 5494 esse
3148 5440 3363 5503 sizenia,
3382 5457 3484 5494 non

1908 5537 2071 5580 tamen
2095 5528 2327 5598 impediri
2365 5529 2506 5583 debet
2531 5539 2619 5582 aut
2643 5531 2770 5597 ﬁdes
2794 5572 2809 5595 ,
2842 5542 2930 5584 aut
2956 5533 3174 5586 cliaritas
3197 5539 3368 5584 nostra
3388 5545 3406 5591 :
3429 5539 3484 5585 ut

1906 5619 2139 5683 quoniam
2163 5620 2357 5673 zizania
2396 5636 2502 5674 esse
2528 5621 2578 5674 in
2611 5620 2836 5677 Ecclesia
2858 5624 3106 5677 cernimus
3131 5663 3143 5687 ,
3173 5623 3268 5690 ipsi
3297 5623 3359 5674 de
3385 5620 3482 5678 Ec-

1969 5800 1984 5832 ι
2010 5803 2168 5858 torte,
2187 5794 2336 5848 irasci
2355 5794 2450 5846 nisi
2469 5794 2556 5848 tibi
2576 5789 2684 5859 Ipsi.
