4108 6198
567 398 666 453 751

554 508 721 563 νιιεεία
747 505 1051 560 recedamus.
1090 502 1252 557 Nobis
1294 501 1639 555 tantummodo
1678 500 2006 554 laborandum
2030 511 2101 552 est
2130 540 2144 563 ,

544 599 952 666 "nt‘frumentum
982 611 1087 651 esse
1115 594 1382 664 possimus,
1414 603 1465 645 ut
1486 609 1597 645 cum
1618 592 1923 661 frumentum
1950 590 2151 661 cmperit

573 688 838 742 dominicis
882 689 1074 743 horreis
1103 688 1285 753 condi,
1318 690 1536 758 fructum
1576 702 1666 754 pro
1709 700 1859 754 opere
1886 693 2055 737 nostro
2106 692 2153 735 et

568 781 740 834 labore
765 780 1045 849 capiamus.
1071 779 1344 847 Apostolus
1372 778 1424 830 in
1453 775 1683 845 Epistola
1708 791 1799 828 sua
1824 774 1945 827 dicit
1977 788 1995 826 .'
2029 791 2047 823 ι
2084 771 2150 824 1η

566 874 720 926 domo
750 882 914 926 autem
943 888 1125 943 magna
1144 913 1160 939 ,
1184 887 1284 924 non
1312 869 1473 924 solum
1509 884 1627 922 vasa
1665 876 1779 922 sunt
1808 882 1963 920 aurea
1989 872 2033 917 et
2062 881 2151 917 ar-

565 974 747 1034 gentea
772 1006 785 1029 ,
815 964 902 1018 sed
928 973 974 1017 et
1000 965 1166 1035 lignea
1195 971 1241 1018 et
1270 961 1469 1031 fictilia;
1501 969 1543 1013 et
1570 959 1801 1029 quardam
1827 955 2027 1028 quidem
2054 956 2148 1009 ho-

565 1066 764 1121 norata,
783 1056 1014 1127 quazdam
1038 1071 1156 1110 vero
1185 1056 1484 1109 inhonorata
1518 1071 1536 1104 ι
1560 1051 1578 1121 (
1598 1051 1635 1103 ll
1660 1049 1790 1104 Tim.
1821 1066 1875 1114 ιι,
1894 1048 2005 1119 20).
2040 1047 2152 1101 Nos

554 1162 776 1215 operam
804 1147 998 1211 demus,
1022 1154 1068 1199 et
1088 1156 1329 1215 quantum
1355 1159 1623 1214 possumus
1650 1139 1951 1205 laboremus,
1980 1145 2036 1191 ut
2065 1154 2152 1191 vas

566 1251 775 1288 aureum
796 1236 871 1289 vel
896 1244 1183 1305 argenteum
1210 1237 1384 1288 simus.
1410 1232 1658 1288 Caeterum
1679 1230 1857 1298 fictilia
1887 1245 2005 1282 vasa
2032 1244 2177 1305 con:

571 1326 808 1393 fringere,
841 1325 1053 1379 Domino
1078 1327 1173 1379 soli
1198 1341 1485 1379 concessum
1509 1331 1610 1389 est,
1643 1321 1725 1375 cui
1752 1331 1799 1375 et
1829 1321 1970 1391 virga
1990 1322 2151 1391 ferrea

568 1413 688 1465 data
730 1428 801 1466 est
832 1413 999 1483 (Psal.
1036 1431 1072 1469 ll
1096 1415 1213 1482 ,9).
1247 1414 1372 1468 Esse
1400 1431 1500 1467 non
1539 1422 1698 1483 potest
1738 1412 1902 1482 major
1933 1411 2149 1463 Domino

566 1517 657 1554 suo
684 1518 851 1556 servus
884 1518 901 1555 :
930 1521 1019 1557 nec
1046 1506 1311 1574 quisquam
1350 1502 1482 1570 sibi,
1516 1503 1649 1573 quod
1688 1503 1785 1557 soli
1826 1500 1961 1554 Filio
1995 1499 2151 1553 Pater

567 1591 772 1658 tribuit,
795 1594 1060 1648 uindicarit
1085 1637 1098 1661 ,
1130 1606 1183 1669 ut
1205 1612 1257 1649 se
1281 1603 1453 1665 putet,
1486 1603 1572 1646 aut
1601 1593 1668 1646 ad
1707 1609 1876 1645 aream
1903 1592 2149 1645 ventilan-

566 1681 684 1734 dnm
710 1692 757 1734 et
796 1684 1149 1753 purgandam,
1177 1684 1347 1753 palam
1366 1684 1480 1753 jam
1514 1684 1646 1752 ferre
1672 1699 1839 1749 posse,
1870 1690 1954 1734 aut
1976 1698 2006 1733 a
2035 1680 2147 1748 frn-

566 1784 731 1825 mento
762 1772 991 1825 universa
1033 1774 1230 1827 zizania
1276 1774 1498 1825 humano
1518 1771 1717 1841 judicio
1761 1786 2015 1840 separare.
2050 1770 2151 1823 Su-

567 1862 719 1929 perba
747 1872 819 1915 est
848 1863 945 1916 ista
964 1861 1228 1917 obstinatio
1250 1872 1296 1917 et
1334 1862 1583 1930 sacrilega
1613 1859 1936 1929 pra’sumptio
1960 1901 1972 1922 ,
2002 1876 2149 1929 quam

566 1950 663 2003 sibi
682 1951 825 2019 furor
853 1969 1036 2019 pravus
1061 1953 1289 2005 assumit.
1322 1951 1388 2004 Et
1418 1951 1537 2004 dum
1564 1950 1657 2003 sibi
1704 1966 1899 2018 semper
1944 1950 2151 2016 quidam

548 2042 681 2111 plus
705 2058 855 2111 quam
878 2044 1009 2097 mitis
1028 2045 1220 2112 iustitia
1260 2044 1501 2114 deposcit,
1524 2049 1807 2107 assumunt,
1837 2040 1899 2093 de
1924 2040 2152 2093 Ecclesia

550 2154 553 2155 ν
569 2144 866 2202 pereunt:et
892 2135 1013 2187 dum
1030 2152 1083 2189 se
1105 2136 1376 2190 insolenter
1401 2135 1670 2201 extollunt,
1704 2134 1813 2203 ipso
1839 2149 1930 2186 suo
1960 2142 2152 2185 tumore

565 2226 740 2279 siccati
762 2267 776 2291 ,
808 2227 1029 2281 veritatis
1058 2228 1225 2281 lumen
1252 2228 1486 2280 amittunt
1512 2227 1703 2298 (Epist.
1734 2225 1803 2278 ad
1826 2224 2149 2293 Maximum).

564 2313 860 2371 Beatissimi
891 2318 1142 2388 Cypriani
1183 2326 1308 2373 sunt
1346 2319 1507 2374 verba
1539 2320 1637 2374 ista
1659 2360 1673 2384 ,
1708 2334 1815 2373 non
1851 2331 1966 2370 mea
1997 2334 2009 2368 :
2040 2317 2153 2386 ejus

564 2405 811 2461 videlicet
836 2408 993 2462 verba
1032 2417 1185 2473 sunt,
1215 2424 1372 2479 quem
1404 2418 1456 2463 tu
1493 2409 1645 2464 nobis
1692 2406 2041 2464 lectissimum
2072 2414 2152 2461 te-

566 2504 702 2551 stem
728 2497 974 2552 catholici
1004 2500 1233 2554 nominis
1255 2540 1268 2563 ,
1300 2500 1352 2553 in
1383 2508 1590 2554 tuorum
1615 2499 1950 2569 Scriptorum
1997 2511 2153 2551 exoro

567 2586 656 2641 dio
685 2588 932 2655 posuisti,
962 2597 1016 2643 et
1034 2605 1129 2659 per
1152 2590 1315 2645 multa
1342 2591 1707 2659 copiosissime
1738 2588 2150 2653 commendasti;

565 2675 673 2730 luto
686 2691 789 2744 per
808 2677 978 2746 ipsum
1002 2679 1276 2749 (quoniam
1297 2695 1415 2734 vera
1444 2689 1601 2749 atque
1620 2679 1801 2735 divina
1819 2688 1943 2735 sunt
1963 2678 2150 2748 verba)

1454 388 1818 444 ADMONITIO
1858 388 1922 443 ΙΝ
1948 384 2495 456 SUBSEQUENTEM
2534 383 2921 443 SERMONEM.

3731 387 3839 445 752

2255 506 2412 552 vante
2442 496 2801 552 misericordia
2829 495 3120 553 Salvatoris
3140 535 3155 564 ,
3200 494 3355 549 simul
3398 492 3711 550 charitatem
3749 511 3839 551 ea.

2256 590 2502 645 tholicam
2537 598 2807 645 teneamus
2829 630 2843 653 ,
2875 589 3031 643 simul
3080 602 3263 658 pacem
3294 586 3609 641 catholicam
3648 585 3842 657 diliga-

2254 698 2389 747 mus,
2425 683 2580 736 simul
2610 698 2730 736 cum
2759 682 2873 751 ejus
2905 681 3185 735 frumentis
3214 693 3593 748 usquequaque
3618 692 3837 733 cresan-

2255 788 2393 837 mus,
2422 774 2579 827 simul
2606 789 2775 843 usque
2816 774 2880 827 ad
2910 774 3066 828 linem
3096 773 3295 825 zizania
3343 772 3650 835 toleremus,
3679 770 3842 824 simul

2257 864 2307 916 in
2340 863 2532 917 horreo
2557 864 2673 917 sine
2721 864 2825 918 fine
2872 864 3129 917 vivamus.
3158 860 3321 915 Vides
3353 875 3546 930 nempe
3590 861 3705 914 sine
3732 860 3842 913 ulla

2254 952 2563 1008 defensione
2594 953 2859 1007 Cmciliani
2882 995 2896 1018 ,
2922 953 2999 1006 vel
3028 952 3385 1022 quorumlibet
3407 951 3677 1003 hominum
3704 964 3843 1019 quos

2255 1046 2583 1100 accusandos
2611 1046 2809 1114 putatis
2829 1087 2842 1109 ,
2877 1044 3198 1099 Catholicam
3230 1059 3331 1099 suo
3359 1043 3554 1097 robore
3581 1057 3643 1096 ae
3665 1041 3843 1095 firmi-

2258 1146 2362 1191 tate
2404 1137 2721 1191 consistere.
2754 1136 3008 1204 Quamvis
3041 1143 3098 1190 et
3121 1135 3389 1189 Caeciliani
3420 1150 3633 1189 causam
3665 1135 3843 1188 Colla-

2257 1229 2329 1283 tio
2360 1238 2534 1282 nostra
2581 1228 2883 1298 purgaverit
2914 1246 2925 1279 :
2956 1236 3007 1281 et
3051 1227 3272 1280 aliorum
3299 1267 3317 1291 ,
3350 1226 3415 1279 de
3465 1226 3653 1295 quibus
3690 1227 3841 1279 calu-

2256 1318 2548 1381 mniamini,
2568 1326 2655 1371 aut
2682 1317 2837 1371 dubia
2865 1316 3264 1377 sitcriminatio,
3288 1324 3379 1368 aut
3408 1314 3599 1385 injust:
3621 1315 3847 1367 damna-

2257 1412 2351 1464 tio.
2374 1412 2475 1466 Sed
2503 1410 2653 1465 valde
2679 1410 2894 1463 stultum
2926 1417 3006 1463 est
3049 1417 3106 1461 ut
3143 1407 3397 1461 Ecclesia:
3435 1422 3648 1460 causam
3672 1448 3684 1468 .
3708 1406 3844 1460 divi-

2258 1502 2339 1556 nis
2368 1502 2684 1556 testimoniis
2731 1501 2917 1554 fultam
2944 1511 3103 1568 atque
3147 1499 3405 1552 munitam
3425 1539 3441 1564 ,
3469 1498 3519 1551 in
3564 1497 3845 1552 hominum

2256 1592 2429 1645 causis
2459 1591 2664 1645 ratione
2710 1591 3043 1644 exorbitante
3097 1604 3359 1656 ponamus
3406 1607 3419 1642 :
3468 1604 3590 1643 cum
3632 1590 3844 1644 etiamsi

2257 1684 2375 1738 illos
2405 1684 2573 1738 malos
2600 1682 3033 1737 manifestissime
3064 1682 3386 1744 videremus,
3413 1697 3510 1735 nec
3532 1682 3641 1749 jam
3681 1697 3843 1751 sepa-

2256 1790 2377 1829 rare
2402 1789 2429 1826 a
2462 1772 2820 1827 Sacramentis
2862 1772 3113 1825 Ecclesia:
3140 1772 3442 1825 valeremus
3464 1813 3479 1837 ,
3513 1786 3616 1826 non
3664 1782 3846 1826 tamen

2258 1866 2502 1936 impediri
2546 1866 2769 1921 deberet
2815 1874 2907 1919 aut
2948 1864 3077 1918 fides
3128 1864 3476 1917 autcharitas
3528 1872 3709 1917 nostra
3737 1880 3750 1925 ;
3778 1870 3847 1916 ut

2256 1960 2504 2028 quoniam
2536 1967 2589 2012 et
2612 1958 2743 2012 istos
2786 1957 2925 2010 inter
2954 1955 3153 2009 zizania
3177 1970 3296 2010 esse
3328 1955 3378 2009 in
3405 1955 3641 2009 Ecclesia
3661 1970 3845 2010 cerne-

2258 2064 2456 2111 rcmus,
2490 2048 2586 2117 ipsi
2618 2046 2685 2101 de
2717 2047 2954 2101 Ecclesia
3002 2045 3255 2100 recedere
3284 2046 3617 2099 deberemus.
3667 2046 3724 2099 Si
3752 2062 3847 2101 re-

2257 2136 2523 2206 spondere
2570 2137 2771 2205 cogitas
2791 2177 2806 2201 ,
2840 2136 2947 2188 noli
2978 2150 3192 2188 causam
3222 2134 3545 2204 relinquere,
3570 2141 3625 2188 et
3655 2135 3708 2188 in
3751 2151 3841 2188 su-

2258 2227 2605 2296 pervacaneis
2630 2226 2864 2295 evagari.
2897 2225 2970 2279 Ea
3002 2241 3121 2294 qum
3148 2225 3283 2279 dicta
3310 2234 3433 2278 sunt
3454 2266 3466 2288 ,
3492 2226 3700 2280 intuere
3730 2243 3743 2277 :
3773 2226 3848 2280 ad

2259 2333 2321 2374 ea
2352 2334 2468 2387 qua:
2498 2318 2639 2372 dicta
2683 2325 2828 2383 sunt,
2858 2331 2963 2371 non
3006 2317 3260 2371 fallaciter
3303 2315 3598 2378 eludendo,
3626 2317 3721 2371 sed
3752 2332 3847 2371 ra-

2258 2410 2581 2465 tionabiliter
2631 2407 2953 2477 disputando
3003 2407 3292 2478 responde.
3326 2407 3457 2461 Nam
3502 2408 3589 2461 illa
3631 2408 3841 2477 prolixa

2260 2503 2605 2572 responsione
2631 2502 2753 2572 quid
2782 2500 2975 2571 egeris,
3000 2500 3081 2555 vel
3110 2501 3287 2571 potius
3302 2515 3459 2570 quam
3485 2500 3614 2553 nihil
3641 2502 3842 2570 egeris,

2261 2595 2302 2648 si
2333 2594 2690 2649 necessarium
2729 2594 2902 2648 visum
2935 2591 3092 2646 fuerit
3117 2633 3131 2655 ,
3156 2592 3515 2661 Dominusquc
3542 2590 3843 2657 donaverit,

2261 2701 2421 2755 opere
2443 2686 2547 2741 alio
2576 2686 2878 2756 diligentius
2903 2684 3303 2739 demonstrabo.

563 2776 688 2821 sunt
724 2766 838 2823 Dei.
870 2769 1010 2825 Ecce
1035 2771 1176 2841 quod
1218 2772 1377 2840 audi,
1413 2785 1539 2826 ecce
1562 2770 1703 2840 quod
1733 2787 1861 2827 cave
1881 2781 1975 2837 ,‘ut
2000 2772 2152 2842 adju-

894 3046 1570 3129 ΔΑΠΝΙΟΝΙΤΙΟ
1613 3047 1739 3128 ΙΝ
1795 3036 2742 3156 SUBSEQUENTEM
2792 3044 3478 3126 SERMONEM.

633 3228 787 3284 llunc
810 3242 1112 3285 sermnem
1138 3228 1459 3284 exCeHensi
1491 3227 1674 3284 codice
1701 3226 1838 3280 eruit
1865 3226 2216 3296 Hieronymus
2231 3225 2552 3298 Vignierius,
2604 3230 2658 3277 et
2695 3222 2745 3277 in
2780 3224 3079 3279 secundum
3122 3234 3321 3279 tomum
3358 3224 3659 3279 concinnati
3708 3241 3739 3281 a
3782 3241 3846 3283 se

559 3322 920 3392 Supplementi
950 3323 1313 3393 Augustiniani
1338 3322 1532 3388 retulit,
1559 3321 1687 3375 nihil
1718 3321 1831 3389 ipse
1851 3319 2098 3375 dubitans
2125 3322 2249 3391 quin
2273 3337 2398 3376 vere
2424 3322 2595 3376 dictus
2622 3318 2692 3373 ab
2731 3319 3026 3388 Augustino
3052 3319 3244 3387 fuerit,
3290 3329 3343 3375 et
3381 3320 3591 3390 quidem
3636 3321 3845 3391 primus

557 3427 742 3467 eorum
772 3427 1076 3466 sermonum
1098 3426 1232 3482 quos
1261 3412 1321 3465 B.
1355 3410 1652 3481 Episcopus
1680 3418 1798 3480 post
1828 3409 2018 3465 Valerii
2043 3412 2380 3478 prrecessoris
2409 3412 2490 3464 sui
2514 3410 2717 3467 obitum
2746 3408 2871 3463 fecit
2911 3409 2976 3463 ad
3015 3409 3240 3478 plebem.
3270 3410 3463 3466 Verum
3506 3420 3561 3464 ut
3600 3427 3709 3466 non
3756 3412 3845 3468 his

566 3501 913 3556 immoremur
941 3502 995 3554 in
1016 3501 1366 3571 expendendo
1391 3502 1548 3569 stylo,
1580 3502 1669 3569 qui
1692 3516 1789 3554 nec
1821 3501 1950 3554 satis
1978 3501 2253 3568 gravitatis
2272 3509 2323 3555 et
2344 3500 2635 3571 dignitatis,
2666 3517 2765 3556 nec
2794 3499 3041 3555 dictionis
3069 3502 3286 3556 omnino
3307 3502 3701 3572 Augustiniante
3720 3519 3839 3557 mo-

561 3590 685 3643 dum
718 3588 914 3644 habere
944 3589 1169 3654 videtur,
1194 3600 1341 3643 certe
1380 3604 1559 3643 sermo
1588 3589 1837 3643 historias
1858 3588 2013 3653 duas,
2038 3590 2257 3644 alteram
2285 3589 2490 3645 diaconi
2512 3592 2786 3659 cujusdam
2812 3590 3269 3661 Mutugennensis.
3295 3593 3512 3648 alteram
3541 3593 3843 3649 Rusticiani

561 3683 699 3749 (seu,
728 3679 857 3734 utin
882 3680 1103 3749 antiquo
1128 3679 1699 3749 exemplari'scriptum
1724 3686 1823 3743 est,
1855 3677 2178 3749 Rusticani),
2208 3694 2330 3748 qua:
2364 3693 2434 3734 ex
2474 3688 2712 3748 tempore
2740 3689 2903 3751 atque
2935 3680 3052 3735 aliis
3096 3682 3503 3737 circumstantiis
3540 3684 3843 3751 probantur

559 3772 716 3841 longe
740 3771 981 3834 diversae,
1014 3770 1297 3839 permiscet
1324 3768 1717 3839 confunditque.
1745 3766 1876 3823 Nam
1909 3768 1961 3822 in
2009 3768 2191 3836 primis
2220 3768 2542 3823 Rusticanus
2573 3770 2661 3824 ille
2699 3772 2790 3840 qui
2836 3772 2888 3825 in
2936 3770 3040 3825 hoc
3081 3785 3328 3825 sermone
3364 3770 3621 3826 diaconus
3660 3771 3841 3827 Mutu-

557 3864 735 3934 gcnsis
763 3872 999 3929 vocatur,
1028 3872 1078 3919 et
1102 3877 1222 3916 eum
1248 3861 1574 3918 ab'Ecclesia
1603 3861 1861 3916 catholica
1891 3860 2175 3915 defecisset
2203 3860 2267 3916 ad
2307 3860 2608 3915 Donatistas
2628 3903 2642 3925 ,
2673 3878 2703 3916 a
2735 3862 2999 3917 Maerohio
3029 3862 3389 3931 rebaptizatus
3418 3862 3611 3917 dicitur
3639 3873 3691 3919 et
3720 3864 3840 3919 dia-

558 3973 724 4013 conus
748 3957 944 4023 factus;
974 3956 1039 4021 is,
1064 3956 1300 4026 inquam,
1329 3954 1574 4024 plurimis
1599 3953 1806 4008 indiciis
1834 3950 2160 4023 signiﬁcatur
2189 3952 2330 4007 idem
2358 3969 2575 4023 prorsus
2605 3969 2724 4009 esse
2745 3970 2863 4009 cum
2896 3954 3124 4009 diacono
3162 3954 3255 4007 illo
3300 3954 3702 4024 Mutugennensi
3748 3972 3838 4011 rc-

563 4050 850 4117 lruptizato,
882 4046 1033 4115 cujus
1080 4059 1239 4099 causa
1287 4044 1614 4114 Augustinus
1680 4043 1956 4112 epistolam
1983 4042 2076 4109 25,
2098 4042 2254 4097 tacito
2275 4043 2440 4112 ipsius
2459 4043 2664 4098 diaconi
2690 4044 2924 4111 nomine,
2944 4044 3155 4114 scripsit
3175 4043 3241 4098 ad
3264 4043 3601 4098 Maximinum
3626 4047 3839 4102 circiter

556 4153 754 4192 annum
781 4132 975 4192 Christi
1005 4135 1130 4191 399..
1160 4134 1471 4203 Quanquam
1506 4133 1664 4188 etiam
1703 4133 1805 4188 alia
1829 4134 2078 4203 legantur
2108 4132 2193 4187 hic
2219 4148 2325 4187 non
2356 4148 2520 4201 pauca
2564 4149 2682 4203 qum
2718 4135 2769 4188 in
2813 4135 2983 4204 ipsum
3012 4136 3229 4191 minime
3259 4137 3599 4191 conveniunt.
3627 4137 3840 4208 Quippe

556 4244 622 4283 eo
648 4238 883 4297 tempore
906 4243 1009 4298 quo
1029 4227 1284 4281 diaconus
1313 4226 1404 4280 ille
1428 4240 1458 4279 a
1491 4225 1779 4279 Donatistis
1811 4234 2061 4294 receptus
2094 4223 2211 4290 fuit,
2248 4233 2364 4279 erat
2391 4225 2563 4279 adhuc
2591 4227 2872 4297 presbyter
2902 4229 3245 4297 Augustinus,
3272 4227 3347 4281 uti
3379 4244 3445 4281 ex
3480 4228 3665 4283 eadem
3717 4232 3841 4299 ept-

558 4321 693 4373 stola
718 4319 789 4372 23
810 4319 992 4387 liquet.
1022 4318 1090 4371 At
1113 4316 1386 4372 Sermonis
1408 4324 1594 4370 auctor
1622 4331 1769 4370 num.
1803 4315 1838 4369 3
1870 4323 2093 4369 testatur
2119 4330 2177 4369 se
2207 4314 2259 4369 in
2285 4316 2396 4384 ipso
2421 4316 2585 4370 oneris
2613 4317 2693 4369 sui
2721 4317 2927 4372 exordio
2961 4319 3155 4374 dedisse
3181 4336 3409 4389 operam,
3437 4328 3492 4371 ut
3517 4322 3569 4372 in
3595 4321 3840 4391 prmeipi.

559 4408 683 4459 tium
711 4415 933 4459 ruentem
959 4405 1009 4457 in
1040 4404 1193 4474 plano
1213 4403 1498 4458 collocaret.
1530 4403 1639 4459 Nec
1659 4404 1803 4459 enim
1824 4404 1928 4457 dici
1950 4413 2123 4473 potest
2146 4405 2311 4458 oneris
2334 4406 2547 4459 nomine
2571 4407 2994 4476 presbyteratum
3018 4410 3291 4478 Augustini
3319 4410 3419 4464 hoc
3439 4410 3556 4466 loco
3586 4411 3838 4481 indicari,

488 4501 501 4533 ἰ
560 4511 682 4551 cum
710 4495 853 4549 dicat
882 4493 1073 4547 ibidem
1105 4494 1467 4559 concionator,
1499 4492 1642 4562 quod
1668 4508 1789 4547 eum
1833 4492 2035 4546 nolebat
2066 4492 2161 4546 sibi
2189 4492 2414 4546 subtrahi
2440 4495 2491 4546 in
2521 4495 2629 4564 ipso
2658 4498 2823 4549 oneris
2865 4498 2946 4550 sui
2984 4499 3218 4563 exordio,
3266 4516 3412 4570 quem
3459 4517 3491 4552 a
3528 4502 3652 4553 satis
3680 4502 3837 4573 longo

506 4592 511 4599 '
564 4599 781 4659 tempore
802 4586 995 4640 uidebat
1021 4596 1257 4658 tanquam
1283 4587 1458 4657 fulgur
1482 4587 1544 4640 de
1564 4586 1687 4640 calo
1712 4586 1990 4639 cadentem.
2022 4585 2171 4640 [laud
2192 4587 2334 4639 enim
2355 4586 2514 4655 longo
2541 4597 2780 4656 tempore
2807 4599 2929 4643 ante
2954 4590 3375 4660 prcsbyteratum
3407 4606 3562 4645 suum
3586 4591 3837 4661 Hippone

495 4739 501 4748 ,
559 4677 785 4747 degebat
806 4678 1149 4746 Augustinus.
1179 4677 1360 4747 Neque
1386 4677 1557 4731 solum
1588 4684 1776 4729 auctor
1804 4675 2055 4743 supponit
2096 4676 2237 4730 hunc
2276 4674 2556 4731 diaconum
2586 4678 2797 4731 nonnisi
2832 4693 2863 4731 a
2894 4688 3132 4748 tempore
3161 4681 3241 4734 sui
3282 4681 3618 4750 episc0patus
3649 4689 3837 4751 (quell

557 4770 770 4839 quidem
794 4770 1117 4839 Augustinus
1142 4769 1350 4822 vivente
1377 4767 1549 4821 adhuc
1576 4766 1792 4820 Valerio
1818 4766 2073 4836 suscepit)
2114 4767 2419 4836 prolapsum
2449 4781 2587 4831 esse,
2617 4783 2798 4823 verum
2827 4770 2986 4825 etiam
3020 4772 3070 4825 in
3099 4772 3199 4827 hoc
3229 4788 3493 4842 sermone,
3525 4790 3832 4844 quanquam

561 4871 684 4931 post
707 4861 910 4915 obitum
945 4860 1134 4914 Valerii
1165 4858 1373 4913 habitus
1395 4857 1499 4922 sit,
1546 4856 1613 4911 de
1648 4856 1784 4910 illius
1809 4855 2019 4910 diaconi
2060 4857 2349 4912 miserabili
2378 4872 2501 4912 casu
2526 4898 2541 4923 ,
2583 4858 2725 4912 velut
2748 4858 2813 4913 de
2839 4876 2897 4913 re
2933 4875 3154 4929 prorsus
3181 4864 3380 4918 recenti
3423 4863 3549 4918 dicit
3576 4880 3724 4919 num.
3755 4866 3828 4921 ὅτ

560 4956 690 5009 Dum
736 4957 799 5010 de
852 4963 1049 5022 pastore
1098 4963 1268 5021 erepto
1321 4954 1547 5022 lugemns
1578 4990 1593 5015 ,
1664 4949 1873 5018 inquit,
1942 4951 2163 5003 nascitur
2212 4950 2275 5002 de
2321 4949 2514 5018 perdito
2567 4950 2726 5017 fratre
2782 4952 2986 5005 dolendi
3040 4955 3253 5008 occasio.
3303 4954 3541 5010 Meminit
3589 4971 3739 5009 num.
3797 4957 3834 5010 6

560 5045 813 5101 Feliciani
839 5054 893 5099 et
921 5043 1223 5098 Prtetextati
1248 5082 1263 5110 ,
1309 5040 1881 5111 quosjam-Donatisttc
1904 5047 2344 5109 receperantuna
2385 5054 2503 5094 cum
2544 5038 2608 5094 iis
2649 5054 2784 5110 quos
2829 5042 3255 5112 baptizaverant:
3281 5044 3421 5114 quod
3458 5060 3564 5101 non
3604 5047 3830 5117 contigit

558 5139 655 5193 nisi
684 5151 825 5190 anno
845 5134 969 5189 597.

626 5228 846 5285 Accedit
874 5227 1018 5292 illud,
1050 5226 1191 5297 quod
1218 5226 1269 5279 in
1292 5223 1534 5280 eamdem
1559 5238 1673 5278 rem
1699 5223 1956 5277 hic'num.
1984 5223 2018 5277 5
2046 5222 2245 5280 referat
2278 5220 2438 5278 verba
2468 5225 2702 5293 epistola:
2732 5225 2853 5289 107;
2892 5226 3185 5297 Augustino
3226 5228 3436 5297 scripta:
3472 5244 3501 5282 a
3541 5228 3830 5283 Theodoro

557 5330 609 5377 et
636 5318 864 5374 Maximo
890 5334 903 5370 :
934 5332 1052 5387 qua-
1079 5330 1208 5370 sane
1233 5315 1391 5369 verba
1417 5312 1483 5367 ad
1511 5312 1667 5365 aliam
1695 5326 1909 5366 causam
1935 5321 2194 5380 spectant,
2221 5312 2515 5367 Rusticiani
2544 5312 2789 5368 videlicet
2813 5314 3141 5379 subdiaconi,
3180 5318 3273 5387 qui
3307 5318 3504 5387 pariter
3542 5318 3608 5371 ab
3641 5320 3831 5386 Augu-

558 5413 696 5466 stino
717 5408 959 5472 descivit,
986 5416 1041 5461 ut
1069 5422 1098 5459 a
1128 5404 1395 5459 Macrobio
1420 5402 1872 5471 rebaptizaretur;
1920 5402 1970 5456 in
1995 5417 2097 5472 qua
2119 5402 2399 5457 occasione
2425 5401 2545 5456 huic
2580 5400 2725 5456 dedit
2757 5404 3083 5472 Augustinus
3121 5407 3397 5474 epistolam
3444 5406 3565 5468 108,
3608 5407 3835 5462 circiter

555 5519 750 5558 annum
774 5500 897 5555 409.
918 5499 995 5553 Et
1024 5512 1148 5551 vero
1176 5494 1469 5550 Rusticiani
1499 5492 1720 5561 hujusce
1755 5492 2065 5547 subdiaconi
2091 5507 2246 5547 casus
2273 5492 2478 5546 nonnisi
2502 5500 2627 5561 post
2662 5492 2880 5546 llonorii
2913 5494 3056 5565 leges
3092 5506 3276 5550 contra
3306 5496 3608 5550 Donatistas
3647 5498 3830 5552 conti-

557 5598 695 5663 gisse
722 5591 1034 5661 intelligitur
1050 5604 1117 5645 ex
1136 5586 1321 5642 eadem
1355 5584 1578 5655 epistola
1608 5582 1728 5647 108,
1765 5583 1816 5638 id
1842 5594 1943 5647 est,
1977 5592 2097 5653 post
2122 5598 2318 5637 annum
2347 5581 2471 5637 405.
2500 5579 2665 5638 Nemo
2692 5592 2892 5650 autem,
2919 5585 2999 5639 uti
3020 5586 3407 5653 existimamus,
3428 5603 3491 5641 eo
3521 5601 3690 5655 usque
3723 5586 3830 5639 Va.

564 5683 678 5734 lerii
702 5685 862 5737 vitam
890 5681 1176 5735 extendere
1205 5687 1448 5741 conetur,
1471 5690 1590 5727 cum
1612 5672 1783 5728 videat
1804 5675 2151 5743 Augustinum
2180 5672 2247 5727 ab
2272 5671 2490 5727 exordio
2514 5672 2594 5725 sui
2619 5672 2955 5742 episcopatus
2978 5691 3243 5745 nunquam
3269 5676 3465 5732 Valerii
3489 5677 3823 5740 meminisse.

565 5779 904 5840 praeterquam
928 5773 978 5825 in
1013 5767 1332 5841 epistolis3l
1363 5774 1414 5822 et
1442 5764 1511 5820 55
1538 5780 1670 5834 quas
1698 5764 1835 5820 haud
1880 5764 2037 5820 dubie
2066 5764 2279 5820 circiter
2312 5777 2508 5817 annum
2537 5760 2640 5816 596
2679 5764 2993 5835 conscripsit
3032 5783 3045 5819 :
3076 5767 3161 5821 vix
3210 5767 3372 5823 etiam
3412 5767 3701 5823 verisimile
3738 5774 3832 5822 est
