4070 6200
339 322 442 379 753
945 324 1030 380 DE
1067 318 1468 385 RUSTICIANO
1510 328 1930 391 SUBDIACONG
1945 331 2230 393 SERMOS.
2255 336 2642 399 AUGUSTINO
2664 340 3025 401 TRIBUTUS.

3509 355 3611 411 754

340 438 480 492 hunc
507 436 813 507 diaconum,
845 440 888 496 si
926 441 1038 512 ipse
1072 454 1153 499 est
1178 444 1268 514 qui
1291 444 1400 514 jam
1426 461 1455 500 a
1483 446 1743 518 principio
1768 448 2104 520 episcopatus
2135 452 2414 522 Augustini
2455 456 2754 525 vacillabat,
2796 460 3005 516 nonnisi
3029 461 3290 519 decennio
3325 475 3453 537 post.
3468 473 3611 525 cei-i-

339 528 503 583 :iisse.
538 530 707 587 Porro
730 532 972 602 quadam
994 549 1023 588 a
1047 535 1419 591 eoneionatore
1448 535 1791 607 proferuntur
1822 548 2069 608 tauquam
2093 556 2158 596 ex
2182 544 2561 613 Augustiniana
2598 547 2663 602 ad
2692 548 3012 608 Macrobium
3072 528 3467 627 epistola,fqua:
3502 577 3608 620 non

336 620 387 675 in
412 622 547 691 ipsa,
570 622 665 678 sed
693 624 746 678 in
785 625 1005 694 epistola
1028 624 1101 682 23
1127 625 1193 681 ad
1212 626 1554 682 Maximinum
1578 644 1830 699 expresse
1853 629 2134 687 habentur.

403 713 628 770 Silentio
652 715 910 772 mittimus
939 717 1036 771 alia
1065 734 1184 788 qua:
1220 718 1438 775 dubium
1474 736 1778 776 sermonem
1821 723 1961 779 hunc
1986 724 2236 790 reddunt,
2267 727 2427 783 veluti
2464 743 2583 784 cum
2615 731 2667 786 in
2709 747 2775 789 eo
2798 734 3148 793 concionator
3163 740 3411 798 eumdem
3455 742 3604 804 illum

330 820 489 875 quem
520 821 667 861 num.
699 807 734 861 Δ
764 807 1079 863 dissolutum
1125 807 1395 865 hominem
1439 825 1503 866 ac
1546 811 1881 883 proﬂigatum
1921 814 2196 884 prcedicat,
2247 817 2467 873 militem
2518 819 2726 877 Domini
2761 833 2817 879 et
2843 839 2936 880 vas
2964 825 3183 885 honoris
3209 829 3340 888 dicit
3365 849 3514 891 num.
3549 837 3602 892 5.

330 897 463 952 Cum
493 914 604 952 rem
631 899 741 969 ipsa
780 899 1037 969 Baptismi
1066 901 1346 957 iteratione
1372 904 1539 974 magis
1566 904 1844 976 lugendam
1867 906 2089 977 iudicat,
2119 909 2259 978 quod
2287 910 2377 965 ille
2405 911 2661 970 Ecclesia:
2703 915 2955 975 desertor.
2975 921 3135 977 etiam
3161 921 3472 982 diaconus-a
3503 929 3608 986 Do-

329 992 540 1045 natistis
561 989 730 1047 factus
756 991 941 1048 fuisset
972 1012 986 1048 :
1014 1010 1135 1049 cum
1166 995 1380 1049 eosdem
1409 994 1688 1052 haereticos
1711 998 2124 1068 rebaptizatores
2147 1003 2393 1073 exemplo
2415 1003 2666 1074 Baptismi
2702 1008 2955 1066 Primiani
2982 1023 3134 1085 urget
3182 1033 3199 1071 :
3244 1030 3308 1073 ac
3346 1029 3605 1089 prauerea

332 1079 622 1137 Maximum
650 1090 705 1137 et
730 1083 1088 1149 Theodorum,
1116 1086 1204 1155 qui
1227 1085 1294 1141 ab
1322 1086 1619 1157 Augustino
1644 1088 1697 1142 in
1736 1090 1959 1159 epistola
1984 1091 2086 1148 108
2112 1092 2212 1162 lilii
2236 1103 2284 1147 et
2312 1095 2630 1152 honorabiles
2654 1100 2748 1153 uiri
2768 1079 3360 1180 appellantur,.absque'
3372 1112 3473 1166 ulla
3504 1113 3605 1167 ho-

329 1174 876 1257 noris/testiﬁcatione
904 1177 1158 1231 nominat.
1185 1176 1412 1247 Usurpat
1438 1194 1583 1234 num.
1614 1180 1640 1235 1
1671 1181 1891 1237 verbum
1924 1182 2101 1251 Omen,
2130 1185 2270 1255 quod
2297 1186 2347 1241 in
2380 1187 2514 1244 libro
2541 1191 2566 1245 1
2597 1190 3073 1264 Retraotationum,
3098 1213 3222 1269 cap.
3252 1174 3305 1267 ,
3332 1202 3603 1273 improha-

328 1271 417 1318 tur
440 1250 509 1318 ab
536 1265 850 1333 Augustino.
883 1264 1119 1320 Tandem
1144 1265 1229 1320 hic
1254 1282 1399 1320 num.
1424 1269 1456 1321 4
1478 1267 1544 1323 de
1565 1268 1815 1325 Primiani
1840 1271 1979 1327 facto
2000 1250 2219 1341 perinde
2240 1274 2337 1331 iste
2358 1276 2614 1350 loquitur,
2626 1296 2691 1337 ac
2710 1282 2753 1338 si
2772 1250 3117 1343 resomnibus
3140 1250 3600 1362 perspectaresset.

326 1354 397 1409 de
424 1369 529 1424 qua
557 1365 730 1409 tamen
759 1356 810 1410 in
839 1370 903 1409 eo
932 1370 1178 1411 sermone
1208 1357 1407 1411 nullum
1434 1358 1606 1414 adhuc
1625 1360 1846 1416 verbum
1874 1361 1943 1417 ad
1971 1364 2222 1436 populum
2243 1365 2459 1423 fecerat.

1761 1606 2171 1696 SERMO

1497 1765 1949 1829 AUGUSTINO
1990 1769 2379 1833 TRIBUTUS

634 1925 875 2035 DE
948 1921 1895 2037 RUSTICIM

1998 1923 2055 2035 ι
2124 1923 3280 2053 ευΒυιΔαοιιιας

947 2116 994 2170 Α
1036 2112 1431 2171 DONATISTIS
1466 2111 1946 2169 REBAPTlZATO
1984 2112 2071 2169 ET
2108 2113 2177 2172 IN
2216 2116 2567 2176 DIACONUM
2604 2108 2977 2182 ORDINATO.

1747 2248 1750 2252 λ
1794 2242 2113 2299 «me»

391 2385 444 2447 ι.
486 2382 674 2438 Adhuc
721 2395 956 2437 moerens
1008 2391 1065 2436 et
1108 2381 1313 2445 dolens,
1364 2380 1580 2445 fratres,
1627 2378 1760 2435 sisto
1815 2393 1903 2434 me

316 2472 598 2531 Sanctitati
636 2479 826 2527 vestrae
854 2487 867 2522 :
898 2485 997 2525 nec
1041 2470 1181 2524 enim
1221 2470 1473 2539 praeteriti
1519 2484 1675 2524 casus
1707 2466 1903 2540 (dicam

318 2564 450 2631 mei,
476 2562 648 2617 dicam
671 2559 895 2629 vestri?)
921 2559 1162 2614 dolorem
1196 2559 1342 2627 potui
1371 2557 1633 2628 digerere.
1677 2556 1783 2612 Ter
1807 2571 1902 2612 co-

320 2662 479 2708 natus
527 2667 643 2705 sum
677 2649 919 2715 verbum,
942 2647 1079 2703 unde
1098 2647 1306 2703 debitor
1343 2662 1482 2711 sum,
1514 2646 1664 2701 vobis
1693 2645 1900 2701 submi-

318 2747 585 2810 nistrare;
618 2743 774 2799 toties
793 2752 847 2798 et
874 2756 1007 2797 mete
1038 2751 1093 2796 et
1135 2749 1327 2795 vestrae
1356 2740 1604 2809 lacrymte
1659 2736 1902 2793 conantis

317 2853 503 2894 vocem
526 2842 935 2906 suppresserunt
962 2851 976 2885 :
1008 2848 1105 2888 nec
1128 2833 1274 2912 potui
1303 2833 1490 2887 melius
1515 2845 1673 2885 curas
1709 2830 1901 2901 quibus

317 2928 615 3001 premebar,
644 2941 799 2996 quam
818 2925 1059 2979 ubertate
1085 2924 1437 2995 lacrymarum
1458 2922 1739 2991 explicare.
1763 2920 1903 2988 Quid

317 3035 446 3090 ergo
476 3018 610 3073 ﬁet?
636 3016 986 3087 Nunquamne
1036 3032 1176 3084 meo,
1222 3030 1490 3086 nunquam
1526 3024 1709 3069 vestro
1737 3012 1900 3069 luctui

316 3110 472 3166 limes
497 3110 789 3165 statuetur?
809 3109 1028 3176 Quoties
1056 3123 1142 3163 me
1176 3108 1421 3163 videbitis
1458 3107 1761 3169 intrantem,
1791 3120 1895 3159 non

314 3199 592 3255 cessabitis
621 3207 830 3268 pectora
862 3196 1106 3263 tundere,
1128 3205 1183 3251 et
1220 3197 1446 3267 gemitus
1476 3196 1641 3251 dare?
1679 3194 1897 3261 Quoties

314 3303 414 3343 vos
436 3298 789 3358 congregatos
809 3286 1016 3352 videro,
1044 3287 1094 3339 in
1138 3285 1401 3372 lacrymas
1422 3285 1508 3339 ibo
1533 3293 1587 3340 et
1628 3284 1851 3353 suspiria
1873 3283 1899 3335 i

313 3374 536 3447 Tempus
558 3376 762 3447 lugendi
784 3373 980 3444 (Eccle.
1027 3390 1105 3440 tu,
1136 3374 1213 3443 4),
1251 3382 1305 3429 ει
1339 3372 1467 3427 mihi
1493 3381 1548 3427 et
1597 3373 1747 3427 vobis
1787 3373 1895 3425 cir-

312 3466 765 3535 cumscripseruut
796 3464 1005 3535 eloquia
1055 3463 1250 3518 divina.
1280 3463 1388 3518 Nec
1413 3462 1578 3527 dolui,
1630 3477 1747 3516 cum
1798 3476 1897 3516 vos

313 3559 672 3630 lacrymantes
700 3556 805 3610 vidi
846 3556 921 3626 (et
945 3555 1011 3611 ad
1061 3555 1246 3609 Lazari
1289 3554 1711 3609 recordationem
1750 3552 1898 3607 licvit

314 3648 571 3704 Dominus
617 3647 774 3702 .iesus
822 3647 1105 3711 Christus;
1147 3654 1201 3701 et
1221 3646 1309 3716 qui
1351 3661 1471 3701 eum
1504 3646 1717 3700 ﬂentem
1746 3642 1894 3699 vide-

313 3740 444 3796 bant
488 3738 654 3794 Judtci
705 3738 971 3803 dixerunt,
1020 3736 1153 3791 Ecce
1185 3735 1435 3808 quomodo
1473 3737 1712 3806 diligebat
1747 3734 1898 3789 eum!

317 3827 494 3902 [Ιοαη.
525 3844 604 3895 ιι,
635 3829 724 3895 55,
754 3825 844 3899 '56]
871 3828 924 3897 );
954 3826 1062 3881 imo
1092 3826 1286 3895 potius,
1317 3827 1361 3880 si
1390 3825 1514 3896 quid
1543 3826 1595 3879 in
1643 3825 1895 3897 lacrymis

312 3917 629 3989 jucundum,
659 3917 702 3970 si
736 3916 859 3987 quid
887 3927 1092 3986 gratum
1119 3929 1238 3970 esse
1264 3922 1457 3984 potest,
1489 3913 1618 3968 illud
1646 3929 1677 3969 e
1702 3914 1894 3969 vestris

314 4008 505 4080 collegi
537 4028 549 4063 :
579 4008 818 4064 dicebam
850 4009 989 4063 enim
1030 4008 1166 4062 intra
1194 4021 1300 4073 me,
1334 4006 1473 4062 Ecce
1515 4006 1783 4077 quomodo
1807 4006 1894 4062 di-

313 4100 545 4170 ligebant
570 4114 687 4155 eum
712 4117 727 4165 ;
757 4100 843 4169 qui
875 4108 1076 4169 patrem
1109 4106 1254 4152 tanto
1281 4097 1468 4153 affectu
1499 4096 1895 4168 prosequeban-

315 4199 422 4256 tur,
435 4191 677 4245 eumdem
696 4190 896 4246 dabunt
910 4197 964 4245 et
986 4188 1112 4256 lilio,
1126 4189 1214 4258 qui
1232 4204 1413 4243 eorum
1433 4196 1580 4258 pater
1596 4186 1765 4244 factus
1784 4198 1887 4256 est;

316 4277 584 4335 bmredem
613 4279 791 4333 oneris
823 4278 1014 4334 facient
1037 4277 1304 4333 hmredem
1329 4277 1562 4344 amoris;
1593 4279 1681 4349 qui
1707 4292 1894 4335 succe-

314 4368 395 4423 dit
417 4367 629 4436 honori,
651 4368 902 4424 succedet
932 4377 986 4423 et
1018 4367 1283 4422 charitati.
1321 4368 1524 4423 Bonum
1574 4367 1891 4439 ingredienti

312 4474 475 4515 omen
503 4469 584 4516 est
610 4459 702 4531 (τι),
734 4460 962 4529 antiquae
988 4459 1039 4514 in
1069 4469 1337 4529 pastorem
1370 4459 1669 4515 dilectionis
1694 4461 1748 4514 in
1772 4459 1889 4515 ovi-

315 4549 416 4603 bus
439 4550 586 4620 signa
608 4550 810 4605 videre.
840 4550 958 4605 Fiet
1001 4550 1199 4605 amoris
1240 4549 1517 4604 translatio
1559 4550 1613 4604 in
1661 4565 1781 4605 cum
1805 4551 1891 4608 cui

310 4637 450 4693 facta
467 4647 550 4694 est
570 4654 815 4694 curarum
841 4639 1054 4694 collatio
1079 4658 1092 4694 :
1123 4653 1221 4694 nec
1248 4647 1452 4695 mutato
1477 4648 1691 4711 pastore
1716 4656 1893 4698 cessa-

309 4727 444 4782 bunt
470 4742 590 4782 eum
619 4727 858 4799 diligere,
881 4731 968 4800 qui
986 4729 1145 4785 debet
1170 4745 1297 4786 oves
1339 4745 1573 4801 pascere,
1603 4731 1754 4801 cujus
1799 4748 1892 4788 vo-

308 4830 427 4872 cem
455 4818 688 4881 audient,
716 4828 769 4875 et
792 4820 882 4890 qui
906 4822 922 4853 ¹
953 4820 1063 4877 Dco
1084 4829 1239 4886 teste,
1272 4822 1595 4878 conscientia
1624 4832 1779 4892 teste,
1801 4840 1896 4895 pa-

313 4914 464 4961 ratus
490 4919 570 4962 est
597 4923 716 4963 cum
744 4909 1007 4978 adjutorio
1030 4910 1238 4965 Domini
1266 4926 1362 4981 pro
1381 4912 1707 4970 ovicularum
1734 4914 1893 4972 mini-

308 5010 397 5053 ma
421 4999 654 5053 animam
676 5015 827 5054 suam
852 5000 1159 5071 impendere
1185 5013 1238 5059 et
1267 5004 1755 5076 superimpendere.

379 5087 436 5141 2.
460 5085 517 5144 Si
538 5104 656 5159 quae
675 5091 810 5146 ratio
833 5090 1071 5159 dolendi,
1101 5094 1145 5147 si
1174 5092 1362 5161 tlendi;
1391 5101 1500 5150 tota
1522 5111 1638 5152 mea
1657 5106 1760 5162 est,
1784 5114 1889 5155 non

313 5184 515 5242 vestra,
546 5194 650 5233 non
692 5180 830 5249 eius,
858 5182 1010 5252 cujus
1037 5184 1299 5253 tangimur
1334 5185 1617 5243 desiderio.
1673 5188 1891 5248 Solutus

308 5276 396 5322 est
417 5268 530 5335 ille,
559 5270 769 5325 vinctus
792 5286 928 5341 ego;
952 5271 1179 5327 stadium
1200 5288 1469 5341 emensus,
1505 5293 1681 5332 curro.
1706 5279 1761 5334 lu
1794 5296 1890 5350 pa-

312 5356 417 5412 tria
440 5366 544 5426 est,
597 5359 739 5415 unde
784 5362 1091 5431 peregrinor
1119 5379 1133 5416 :
1160 5377 1314 5418 curas
1351 5380 1483 5435 quas
1531 5366 1793 5437 deposuit,
1838 5371 1891 5427 in

312 5447 435 5501 sinu
464 5461 585 5503 meo
612 5450 868 5520 reposuit.
912 5450 1132 5506 Clavum
1169 5452 1305 5508 bene
1346 5455 1534 5522 tenuit,
1567 5457 1633 5512 de
1660 5472 1745 5513 me
1766 5459 1892 5531 quid

313 5536 414 5594 lict
435 5540 615 5596 nescio
644 5558 658 5594 :
687 5543 908 5613 appulit,
955 5542 1170 5598 ﬂuctuo.
1223 5544 1265 5599 E
1312 5546 1487 5604 littore
1528 5547 1671 5605 videt
1698 5550 1891 5609 iratum

379 5667 397 5740 ξ
421 5674 579 5740 ἔοικεν
599 5677 645 5723 ει
659 5670 764 5735 eius
784 5687 944 5740 vocem
965 5676 1156 5740 αιιιέίεηι
1175 5687 1273 5740 σιω-

376 5728 451 5793 (a)
485 5739 499 5782 I
523 5728 747 5799 nam,
768 5748 871 5800 cap.
897 5738 941 5799 ί,
964 5749 1013 5785 n.
1038 5736 1086 5787 ὅ.

2007 2382 2243 2453 pelagus,
2265 2384 2500 2444 furentes
2526 2391 2789 2459 procellas
2819 2409 2835 2449 :
2865 2395 3117 2454 exclamo
3132 2398 3184 2454 in
3206 2402 3395 2460 mediis
3408 2403 3586 2465 ﬂucti-

2005 2473 2125 2541 bus,
2150 2475 2310 2532 Salva
2346 2495 2472 2545 nos,
2514 2483 2734 2553 perimus
2763 2484 2979 2555 (Matth.
3022 2505 3136 2557 vui,
3179 2491 3309 2565 25)!
3356 2496 3422 2553 Et
3461 2514 3593 2558 vero

2006 2566 2261 2636 perimus,
2289 2576 2344 2625 et
2359 2586 2481 2628 vere
2507 2574 2797 2643 periculum
2813 2586 2986 2649 urget,
3009 2588 3064 2637 et
3087 2598 3214 2640 vere
3229 2594 3385 2657 caput
3400 2604 3579 2646 meum

2004 2655 2246 2726 impellit,
2265 2674 2373 2715 non
2388 2676 2564 2718 meum
2583 2672 2785 2721 tantum
2804 2669 3113 2740 periculum,
3132 2674 3227 2731 sed
3244 2655 3305 2732 et
3315 2687 3547 2735 vestrum
3562 2696 3582 2748 ;

2002 2759 2129 2800 nam
2175 2747 2292 2804 sine
2328 2751 2487 2806 vobis
2520 2754 2699 2811 salvus
2722 2771 2841 2813 esse
2874 2774 2978 2815 non
3010 2776 3246 2831 possum.
3275 2765 3585 2827 Vestrarum

2001 2837 2298 2896 animarum
2313 2841 2541 2912 jactura,
2568 2861 2686 2901 mea
2713 2856 2814 2904 est.
2836 2849 3102 2923 Quidquid
3127 2855 3352 2913 Domino
3373 2875 3496 2915 meo
3513 2860 3584 2918 de

2002 2929 2152 2985 vobis
2173 2932 2331 3002 perit,
2360 2936 2594 3004 periculo
2611 2953 2731 2994 meo
2759 2941 2893 3010 perit
2920 2960 2934 2997 :
2966 2944 3225 3002 rationem
3255 2963 3372 3005 sum
3398 2952 3580 3008 reddio

2002 3028 2185 3089 turus,
2233 3023 2413 3094 pellem
2451 3044 2546 3094 pro
2583 3029 2713 3100 pelle
2766 3031 2784 3099 (
2802 3031 2903 3089 Job
2937 3049 3010 3099 ιι,
3039 3036 3130 3109 4).
3184 3038 3609 3101 Μὶεειὶεοιάεηικ

2000 3109 2287 3168 Dominum
2306 3115 2497 3183 habeo,
2523 3118 2620 3173 sed
2648 3120 2877 3190 rigidum
2897 3133 3322 3196 computatorem
3353 3149 3369 3185 :
3398 3136 3593 3189 ovicu-

2001 3200 2081 3257 las
2109 3218 2232 3259 suas
2261 3207 2498 3276 quotidie
2518 3221 2783 3279 numerat,
2814 3213 2909 3270 has
2938 3214 2991 3271 in
3019 3220 3265 3276 manibus
3286 3222 3595 3295 descriptas

2001 3290 2181 3360 habet,
2205 3297 2369 3367 exigit
2392 3313 2695 3366 numerum,
2736 3318 2892 3373 quem
2920 3308 2966 3361 si
2993 3323 3101 3364 non
3148 3290 3593 3383 reddidero,-iu-.

1999 3398 2130 3453 gens
2157 3386 2317 3454 capiti
2362 3402 2484 3444 meo
2522 3391 2814 3460 periculum
2845 3405 3077 3454 creatur.
3108 3399 3335 3470 Videte,~
3366 3402 3583 3472 fratres,

1998 3477 2046 3528 si
2087 3476 2349 3532 sarcinam
2397 3494 2572 3537 meam
2624 3485 2974 3543 considerans
3015 3505 3047 3546 a
3075 3491 3327 3564 laerymis
3367 3510 3589 3566 possum

1998 3570 2316 3636 temperare,
2338 3567 2385 3623 si
2406 3569 2473 3626 de
2498 3572 2646 3642 gravi
2674 3589 2841 3633 onere
2867 3593 3125 3637 meo-non
3142 3582 3271 3639 mihi
3290 3584 3583 3645 dolendum

1998 3664 2100 3709 est.
2149 3655 2368 3712 Pondus
2404 3675 2581 3716 meum
2614 3663 2890 3734 alleviate;
2931 3667 3361 3730 facietcharitas
3407 3687 3584 3735 vestra

1998 3742 2139 3812 quod
2167 3744 2399 3801 immane
2449 3756 2534 3804 est
2556 3751 2782 3809 mitius:
2820 3764 2895 3811 et.
2919 3757 3211 3826 adiuvante
3244 3762 3488 3832 Domino,
3526 3775 3587 3823 et

1997 3845 2184 3902 pastor
2210 3844 2264 3890 et
2285 3837 2511 3895 oviculae
2550 3855 2747 3911 pascua
2790 3845 3093 3917 invenient,
3124 3859 3180 3906 et
3221 3864 3498 3927 postquam
3526 3859 3581 3914 in

1996 3923 2219 3980 meridie
2240 3927 2571 3998 cubaverint,
2599 3935 2886 3991 accumbam
2906 3954 3022 3993 cum
3047 3938 3325 4012 Abraham,
3358 3923 3511 4002 lsaac
3533 3958 3585 4003 et

1993 4012 2158 4069 Iacob
2183 4016 2403 4106 (Matth.
2430 4037 2550 4088 vin,
2599 4023 2715 4096 ιι),
2741 4026 2831 4082 ubi
2851 4043 2954 4082 non
2981 4030 3076 4084 erit
3118 4033 3219 4100 sol,
3257 4050 3414 4106 neque
3446 4037 3583 4094 ullus

1994 4113 2148 4159 ωειιιε
2171 4104 2353 4179 (Apoc.
2384 4125 2487 4179 vn,
2504 4110 2614 4186 ιε),
2643 4114 2819 4171 sed-in
2839 4118 3029 4175 umbra
3057 4120 3267 4178 Domini
3291 4104 3391 4194 pax
3417 4134 3472 4182 et
3490 4142 3584 4183 re-

1996 4197 2287 4270 frigerium,
2311 4203 2525 4273 quando
2552 4204 2723 4262 luctus
2752 4216 2935 4265 noster
2955 4221 3190 4270 vertetur
3205 4214 3259 4271 in
3276 4218 3578 4290 cytbaram,

1995 4298 2048 4345 et
2070 4306 2233 4354 voces
2255 4291 2505 4352 ﬂentium,
2526 4296 2579 4351 in
2601 4306 2790 4356 cautus
2812 4302 3217 4363 exsultantium.

2067 4384 2122 4440 3.
2154 4384 2443 4451 Caeterum,
2489 4387 2843 4461 dilectissimi,
2873 4394 3000 4451 dum
3037 4396 3108 4454 de
3129 4409 3345 4470 pastore
3393 4414 3580 4475 erepto

1995 4472 2258 4545 lugemus,
2304 4476 2548 4536 nascitur.
2564 4478 2632 4536 de
2672 4483 2879 4551 perdito
2916 4486 3079 4544 fratre
3103 4489 3318 4548 dolendi
3340 4472 3577 4551 occasio.

1997 4563 2283 4621 Pmcisum
2313 4575 2398 4622 est
2434 4582 2465 4623 a
2496 4569 2650 4626 nobis
2692 4574 3011 4644 membrum,
3041 4593 3166 4648 pars
3222 4584 3389 4639 nostri
3438 4584 3579 4642 facta

1995 4665 2079 4710 est
2104 4671 2227 4726 pars
2270 4657 2485 4727 Donati,
2510 4663 2720 4720 transiit
2747 4666 2903 4724 miles
2928 4668 3137 4726 Domini
3161 4671 3229 4727 ad
3255 4675 3583 4731 castraPhi-

1997 4745 2319 4815 listinorum,
2349 4759 2405 4805 et
2429 4750 2497 4810 de
2524 4768 2650 4811 vase
2677 4755 2897 4814 honoris
2937 4757 3131 4814 factum
3155 4772 3238 4817 est
3275 4778 3370 4820 vas
3408 4765 3581 4822 dede-

1996 4835 2155 4892 coris.
2185 4835 2477 4911 lntelligitis
2499 4842 2626 4914 quid
2655 4844 2795 4902 dico.
2817 4846 2979 4904 Miser
2996 4849 3084 4905 ille
3110 4849 3583 4912 Rusticianust

1995 4927 2215 5000 tigensis
2242 4931 2497 4989 diaconus
2526 4935 2925 4994 Sacramentum
2960 4941 3103 5012 quod
3131 4943 3389 5002 Ecclesia:
3416 4947 3583 5005 debe-

1996 5018 2108 5088 bat,
2146 5021 2361 5092 abjecit,
2393 5033 2450 5081 et
2474 5026 2717 5084 ordinem
2760 5043 2911 5086 suum
2946 5031 3145 5089 infideli
3174 5036 3581 5108 participatione

1997 5111 2204 5181 polluit.
2233 5113 2369 5182 Quid
2412 5131 2519 5172 non
2548 5116 2676 5187 feci,
2696 5134 2834 5190 quos
2861 5137 2968 5177 non
2994 5122 3210 5180 adhibui
3239 5138 3483 5190 conatus.
3514 5137 3574 5183 ut

1997 5202 2050 5256 in
2083 5205 2431 5276 prrecipitium
2455 5216 2707 5265 ruentem
2729 5210 2785 5265 in
2811 5211 2970 5281 plano
2998 5213 3341 5284 collocarem,
3374 5224 3430 5274 et
3471 5231 3573 5273 ex-

1999 5291 2222 5349 imerem
2251 5297 2509 5366 periculo,
2532 5297 2622 5368 qui
2645 5301 2934 5370 periculum
2952 5304 3163 5360 amabat
3184 5306 3236 5360 in
3256 5321 3364 5376 quo
3389 5306 3580 5375 periit!

1997 5379 2049 5436 Is
2077 5382 2246 5451 prima
2269 5393 2325 5440 et
2356 5400 2551 5456 urgens
2577 5387 2676 5444 fuit
2703 5405 2999 5461 cura-mea,
3027 5394 3118 5465 qui
3158 5410 3300 5451 nunc
3324 5403 3407 5451 est
3423 5395 3580 5453 dolor

1998 5488 2171 5530 meus.
2224 5474 2482 5535 Noleham
2532 5480 2664 5536 mihi
2712 5483 2952 5541 subtrahi
3002 5486 3058 5541 in
3103 5488 3223 5558 ipso
3255 5489 3435 5544 oneris
3475 5490 3580 5546 mei

1998 5564 2239 5652 exordio,
2261 5582 2415 5636 quem
2436 5585 2466 5625 a
2482 5571 2611 5628 satis
2631 5572 2790 5646 longo
2811 5581 3051 5647 tempore
3070 5578 3314 5634 videbam
3331 5588 3579 5652 tanquam

2001 5651 2174 5723 fulgur
2194 5654 2263 5711 de
2288 5658 2427 5714 cmlo
2453 5660 2729 5719 cadentem
2765 5662 2915 5733 (Luc.
2946 5682 3002 5731 ι,
3035 5666 3146 5736 18).
3176 5666 3246 5723 Et
3274 5668 3397 5726 licet
3440 5651 3576 5741 ipse.

2003 5745 2333 5816 exigentibus
2360 5751 2588 5821 peccatis
2618 5754 2750 5826 svis,
2773 5770 2804 5811 a
2831 5755 3058 5814 Domino
3091 5756 3264 5815 deseri
3290 5761 3564 5829 meruerit;
