4108 6198
533 313 637 370 755

527 422 682 477 doleo
727 427 900 474 tamen
942 415 1081 486 quod
1105 415 1171 469 de
1209 430 1275 469 eo
1318 412 1381 467 ad
1411 413 1690 466 Dominum
1719 422 1893 463 meum
1924 407 2102 460 dicere

533 528 636 568 non
666 521 901 582 possum,
932 505 1063 561 Ecce
1110 521 1188 560 me
1234 522 1346 560 cum
1379 505 1549 572 pueris
1600 517 1722 571 quos
1777 499 1956 554 dedisti
1985 496 2104 550 mihi

533 598 684 675 (lsai.
705 614 824 664 vin,
856 596 970 668 18).

600 693 654 746 4.
678 690 836 745 Vobis
853 689 1294 744 omnibusnotum
1319 685 1450 748 scio,
1469 692 1522 737 et
1551 692 1654 737 tam
1679 681 1817 736 bene
1837 680 1968 746 scio,
1987 677 2108 748 quia

528 784 642 840 scio
698 792 993 837 vestrorum
1046 779 1225 833 multis
1281 791 1456 831 moras
1515 787 1647 845 quas
1699 773 1786 827 hic
1833 770 2104 834 trahebat,

529 872 883 942 displicuisse.
913 871 1131 938 Quoties
1159 866 1492 922 venerandus
1520 863 1702 920 noster
1729 863 1993 926 Valerius,
2024 875 2109 913 me

532 973 813 1032 prazsente,
842 978 961 1016 eum
994 961 1279 1015 visceribus
1303 959 1534 1028 paternis
1555 957 1686 1012 dixit
1711 955 1775 1009 ad
1805 970 1947 1019 eum,
1972 952 2108 1018 Quid

537 1056 623 1110 hic
650 1055 804 1126 agis?
826 1052 936 1109 Cur
958 1053 1236 1108 stationem
1263 1059 1403 1104 tuam
1427 1049 1670 1103 deseris?
1699 1047 1807 1102 Cur
1835 1045 2111 1115 presbyte-

535 1163 594 1206 ro
623 1156 710 1202 tuo
739 1163 842 1201 non
871 1144 1206 1201 collaboras?
1233 1139 1942 1211 CurllippunemMutigcme
1971 1152 2111 1207 prae-

535 1238 659 1303 fers,
720 1239 803 1293 cui
855 1237 1097 1305 alligatus
1140 1235 1235 1289 es?
1284 1234 1349 1287 Et
1394 1248 1514 1286 eum
1573 1230 1920 1300 responderet
1959 1243 2016 1281 se
2045 1227 2112 1280 ad

536 1328 874 1384 solitudinem
895 1327 1112 1381 minime
1143 1325 1387 1378 idoneum
1419 1322 1748 1384 clericatum,
1800 1334 1904 1372 non
1933 1332 2116 1371 mona-

537 1421 748 1474 chatum
775 1417 974 1480 iniisse,
997 1431 1055 1470 se
1077 1415 1250 1470 nullos
1271 1413 1550 1482 Mutigenze
1568 1411 1762 1466 habere
1789 1425 1907 1464 cum
1927 1408 2116 1475 quibus

543 1517 876 1572 versaretur;
924 1505 1277 1575 respondebat
1313 1515 1529 1558 sanctus
1573 1516 1758 1567 senex,
1793 1500 2041 1569 Alligatus
2065 1514 2116 1551 es

543 1599 708 1664 uxori,
754 1597 860 1652 noli
907 1611 1128 1666 quwrere
1173 1595 1468 1648 solutionem
1497 1591 1537 1667 (1
1563 1593 1682 1647 Cor.
1723 1608 1816 1655 vn,
1845 1591 1935 1660 9.7)
1971 1608 1984 1644 :
2029 1599 2114 1643 tua

544 1698 626 1744 est
656 1688 892 1743 Ecclesia
924 1685 1250 1755 Mutigensis,
1270 1699 1373 1739 non
1403 1693 1617 1746 nostra;
1650 1682 1715 1736 ad
1747 1697 1862 1737 eam
1897 1696 2108 1744 nomen,

544 1796 651 1836 non
681 1779 748 1834 ad
768 1779 1063 1848 Hipponem
1090 1776 1278 1831 dedisti
1298 1794 1311 1830 :
1331 1789 1510 1829 nonne
1545 1774 1740 1828 saeculo
1767 1771 2117 1828 renuntiasti?

543 1883 719 1923 nonne
745 1868 954 1932 amicis,
993 1881 1168 1922 nonne
1213 1865 1495 1936 sanguini?
1535 1865 1794 1919 Audiebat
1831 1865 2112 1928 dicentem,

544 1956 637 2012 sed
667 1957 804 2011 male
849 1956 1116 2020 audiebat,
1171 1956 1258 2025 qui
1302 1955 1499 2009 dicenti
1545 1970 1648 2008 non
1708 1955 2116 2024 obsequebatur.

547 2050 685 2117 Quid
717 2049 907 2103 factum
939 2048 1062 2102 est?
1087 2047 1216 2102 Cum
1243 2048 1370 2101 satis
1393 2046 1612 2101 festivus
1639 2048 1944 2112 haberetur,
1970 2045 2120 2099 indo-

545 2143 717 2212 lisque
732 2140 798 2194 ad
815 2140 1189 2194 scurrilitatem
1209 2137 1555 2208 proclivioris,
1581 2139 1722 2194 inter
1757 2153 1921 2208 nugas
1947 2153 2118 2192 smcu-

546 2233 604 2298 li,
635 2234 774 2296 inter
815 2231 1053 2286 convivia
1080 2240 1172 2297 ,et
1213 2231 1632 2298 compotationes
1681 2229 1930 2292 diurnas,
1978 2244 2122 2297 saepe

549 2323 708 2379 etiam
733 2329 1039 2387 nocturnas,
1083 2319 1294 2374 tandem
1318 2319 1508 2374 defecit
1533 2337 1544 2372 :
1573 2320 1864 2375 exstinctus
1893 2327 1976 2374 est
2007 2319 2121 2389 spi-

555 2416 692 2470 ritus
714 2413 918 2469 timoris
946 2413 1156 2468 Domini
1187 2431 1200 2465 :
1233 2412 1300 2467 de
1324 2413 1432 2466 luto
1464 2412 1514 2466 in
1543 2412 1709 2466 lutum
1756 2412 2118 2481 provolvitur:

549 2502 770 2560 alternis
790 2503 992 2577 vicibus
1019 2511 1073 2558 et
1092 2503 1226 2557 alios
1271 2504 1497 2557 invitans
1525 2512 1578 2557 et
1613 2504 1681 2558 ab
1707 2505 1826 2558 aliis
1848 2503 2121 2567 invitatus,

547 2593 849 2650 etconviva
893 2602 948 2650 et
987 2595 1304 2658 convivans,
1334 2609 1456 2650 cum
1495 2595 1587 2650 teri
1616 2595 1757 2665 quod
1787 2604 2125 2650 contraxerat

549 2683 804 2755 solvendo
842 2697 948 2738 non
975 2692 1136 2749 esset,
1187 2692 1241 2739 et
1266 2700 1294 2738 a
1339 2685 1692 2740 creditoribus
1737 2695 2039 2755 urgeretur,
2071 2695 2126 2742 et

552 2787 614 2828 se
641 2773 960 2843 quotidianis
989 2773 1286 2845 implicaret
1307 2775 1598 2842 erroribus,
1625 2785 1679 2831 et
1707 2775 1947 2846 plurimis
1968 2792 2126 2832 sean-

553 2865 734 2920 dalum
764 2875 991 2932 crearet,
1025 2866 1234 2921 tandem
1255 2881 1285 2920 a
1315 2868 1629 2939 presbytero
1651 2883 1747 2923 suo
1767 2871 2129 2924 excommuni-

556 2963 725 3023 catus,
753 2955 820 3010 ad
847 2955 1148 3012 Donatistas
1172 2958 1470 3029 transfugit,
1495 2968 1548 3014 et
1573 2961 1640 3014 ab
1664 2974 1848 3015 eorum
1877 2963 2128 3030 episc0po

558 3058 664 3098 non
695 3053 894 3099 tantum
917 3052 1192 3114 exceptus,
1236 3045 1378 3116 quod
1423 3055 1606 3103 contra
1633 3049 1719 3118 jus
1767 3049 2128 3104 Ecclesiarum

559 3143 671 3200 est;
699 3148 803 3189 non
835 3143 1038 3189 tantum
1065 3135 1418 3205 rebaptizatus
1456 3147 1557 3204 est,
1583 3139 1724 3209 quod
1751 3141 1970 3210 impium
1999 3148 2082 3196 est
2113 3159 2126 3195 :

555 3225 649 3280 sed
677 3225 837 3281 etiam
864 3225 1140 3296 diaconus,
1165 3228 1308 3299 quod
1348 3230 1576 3286 maxime
1603 3231 1911 3304 lugendum,
1960 3232 2132 3290 factus

552 3323 652 3373 est.

626 3409 680 3465 5.
717 3408 844 3465 limc
883 3423 982 3481 ego
1026 3425 1147 3466 cum
1175 3413 1401 3482 primutn
1431 3416 1632 3484 accepi,
1663 3417 1846 3472 aberat
1873 3435 2134 3476 veneran-

559 3501 660 3553 dus
682 3513 844 3554 senex
871 3510 1052 3556 noster
1077 3503 1316 3559 Valerius
1341 3522 1354 3557 :
1387 3505 1481 3558 sed
1521 3517 1784 3562 commota
1811 3510 2014 3565 viscera
2054 3511 2134 3566 di-

562 3588 811 3643 lationem
843 3590 1061 3645 minime
1090 3606 1242 3661 passa
1273 3602 1412 3648 sunt.
1445 3595 1700 3666 Ingemui,
1737 3599 1895 3665 dolui,
1949 3617 2042 3670 pro
2070 3618 2134 3658 eo

562 3680 614 3735 in
644 3691 932 3750 conspectu
964 3682 1173 3737 Domini
1213 3684 1316 3739 mei
1345 3685 1504 3741 effudi
1548 3689 1776 3743 animam
1825 3707 2014 3746 meam.
2070 3695 2135 3748 Et

560 3772 683 3842 quia
713 3772 842 3828 mihi
864 3787 893 3826 a
922 3773 1101 3828 nmltis
1118 3774 1342 3830 relatum
1371 3775 1561 3844 fuerat,
1581 3779 1903 3835 Macrobium
1931 3784 2137 3852 episeo-

562 3877 684 3932 pum
729 3863 1068 3929 donatistam,
1116 3864 1183 3920 ad
1212 3881 1367 3936 quem
1409 3868 1735 3940 confugerat,
1787 3874 1960 3927 virum
2017 3889 2136 3930 esse

565 3953 865 4023 pacificum,
896 3971 1001 4009 non
1028 3955 1184 4026 longe
1209 3971 1237 4010 a
1268 3973 1431 4028 regno
1461 3959 1552 4015 Dei
1596 3970 1650 4016 et
1674 3978 1702 4016 a
1725 3966 2008 4021 concordia
2031 3967 2136 4021 fra-

566 4055 725 4112 trum,
753 4048 840 4116 qui
868 4048 912 4100 si
937 4047 1142 4118 aliquos
1180 4049 1551 4121 rebaptizaret,
1592 4053 1641 4108 id
1665 4055 1858 4112 invitus
1884 4058 2084 4117 faceret
2119 4079 2132 4116 :

564 4135 704 4191 hunc
730 4137 920 4192 litteris
948 4139 1229 4194 convenire
1253 4143 1430 4204 statui.
1472 4153 1524 4198 et
1558 4159 1713 4215 quam
1736 4148 1943 4204 obnixis
1969 4153 2139 4221 preci-

565 4227 662 4283 bus
687 4228 752 4283 ad
775 4244 894 4284 eum
922 4243 1016 4298 per
1040 4231 1238 4286 amicos
1258 4247 1436 4302 agere,
1459 4244 1516 4290 ut
1541 4236 1592 4290 in
1610 4238 1932 4296 subdiacono
1952 4259 2136 4301 nostro

566 4319 892 4388 Baptismum
924 4321 1118 4376 Christi
1141 4339 1244 4378 non
1272 4327 1598 4396 exsufflaret,
1631 4346 1728 4386 nec
1756 4333 1943 4388 iterum
1966 4336 2137 4404 bapti-

562 4421 725 4475 zaret,
750 4427 906 4480 quem
945 4413 996 4466 in
1021 4415 1233 4470 nemine
1259 4417 1348 4472 Dei
1377 4428 1430 4473 et
1451 4419 1767 4493 baptizatum
1800 4435 1853 4480 et
1880 4427 2137 4497 signatum

564 4499 722 4558 fuisse
742 4517 844 4556 non
875 4504 1119 4559 nesciret.
1143 4506 1304 4576 [Egre
1331 4509 1531 4566 litteras
1559 4524 1766 4570 nostras
1785 4516 2025 4572 admisit:
2046 4521 2141 4576 sed

564 4593 774 4648 tandem
798 4594 1003 4650 Maximi
1022 4608 1074 4652 et
1094 4597 1379 4666 Theodori,
1403 4603 1589 4673 quibus
1612 4607 1737 4661 illud
1753 4610 1946 4680 negotii
1965 4611 2142 4686 injun-g

565 4701 831 4753 xeramus,
865 4689 1108 4756 precibus
1130 4690 1348 4747 adactus
1372 4704 1473 4758 est,
1503 4702 1558 4748 ut
1581 4710 1670 4751 eas
1692 4699 1898 4754 recitari
1919 4702 2138 4767 sineret,

567 4788 618 4832 et
645 4776 760 4848 ipse
800 4777 959 4832 etiam
992 4779 1444 4852 legeret:quibus
1481 4784 1610 4838 nihil
1656 4788 1796 4842 aliud
1842 4793 2137 4862 respondit,

564 4884 744 4939 quam,
777 4867 896 4924 Non
924 4887 1128 4940 possunt
1156 4872 1253 4926 nisi
1281 4872 1348 4926 ad
1396 4891 1474 4928 me
1498 4877 1742 4932 venientes
1783 4882 2051 4951 suscipere,
2096 4893 2145 4938 et

565 4960 752 5015 eisdem
773 4960 924 5031 dem
958 4979 1109 5033 quam
1153 4964 1510 5034 postulaverint
1551 4969 1672 5023 dare
1696 4969 1789 5041 (a).
1811 4969 2046 5043 Cumque
2075 4974 2144 5031 de

567 5049 819 5106 Primiani
849 5051 986 5106 facto
1015 5053 1293 5114 instarent.
1320 5055 1451 5110 dixit
1476 5074 1581 5113 non
1612 5074 1729 5115 esse
1747 5062 1836 5115 lii
1869 5063 1920 5116 in
1940 5074 2144 5132 patrem

573 5140 860 5210 inquirere.
894 5141 961 5195 Et
989 5141 1111 5212 quia
1157 5159 1253 5212 per
1282 5144 1486 5201 litteras
1523 5165 1655 5217 quas
1703 5152 1768 5206 ad
1821 5153 2141 5211 Macrobium

570 5231 714 5296 dedi,
749 5231 998 5301 rogabam
1027 5243 1083 5287 ut
1112 5236 1459 5304 responderet
1486 5253 1602 5308 qum
1629 5255 1810 5296 coram
1833 5244 2028 5314 populo
2050 5263 2145 5300 no-

571 5333 683 5378 stro
705 5323 1039 5395 legerentur;
1066 5325 1111 5379 si
1140 5341 1266 5381 vero
1296 5339 1588 5396 recusaret,
1614 5348 1698 5386 me
1727 5343 1935 5391 nostras
1955 5337 2144 5392 recita-

571 5422 762 5481 turum,
813 5430 935 5470 cum
981 5416 1210 5485 primum
1263 5419 1511 5476 abessent
1557 5425 1749 5479 milites
1802 5425 1920 5497 (b);
1966 5427 2146 5498 hodie,

573 5504 780 5571 fratres,
805 5505 961 5562 fidem
991 5521 1160 5561 meam
1206 5508 1395 5577 libero,
1432 5511 1606 5569 nullus
1658 5515 1809 5571 adest
1849 5519 1938 5589 qui
1984 5521 2149 5591 possit

632 5632 684 5751 in
741 5634 853 5684 vide
875 5633 1122 5698 epistolam
1153 5636 1236 5686 107
1262 5638 1389 5687 inter
1499 5695 1504 5699 ,
1529 5645 1788 5696 tstinianas.

658 5635 708 5754 ft;
740 5697 905 5745 Confer
929 5699 1175 5754 Attgustini
1201 5699 1451 5754 enhtoiam
1579 5717 1658 5753 nn.
1687 5707 1733 5754 6.

658 5694 708 5754 b)
740 5694 1175 5759 Confer'augustini
1201 5699 1451 5767 epistolam
1477 5694 1551 5763 ,
1579 5717 1658 5753 nn.
1687 5707 1733 5766 6,
1757 5694 1804 5757 .

1063 307 1150 361 DE
1193 300 1596 360 RUSTICIANO
1633 292 2061 357 SUBDIACONO
2100 289 2328 346 SERMO
2362 290 2416 345 S.
2461 291 2848 350 AUGUSTINO
2886 292 3248 349 TRIBLITL'S.

3696 293 3801 348 136

2216 405 2396 457 turbas
2413 402 2575 470 ciere,
2607 404 2726 458 novi
2759 419 2851 459 vos
2876 419 3063 460 omnes
3079 404 3141 458 ad
3160 404 3496 458 concordiam
3517 415 3571 458 ct
3590 405 3652 458 ad
3672 408 3803 461 alio.

2216 507 2312 547 nos
2339 494 2737 564 amplectendos
2763 497 3117 565 promptiores
3140 511 3259 549 esse
3282 512 3438 562 quam
3461 505 3515 549 ut
3547 497 3797 563 excitem,

2216 585 2418 640 litteras
2445 585 2510 640 ad
2533 585 2855 641 Macrobium
2889 587 3122 656 profero,
3160 599 3214 641 ut
3239 598 3478 643 actorum
3512 589 3640 642 nihil
3671 605 3799 644 con-

2215 677 2489 731 scientiam
2517 685 2744 731 vestram
2772 679 2967 742 lateat;
3000 678 3091 732 scd
3123 679 3259 748 apud
3297 680 3459 732 Deum
3486 690 3538 733 et
3559 679 3800 735 homines

2219 768 2534 836 innotescat,
2564 785 2719 839 quam
2743 770 2950 824 sincero
2973 773 3152 832 corde,
3179 788 3332 840 quam
3354 771 3800 840 pacificoaffectu,

2221 859 2510 928 inspirante
2556 861 2782 915 Domino
2810 878 2919 916 rem
2956 863 3310 916 tractaret-im.
3341 862 3494 928 Quod
3547 864 3589 916 si
3621 875 3806 932 postea

2221 952 2355 1020 perit
2378 951 2538 1006 frater
2560 962 2758 1018 noster,
2805 953 2854 1007 in
2886 968 3002 1021 sua,
3033 969 3135 1007 non
3179 955 3228 1007 in
3255 964 3432 1007 nostra
3478 955 3803 1008 conscientia

2221 1041 2430 1110 peribit.
2479 1041 2664 1096 Veniet
2708 1043 2986 1109 Dominus,
3020 1044 3106 1112 qui
3141 1043 3238 1097 hos
3280 1051 3334 1098 et
3373 1060 3458 1098 me
3497 1044 3757 1114 judicabit
3789 1064 3804 1098 :

2224 1133 2401 1186 veniet
2427 1142 2592 1198 certe,
2624 1132 2948 1188 frumentum
2991 1145 3317 1202 asserturus,
3348 1137 3552 1206 paleam
3593 1137 3803 1207 disper-

2221 1239 2394 1276 surus.
2426 1226 2602 1293 Aquas
2633 1234 2861 1290 nostras,
2893 1240 3025 1294 quas
3053 1234 3329 1295 tanIOpere
3355 1225 3664 1293 formidant,
3689 1229 3806 1295 ipse

2223 1313 2545 1367 examinabit
2571 1322 2624 1368 et
2653 1328 2830 1368 coram
2863 1315 3108 1369 omnibus
3141 1315 3571 1371 nzanifestissime
3594 1318 3804 1384 judica-

2222 1403 2316 1467 bit,
2350 1419 2416 1456 an
2450 1419 2580 1473 quas
2613 1404 2840 1473 pollutas
2883 1405 3151 1468 duxerint,
3205 1407 3317 1475 ipse
3355 1423 3564 1476 quoque
3593 1407 3804 1462 habeat.

2221 1497 2378 1552 Certe
2414 1497 2649 1551 videbunt
2696 1499 2748 1550 in
2777 1513 2925 1567 quem
2963 1508 3281 1568 pupugrrunt
3329 1498 3505 1567 (Joan.
3556 1514 3665 1564 ,
3690 1498 3805 1570 37).

2222 1590 2358 1657 Quid
2385 1589 2524 1644 enim
2567 1599 2647 1644 est
2675 1589 2814 1642 aliud
2865 1589 3212 1643 christianum
3254 1591 3602 1659 rebaptizare,
3646 1606 3807 1660 quam

2225 1683 2505 1736 Dominum
2555 1682 2744 1736 iterum
2786 1682 3063 1750 pungere?
3110 1682 3326 1749 Signum
3375 1681 3534 1750 Regis
3579 1682 3806 1750 accepit,

2225 1789 2435 1828 crucem
2477 1772 2712 1837 admisit,
2755 1773 2807 1825 in
2850 1781 3019 1826 morte
3062 1773 3254 1826 Christi
3287 1774 3481 1828 tinctus
3534 1774 3811 1843 est:quid

2222 1864 2365 1917 aliud
2395 1863 2542 1928 facis,
2573 1864 2660 1932 qui
2689 1863 2846 1917 talem
2874 1863 2958 1917 bis
2988 1863 3243 1932 baptizas,
3275 1866 3361 1934 qui
3397 1865 3555 1935 Regis
3595 1865 3808 1934 signum

2225 1955 2496 2019 cxsufflas,
2528 1956 2615 2025 qui
2645 1970 2856 2011 crucem
2881 1955 3160 2024 expungis,
3189 1971 3346 2023 quam
3372 1967 3594 2010 mortem
3621 1957 3810 2018 Domi-

2225 2051 2276 2103 ni
2302 2050 2513 2103 inanem
2551 2056 2603 2102 et
2633 2063 2852 2101 vacuam
2881 2046 3124 2109 reddere,
3174 2056 3226 2100 et
3277 2049 3577 2102 universam
3622 2048 3811 2103 salutis

2224 2151 2419 2196 nostra:
2439 2140 2886 2210 diSpensationem
2914 2141 3142 2193 ostentui
3167 2138 3385 2194 habere?

2297 2233 2348 2287 6.
2379 2233 2525 2301 Aqua
2554 2238 2732 2285 n'istra
2765 2247 2870 2284 non
2897 2239 2980 2284 est
3007 2231 3198 2294 aliena,
3230 2231 3378 2300 virgo
3410 2239 3491 2285 est
3520 2240 3574 2286 et
3602 2241 3809 2297 sancta;

2229 2323 2281 2378 in
2323 2321 2522 2377 fontem
2563 2330 2802 2375 nostrum
2838 2320 3114 2374 descendit
3149 2319 3411 2388 Spiritus,
3441 2335 3574 2389 quos
3619 2321 3813 2377 irrorat

2227 2414 2396 2468 sancti
2424 2421 2549 2466 sunt
2572 2430 2584 2465 :
2613 2411 2824 2465 videant
2849 2427 2951 2481 qua
2979 2413 3275 2466 temeritate
3297 2413 3523 2480 pollutos
3550 2423 3810 2479 astruaut,

2229 2517 2363 2572 quos
2400 2503 2590 2557 talibus
2636 2501 2793 2555 undis
2836 2515 3083 2570 aSpcrsos
3125 2503 3391 2556 noverint.
3503 2504 3812 2574 Sicrilrgam

2229 2595 2513 2650 novitatem
2536 2595 2549 2648 !
2630 2608 2812 2649 vocem
2832 2593 3043 2661 impiam
3067 2594 3080 2647 l
3109 2592 3466 2647 Sanctificavit
3494 2594 3630 2648 Deus
3651 2609 3818 2664 aquas

2230 2689 2283 2742 in
2323 2687 2474 2742 initio
2517 2686 2699 2740 mundi
2748 2701 2843 2755 per
2888 2685 3114 2754 Spiritus
3161 2685 3550 2740 incubationem
3579 2729 3593 2753 ,
3625 2703 3688 2742 ex
3737 2689 3817 2742 eis

2233 2787 2310 2832 tot
2354 2787 2406 2832 et
2458 2787 2604 2831 tanta
2639 2777 2945 2846 prodierunt
2979 2777 3231 2831 miracula
3261 2817 3276 2842 ,
3308 2794 3426 2848 quae
3470 2778 3536 2832 de
3559 2794 3816 2849 aquarum

2233 2879 2534 2924 nostrarum
2577 2871 2855 2923 sanctitate
2904 2884 3000 2922 nos
3051 2868 3362 2934 erudirent,
3389 2880 3443 2922 et
3480 2869 3548 2925 de
3596 2872 3821 2926 veritate

2231 2975 2455 3030 quorum
2479 2960 2677 3012 umbra:
2703 2969 2872 3024 erant,
2893 2959 3232 3027 instruerent,
3255 2970 3307 3012 ct
3328 2959 3394 3014 de
3419 2963 3822 3032 regeneratiune

2233 3068 2389 3120 quam
2421 3052 2470 3104 in
2504 3051 2654 3121 aquis
2685 3051 2956 3106 haurimus
2996 3061 3172 3107 certos
3203 3053 3463 3118 facerent;
3495 3062 3547 3108 et
3575 3070 3664 3108 eas
3692 3057 3823 3110 alie-

2234 3158 2330 3197 nas
2359 3152 2577 3206 vocant,
2609 3151 2662 3197 et
2685 3142 2752 3195 ab
2777 3142 2860 3195 his
2886 3143 3176 3208 abstinent,
3205 3152 3258 3198 et
3284 3143 3568 3199 mendaces
3594 3144 3776 3199 dicunt
3803 3188 3820 3211 ,

2235 3244 2289 3290 et
2312 3249 2522 3289 onmem
2551 3235 2627 3289 eis
2652 3234 2807 3289 fidem
2835 3234 3122 3305 abrogant!
3157 3236 3268 3290 Erit
3297 3237 3472 3307 itaque
3498 3252 3658 3291 verax
3683 3253 3823 3308 aqua

2237 3327 2683 3397 Primiani,quem
2713 3336 2821 3381 tam
2851 3327 3065 3381 immani
3095 3327 3432 3384 anathemate
3455 3332 3822 3399 percussistis,

2237 3436 2394 3490 quem
2438 3429 2701 3474 tantorum
2745 3421 3004 3475 scelerum
3046 3421 3098 3475 in
3143 3430 3320 3476 vestro
3361 3433 3626 3477 conventu
3667 3440 3823 3479 reum

2233 3509 2530 3578 judicastis;
2553 3524 2652 3563 nec
2676 3519 2848 3563 tamen
2869 3525 3003 3579 quos
3017 3511 3319 3580 baptizavit,
3339 3513 3526 3567 iterum
3546 3514 3780 3568 tinxistis
3806 3533 3822 3570 :

2238 3612 2292 3657 et
2313 3602 2565 3658 Ecclesia:
2591 3594 2866 3658 calltolicze
2884 3645 2898 3669 ,
2926 3605 3186 3660 columbae
3217 3617 3413 3662 noslrm
3432 3651 3446 3674 ,
3474 3624 3688 3678 sponsae
3715 3611 3821 3664 im~

2238 3694 2512 3747 maculatm
2532 3734 2546 3757 ,
2573 3692 2811 3747 infideles
2835 3735 2850 3761 ,
2878 3695 3097 3764 impurae
3121 3737 3136 3761 ,
3167 3697 3447 3753 mendaces
3480 3714 3630 3768 aqua:
3679 3702 3826 3770 apud

2238 3800 2332 3840 eos
2353 3786 2546 3839 erunt?
2574 3785 2756 3840 Dicent
2781 3786 2956 3840 forsan
2979 3805 2991 3840 :
3013 3787 3293 3844 Mendaces
3314 3800 3464 3845 erant
3485 3792 3572 3861 qui
3597 3792 3828 3848 Primia-

2240 3893 2365 3932 num
2394 3878 2728 3932 innocentem
2762 3877 3100 3943 damnarunt,
3128 3888 3179 3933 et
3207 3880 3323 3934 ideo
3348 3881 3462 3950 ejus
3489 3898 3640 3951 aqua:
3670 3899 3830 3938 men-

2239 3969 2398 4024 daces
2445 3983 2550 4023 non
2599 3966 2831 4022 fuerunt.
2865 3968 2968 4022 Sed
3001 3969 3124 4038 quid
3157 3970 3328 4024 dicent
3358 3972 3423 4024 de
3455 3972 3720 4026 Feliciano
3771 3985 3831 4029 et

2241 4060 2558 4114 Pra-textato
2578 4100 2592 4122 ,
2621 4059 2708 4129 qui
2741 4059 3065 4113 Primianum
3102 4062 3483 4118 damnaverunt
3507 4107 3520 4129 ,
3554 4075 3606 4120 et
3634 4066 3702 4120 ab
3730 4067 3832 4122 illo

2243 4158 2345 4204 tam
2375 4150 2558 4219 grandi
2588 4149 2874 4204 schismate
2900 4149 3293 4205 discesserant?
3318 4155 3396 4207 Au
3426 4170 3560 4224 quos
3588 4155 3832 4224 baptiza-

2241 4250 2444 4304 verant,
2464 4255 2597 4295 nova
2619 4249 2674 4296 et
2691 4241 2889 4295 recenti
2916 4241 3170 4296 tinctione
3194 4241 3446 4297 Ecclesia:
3466 4261 3574 4297 sua:
3601 4259 3835 4314 pepere-

2243 4330 2411 4386 runt?
2461 4331 2821 4402 Nequaquam.
2885 4331 3139 4387 Feliciani
3199 4343 3254 4389 et
3321 4335 3626 4390 Prmtextati
3671 4351 3832 4406 aqua:

2245 4423 2424 4477 fideles
2471 4424 2560 4492 qui
2599 4423 2936 4492 postmodum
2969 4424 3248 4489 coierunt,
3277 4435 3332 4480 et
3355 4425 3609 4483 adversus
3635 4427 3832 4483 Eccle-

2245 4515 2374 4570 siam
2402 4517 2715 4572 catholicam
2750 4518 2916 4572 insani
2949 4519 3167 4575 fcederis
3195 4522 3568 4576 communione
3609 4523 3833 4590 conspio

2245 4617 2526 4673 raverunt;
2549 4624 2697 4678 aqum
2725 4621 2852 4665 vero
2897 4621 3089 4666 nostra:
3121 4613 3362 4669 infideles
3391 4624 3445 4670 et
3485 4613 3754 4684 profanat?

2246 4699 2429 4754 insana
2458 4709 2510 4755 et
2541 4717 2784 4770 perversa
2815 4704 3096 4773 cogitatio!

2321 4791 2374 4845 7.
2416 4790 2630 4844 Addunt
2681 4793 2874 4858 etiam,
2906 4792 3006 4857 Qui
3043 4795 3325 4864 baptizatur
3447 4806 3678 4861 mortuo,
3703 4798 3836 4865 quid

2249 4892 2318 4938 est
2346 4883 2598 4938 lavacrum
2629 4885 2736 4954 ejus
2767 4884 2950 4956 (Ereti.
2978 4903 3164 4948 xxxiv,
3194 4888 3327 4956 50)?
3360 4889 3576 4947 Erratis.
3607 4891 3834 4956 miseri,

2249 4989 2354 5027 non
2381 4974 2733 5042 intelligentes
2756 4974 3073 5045 Scripturas.
3104 4977 3216 5030 Non
3238 4978 3478 5040 dicimus.
3504 4979 3839 5048 Baptismum

2252 5081 2359 5135 quo
2390 5067 2595 5136 tingunt
2619 5067 2710 5130 illi,
2746 5083 2878 5136 quos
2910 5069 3050 5122 velut
3080 5079 3316 5124 mortuos
3346 5089 3373 5122 a
3414 5073 3660 5125 vivorum
3690 5089 3842 5128 com-

2255 5157 2503 5212 munione
2529 5172 2836 5226 separamus
2867 5199 2881 5219 ,
2913 5159 3039 5211 nihil
3071 5173 3190 5242 esse
3210 5177 3223 5224 ;
3247 5159 3338 5212 sed
3372 5160 3500 5215 nihil
3543 5163 3838 5229 prodesse,

2223 5296 2232 5303 .
2255 5251 2508 5319 quamdiu
2535 5249 2671 5304 inter
2692 5258 2928 5304 mortuos
2953 5250 3168 5304 vivitur.
3191 5251 3340 5305 Tolle
3367 5252 3508 5321 quod
3528 5253 3702 5318 obest,
3721 5253 3841 5320 jam

2256 5340 2492 5410 prodest.
2516 5339 2665 5404 Quod
2685 5349 2829 5394 extra
2848 5340 3118 5409 accepisti,
3150 5341 3389 5408 proficiet
3409 5358 3528 5396 cum
3554 5343 3696 5396 intus
3721 5343 3849 5397 fue-

2255 5433 2353 5487 ris.
2384 5430 2617 5485 Emenda
2662 5430 2982 5499 baptizatum
3004 5473 3019 5498 ,
3048 5431 3247 5486 sufficit
3276 5451 3288 5487 :
3319 5434 3489 5488 latens
3525 5436 3577 5488 in
3628 5435 3848 5492 semine

2259 5523 2424 5576 virtus
2448 5560 2462 5586 ,
2488 5521 2813 5576 incrementa
2843 5531 3016 5576 sumet
3043 5540 3055 5576 :
3087 5521 3341 5591 Spiritum
3385 5525 3476 5578 Dei
3507 5539 3572 5576 ex
3613 5524 3723 5577 alto
3751 5526 3846 5581 in-

2259 5612 2416 5677 duet;
2444 5621 2497 5667 ct
2523 5612 2610 5681 qui
2641 5611 2692 5665 in
2723 5613 2935 5668 Christo
2963 5629 3062 5684 per
3089 5614 3415 5682 Baptismum
3443 5615 3686 5684 sepultus
3726 5617 3845 5674 fue-

2261 5713 2377 5772 rat,
2406 5705 2531 5760 licet
2557 5702 2684 5759 foris
2706 5745 2720 5771 ,
2756 5714 3032 5776 postquam
3064 5703 3116 5760 in
3143 5703 3396 5760 Ecdesia:
3428 5706 3608 5765 sinum
3634 5706 3846 5762 admis-
