4108 6198
356 357 447 415 761
1042 360 1355 419 CENSURA
1395 358 1898 423 LOVANIENSIUM
1938 357 2275 416 THEOLOG.
2320 360 2408 416 ET
2450 360 2648 417 BERN.
2690 361 3011 419 VlNDINGl.
3516 364 3622 421 7C2

421 471 554 540 Quid
573 515 588 538 ,
617 470 758 542 quod
788 472 838 527 in
869 473 1095 529 vitandis
1125 476 1516 546 tmetandisque
1544 475 1834 545 Scripturis
1863 488 1969 529 non
1990 488 2095 528 uno
2115 473 2234 528 loco
2260 474 2326 526 ab
2349 489 2414 528 eo
2431 474 2652 531 dissidet
2671 491 2733 529 ac
2750 476 2954 530 variat?
2983 475 3215 530 Primum
3245 476 3388 531 enim
3414 491 3532 547 cap.
3556 480 3621 538 16

350 561 475 633 (nisi
508 561 643 616 forte
670 563 954 617 mendosus
975 572 1056 619 est
1083 564 1252 619 codex
1285 565 1486 634 noster)
1521 564 1761 633 producit
1782 563 1958 618 locum
1987 578 2052 617 ex
2074 577 2195 632 cap.
2225 562 2293 618 65
2325 563 2473 617 Isaiae
2497 564 2644 632 juxta
2673 566 2934 635 vulgatam
2975 566 3292 631 lectionem,
3324 582 3444 620 cum
3484 583 3617 621 sem-

353 663 448 720 per
476 651 798 720 Augustinus
821 651 1054 706 editione
1081 662 1260 707 utatur
1283 653 1423 707 LXX
1445 695 1459 719 ,
1483 653 1652 706 etiam
1681 654 1732 706 in
1763 653 1850 706 illa
1875 653 1985 721 ipsa
2009 653 2269 721 scriptura
2288 694 2303 717 ,
2326 662 2429 707 etc.
2463 653 2727 710 Praeterea
2752 656 2878 710 illud
2904 656 3149 711 Jeremiae
3178 657 3242 711 l7
3264 698 3280 722 ,
3318 656 3628 712 Reccdentts

354 757 383 793 ιι
413 750 460 792 te
478 726 757 794 scribentur
781 742 834 795 in
864 750 1036 806 terra;
1062 742 1105 796 is
1126 758 1243 812 cap.
1272 744 1306 797 ‘5
1335 742 1405 797 ita
1435 742 1625 813 legisse
1645 742 1873 807 videtur,
1905 740 2207 796 Recedentes
2232 758 2263 794 α
2291 752 2337 795 te
2355 743 2633 797 scribentur
2652 745 2704 798 in
2735 745 2861 799 libro
2883 747 3075 808 mortis,
3101 748 3366 814 quomodo
3383 747 3623 804 arbitror

352 844 458 886 non
488 831 647 886 modo
668 832 728 887 B.
760 832 1112 903 Augustinum
1134 875 1147 897 ,
1178 834 1270 889 sed
1295 845 1529 889 veterum
1558 844 1814 904 praeterea
1840 834 2037 888 citasse
2066 832 2356 888 neminem.
2391 834 2455 888 Et
2481 845 2606 889 sunt
2631 837 2845 906 quidem
2875 837 2962 891 illa
2993 839 3282 893 Donatistae
3301 840 3458 893 verba
3480 883 3494 905 ,
3520 842 3617 896 sed
3713 882 3721 891 .

359 921 444 976 vel
468 923 702 978 breviter
729 924 918 979 saltem
938 924 1226 980 admonere
1246 924 1507 990 debebat,
1538 925 1611 979 uti
1642 924 1765 979 facit
1797 939 1916 994 cap.
1950 926 2021 992 2,
2072 938 2178 977 non
2210 924 2278 977 ita
2302 924 2534 978 locutum
2568 925 2906 995 Prophetam.
2937 926 3077 983 Sane
3127 927 3250 983 facit
3276 929 3376 983 hoc
3415 942 3622 997 semper

352 1015 699 1086 Augustinus.
726 1015 823 1071 Cui
853 1017 1025 1072 simile
1046 1026 1164 1087 est,
1196 1017 1336 1088 quod
1363 1033 1483 1072 cum
1516 1018 1795 1079 Donatista
1821 1033 1939 1089 cap.
1962 1019 2000 1076 5
2030 1018 2360 1073 Ezeclticlem
2390 1032 2487 1087 pro
2511 1017 2643 1071 Isaia
2675 1019 2940 1085 nominet,
2967 1030 3153 1075 auctor
3183 1002 3268 1076 bic
3298 1037 3365 1077 ne
3405 1022 3626 1076 verbulo

353 1109 566 1180 quidem
597 1109 649 1164 id
674 1110 937 1179 corrigat,
965 1110 1107 1180 quod
1133 1126 1238 1164 non
1271 1111 1522 1174 arbitror,
1557 1120 1611 1164 ut
1637 1111 1768 1165 alias
1792 1126 2084 1182 nunquam,
2113 1109 2571 1165 dissimulaturum
2600 1110 2976 1178 Augustinum.
3005 1111 3239 1181 Denique
3256 1127 3375 1182 cap.
3406 1114 3492 1177 18,
3521 1113 3628 1166 duo

355 1198 696 1269 proferuntur
717 1200 931 1255 Davidis
963 1201 1261 1256 testimonia
1289 1201 1471 1257 addito
1491 1202 1823 1257 Psalmorum
1855 1216 2077 1257 numero
2100 1242 2115 1266 ,
2144 1201 2440 1272 cujnsmodi
2469 1201 2771 1270 exemplum
2811 1202 2993 1258 nescio
3016 1216 3083 1256 an
3111 1202 3252 1272 apud
3279 1204 3627 1272 Augustinum

354 1289 670 1360 reperiatur.
706 1290 762 1344 in
793 1289 1083 1359 Scripturis
1112 1305 1323 1361 quoque
1350 1292 1680 1362 exponendis
1711 1292 1851 1346 haud
1898 1293 2055 1361 plane
2080 1306 2202 1346 cum
2239 1291 2533 1361 Augustino
2559 1293 2842 1347 consentit.
2875 1291 3008 1362 Cap.
3049 1291 3086 1349 9
3109 1332 3124 1358 ,
3170 1308 3525 1361 responsurus
3563 1296 3629 1351 ad

354 1380 482 1435 illud
512 1381 652 1435 Psal.
680 1382 817 1448 HO,
848 1380 1027 1437 Oleum
1056 1383 1330 1451 peccatoris
1356 1400 1457 1437 non
1480 1383 1761 1453 impinguet
1781 1393 1930 1453 caput
1952 1399 2113 1437 meum
2134 1424 2148 1448 ,
2180 1390 2429 1451 tanquam
2459 1382 2527 1436 de
2553 1397 2677 1437 vera
2713 1382 2827 1452 ejus
2863 1382 3210 1452 intelligentia
3239 1382 3415 1438 adhuc
3454 1384 3628 1438 incer-

356 1481 474 1537 tus,
506 1473 581 1527 ait
605 1488 664 1529 se
693 1474 985 1541 interpretes
1006 1476 1157 1531 malle
1186 1476 1401 1547 desuper
1429 1475 1531 1550 (sic
1554 1478 1693 1532 enim
1725 1474 2018 1548 loquitur),
2049 1476 2101 1531 id
2131 1485 2212 1533 est
2235 1517 2249 1541 ,
2271 1476 2456 1532 audire
2481 1477 2607 1547 quid
2635 1477 2723 1531 alii
2760 1478 2827 1532 de
2858 1479 2959 1533 hoc
3004 1479 3123 1533 loco
3162 1481 3395 1533 sentiant
3430 1478 3529 1546 (a).
3562 1478 3631 1531 At

352 1578 486 1619 vero
504 1564 827 1633 Augustinus
851 1565 944 1620 lib.
968 1565 1003 1619 2
1028 1575 1214 1620 contra
1240 1567 1557 1621 Petilianum
1581 1607 1597 1633 ,
1627 1581 1742 1635 cap.
1779 1567 1912 1631 105,
1943 1576 1997 1621 et
2017 1566 2109 1620 lib.
2130 1568 2195 1631 5,
2224 1581 2343 1637 cap.
2372 1566 2443 1622 55
2464 1608 2479 1632 ,
2508 1574 2562 1620 et
2582 1566 2672 1621 lib.
2702 1565 2738 1618 2
2762 1575 2945 1621 contra
2972 1566 3319 1622 Cresconium
3341 1608 3354 1632 ,
3376 1582 3491 1636 cap.
3517 1566 3588 1619 2b
3611 1606 3628 1630 ,

356 1654 724 1724 planissimum
752 1658 878 1712 illud
906 1667 960 1713 et
983 1660 1337 1714 clarissimum
1361 1674 1479 1715 esse
1500 1660 1589 1713 ait.
1622 1657 1754 1728 Cap.
1786 1659 1853 1714 l2
1873 1701 1886 1725 ,
1917 1659 2091 1713 locum
2121 1659 2247 1713 olim
2273 1666 2329 1713 et
2352 1672 2381 1712 a
2410 1657 2676 1729 Cypriane
2703 1658 2796 1713 lib.
2830 1658 2855 1712 1
2884 1699 2898 1722 ,
2922 1660 3078 1727 epist.
3122 1658 3189 1713 l2
3208 1699 3222 1723 ,
3261 1659 3476 1712 citatum
3503 1698 3517 1721 ,
3552 1656 3626 1709 Ab

357 1760 490 1816 aqua
517 1745 684 1800 aliena
703 1748 895 1803 abstine
913 1759 960 1803 te
979 1790 994 1814 ,
1021 1764 1127 1803 non
1156 1751 1295 1805 male
1325 1750 1538 1819 quidem
1570 1751 1657 1805 ille
1678 1750 1745 1806 de
1766 1744 2015 1820 pudicitia
2040 1749 2301 1819 conjugali
2320 1749 2520 1804 dictum
2541 1763 2662 1804 esse
2688 1750 2797 1815 ait,
2822 1764 2978 1804 secus
3000 1759 3173 1803 tamen
3195 1764 3351 1819 quam
3384 1749 3632 1818 Augusti-

361 1851 494 1902 nus,
517 1838 604 1907 qui
624 1839 839 1909 maligni
858 1842 1078 1910 spiritus
1106 1843 1403 1897 doctrinam
1433 1842 1517 1895 hic
1544 1842 1773 1911 accipit,
1807 1841 1899 1896 lib.
1928 1841 1994 1895 de
2023 1840 2235 1895 Unitate
2263 1839 2537 1906 Ecclesiae,
2565 1854 2682 1910 cap.
2710 1838 2803 1904 26,
2835 1848 2888 1894 et
2917 1840 3008 1893 lib.
3033 1840 3065 1894 6
3091 1848 3273 1893 centra
3309 1839 3634 1905 Donatistas,

358 1943 475 1997 cap.
511 1930 594 1983 i2.
628 1930 757 2000 Cap.
786 1934 822 1984 2
845 1974 860 1998 ,
891 1934 1207 2001 probaturus
1235 1934 1693 1988 circumcisionem
1723 1932 2175 1987 Samaritanorum
2200 1941 2378 2000 typum
2410 1931 2641 2001 gessisse
2670 1929 2926 1998 Baptismi
2955 1928 3094 1998 apud
3125 1929 3426 1982 Donatistas
3458 1928 3631 1981 admi-

361 2019 563 2073 nistrati
585 2063 600 2088 ,
631 2021 908 2092 detorquet
933 2022 1035 2079 buc
1058 2004 1232 2078 locum
1260 2024 1325 2078 ad
1352 2023 1560 2078 Coloss.
1589 2038 1686 2092 cap
1714 2024 1777 2088 2,
1809 2024 1896 2092 qui
1924 2022 1990 2076 de
2016 2021 2419 2075 circumcisione
2448 2029 2503 2074 et
2546 2020 2817 2087 Baptismo
2853 2017 2906 2072 in
2940 2034 3165 2088 genere,
3196 2027 3250 2073 et
3282 2018 3513 2087 legitime
3545 2031 3634 2070 ac-

358 2110 526 2180 ceptis
549 2154 563 2176 ,
590 2111 729 2168 haud
750 2114 906 2168 dubie
928 2114 1161 2185 loquitur
1181 2157 1196 2181 ,
1220 2115 1489 2185 quomodo
1509 2115 1887 2184 interpretatur
1912 2125 1966 2166 et
1996 2113 2319 2182 Augustinus
2340 2154 2354 2178 ,
2399 2111 2492 2165 lib.
2525 2111 2557 2166 6
2597 2122 2779 2166 contra
2810 2109 3076 2166 lulianum
3100 2153 3113 2176 ,
3144 2126 3263 2180 cap.
3303 2110 3355 2162 7.
3395 2109 3633 2178 Denique

358 2218 476 2274 cap.
503 2205 556 2271 4,
584 2220 704 2260 cum
753 2207 967 2262 citasset
995 2207 1264 2262 Donatista
1311 2207 1483 2262 locum
1505 2205 1771 2271 .leremitc,
1797 2220 1915 2274 cap.
1941 2206 2027 2269 15,
2057 2205 2124 2260 de
2153 2220 2286 2274 aqua
2308 2203 2572 2269 mendaci,
2606 2219 2713 2259 non
2739 2204 2967 2258 habente
2999 2203 3175 2268 fidem,
3206 2201 3271 2257 ad
3301 2216 3420 2256 eum
3450 2210 3633 2255 auctor

363 2292 464 2348 iste
491 2308 708 2362 prorsus
736 2294 866 2349 nihil
892 2296 1202 2365 respondet.
1232 2298 1301 2350 At
1325 2311 1431 2350 non
1459 2297 1528 2350 ita
1559 2296 1881 2364 Augustinus
1901 2337 1915 2360 ,
1942 2295 2035 2363 qui
2055 2295 2263 2365 quoties
2290 2295 2428 2348 inter
2450 2293 2874 2348 adversariorum
2902 2293 3042 2347 dicta
3070 2293 3334 2356 occurrit,
3363 2306 3633 2360 nunquam

359 2384 508 2438 abire
528 2384 644 2438 sine
665 2385 1010 2453 responsione
1036 2386 1331 2454 permittit,
1361 2395 1419 2439 ut
1446 2387 1518 2439 lib
1539 2388 1572 2441 3
1590 2395 1773 2441 contra
1796 2385 2098 2440 Donatistas
2121 2425 2135 2449 ,
2168 2399 2287 2455 cap.
2322 2383 2418 2449 15;
2453 2384 2542 2439 lib.
2573 2385 2609 2438 2
2633 2392 2817 2440 contra
2838 2385 3150 2440 Petilianum
3172 2428 3185 2452 ,
3214 2400 3330 2455 cap.
3364 2385 3498 2449 103;
3531 2384 3625 2439 lib.

359 2475 428 2530 de
456 2475 667 2531 Unitate
688 2477 938 2532 Ecclesiae
958 2520 972 2544 ,
1000 2494 1118 2547 cap.
1141 2479 1212 2532 25
1233 2519 1247 2543 ,
1278 2487 1331 2533 et
1358 2479 1504 2532 alibi.

431 2566 567 2632 Quin
595 2576 647 2622 et
666 2579 953 2623 occurrunt
980 2570 1218 2639 qumdam
1248 2570 1313 2624 ab
1340 2569 1616 2639 Augustini
1646 2568 2028 2624 consuetudine
2068 2582 2129 2622 ac
2154 2568 2361 2624 dicendi
2394 2568 2601 2623 ratione
2628 2568 2820 2622 aliena.
2854 2568 2984 2623 Nam
3017 2569 3243 2639 primum
3271 2568 3481 2638 quidem
3508 2582 3630 2622 cum

360 2671 479 2724 cap.
512 2657 535 2710 1
569 2655 900 2728 Fulgentium
936 2658 1239 2715 buncltaud
1268 2660 1491 2714 obscure
1526 2671 1827 2729 suspectum
1856 2660 1955 2714 sibi
1986 2674 2104 2715 esse
2146 2660 2404 2730 significet
2424 2701 2439 2726 ,
2474 2668 2719 2729 tanquam
2749 2661 2888 2715 absit
2911 2662 3073 2716 libelli
3105 2661 3399 2715 transmissi
3428 2669 3633 2726 auctor,

360 2746 552 2802 eodem
581 2757 756 2804 tamen
788 2749 904 2804 loco
930 2751 1218 2820 religionem
1244 2751 1292 2805 ei
1316 2751 1529 2805 tribuit:
1562 2750 1701 2820 quod
1727 2752 1778 2804 in
1803 2750 2100 2806 Gaudentio
2133 2760 2306 2803 tamen
2339 2740 2488 2803 notat
2516 2750 2864 2819 Augustinus,
2891 2751 2980 2805 lib.
3009 2751 3032 2804 1
3057 2760 3238 2804 contra
3271 2766 3412 2816 eum,
3432 2765 3550 2819 cap.
3576 2750 3634 2812 2,

360 2850 415 2895 et
442 2840 532 2894 lib.
559 2839 614 2908 2,
645 2856 764 2910 cap.
797 2843 859 2896 11
893 2851 947 2897 et
975 2842 1060 2897 l2.
1089 2843 1293 2898 Eodem
1324 2844 1442 2898 loco
1470 2844 1651 2897 tribuit
1678 2844 1726 2898 ei
1757 2845 1807 2897 in
1838 2843 2099 2898 dilatando
2136 2843 2325 2914 ingenii
2354 2843 2585 2909 laudent,
2615 2843 2756 2914 quod
2788 2856 2932 2899 certe
2960 2843 3043 2897 liie
3073 2844 3274 2896 nullum
3305 2852 3542 2911 apparet.
3577 2841 3637 2898 ln

360 2932 476 3001 ejus
502 2933 825 3002 argumentis
847 2942 1047 2988 tantum
1073 2936 1311 3005 agnoscit
1336 2935 1542 2989 roboris
1565 2950 1627 2989 ac
1673 2935 1919 3004 potentiae
1941 2976 1955 3000 ,
1984 2943 2037 2988 ut
2063 2935 2133 2988 eis
2172 2934 2328 2987 videri
2352 2943 2515 3004 queat,
2549 2934 2747 3004 inquit,
2772 2935 2950 2988 veritas
2980 2934 3089 3002 ipsa
3135 2933 3327 2987 devinci
3350 2950 3369 2988 :
3394 2941 3447 2986 at
3482 2947 3544 2986 ea
3577 2933 3634 2986 in

363 3026 474 3080 suis
497 3025 644 3081 libris
664 3027 988 3097 Augustinus
1019 3028 1165 3083 velut
1190 3042 1322 3082 vana
1339 3036 1392 3082 et
1418 3027 1680 3083 imbecilla
1715 3027 1851 3081 ridet
1874 3042 2016 3097 saepe
2045 3042 2107 3081 ae
2125 3027 2436 3082 contemnit.
2462 3026 2594 3095 Cap.
2618 3029 2672 3091 3,
2691 3027 2891 3091 multos,
2919 3027 3021 3093 ait,
3051 3036 3226 3080 contra
3254 3026 3480 3096 regulam
3503 3026 3638 3080 dato:

364 3113 485 3184 legis
510 3113 795 3185 baptizare,
834 3125 1020 3171 contra
1050 3116 1421 3186 Augustinum,
1451 3117 1539 3187 qui
1566 3116 1659 3171 lib.
1690 3116 1723 3171 6
1747 3124 1929 3171 contra
1981 3116 2283 3171 Donatistas
2305 3157 2319 3181 ,
2345 3131 2463 3186 cap.
2494 3115 2585 3181 25,
2616 3116 2819 3170 facilius
2853 3117 2925 3170 ait
2970 3116 3247 3171 haereticos
3290 3116 3514 3169 inveniri
3534 3118 3632 3186 qui

361 3220 579 3275 prorsus
606 3221 711 3261 non
762 3206 1030 3277 baptizent
1050 3249 1064 3273 ,
1097 3223 1252 3277 quam
1280 3209 1367 3278 qui
1402 3208 1720 3277 praescriptis
1749 3222 1777 3261 a
1808 3206 2023 3263 Christo
2051 3207 2228 3262 verbis
2257 3222 2362 3262 non
2408 3215 2641 3262 utantur.
2681 3207 2816 3274 Quin
2846 3215 2900 3262 et
2923 3222 3040 3278 cap.
3072 3208 3106 3261 4
3131 3206 3496 3261 contradicere
3534 3210 3636 3268 sibi

361 3298 474 3366 ipse
504 3299 729 3365 videtur,
762 3298 1000 3354 Hteretici
1019 3341 1031 3363 ,
1062 3299 1264 3369 inquit,
1296 3316 1466 3353 omnes
1496 3300 1610 3353 licet
1633 3300 1686 3353 in
1711 3317 1803 3353 sua
1852 3300 1946 3352 sibi
1972 3301 2311 3370 disputatione
2338 3301 2646 3365 discordent,
2683 3302 2736 3355 in
2767 3301 3019 3373 Baptismi
3046 3311 3212 3355 tamen
3251 3301 3519 3355 traditione
3546 3316 3629 3354 so-

363 3384 515 3445 lemni
537 3393 682 3447 verbo
701 3395 1027 3448 concordant.
1047 3392 1174 3462 Cap.
1201 3394 1256 3456 2,
1289 3392 1669 3446 Donatistarum
1695 3394 1922 3463 appellat
1943 3393 2234 3464 Baptisma,
2263 3392 2406 3463 quod
2432 3393 2713 3449 dicendum
2759 3410 2877 3450 esse
2917 3404 3073 3465 negat
3101 3394 3426 3465 Augustinus
3451 3435 3466 3460 ,
3506 3408 3630 3447 cum

359 3482 488 3536 alibi
513 3524 527 3547 ,
557 3491 664 3536 tum
692 3483 786 3537 lib.
819 3483 855 3537 2
877 3494 1059 3539 contra
1091 3484 1402 3537 Petilianum
1424 3525 1439 3549 ,
1468 3497 1584 3551 cap.
1614 3483 1717 3549 57;
1743 3497 1838 3537 nec
1864 3498 2093 3552 unquam
2142 3482 2218 3537 sic
2258 3492 2446 3548 vocat,
2471 3483 2570 3537 nisi
2595 3482 2771 3557 addita
2810 3499 2932 3538 mox
2964 3484 3293 3538 correctione
3323 3482 3421 3537 liae
3445 3490 3535 3535 aut
3560 3481 3631 3534 si-

362 3573 475 3627 mili
497 3615 513 3639 ,
535 3574 636 3627 into
666 3592 763 3629 non
785 3587 999 3629 vestrum
1022 3617 1036 3637 ,
1062 3574 1149 3629 sed
1178 3574 1380 3628 Christi.
1400 3574 1531 3643 Cap.
1568 3575 1654 3639 10,
1685 3573 1883 3628 Certum
1903 3583 1992 3640 est,
2019 3575 2208 3644 inquit,
2237 3575 2372 3645 quod
2395 3574 2667 3628 sacerdotis
2690 3583 2734 3628 et
2762 3574 2916 3644 plebis
2942 3584 3224 3628 exsecretur
3245 3572 3381 3627 Deus
3407 3589 3466 3626 ac
3503 3573 3622 3627 des-

368 3666 526 3737 piciat
544 3667 855 3733 holocausta,
879 3668 924 3720 si
953 3668 1082 3721 bona
1109 3684 1209 3720 non
1237 3666 1459 3738 adfuerit
1487 3667 1790 3721 conscientia
1817 3683 1836 3720 :
1861 3667 2003 3738 quod
2024 3667 2204 3721 nescio
2227 3682 2293 3721 an
2324 3681 2544 3736 usquam
2572 3667 2710 3736 apud
2732 3669 3078 3738 Augustinum
3109 3667 3362 3736 reperias,
3387 3668 3475 3735 qui
3498 3667 3638 3720 inter

363 3756 681 3810 sacrificium
710 3757 849 3812 velut
874 3772 986 3811 rem
1014 3771 1242 3821 sacram,
1279 3766 1329 3811 et
1350 3757 1684 3811 offerentium
1705 3756 1889 3810 vitium
1916 3756 2195 3826 diligenter
2222 3755 2653 3824 distinguendum
2676 3755 2850 3810 docet.
2868 3756 2998 3824 Cap.
3024 3759 3076 3820 1,
3093 3756 3402 3818 Pertinaces,
3441 3756 3631 3825 inquit,

365 3850 686 3904 anathemate
711 3850 1125 3913 condemnemus,
1155 3860 1209 3902 ut
1238 3849 1475 3903 hactenus
1506 3850 1715 3904 victores
1736 3865 1842 3903 esse
1870 3848 2137 3918 possimus.
2167 3846 2390 3913 Quando
2418 3849 2496 3901 sic
2521 3862 2708 3916 aspere
2738 3847 2971 3916 loquitur
3000 3848 3322 3915 Augustinus
3347 3847 3371 3899 ?
3395 3848 3524 3917 Cap.
3545 3848 3635 3913 17,

366 3943 655 3998 Donatistae
679 3941 1138 3997 criminationibus
1166 3954 1544 4009 responsurus,
1574 3939 1929 3993 conscientiam
1949 3955 2092 3993 suam
2119 3938 2372 4007 opponit,
2399 3954 2552 4007 quam
2577 3939 2821 3990 munitam
2849 3953 2954 3991 esse
2974 3937 3233 4006 ait._Facit
3262 3940 3360 3992 ltoc
3381 3953 3634 3992 nonnun—

368 4048 526 4102 quam
553 4041 607 4087 et
634 4032 985 4103 Augustinus,
1017 4039 1076 4084 ut
1101 4031 1193 4085 lib.
1218 4031 1253 4085 '5
1276 4039 1455 4085 contra
1488 4030 1803 4084 Petilianum
1826 4072 1839 4093 ,
1871 4044 1988 4099 cap.
2020 4030 2055 4083 2
2077 4038 2131 4084 et
2156 4030 2244 4094 10,
2268 4028 2362 4083 lib.
2387 4029 2422 4083 ὅ
2446 4035 2631 4084 contra
2656 4027 3023 4095 Cresconium,
3053 4043 3169 4099 cap.
3197 4028 3297 4093 80;
3322 4028 3415 4083 sed
3443 4037 3639 4097 quanta

368 4138 488 4178 cum
517 4123 772 4177 modestia
801 4136 863 4176 ac
903 4120 1222 4176 verecundia
1247 4121 1260 4174 !
1294 4120 1422 4190 Cap.
1450 4119 1552 4196 22,
1573 4118 1723 4175 Gesta
1773 4120 1902 4174 citat
1957 4119 2258 4174 Marcellini
2284 4136 2302 4175 :
2333 4135 2428 4190 pro
2457 4120 2648 4189 quibus
2676 4133 2887 4189 semper
2912 4119 3256 4190 Augustinus,
3283 4117 3348 4172 In
3373 4119 3641 4175 collatione

366 4222 537 4270 nostra
556 4254 571 4278 ,
601 4213 804 4283 inquit,
834 4230 984 4279 quam
1014 4213 1293 4276 vobiscum,
1321 4212 1405 4266 vel
1440 4228 1557 4265 cum
1598 4213 1669 4267 eis
1692 4211 1960 4266 habuimus
1984 4228 2001 4266 :
2028 4224 2087 4265 ut
2114 4212 2211 4266 lib.
2242 4222 2361 4282 post
2379 4211 2729 4266 Collationem
2750 4250 2765 4277 ,
2798 4210 2893 4266 lib.
2920 4211 2988 4267 de
3012 4209 3186 4267 Gestis
3215 4225 3335 4265 cum
3363 4210 3598 4265 Emerito
3618 4249 3635 4276 ,

365 4300 460 4356 lib.
492 4310 675 4355 contra
694 4300 1079 4366 Gaudentium,
1105 4311 1159 4356 et
1182 4301 1305 4355 alibi
1332 4300 1450 4370 plus
1476 4301 1678 4355 centies
1701 4342 1715 4367 ,
1743 4310 1847 4355 etc.

438 4390 700 4447 Caeterum
735 4391 800 4446 ad
830 4392 1006 4446 stilum
1035 4392 1174 4463 quod
1211 4392 1439 4459 attinet,
1472 4392 1595 4446 licet
1622 4392 1673 4446 in
1704 4390 2019 4463 quibusdam
2042 4434 2057 4460 ,
2088 4392 2178 4447 ubi
2209 4401 2290 4448 est
2318 4392 2668 4464 Augustinum
2700 4392 2936 4448 imitatus
2956 4434 2972 4461 ,
2999 4393 3283 4448 convenire
3308 4407 3426 4447 eum
3466 4408 3531 4448 eo
3560 4393 3639 4448 vi-

366 4482 572 4548 deatur,
609 4494 785 4539 tamen
812 4498 898 4539 res
923 4484 1036 4554 ipsa
1064 4482 1332 4548 clamitat,
1360 4465 1547 4553 procul
1573 4483 1640 4537 ab
1682 4483 1942 4552 elegantia
1989 4484 2232 4539 dictionis
2260 4483 2377 4553 ejus
2400 4485 2607 4540 abesse.
2639 4483 2771 4539 Nam
2822 4492 2883 4539 ut
2923 4484 3154 4554 exempli
3202 4484 3369 4554 gratia
3414 4485 3640 4555 paucula

366 4575 609 4645 quaedam
639 4577 978 4648 attingamus,
1016 4591 1135 4644 cap.
1165 4576 1192 4629 1
1218 4576 1382 4630 utitur
1412 4576 1576 4631 verbo
1603 4575 1848 4642 admiror,
1878 4591 1975 4645 pro
2003 4577 2243 4646 Intelligo
2264 4618 2277 4642 ,
2300 4577 2451 4646 capio
2469 4617 2484 4643 ,
2512 4592 2787 4649 assequor.
2818 4580 2884 4633 Et
2907 4579 3124 4646 ibidem,
3145 4590 3245 4634 tam
3267 4579 3411 4650 forti,
3436 4578 3636 4648 inquit,

366 4669 503 4724 obice
528 4671 803 4739 sumpsisti.
828 4671 904 4724 Ac
927 4684 1139 4736 rursus,
1170 4669 1223 4723 in
1249 4670 1399 4723 domo
1426 4671 1695 4741 confugere
1723 4670 2102 4741 compellamus.
2132 4671 2260 4741 Cap.
2287 4671 2342 4738 2,
2375 4670 2474 4726 Vos
2504 4672 2549 4725 ei
2577 4689 2666 4741 per
2714 4673 2883 4726 omnia
2925 4674 3177 4740 sintilatis,
3202 4674 3391 4744 inquit,
3419 4687 3514 4741 pro
3540 4674 3642 4726 As-

366 4760 693 4815 similamini.
744 4761 868 4831 Cap.
900 4760 950 4825 9,
983 4759 1287 4830 Interpretes
1307 4802 1322 4826 ,
1352 4759 1547 4829 inquit,
1566 4760 1698 4814 man
1728 4761 1944 4830 desuper
1966 4777 1985 4815 :
2015 4777 2110 4830 pro
2137 4777 2203 4815 eo
2227 4761 2369 4831 quod
2389 4762 2669 4817 dicendum
2690 4772 2825 4828 erat,
2847 4762 3022 4817 Malim
3051 4763 3136 4818 bie
3157 4764 3341 4818 audire
3357 4765 3592 4833 interpre-
3609 4792 3636 4804 -

367 4853 622 4907 tationem
648 4854 872 4907 aliorum
900 4852 996 4922 (b).
1029 4853 1156 4923 Cap.
1192 4853 1278 4918 16,
1305 4854 1625 4923 pessimatur,
1649 4868 1746 4923 pro
1776 4856 2044 4911 Pessimus
2072 4855 2269 4911 evadit.
2299 4854 2429 4925 Cap.
2455 4854 2545 4921 21,
2569 4863 2624 4910 ut
2651 4871 2734 4913 eos
2757 4873 2789 4910 a
2817 4856 2922 4911 suis
2960 4855 3181 4912 basilicis
3207 4855 3515 4928 depulisscs,
3544 4871 3643 4926 pro

373 4944 704 5014 Depelleres.
736 4944 833 5000 Ubi
864 4943 942 4999 sic
968 4959 1197 5013 unquam
1223 4945 1449 5000 balbutit
1474 4945 1797 5015 Augustinus
1826 4947 1849 5000 'I

443 5038 522 5095 Ex
548 5035 633 5091 bis
654 5036 831 5105 itaque
859 5050 977 5105 qua:
1001 5035 1239 5091 diximus
1256 5076 1271 5101 ,
1300 5037 1509 5093 abunde
1528 5046 1775 5093 constare
1798 5038 2027 5095 arbitror
2053 5053 2158 5095 non
2185 5053 2305 5094 esse
2330 5037 2521 5094 librum
2548 5039 2690 5094 hunc
2717 5038 3031 5109 Augustini,
3060 5038 3169 5093 imo
3190 5053 3318 5093 vero
3340 5052 3559 5108 prorsus
3578 5053 3643 5092 eo
3716 5036 3725 5044 ’

371 5130 669 5201 indignum.
691 5132 942 5201 Quisquis
965 5139 1143 5186 tamen
1173 5131 1292 5201 ejus
1318 5140 1505 5188 auctor
1532 5133 1666 5199 fuit,
1688 5141 1953 5187 vetustum
1978 5133 2139 5190 fuisse
2158 5140 2394 5204 oportet,
2428 5141 2486 5186 ut
2511 5132 2598 5203 qui
2625 5132 2910 5186 concilium
2939 5131 3071 5186 illud
3097 5129 3520 5200 Carthaginense
3547 5129 3643 5183 ad-

368 5237 561 5279 versus
585 5220 923 5278 Caecilianum
948 5220 1173 5286 viderit,
1218 5223 1389 5277 citans
1410 5222 1533 5277 inde
1562 5231 1831 5292 postremo
1853 5222 2026 5293 capite
2050 5224 2299 5279 Marciani
2322 5223 2674 5284 sententiam,
2706 5238 2864 5291 quam
2909 5236 3171 5291 nusquam
3215 5219 3355 5290 apud
3392 5219 3653 5289 Augusti—

367 5327 496 5367 num
525 5313 796 5383 reperias;
824 5327 930 5383 quo
949 5314 1035 5369 vel
1052 5312 1168 5367 solo
1194 5312 1410 5368 nomine
1436 5312 1652 5383 dignum
1683 5312 1875 5368 librum
1906 5311 2046 5368 hunc
2087 5327 2282 5368 censeo
2313 5314 2403 5383 qui
2430 5313 2603 5367 locum
2634 5326 2789 5366 suum
2835 5312 3084 5367 retineat.
3116 5311 3355 5380 Apparet
3380 5317 3557 5363 autem
3591 5318 3645 5363 et

369 5402 556 5462 Afrum
588 5405 782 5474 fuisse,
805 5420 927 5461 nam
956 5415 1008 5462 et
1029 5421 1180 5463 more
1204 5405 1377 5476 gentis
1415 5405 1530 5474 ejus
1550 5404 1741 5475 gaudet
1764 5404 2160 5459 bomtnteleutis
2178 5445 2193 5470 ,
2218 5414 2273 5460 ut
2291 5404 2492 5475 cap.'9,
2526 5403 2711 5459 Melior
2749 5412 2824 5459 est
2849 5404 3126 5459 misericors
3152 5402 3427 5473 increpatio
3447 5442 3462 5464 ,
3488 5417 3642 5469 quam

369 5496 497 5553 leuis
532 5498 759 5554 adulatio
781 5511 802 5554 :
820 5506 874 5556 et
891 5498 1080 5556 iterum
1102 5541 1117 5568 ,
1149 5498 1331 5554 Oleum
1357 5499 1650 5569 peccatoris,
1669 5497 2062 5553 blandimentum
2087 5508 2159 5554 est
2182 5501 2480 5555 adulatoris.
2509 5501 2576 5556 Et
2592 5516 2716 5572 cap.
2751 5499 2839 5568 12,
2875 5499 3001 5567 Quis
3023 5517 3124 5555 non
3143 5499 3306 5553 videat
3335 5496 3634 5569 prophetam

431 5648 507 5776 2:;
536 5650 657 5701 vtde
678 5652 729 5725 in
749 5659 861 5703 nota
882 5654 993 5726 huic
1007 5654 1114 5705 loco
1135 5654 1356 5716 subjecta
1378 5652 1633 5724 quomodo,
1654 5652 1793 5715 juxta
1818 5651 1983 5713 Morel,
2006 5653 2072 5702 ibi
2100 5652 2364 5762 legendum
2386 5653 2467 5702 sit.
2533 5659 2588 5701 nt.

540 5713 655 5765 Vide
678 5726 727 5765 tn
749 5722 862 5766 nota
883 5715 994 5766 huic
1016 5714 1122 5767 loco
1145 5716 1364 5776 subiecta
1386 5714 1646 5765 lecttonem
1662 5726 1806 5776 quam
1823 5723 1995 5767 censet
2016 5722 2145 5766 More
2186 5714 2557 5776 prtefet'cndunt.

540 5713 655 5765 Vide
678 5714 727 5765 in
749 5722 862 5766 nota
883 5715 994 5766 huic
1016 5714 1122 5767 loco
1145 5713 1364 5781 subiecta
1386 5713 1646 5765 lectionem
1658 5713 1806 5778 quam
1823 5723 1995 5767 censet
2016 5713 2174 5766 Morel
2186 5714 2557 5779 prtel'et‘cndunt.
2623 5720 2682 5763 κ.
