4108 6198
449 332 558 386 763
1899 313 2030 368 ΛΡΡ

2143 315 2260 368 'JlX.
3617 303 3727 365 764

451 438 744 512 conjugibus
787 438 1079 509 pudicitiam
1100 432 1476 488 commendasse
1493 473 1508 494 ,
1532 440 1577 484 et
1607 439 1654 484 te
1681 443 1712 480 a
1741 428 1946 482 veritate
1967 427 2144 489 procul
2170 441 2365 482 errasse
2383 425 2412 480 .’
2437 423 2612 481 Utitur
2637 433 2691 478 et
2732 422 3005 478 infinitivis
3036 423 3309 478 nominum
3331 423 3450 477 loco
3470 463 3486 490 ,
3517 432 3571 477 ιιι
3599 438 3722 493 cap.

451 535 540 597 l5,
577 533 620 587 0
650 533 861 602 probare
889 530 910 584 !
937 547 967 581 ο
989 527 1202 582 errare!
1227 543 1256 579 o
1284 525 1500 579 delirare
1528 524 1549 577 !
1578 519 1721 591 quod
1743 529 1793 574 et
1821 518 2018 589 Optato
2037 560 2050 582 ,
2084 529 2138 574 et
2186 518 2480 587 Augustino
2509 525 2591 572 est
2619 531 2722 570 non
2753 517 3038 571 insuetum.
3073 515 3262 570 Sermo
3286 525 3468 570 autem
3503 515 3726 570 Donati-—

451 636 548 681 sta:
574 641 664 681 seu
689 623 951 693 Fulgentii
973 631 1114 676 totus
1146 621 1374 689 linguam
1400 617 1537 685 sapit
1559 615 1861 669 Africanam
1883 651 1903 675 ,
1924 619 1978 666 et
2007 611 2288 678 Augustini
2317 610 2572 665 saeculum
2598 608 2844 664 redolere
2866 607 3093 675 videtur,
3133 624 3162 661 a
3187 608 3432 664 Petiliani
3453 609 3575 664 stilo
3619 624 3726 664 non

455 717 741 772 admodum
763 716 988 769 alienos.
1016 713 1130 766 lluc
1158 727 1321 778 usque
1344 707 1725 762 Lovanienses.

521 811 812 864 Censuram
838 807 1167 877 superiorem
1199 799 1502 856 Bernardus
1534 798 1828 866 Vindingus
1854 795 1906 848 in
1933 793 2131 849 Critico
2160 791 2546 863 Augustiniano
2574 789 2888 856 confirmat,
2911 789 3159 860 additque
3179 789 3294 844 hate
3318 805 3347 844 a
3367 805 3425 845 se
3446 790 3730 845 obserVata

450 909 626 963 νοθείας
652 903 820 971 signa.
844 901 972 968 Cap.
1003 898 1058 964 9.,
1089 898 1217 951 dicit
1241 905 1425 950 auctor
1455 891 1754 946 Donatistas
1789 890 1951 943 Deum
1999 896 2237 940 metuere
2287 900 2350 939 ac
2399 885 2630 939 divinam
2683 883 2852 952 legem
2885 896 3118 938 servare.
3150 881 3280 949 Cap.
3328 883 3416 947 12,
3457 882 3734 937 Silvanum

451 993 752 1048 Cirtensem
783 980 1063 1045 tradidisse
1088 986 1250 1042 Felici
1273 984 1501 1040 curatori
1535 984 1866 1036 Sacramenta
1900 978 2024 1048 :qui
2057 984 2232 1032 tamen
2263 977 2471 1029 nonnisi
2496 975 2826 1043 capitulatam
2847 983 3138 1044 argenteam
3176 983 3223 1027 et
3250 975 3508 1027 lucernam
3546 991 3733 1044 argen-

453 1095 580 1137 team
611 1082 909 1145 tradiderat,
938 1079 1010 1133 uti
1043 1079 1234 1147 legitur
1263 1077 1351 1128 lib.
1384 1076 1416 1129 5
1443 1083 1623 1128 contra
1655 1068 1999 1124 Cresconium
2023 1108 2038 1130 ,
2069 1081 2188 1136 cap.
2210 1066 2301 1129 29,
2335 1075 2389 1120 et
2409 1064 2500 1118 lib.
2533 1065 2586 1130 4,
2615 1079 2731 1133 cap.
2763 1063 2853 1130 56,
2879 1071 2932 1118 et
2963 1061 3099 1118 infra
3122 1064 3172 1116 in
3190 1062 3368 1118 Gestis
3391 1064 3526 1131 apud
3556 1063 3732 1117 Zeno-

456 1173 658 1242 pbilum
687 1171 1042 1227 consularem.
1072 1168 1197 1238 Cap.
1225 1167 1314 1226 9.5.
1355 1167 1427 1218 ait
1456 1162 1714 1216 Ananiam
1746 1169 1800 1214 et
1829 1158 2143 1228 Sapphiram
2175 1157 2379 1212 occisos
2408 1172 2438 1210 a
2463 1157 2639 1211 Petro.
2689 1157 2756 1209 At
2787 1157 3116 1226 Augustinus
3145 1154 3196 1208 in
3241 1155 3399 1224 epist.
3427 1157 3515 1221 4-1,
3545 1172 3600 1208 n.
3640 1157 3730 1222 ιθ,

453 1265 666 1328 scribit,
688 1264 765 1317 De
796 1263 942 1321 Novo
973 1261 1293 1314 Testamento
1321 1256 1520 1310 ostendi
1548 1271 1649 1306 non
1678 1269 1822 1322 posse
1843 1293 1858 1318 ,
1890 1250 2023 1321 quod
2042 1251 2217 1319 justus
2255 1249 2520 1318 quisquam
2557 1249 2858 1317 interfecerit
2897 1249 3135 1318 aliquem.
3165 1248 3316 1315 Quod
3369 1249 3636 1317 subjungit
3662 1248 3731 1303 de

462 1356 680 1412 Simone
702 1356 851 1425 Mago
881 1361 1155 1423 perempto
1174 1391 1189 1416 ,
1225 1350 1402 1402 hausit
1425 1363 1490 1402 ex
1517 1344 1836 1416 apocryphis
1864 1341 2010 1396 libris
2031 1382 2047 1404 ,
2079 1355 2304 1410 quorum
2333 1340 2650 1394 auctoritate
2679 1339 2774 1392 niti
2813 1349 2999 1393 contra
3053 1339 3416 1393 adversarium
3469 1340 3731 1393 noluisset

457 1448 813 1518 Augustinus,
847 1456 900 1498 ut
953 1443 1260 1512 intelligitur
1307 1457 1368 1494 ex
1418 1439 1510 1493 lib.
1565 1439 1632 1492 15
1667 1445 1851 1492 contra
1897 1433 2182 1498 Faustum,
2231 1447 2350 1501 cap.
2393 1431 2447 1487 9.
2490 1431 2752 1486 Praeterea
2801 1446 2918 1501 cap.
2967 1430 3075 1494 26,
3121 1431 3406 1500 exprobrat
3443 1431 3728 1488 Donatistis

453 1539 592 1609 quod
616 1536 1107 1605 transgrederentur
1123 1533 1415 1586 mandatum
1439 1530 1712 1593 seniorum,
1741 1536 1798 1581 ut
1825 1533 2120 1580 statuerent
2147 1538 2270 1578 suas
2297 1522 2625 1576 traditiones.
2647 1524 2715 1576 At
2741 1524 3064 1592 Augustinus
3090 1533 3382 1593 opponeret
3409 1525 3582 1593 potius
3612 1523 3728 1592 ipsa

450 1630 645 1685 Christi
669 1630 846 1692 verba,
867 1628 1048 1681 Matth.
1071 1643 1157 1690 xv,
1183 1627 1234 1688 5,
1272 1623 1439 1690 Quare
1489 1618 1899 1692 transgredimini
1942 1617 2236 1670 mandatum
2268 1615 2367 1670 Dei
2398 1625 2602 1686 propter
2631 1616 2952 1668 traditionem
2980 1627 3194 1670 vestram
3219 1618 3244 1670 ?
3272 1616 3508 1672 Tandem
3535 1617 3728 1672 librum

454 1722 594 1776 hunc
618 1719 1092 1789 relertVindingus
1114 1718 1250 1770 inter
1277 1715 1528 1785 opuscula
1557 1729 1674 1783 quae
1703 1730 1730 1764 ει
1766 1711 1954 1781 Vigilio
1982 1710 2240 1778 Tapscnsi
2267 1709 2487 1764 conficta
2528 1709 2919 1762 existimantur.

2387 1831 2825 1840 .—-——-——_____-._.-.-,

2835 1832 2990 1839 ...υς-ο

2199 1832 2373 1839 ...—_.

1905 1833 2198 1840 *σω-,-

2997 1831 3606 1842 __————————-——————____.

1309 1835 1523 1845 *σα

1536 1834 1870 1844 .__—————_—

3229 1832 3702 1882 -..Ἥεέ

448 1844 1374 1891 Ξ--ι--Ὗ
570 1844 1139 1890 ῗΣ-Ϊζῖ.ῖ.ἶῖζζ.-”
1099 1844 1344 1886 "‘_____—"'
1317 1844 1374 1884 ῖλ

931 1879 2430 2083 ᾗᾎῖιῆιὲἒιιιτιυιιι
2494 1879 3726 2081 υοιιιΑτιετΔιῙι

1320 2172 1786 2246 INCERTI
1847 2168 2430 2242 AUCTORIS
2490 2170 2853 2240 LIBER.

1833 2333 2036 2374 ww
2042 2332 2300 2382 θυεμ-ο-

452 1973 800 2087 GON

523 2455 748 2527 CAPUT
782 2453 1062 2527 [31310111.
1093 2483 1163 2527 ττ-
1184 2451 1440 2527 Libellnm
1459 2491 1472 2510 ,
1500 2464 1655 2517 quem
1679 2447 1804 2501 mihi
1831 2445 2034 2527 Religio

457 2537 564 2591 tua,
598 2526 762 2579 frater
793 2525 1058 2597 Fulgenti,
1087 2523 1303 2597 direxit,
1334 2538 1436 2574 non
1467 2528 1782 2597 aspernatus
1805 2523 1982 2597 accepi
2016 2533 2030 2568 :

454 2588 608 2663 quem
639 2603 812 2666 utrum
855 2588 967 2666 ipse
1009 2592 1327 2666 dictaveris,
1360 2607 1431 2666 an_
1469 2588 1683 2642 aliunde
1722 2588 2031 2666 «transieris,

454 2656 561 2718 non
593 2666 720 2718 satis
749 2656 1001 2718 admiror.
1035 2661 1128 2715 Est
1155 2662 1292 2713 enim
1331 2670 1380 2712 ct
1419 2659 1520 2713 hoc
1546 2667 1738 2712 nostra-
1770 2656 2036 2724 religionis

454 2735 686 2788 ofﬁcium
713 2776 727 2800 ,
769 2750 870 2786 non
917 2747 1170 2801 personas
1206 2729 1480 2784 intendere
1505 2771 1521 2794 ,
1553 2728 1645 2782 sed
1678 2727 1952 2806 veritatem
1984 2726 2034 2777 in

456 2806 701 2858 erunibus
728 2820 1000 2877 qtta'rere,
1049 2803 1312 2877 inventam
1352 2814 1684 2877 agnoscere,
1721 2807 1773 2877 9t
1804 2803 2035 2877 agnuam

456 2867 757 2928 custodire:
785 2873 872 2928 Sic
916 2874 1054 2925 enim
1093 2872 1360 2938 apostolus
1401 2870 1588 2938 Paulus
1637 2867 1764 2920 dicit
1797 2883 1829 2938 :7
1853 2867 2037 2938 Omnia

457 2948 662 3016 probate
683 2984 696 3005 ,
721 2943 858 3016 quod
882 2945 1069 3016 lituram
1105 2935 1176 2994 est
1203 2951 1402 3016 tenete;
1424 2937 1485 3016 ab
1505 2939 1658 3016 fumi
1697 2937 1862 3016 specie
1904 2935 2038 3016 mala

457 3004 542 3068 'vos
573 3004 810 3066 abstinete
839 3015 855 3082 (
882 3013 894 3064 Ι
927 3011 1104 3084 Thess.
1132 3028 1190 3084 γ,
1218 3011 1308 3073 ΞΗ,
1339 3008 1473 3084 9%).
1505 3004 1927 3084 Breviter_igitt_tr
1951 3004 2035 3058 di-

457 3100 571 3138 cam
601 3084 739 3150 quod
775 3074 1099 3156 ingeniosius
1134 3082 1321 3156 litteris
1363 3074 1611 3156 dilatasti.
1645 3078 1833 3156 Dixisti
1869 3074 2035 3156 Unum

458 3170 563 3206 esse
590 3145 867 3219 Baptizati.
895 3152 1028 3226 quod
1051 3152 1424 3226 Samaritanus,
1449 3148 1500 3200 id
1513 3157 1610 3226 est,
1635 3147 1914 3226 Iucreticus,
1941 3145 2034 3226 lia-

460 3225 571 3275 ltere
601 3213 698 3274 non
732 3213 928 3274 meruit.
965 3220 1131 3274 Unum
1158 3221 1355 3272 hortum
1379 3213 1690 3277 concltisum,
1723 3217 1809 3283 qui
1833 3225 1904 3268 est
1934 3213 2036 3266 Ec-

459 3292 609 3345 clesia
630 3335 641 3352 ,
681 3294 866 3359 fontem
894 3292 1072 3344 [rabere
1111 3291 1396 3360 signatum,
1435 3289 1620 3360 dequo
1649 3287 1820 3360 nullus
1845 3285 2039 3360 alienus

460 3357 686 3432 attingit.
711 3362 878 3416 Unum
909 3363 1102 3424 oleum,
1132 3357 1265 3426 quod
1291 3370 1361 3413 est
1395 3359 1613 3412 chrisma
1646 3357 2032 3436 sanctissimum,

461 3435 592 3498 quod
617 3435 871 3506 moritura:
897 3448 1080 3484 musca:
1108 3439 1520 3506 corrumpunth
1537 3439 1818 3506 peccatores
1837 3435 2038 3506 omnino

465 3519 564 3553 non
590 3501 794 3552 dabunt.
825 3499 1016 3553 Contra
1043 3501 1154 3552 hzrc
1180 3501 1306 3552 mihi
1339 3501 1387 3550 iu
1417 3497 1676 3564 adiutorio
1707 3497 1909 3547 Domini
1944 3510 2037 3562 pa-

462 3571 622 3622 randa
669 3570 942 3636 responsio
972 3579 1050 3622 est
1075 3609 1089 3632 ,
1128 3584 1224 3620 nec
1266 3567 1477 3620 aliunde
1519 3565 1770 3636 sumenda
1797 3605 1809 3625 ,
1845 3565 1941 3616 nisi
1975 3579 2037 3616 ex

468 3641 693 3692 lcetione
720 3639 915 3691 divina.
951 3640 1100 3691 Verbi
1127 3654 1252 3704 ergo
1277 3636 1587 3705 principium
1613 3635 1721 3699 jam
1745 3648 2036 3705 sumamus,

463 3709 569 3763 imo
599 3710 766 3778 ipsum
799 3709 1028 3762 Verbum
1059 3704 1578 3778 principiumdesum
1611 3705 1912 3778 Dominum,
1939 3704 2037 3778 du-

461 3795 574 3832 cem
619 3775 681 3831 ac
722 3781 1008 3848 principem
1050 3775 1283 3833 cmlcstis
1326 3775 1523 3848 militim
1553 3784 1861 3837 teneamus,
1903 3775 2037 3826 bella

461 3846 742 3918 geramus,
771 3864 823 3904 ct
854 3851 967 3915 ejus
997 3866 1153 3902 manu
1180 3846 1535 3918 sacrata‘tuha
1577 3853 1817 3918 petamus
1860 3860 2038 3918 muros

461 3916 815 3974 i‘alidissitnos
853 3921 1080 3973 civitatis
1124 3918 1337 3972 nefaria:
1377 3916 1630 3970 Jericlto:
1673 3916 1722 3968 id
1753 3925 1833 3967 est
1858 3916 2038 3967 altitu-

461 3989 640 4043 dinem
672 3991 948 4044 mnndaute
969 3991 1240 4056 sapientia:
1273 3988 1600 4041 testamentis
1625 3986 1903 4038 dominicis
1930 3986 2036 4038 cir-

461 4060 804 4122 cumdemus,
834 4062 1072 4114 veritatis
1111 4069 1163 4113 et
1205 4059 1459 4112 libertatis
1503 4056 1719 4108 vocibus
1745 4071 2035 4123 concrepe-

463 4145 616 4192 mus;
650 4131 982 4185 adversarios
1008 4124 1062 4184 in
1077 4129 1234 4182 domo
1263 4127 1422 4188 Raab,
1451 4126 1498 4179 id
1524 4137 1622 4190 est,
1651 4127 1897 4180 Ecclesia:
1922 4140 2038 4194 quae

466 4202 677 4255 nuntios
704 4202 817 4270 ejus
847 4204 1112 4268 suscepit,
1145 4207 1361 4267 propter
1391 4197 1571 4250 muudi
1612 4196 1874 4270 excidium
1906 4211 2036 4248 cou-

464 4270 643 4338 fugere
687 4267 1064 4338 compellanms
1113 4288 1127 4323 :
1178 4271 1474 4336 pertinaces
1521 4267 1856 4338 anathemate
1910 4281 2037 4338 con-

462 4335 792 4403 demnemus,
812 4335 882 4395 ἰιι
910 4341 1164 4394 hactenus
1196 4340 1422 4391 victores
1450 4352 1567 4391 esse
1599 4337 1878 4404 possimus.
1913 4335 2038 4389 llec

462 4425 589 4476 ergo
629 4426 691 4462 ex
736 4411 874 4477 Lege.
920 4410 1173 4463 atlvcrsus
1207 4408 1398 4477 Legem
1425 4448 1439 4472 ,
1469 4423 1533 4460 ex
1573 4407 1663 4459 Dei
1691 4406 2037 4477 Testamento

461 4475 718 4533 adversus
750 4475 842 4532 Dei
873 4475 1303 4544 Testamentum,
1322 4493 1382 4531 ex
1417 4477 1653 4532 veritatis
1683 4475 1830 4529 fonte
1849 4475 2038 4528 adver-

463 4563 554 4602 Sus
599 4551 836 4603 veritatis
886 4551 1080 4627 fontem
1120 4559 1235 4627 tam
1283 4549 1435 4627 obice
1483 4546 1604 4599 forti
1633 4548 1822 4627 prima
1864 4546 2036 4627 fronte

463 4621 730 4685 SlttnpsiSti
753 4663 766 4685 ,
798 4620 947 4688 quasi
991 4621 1156 4690 possit
1198 4621 1389 4674 veritas
1417 4618 1760 4690 asemetipsa
1791 4617 1998 4670 devinci
2018 4657 2032 4681 ,

462 4700 552 4742 aut
577 4691 739 4757 gloria
771 4689 1102 4745 luminisisua
1134 4691 1250 4744 lucc
1273 4689 1483 4743 luscari.

533 4760 755 4815 CAPUT
799 4761 860 4814 ll.
889 4792 960 4801 —
988 4762 1288 4815 Doxntsn
1318 4759 1450 4812 dixit
1480 4775 1492 4810 :
1527 4757 1784 4811 Dominus
1822 4765 1875 4809 ct
1918 4757 2036 4809 Sal-

460 4839 612 4884 vator
634 4841 815 4886 noster
837 4832 991 4887 Jesus
1014 4833 1254 4907 Christus
1284 4831 1422 4883 unici
1466 4827 1719 4907 Baptismi
1763 4829 1948 4881 doctor
1985 4836 2039 4907 et

460 4909 641 4955 cmtos
663 4944 678 4966 ,
709 4918 774 4958 ne
803 4904 1042 4956 sitientes
1071 4903 1277 4955 animas
1318 4915 1409 4968 per
1447 4900 1623 4951 aridos
1664 4899 1806 4951 lacus
1847 4899 2038 4950 mentis

459 4985 612 5026 crror
655 4973 975 5034 abduceret,
1013 4988 1272 5039 perennes
1307 4971 1521 5022 haustus
1549 4968 1648 5022 sibi
1675 4983 1793 5048 esse
1827 4969 2036 5048 procnla:

462 5057 616 5095 mans
639 5085 652 5104 ,
688 5046 735 5095 in
768 5043 1054 5110 Evangelia
1081 5059 1176 5096 suo
1204 5043 1270 5094 ita
1304 5048 1524 5093 testatus
1551 5047 1649 5100 est,
1680 5039 1861 5091 dicens
1883 5055 1908 5110 _:
1939 5038 2036 5104 Qui

461 5113 571 5164 sitit
596 5155 608 5176 ,
643 5115 814 5168 veniat
841 5122 894 5168 et
920 5108 1068 5167 bibat
1091 5155 1105 5178 ,
1145 5114 1231 5181 qui
1277 5111 1445 5165 credit
1473 5113 1522 5163 in
1554 5126 1637 5163 me
1661 5150 1676 5174 ,
1716 5109 1851 5163 sicut
1881 5108 2039 5161 Isaias

458 5183 601 5236 dicit.

530 5257 860 5307 tinuoucus
888 5253 1159 5320 respondit
1178 5270 1190 5303 ε
1210 5251 1323 5306 Non
1344 5251 1522 5309 habet.
1543 5249 1678 5302 sicut
1697 5249 1818 5302 dicit
1844 5247 2036 5320 lsaias:

459 5325 574 5386 sed,
605 5326 747 5377 Sicut
770 5325 888 5375 άιείι
922 5319 1204 5392 SCriptura.
1237 5323 1338 5376 Sed
1373 5323 1466 5373 ista
1497 5323 1635 5374 velut
1663 5319 2036 5392 impedimenta

460 5393 748 5462 despiciam
771 5436 784 5462 ,
816 5409 882 5449 nc
912 5390 1068 5462 longo
1094 5408 1340 5448 sermone
1367 5392 1642 5446 utilitatem
1687 5390 1908 5459 legentis
1946 5406 2040 5444 ex-

457 5464 690 5518 cludam.

534 5543 731 5597 Dexar.
763 5544 886 5598 dixit
917 5561 930 5598 :
974 5542 1072 5609 Qui
1096 5540 1253 5595 credit
1279 5542 1330 5594 in
1361 5558 1470 5604 me,
1514 5541 1639 5594 sicut
1677 5541 1795 5593 dicit
1837 5539 2033 5609 Isaias,

460 5614 670 5684 [inunita
696 5617 756 5666 de
784 5627 950 5669 t'eutre
976 5615 1085 5684 ejus
1114 5615 1271 5684 [luent
1296 5613 1586 5684 aquterit'a:
1611 5610 1796 5684 (.Ιο(ιηλ-Δ
1820 5627 1914 5674 νυν
1943 5611 2032 5676 57.

460 5680 566 5745 58)
613 5700 623 5734 :
671 5695 721 5735 et
765 5701 831 5738 ne
869 5680 1066 5752 passim
1098 5680 1148 5735 et
1181 5683 1373 5749 ubique
1414 5681 1517 5734 hihi
1562 5696 1713 5747 posse
1748 5681 2032 5748 diceretur,

462 5754 645 5804 merita
677 5769 928 5823 aquarum
955 5757 1064 5824 ipse
1088 5754 1353 5819 dlserevit,
1387 5753 1509 5805 dum
1540 5752 1794 5806 Samaria?
1824 5764 2034 5823 aposta-

2149 2446 2239 2519 site
2270 2446 2525 2519 originem
2555 2449 2605 2502 in
2639 2449 2854 2519 proprio
2896 2450 3038 2505 fonte
3066 2451 3358 2508 damnavit.
3407 2454 3508 2519 Qui
3548 2456 3726 2512 biberit

2146 2515 2314 2583 inquit
2334 2515 2564 2598 {ex-liae
2588 2515 2753 2586 aqua,
2787 2521 2918 2598 sitiet
2943 2523 3120 2598 iterum
3148 2539 3166 2576 :
3195 2525 3281 2594 qni
3301 2515 3475 2598 biberit
3501 2544 3563 2580 ea:
3591 2546 3725 2598 aqua

2141 2601 2289 2662 quam
2321 2603 2409 2655 ego
2435 2588 2651 2662 dedero,
2675 2607 2772 2662 non
2809 2592 2938 2644 sitiet
2964 2593 3014 2645 in
3041 2588 3280 2646 (uernant
3301 2636 3315 2658 ,
3360 2597 3448 2648 sed
3476 2598 3560 2662 ﬁet
3590 2588 3646 2651 in.
3666 2615 3724 2653 eo

2144 2657 2257 2735 fons
2287 2673 2430 2724 aquw
2456 2659 2678 2735 salientis
2703 2661 2930 2735 inuitam
2958 2673 3194 2735 (eumnam
3226 2657 3400 2735 (Joan.
3432 2657 3507 2730 ni,
3538 2669 3649 2734 15).

2213 2726 2384 2802 Cara.
2416 2731 2725 2802 respondit:
2760 2731 2882 2786 ll:ec
2911 2734 3091 2800 utique
3116 2726 3242 2786 ideo
3265 2726 3509 2802 posuisti,
3541 2726 3720 2793 ut'nos

2143 2794 2432 2850 catholicos
2471 2794 2618 2874 quasi
2665 2794 3028 2874 Samaritanos
3072 2813 3124 2856 et
3163 2794 3278 2874 sine
3319 2794 3586 2874 Baptisma
3624 2809 3723 2862 de-

2144 2875 2488 2938 monstrares.
2531 2869 2644 2922 Jam
2674 2885 2799 2938 ergo
2847 2873 3146 2926 Donatistas
3173 2875 3222 2927 in
3253 2869 3600 2930 Samaritanis
3635 2879 3721 2932 in-

2143 2935 2260 3016 cipe
2315 2938 2596 3016 speculari.
2647 2935 3120 3016 Samaritanorum
3162 2945 3365 3016 dogma
3417 2947 3719 3016 Regnorum

2144 3003 2278 3081 libro
2321 3003 2551 3081 docente
2591 3010 2695 3064 tale
2736 3010 2873 3081 fuit:
2927 3013 3088 3067 Deum
3138 3003 3425 3081 timebant,
3473 3003 3526 3071 εἷ
3563 3018 3722 3071 simul

2144 3073 2390 3156 ligmenta
2421 3079 2662 3156 colebant
2699 3098 2716 3156 :_
2739 3080 2972 3156 divinam
3003 3083 3170 3156 legem
3203 3073 3488 3139 servabant
3507 3127 3521 3149 ,
3549 3095 3602 3139 et
3630 3103 3723 3156 pa-

2146 3152 2284 3197 trum
2332 3161 2542 3202 errores
2593 3149 2809 3205 minime
2860 3149 3176 3207 deserebant
3226 3171 3239 3206 :
3297 3149 3721 3211 circumcisio'ois

2143 3215 2348 3294 signum
2377 3215 2643 3294 habebant
2669 3260 2683 3282 ,
2716 3230 2770 3274 et
2797 3221 3148 3294 Israelitarum
3179 3225 3461 3294 collegium
3492 3242 3595 3280 non
3638 3237 3718 3281 te-

2145 3286 2344 3361 nebant
2368 3285 2454 3358 (Ill
2483 3286 2608 3361 lica.
2642 3299 2774 3342 xnet
2805 3291 2945 3361 xm).
2967 3292 3076 3345 Hoc
3105 3302 3158 3346 et
3187 3310 3279 3347 vos
3307 3285 3476 3349 facitis
3507 3315 3520 3350 :
3551 3297 3718 3351 Deum

2145 3355 2397 3435 metuitis,
2417 3366 2469 3435 et
2495 3355 2797 3426 ﬁgmentum
2817 3355 3012 3435 luteum
3035 3363 3290 3435 Donatum
3310 3367 3507 3435 pariter
3520 3367 3717 3420 colitis.

2147 3424 2210 3501 βε
2239 3425 2322 3478 hic
2351 3427 2490 3479 enim
2528 3424 2589 3501 ex
2631 3438 2786 3482 terra:
2818 3432 3032 3499 pulvere
3062 3424 3441 3501 ﬁguratus-est.
3475 3436 3718 3491 Divinam

2146 3493 2314 3576 lfgcm
2347 3498 2670 3576 servatis,_et
2694 3493 2970 3565 parentum
2998 3493 3235 3576 errtiretn
3262 3520 3361 3576 non
3384 3507 3716 3576 relinquitis:

2144 3562 2397 3636 Baptismi
2431 3566 2633 3620 habetis
2660 3562 3048 3625 sacramentum
3071 3615 3084 3636 ,
3117 3585 3163 3626 et
3196 3562 3583 3629 Catholicoruin
3612 3593 3716 3631 non

2146 3635 2300 3713 vultis
2345 3636 2540 3713 habere
2585 3641 2932 3713 consortium.
2980 3643 3117 3697 Ecce
3155 3659 3250 3698 vos
3288 3647 3364 3699 eis
3403 3661 3495 3713 per
3535 3648 3716 3700 omnia

2144 3705 2405 3777 similatis.
2437 3706 2583 3761 Sicut
2609 3724 2733 3777 ergo
2763 3719 2886 3765 tunc
2905 3711 3353 3767 Samaritanorum
3383 3705 3719 3771 circumcisio

2145 3776 2377 3848 secundo
2424 3778 2536 3830 dari
2587 3776 2690 3832 non
2737 3790 2979 3848 poterat,
3027 3783 3093 3835 ita
3140 3800 3278 3837 nunc
3325 3785 3716 3841 Donatistarum

2143 3844 2614 3922 Daptimnaiterari
2644 3844 2750 3902 non
2774 3851 2931 3904 debet
2951 3844 2972 3922 ,ν
2993 3853 3214 3907 Domino
3236 3855 3448 3908 Christo
3479 3855 3712 3922 dicente,

2147 3915 2248 3980 Qui
2275 3919 2427 3970 semel
2453 3919 2585 3971 latus
2614 3929 2712 3981 est,
2746 3936 2844 3974 non
2880 3921 3025 3974 habet
3062 3926 3401 3977 necessitatem
3427 3926 3606 3978 iterum
3634 3915 3717 3980 la:-

2143 3986 2300 4057 vandi
2321 3987 2496 4052 (Joan.
2528 4004 2639 4050 xm,
2672 3990 2781 4057 10).
2814 3991 3157 4048 Circumcisio
3181 3995 3322 4048 enim
3353 3995 3720 4050 Samaritano-

2143 4070 2258 4134 rum
2292 4056 2556 4134 Baptisma
2573 4056 2840 4134 significat
2869 4061 3262 4134 Donatistarum
3285 4105 3300 4129 ,
3332 4065 3541 4120 dicente
3569 4067 3717 4134 Apo-

2143 4125 2770 4205 stol0,_.Circuntcisi'estis
2796 4131 3168 4205 circumcisione
3196 4125 3296 4187 non
3319 4152 3470 4187 manu
3504 4125 3637 4205 facta
3665 4139 3717 4190 in

2142 4197 2505 4268 caspoliationc
2563 4200 2788 4268 corporis
2836 4202 3002 4255 carnis
3029 4243 3043 4266 ,
3097 4205 3186 4256 sed
3237 4205 3288 4257 in
3341 4197 3720 4260 circmucisione

2143 4265 2328 4342 Clu-isti
2347 4307 2361 4327 ,
2390 4265 2665 4342 consepulti
2692 4271 2735 4321 ei
2761 4271 2814 4342 in
2843 4269 3106 4342 Baptisma
3127 4275 3146 4338 (
3166 4273 3361 4328 Coloss.
3390 4290 3448 4338 ιι,
3476 4276 3562 4340 11,
3594 4276 3715 4342 1⁸2).

2141 4335 2496 4414 Quodautent
2527 4335 2600 4390 ait
2634 4339 2884 4414 qui_nus
2909 4335 2933 4414 ί
2961 4341 3061 4408 Qui
3099 4335 3270 4397 biberit
3309 4361 3370 4398 ea;
3408 4335 3502 4396 hac
3541 4335 3713 4414 aqua,

2140 4405 2270 4457 sitiet
2295 4406 2512 4479 iterum;
2547 4422 2649 4461 non
2678 4409 2744 4463 de
2776 4405 3132 4479 Baptismate,
3176 4414 3268 4467 sed
3301 4415 3365 4468 de
3394 4405 3604 4468 terreno
3635 4405 3716 4468 lo;

2139 4484 2296 4551 cutus
2316 4478 2699 4551 estelemento.
2729 4478 2866 4551 Nam
2885 4482 2927 4534 si
2953 4481 3216 4551 Baptisma
3247 4485 3330 4537 hic
3357 4484 3515 4538 vellet
3536 4495 3716 4539 osten-

2142 4544 2303 4622 dere,
2333 4547 2476 4599 nullo
2503 4548 2667 4622 modo
2688 4564 2719 4602 a
2750 4544 3078 4622 Samaritana
3111 4555 3331 4608 muliere
3374 4555 3712 4622 postulasset.

2144 4614 2379 4689 Denique
2404 4626 2589 4689 puteus
2619 4619 2704 4689 ille
2742 4636 2844 4674 non
2886 4620 3138 4676 Samarim
3165 4623 3336 4677 dictus
3366 4614 3481 4689 est,
3510 4625 3600 4678 sed
3628 4625 3715 4677 Ja—

2139 4687 2258 4746 cob,
2292 4695 2345 4739 et
2387 4687 2566 4756 utique
2609 4688 2773 4745 Jacob
2817 4707 2921 4744 non
2967 4692 3060 4744 fuit
3101 4693 3424 4754 hmreticus,
3464 4687 3557 4748 sed
3608 4695 3714 4747 Deo

2141 4756 2398 4834 dilectus,
2435 4761 2896 4834 semper_charus,
2926 4770 2979 4815 et
3003 4763 3114 4832 ipse
3140 4779 3204 4817 ex
3237 4779 3302 4818 eo
3328 4764 3492 4830 bibit,
3528 4774 3582 4818 et
3623 4764 3712 4818 filii

2141 4829 2290 4898 ejus,
2322 4837 2387 4898 et
2401 4843 2590 4898 pecora
2620 4829 2754 4898 ejus.

2211 4896 2436 4973 CAPUT
2464 4897 2552 4973 _lll.
2578 4896 2881 4973 ——’Donrt_'r.
2908 4901 3082 4956 dixit:
3124 4901 3400 4973 Nunquam
3439 4919 3567 4973 ergo
3612 4905 3712 4958 Ec-

2143 4965 2319 5041 clesia:
2347 4968 2564 5041 spiritus
2594 4970 2787 5039 patitur
2808 4971 2955 5041 juogi
2981 5013 2994 5034 ,
3027 4974 3165 5040 quod
3199 4965 3292 5027 ore
3316 4965 3714 5029 divino'meruit

2142 5035 2434 5110 dill‘amari,
2475 5035 2628 5105 Legi's
2663 5035 2932 5107 praeconii;
2968 5035 3357 5110 praemonente,
3406 5043 3515 5095 Duo
3541 5055 3712 5097 contra

2143 5107 2442 5182 duo,_un_um
2471 5119 2642 5182 contra
2671 5128 2826 5182 unum
2852 5107 3035 5182 (Eccli.
3066 5129 3234 5166 χχχιιι
3257 5155 3272 5177 ,
3297 5115 3363 5167 15
3385 5118 3420 5180 >.
3449 5115 3511 5167 Et
3540 5115 3715 5168 Domi-

2144 5193 2242 5230 nus
2275 5178 2323 5230 in
2353 5179 2637 5249 Evangelio
2665 5199 2679 5235 :
2715 5178 2886 5248 Tunc,
2921 5184 3121 5250 inquit,
3155 5184 3267 5254 duo
3295 5178 3437 5236 erunt
3472 5186 3524 5236 in
3554 5199 3711 5254 agro;

2142 5263 2272 5320 unus
2298 5263 2594 5316 assumetur,
2625 5261 2669 5304 et
2695 5269 2823 5305 unus
2856 5254 3198 5320 relinquetur:
3235 5253 3349 5309 dua:
3381 5253 3620 5307 metentes
3663 5255 3714 5306 in

2143 5319 2429 5395 molendino
2446 5337 2465 5384 ;
2498 5333 2922 5395 tma_assumetur,
2943 5334 3000 5395 et
3028 5341 3126 5376 una
3154 5325 3463 5392 relinquetur
3494 5325 3711 5395 (Matth.

2142 5404 2285 5454 xxw,
2317 5390 2417 5463 40,
2436 5392 2549 5460 41).
2574 5391 2736 5463 Vides
2765 5409 2892 5462 ergo
2922 5394 3027 5447 duo
3055 5409 3248 5463 genera
3279 5390 3398 5449 esse
3429 5390 3715 5461 baptisma-

2142 5469 2252 5512 ttnn
2293 5470 2346 5513 et
2386 5460 2493 5515 duo
2529 5462 2744 5530 praemia
2775 5460 3085 5519 meritorum
3111 5504 3125 5527 ,
3165 5464 3292 5519 dum
3321 5481 3481 5520 unum
3504 5460 3717 5524 lcthslis

2143 5529 2742 5604 ingeniiardorexnrit,
2774 5543 2826 5588 et
2852 5534 3041 5590 bibulae
3068 5537 3184 5590 sitis
3212 5551 3472 5604 perennes
3500 5535 3717 5589 haustus

2141 5601 2390 5674 excoquit
2415 5617 2427 5652 :
2456 5602 2682 5657 alterum
2713 5605 2852 5672 quod
2883 5607 3048 5660 semel
3079 5601 3424 5674 potandarum
3455 5606 3715 5661 meatibus

2141 5670 2318 5725 sitiunt
2348 5673 2466 5724 vitae
2497 5670 2878 5740 perennitatem
2905 5677 2920 5706 ‘
2955 5670 3204 5744 sancivit,
3235 5677 3415 5746 utique
3438 5677 3489 5731 in
3510 5675 3716 5733 etiossis

2206 5765 2218 5793 ³
2250 5770 2369 5821 Αιιι..
2387 5763 2526 5814 situm
2552 5764 2657 5814 titur
2679 5765 2987 5826 perermitate.
