4108 6198
466 354 565 411 769

454 481 625 545 deant,
650 494 769 550 quia:
789 480 1018 535 animam
1044 478 1249 550 liniant.
1269 495 1385 549 qua:
1407 479 1738 549 putredinem
1762 480 2015 546 nutriant,

453 566 569 622 quae
599 565 698 605 nec
740 550 867 619 ipsis
896 553 1118 622 mortuis
1158 549 1505 622 cadaveribus
1534 560 1784 622 parcant.
1829 550 2020 604 Musca:

455 620 721 676 moriturae
749 635 868 673 cum
895 621 1070 675 oleum
1096 621 1467 685 exterminant,
1497 620 1618 674 oleo
1649 623 1979 688 perimuntur
2004 636 2017 673 :

454 705 624 760 neque
649 691 791 744 enim
816 692 1008 760 vivitis,
1038 692 1124 760 qui
1154 692 1405 760 Spiritum
1435 700 1674 744 sanctum
1700 690 1913 745 ematis.

521 757 747 815 CAPUT
779 759 892 814 XV.
921 789 996 801 —
1024 757 1223 815 Dossr.
1254 760 1388 815 dixit
1426 778 1439 814 :
1472 760 1584 815 lloe
1615 762 1827 829 proprie
1859 757 2020 813 David

452 830 821 886 sanctissinms
847 871 862 895 ,
911 842 1105 885 nostra:
1150 832 1267 886 lidei
1310 830 1541 900 regulam
1588 830 2019 892 sulnninistrans,

456 899 659 963 edocet,
681 902 818 955 idem
837 902 1126 971 peccatoris
1142 902 1314 955 oleum
1338 916 1434 955 nec
1453 901 1677 971 salutem
1693 899 1900 971 afferre,
1926 915 2023 955 nec

452 974 767 1043 cujusquam
809 969 962 1039 caput
999 971 1195 1025 debere
1228 973 1553 1043 coniungere:
1588 969 1787 1043 Oleum,
1809 970 2019 1043 inquit,

457 1040 733 1112 peccatoris
756 1057 854 1094 non
874 1051 1027 1112 ungat
1049 1050 1198 1111 caput
1217 1058 1379 1094 meum
1401 1040 1581 1112 (l’sal.
1599 1054 1705 1093 cxr.
1728 1081 1742 1104 ,
1771 1040 1849 1107 5).
1883 1040 2023 1109 Ergo

450 1110 691 1175 diligenti
720 1110 962 1164 examine
987 1112 1282 1180 peccatoris
1306 1110 1619 1179 requirenda
1651 1125 1877 1176 persona
1919 1120 2019 1174 est,

452 1182 498 1251 si
540 1192 649 1251 non
678 1180 1057 1251 deisacerdote
1099 1182 1355 1251 sacrilego
1378 1222 1393 1244 ,
1427 1189 1482 1234 ut
1511 1180 1713 1250 profani
1754 1190 2019 1246 asserunt,

456 1250 717 1304 Dominus
744 1250 894 1304 dixit.
989 1264 1000 1273 '

528 1319 693 1373 Cum.
723 1320 997 1389 respondit
1025 1338 1038 1374 :
1066 1319 1195 1375 Cum
1222 1320 1296 1390 sis
1324 1319 1523 1390 peccati
1552 1318 1799 1390 conscius
1819 1360 1834 1382 ,
1861 1318 2024 1372 audes

455 1387 653 1453 dicere,
683 1387 955 1461 peccdtoris
981 1389 1278 1461 requirenda
1302 1387 1515 1461 persona
1537 1398 1630 1461 est.
1657 1389 1792 1461 Audi
1821 1405 1936 1457 qua:
1958 1392 2026 1443 sit

453 1460 749 1523 peccatoris
778 1460 874 1513 ista
903 1458 1147 1529 persnna.
1176 1459 1460 1528 Apostolus
1479 1458 1613 1512 dixit
1641 1475 1654 1510 :
1687 1458 1871 1529 Omnes
1894 1460 2025 1512 enim

492 1538 801 1601 creaveruni,
827 1538 875 1601 et
902 1528 1042 1601 egent
1070 1529 1234 1598 gloria
1263 1530 1353 1584 Dei
1379 1529 1550 1595 (Rom.
1590 1544 1666 1593 ut,
1694 1528 1807 1599 9.5).
1836 1528 1901 1601 Ei
1930 1529 2025 1583 Sa-

492 1547 801 1593 ercauerunt,
831 1547 875 1582 et
902 1547 1042 1601 egent
1070 1547 1234 1598 gloria
1263 1547 1352 1584 uer
1379 1547 1550 1595 (nam.
1590 1547 1666 1593 Ill,
1695 1547 1807 1599 2.)).
1836 1547 1896 1581 ιιι
1930 1547 2023 1583 δει-

452 1547 635 1653 fomon
677 1616 691 1653 :
724 1598 918 1653 Nullus
952 1609 1026 1654 est
1067 1601 1324 1653 hominum
1360 1600 1445 1668 qui
1490 1616 1590 1652 non
1637 1609 1800 1667 peccet
1831 1594 2023 1667 (Eccle.

453 1684 550 1734 vn,
585 1669 701 1739 21).
746 1671 807 1723 ΕΙ.
833 1669 934 1726 Job
976 1669 1099 1741 :Aln
1126 1670 1317 1741 angelis
1342 1671 1448 1723 suis
1483 1670 1664 1736 reperit
1695 1670 2025 1741 pravitatem;

453 1738 828 1809 quanto'magis
850 1741 921 1809 fin
963 1739 1084 1808 ﬁliis
1126 1738 1401 1802 hominum,
1433 1741 1516 1808 qui
1554 1748 1803 1792 terrenum
1846 1738 2028 1791 Itabent

455 1808 769 1866 domicilium
807 1808 927 1879 (Job
954 1824 1030 1873 tv,
1057 1809 1140 1864 18.
1171 1809 1302 1880 l9)?
1331 1809 1455 1862 Haec
1482 1818 1565 1863 est
1586 1823 1813 1880 persona
1840 1822 2028 1880 pecca-

457 1880 623 1933 toris:
652 1880 702 1934 id
725 1878 843 1945 est',
884 1880 1058 1934 omnis
1083 1878 1250 1934 homo
1273 1888 1541 1948 peccator.
1573 1878 1632 1933 Si
1668 1878 1920 1934 sacerdos
1944 1894 2025 1944 es,

454 1949 617 2018 homo
643 1964 700 2004 es
726 1967 739 2001 :
764 1961 812 2004 et
842 1949 888 2004 si
914 1948 1074 2003 homo
1100 1964 1178 2016 es,
1209 1958 1452 2018 peccator
1473 1964 1551 2003 es.
1576 1950 1742 2017 Quem
1772 1956 1823 2003 te
1848 1949 2025 2018 ipsum

453 2017 624 2073 facis?
670 2020 858 2073 Dixisti
886 2028 936 2074 te
965 2019 1134 2073 solum
1162 2017 1281 2074 esse
1308 2028 1571 2083 sanctum,
1606 2019 1777 2072 solum
1804 2017 2024 2089 justum,

454 2090 624 2143 solum
649 2088 763 2143 sine
794 2099 1030 2158 peccato,
1059 2089 1230 2144 solum
1262 2089 1377 2143 sine
1405 2089 1631 2143 macula.
1662 2089 1848 2143 Dixisti
1881 2099 2026 2143 tuum

463 2173 583 2213 esse
612 2158 901 2227 Baptisma,
943 2167 1087 2213 tuum
1109 2160 1285 2214 oleum
1315 2168 1579 2224 sanctum,
1621 2167 1762 2212 tuam
1789 2174 2026 2213 mensam

455 2228 794 2301 dominicam,
823 2240 908 2301 tua
931 2229 1016 2283 illa
1039 2231 1216 2301 omnia
1242 2244 1359 2301 quae
1388 2229 1629 2301 fidelibus
1651 2227 1908 2301 divinitus
1936 2229 2028 2281 tri-

453 2299 707 2354 buuntur.
734 2299 871 2367 Quid
897 2308 1079 2362 restat,
1104 2299 1206 2353 nisi
1234 2298 1290 2353 ut
1310 2298 1569 2353 scelerate
1591 2306 1646 2352 et
1670 2299 1830 2366 impie
1860 2298 2025 2352 Deum

456 2378 508 2423 te
550 2383 673 2438 esse
709 2368 1068 2438 pronunties?
1112 2368 1219 2423 Sed
1252 2368 1374 2438 audi
1415 2368 1723 2438 quidcaput
1765 2368 2028 2438 superbiae

456 2437 649 2492 audire
687 2436 880 2493 meruit
911 2457 925 2492 :
968 2436 1488 2507 Quomodocecidisti
1528 2437 1591 2489 de
1615 2436 1737 2489 caelo
1756 2479 1771 2501 ,
1800 2437 2028 2507 lucifer;

454 2509 543 2575 qui
573 2524 718 2561 mane
745 2507 984 2562 oriebaris
1005 2548 1021 2572 ,
1059 2507 1143 2576 qui
1170 2504 1467 2560 vulnerabas
1491 2515 1658 2576 gentes
1677 2547 1692 2571 ,
1724 2506 1808 2575 qui
1833 2504 2029 2560 dicebas

455 2578 510 2629 in
536 2577 684 2631 corde
708 2587 813 2642 tuo,
855 2576 1024 2645 Super
1070 2577 1250 2631 coelum
1291 2576 1578 2638 ascendam,
1615 2584 1660 2629 et
1704 2591 1856 2645 super
1894 2585 2029 2629 astra

460 2645 554 2700 Dei
577 2647 806 2702 exaltabo
831 2647 998 2702 sedem
1024 2662 1203 2711 meam,
1235 2645 1412 2700 sedebo
1452 2647 1504 2698 in
1557 2655 1722 2698 monte
1752 2646 2031 2699 testamenti

453 2716 510 2770 in
540 2717 775 2789 lateribus
794 2718 1062 2789 aquilonis,
1091 2726 1137 2789 et
1167 2732 1251 2770 ero
1276 2715 1457 2789 similis
1486 2715 1801 2789 Altissimoi
1819 2714 2028 2789 Verum:

457 2795 621 2858 tamen
664 2788 718 2841 in
768 2785 1357 2858 infernumddescendes,
1401 2795 1450 2858 et
1486 2786 1539 2839 in
1578 2785 1886 2858 profundum
1932 2785 2031 2839 laci

462 2855 631 2929 (Isai.
661 2872 770 2929 xiv,
793 2854 997 2929 12-15).
1019 2856 1134 2929 Nisi
1157 2872 1285 2926 ergo
1310 2854 1639 2929 pmnilueris.
1674 2854 1778 2908 nisi
1804 2870 2029 2929 conver-

454 2926 548 2981 sos
578 2926 755 2991 fueris,
789 2927 888 2983 nisi
911 2926 1149 2996 deposita
1178 2927 1423 2995 superbia
1451 2935 1782 2994 peccatorum
1815 2928 2023 2980 veniam

496 2998 824 3062 ostulaveris,
849 2997 1032 3052 audies
1050 2996 1192 3067 quod
1225 3006 1277 3051 et
1304 2996 1423 3061 ille;
1458 2997 1581 3065 quia
1606 3010 1728 3050 cum
1749 2996 1822 3050 sis
1847 2997 2026 3060 homo,

477 3067 587 3121 'acis
613 3076 661 3121 te
683 3067 853 3135 ipsum
880 3067 1061 3123 Deum.

527 3137 755 3195 CAPUT
783 3136 922 3191 XVI.
946 3167 1020 3178 —
1057 3137 1257 3192 Deum.
1289 3135 1423 3189 dixit
1449 3152 1461 3188 :
1491 3135 1747 3190 Similiter
1770 3135 2029 3192 Dominus

457 3220 554 3274 per
577 3208 829 3277 Aggteum
868 3207 1205 3277 prephetam,
1249 3205 1553 3277 immundos
1590 3214 1757 3258 tactus
1784 3206 2031 3274 inquina-

454 3276 691 3331 mentum
751 3276 1017 3341 coul'errc,
1060 3289 1159 3329 nec
1204 3276 1462 3343 pollutum
1506 3289 1824 3342 quemquam
1873 3290 2029 3342 posse

453 3348 699 3412 sancire,
741 3347 786 3401 si
828 3346 1007 3401 illicita
1045 3346 1456 3415 prmsumptione
1497 3352 1718 3415 conetur
1771 3345 2030 3415 attingere

455 3416 596 3485 quod
637 3424 878 3470 sanctum
908 3412 1083 3471 videat
1129 3412 1447 3485 contineri,
1469 3412 1667 3466 salubri
1696 3414 2030 3481 expositione

455 3482 769 3539 monstravit
793 3526 807 3549 ,
835 3485 960 3539 dum
996 3500 1089 3553 pro
1115 3483 1267 3538 nobis
1295 3482 1611 3553 Prophetam
1640 3490 1853 3536 cautqu
1880 3485 2030 3537 exhi‘

454 3555 586 3626 linit.
621 3553 889 3626 Interroga
907 3596 924 3621 ,
952 3552 1122 3624 inquit
1151 3552 1448 3619 Dominus,
1484 3552 1783 3626 sacerdotes,
1812 3554 2031 3626 dicens:

455 3623 520 3679 Si
553 3623 840 3696 alligaverit
877 3623 1250 3696 Itomo’carnem
1289 3634 1512 3696 sanetam
1546 3623 1601 3696 in
1631 3638 1833 3696 summa
1879 3624 2029 3676 vesti-

453 3693 658 3760 mento,
672 3705 718 3748 et
751 3694 964 3765 tetigerit
1001 3695 1264 3765 summitas
1289 3694 1562 3765 vestimenti
1578 3693 1814 3765 aliquam
1836 3702 2031 3765 cleant-

452 3781 563 3817 ram
591 3765 737 3834 panis
755 3806 769 3829 ,
810 3760 898 3818 aut
925 3765 1056 3829 vini,
1085 3773 1172 3817 aut
1198 3764 1294 3817 olei
1311 3803 1326 3828 ,
1359 3763 1403 3816 si
1427 3760 1818 3834 sanctiﬁcaiur?
1846 3760 1918 3834 Et
1931 3778 2028 3834 _re—

452 3830 760 3901 spondet-unt
784 3836 1065 3889 sacerdotes
1094 3844 1137 3887 et
1171 3834 1404 3886 dixerunt
1434 3847 1453 3884 :
1483 3830 1624 3901 Non.
1660 3831 1724 3884 Et
1765 3831 1892 3885 dixit
1916 3830 2030 3885 Do-

456 3906 618 3958 minus
648 3921 667 3959 :
692 3903 753 3959 Si
774 3904 987 3975 tetigerit
1015 3904 1305 3975 inquinatus
1330 3903 1383 3955 in
1410 3901 1580 3975 anima
1607 3900 2028 3975 horunraliquid,

454 3978 499 4027 si
523 3968 913 4040 inquinabitur'?
947 3974 1009 4027 Et
1037 3968 1272 4027 dixerunt
1300 3970 1583 4026 sacerdotes
1612 3968 2027 4040 :quninabitur.

456 4045 522 4096 Et
544 4046 670 4098 dixit
697 4045 944 4098 Dominus
974 4060 993 4097 :
1021 4043 1110 4098 Sic
1139 4051 1185 4095 et
1212 4043 1427 4111 populus
1454 4041 1556 4104 hic,
1582 4048 1627 4093 et
1648 4042 1720 4094 sic
1748 4056 1869 4109 gens
1893 4042 1990 4095 ista
2012 4057 2031 4095 :

455 4115 740 4237 igtttit'i)qui
791 4115 913 4168 illuc
958 4113 1263 4176 accesserit,
1298 4110 1642 4181 inquinabitur
1689 4111 1914 4181 (Aggtei
1955 4126 2027 4176 tt,

534 4214 553 4224 ο
593 4205 627 4237 θ
656 4223 668 4237 ο

457 4186 668 4239 12ο1ὂ).

526 4184 693 4310 om}.
724 4253 996 4323 respondit
1036 4270 1052 4307 :
1100 4252 1210 4307 lloc
1249 4251 1529 4323 adversum
1559 4261 1766 4323 tensus
1800 4265 1859 4323 es
1889 4251 2034 4305 testi-

457 4326 660 4389 monio,
684 4327 773 4395 qui
801 4321 998 4378 donum
1025 4323 1197 4395 Dciiiu
1227 4332 1322 4395 tuo
1342 4321 1496 4392 ponis
1521 4322 1761 4375 arbitrio.
1796 4321 1861 4395 Si
1890 4323 2030 4375 enim

458 4404 630 4450 tactus
663 4391 829 4449 sancti
852 4437 866 4456 .
897 4393 1155 4448 immundi
1184 4391 1578 4461 inquinamenm
1604 4406 1711 4445 non
1740 4391 1909 4461 tollit;
1938 4407 2033 4445 va-

457 4481 585 4520 num
612 4478 696 4520 cst
728 4465 866 4534 quod
894 4467 1095 4534 geritur
1117 4505 1133 4529 ,
1161 4460 1301 4532 quod
1330 4460 1591 4516 conﬁcitis
1618 4503 1633 4524 ,
1656 4460 1795 4530 quod
1825 4461 2030 4534 lavatis.

457 4537 519 4591 Si
549 4532 777 4605 tetigerit,
811 4532 1000 4603 inquit,
1028 4535 1160 4602 quod
1184 4543 1417 4605 sanctum
1438 4540 1531 4605 esi.
1560 4540 1840 4605 creaturam
1865 4532 2031 4598 panis,

457 4617 545 4660 aut
572 4601 691 4669 vini,
739 4606 810 4660 uel
837 4601 956 4671 olei,
988 4601 1422 4671 sanctiﬁcabitur?
1462 4601 1527 4653 Et
1557 4601 1923 4671 responderunt
1951 4616 2029 4654 sa-

458 4677 703 4740 cerdotes,
730 4686 775 4729 et
804 4677 1039 4730 dixerunt
1067 4690 1088 4729 :
1114 4674 1260 4727 Non.
1291 4673 1388 4727 Ubi
1409 4681 1491 4726 est
1518 4671 1659 4741 quod
1696 4685 1793 4725 vos
1828 4671 2036 4725 extolli-

461 4747 560 4812 tis,
597 4747 736 4815 quod
776 4747 1108 4815 sanctitatem
1158 4753 1386 4798 vestram
1422 4742 1741 4815 munditiam
1792 4742 2036 4815 conferre

457 4810 705 4887 iactatis?
728 4818 833 4887 Aut
859 4816 905 4869 si
936 4814 1064 4887 illud
1091 4823 1272 4887 movet
1296 4810 1438 4881 quod
1460 4813 1553 4877 ait,
1584 4811 1673 4887 Sic
1693 4813 1911 4887 papulas
1932 4811 2030 4873 hic,

459 4880 506 4940 'et
531 4888 604 4940 sic
627 4903 750 4957 gens
768 4886 899 4949 ista;
928 4884 1089 4957 omnis
1106 4885 1193 4957 qui
1213 4880 1335 4957 illuc
1351 4883 1617 4957 accesierit
1644 4880 1988 4957 iniquinabitur
2014 4897 2034 4934 :

462 4951 650 5011 docete
673 4958 948 5026 Aggmum,
982 4955 1074 5026 qui
1104 4951 1202 5008 ista
1229 4952 1459 5026 dicebat,
1487 4952 1557 5006 de
1584 4951 1759 5026 medio
1794 4951 2037 5026 ejusdem

484 5027 633 5081 tlebis
660 5021 858 5081 exii'sse
885 5041 953 5079 ne
976 5021 1114 5079 inter
1139 5038 1232 5078 eos
1257 5023 1415 5092 etiam
1446 5030 1589 5076 esset
1629 5024 1743 5092 ipse
1781 5021 2033 5089 pollutus.

510 5104 657 5150 actus
681 5096 771 5152 ille
807 5109 971 5164 opera
1014 5093 1292 5163 signiﬁcat.
1323 5091 1380 5164 Si
1418 5091 1661 5164 sanctus,
1691 5092 1881 5164 inquit,
1914 5092 2038 5164 teti-

459 5167 599 5234 gerit
628 5160 981 5231 immundum,
1023 5160 1129 5219 non
1172 5161 1586 5234 saitctilicabitur
1615 5179 1629 5215 :
1660 5161 1705 5234 si
1734 5160 2038 5234 immundus

462 5229 693 5307 ietigerit
714 5229 1372 5307 sanctum,_inquinabit_.ur
1397 5248 1435 5307 :_
1454 5230 1507 5284 id
1537 5240 1646 5307 est,
1676 5229 1883 5284 facilius
1909 5246 2038 5307 san~

462 5300 583 5361 ctus
608 5306 697 5377 qui
735 5305 951 5381 junctus
980 5300 1140 5381 fuerit
1165 5303 1309 5381 genti
1349 5300 1471 5355 huic
1505 5302 1752 5381 pessimae
1782 5301 2039 5381 pessima-

464 5383 570 5441 tur,
595 5374 755 5446 quam
774 5391 906 5446 gens
930 5375 1031 5446 ista
1053 5374 1105 5428 in
1133 5374 1323 5446 melius
1342 5379 1727 5446 commutetur;
1765 5374 1887 5439 quia
1915 5386 2035 5446 pro:

464 5439 652 5502 clivius
695 5439 1154 5500 ad'imitationem
1195 5443 1453 5496 malorum
1493 5442 1744 5505 curritur,
1785 5455 1941 5508 quam
1972 5439 2038 5494 ad

465 5516 688 5571 virtutes
714 5516 974 5571 bonorum
1002 5514 1208 5568 animus
1244 5512 1504 5567 excitatur
1535 5527 1549 5564 :
1589 5512 1725 5565 sicut
1754 5510 1896 5564 melli
1927 5509 2041 5579 plu-

464 5586 600 5640 rimo
628 5600 815 5656 parum
857 5583 1110 5656 absinthii
1153 5582 1436 5656 injec_tum,_
1455 5581 1690 5656 velocem
1732 5580 2041 5656 amaritudi-

464 5668 588 5710 nem
631 5649 824 5720 irahit;
864 5653 1037 5708 mellis
1066 5649 1438 5707 vero‘etiamsi
1486 5650 1703 5720 duplum
1749 5649 2035 5718 injiciatur,

464 5740 573 5782 non
615 5726 810 5795 poterit
845 5721 1230 5795 ejus‘obtineri
1275 5720 1520 5776 dulcedo.
1571 5720 1883 5775 Exeundum
1912 5734 2039 5795 ergo

472 5791 726 5851 nobts'est
748 5809 782 5851 e
802 5791 980 5850 medio
1006 5793 1262 5848 malorum
1287 5802 1489 5860 mente,
1507 5805 1615 5845 non
1643 5805 1830 5856 carne;
1860 5791 2033 5861 operi-

1337 367 1538 421 l.llibtt
1566 362 1851 420 CONTRA
1890 363 2332 422 FULGENTIUM
2374 364 2829 423 DONATISTAM.

3616 376 3722 432 ’ΠΟ

2130 478 2263 543 bus,
2292 494 2400 534 non
2428 478 2998 554 corporibus.Nottte,
3030 485 3201 554 inquit
3226 483 3540 554 Apostolus.
3571 504 3716 541 com-

2130 566 2385 625 municare
2426 550 2656 625 operibus
2695 550 3364 625 infructuosistenebrarum
3405 554 3619 625 (Epltes.
3653 574 3706 622 v,

2129 620 2229 692 it)
2263 622 2549 692 :‘operibus
2571 622 2682 692 ait;
2716 620 2818 692 non
2852 623 3138 676 Altaribus.
3174 620 3439 692 Scriptum
3466 620 3548 680 est
3571 620 3714 682 enim

2134 687 2393 766 itt_isaia:_
2419 688 2519 755 Qui
2547 689 2722 766 dicunt
2744 732 2759 755 ,
2794 691 2987 766 Recede
3013 708 3050 766 ai
3073 709 3181 757 me,
3214 687 3314 747 non
3343 698 3718 766 appmpinqnes

2134 759 2277 831 milii,
2308 760 2425 831 quia
2451 761 2742 831 inmundus
2769 777 2820 831 es
2841 776 2860 823 ;
2900 762 2983 814 isti
3025 764 3193 831 fumus
3220 759 3440 819 eruntin
3467 759 3545 819 ira
3581 759 3710 829 mea,

2127 827 2258 904 ignis
2285 827 2467 882 ardens
2506 839 2607 883 tota
2633 829 2916 904 die_(lsai._
2934 827 3076 904 αὖ.
3102 832 3188 904 5).
3238 833 3292 888 Si
3345 843 3396 888 te
3439 827 3713 892 hominum

2165 899 2264 952 icta
2292 913 2396 951 non
2427 908 2645 967 terrent,
2670 900 2857 954 saltem
2888 901 2982 956 Dei
3010 899 3257 956 minantis
3276 905 3349 957 ira
3375 916 3671 960 convertat.

2201 967 2426 1023 CAPUT
2456 969 2618 1043 X__Vll.
2656 999 2729 1043 —_-
2766 970 2964 1025 Doxa'r.
2992 972 3122 1025 dixit
3154 989 3166 1023 :
3197 973 3471 1043 Nunquam
3504 978 3636 1029 latro
3657 980 3707 1029 in

2130 1037 2303 1115 lucem
2331 1039 2549 1115 protulit
2579 1039 2844 1115 praedam;
2891 1055 3104 1115 semper
3129 1037 3355 1115 operarii
3396 1047 3564 1099 noctis
3590 1061 3707 1115 gra-

2132 1108 2422 1180 tamﬁbonis
2466 1108 2712 1180 omnibus
2754 1110 2921 1164 lucem
2950 1108 3145 1180 satpius
3169 1108 3496 1169 horruerunt
3523 1132 3534 1167 :
3563 1108 3710 1170 solus

2132 1179 2352 1249 traditor
2380 1194 2479 1232 nec
2516 1179 2608 1233 Dei
2648 1179 2805 1233 minis
2837 1179 3093 1249 lrangithr
3116 1223 3130 1247 ,
3180 1193 3234 1236 et
3279 1184 3327 1235 in
3360 1185 3530 1239 aliena
3564 1195 3709 1239 veste

2130 1247 2403 1320 improbus
2430 1248 2703 1320 gloriatur.
2726 1249 2924 1303 Contra
2950 1247 3107 1317 quem
3138 1269 3229 1320 per
3255 1254 3578 1320 Sophoniam
3604 1257 3709 1309 Do-

2130 1318 2304 1391 minus
2350 1318 2662 1391 proclamat,
2709 1334 2808 1374 nec
2856 1320 3067 1391 auditur
3099 1338 3111 1373 :
3140 1318 3293 1383 ‘Erit,
3329 1318 3513 1391 inquit,
3546 1326 3597 1379 in
3622 1326 3705 1379 die

2129 1389 2365 1457 sacri/icti
2405 1387 2648 1463 Domini,
2691 1390 3046 1463 etuvindicabo
3081 1392 3129 1443 in
3174 1387 3512 1463 principibus,
3565 1406 3609 1448 et
3655 1397 3708 1449 in

2129 1474 2300 1532 omnes
2324 1458 2523 1511 vestitos
2549 1467 2680 1532 veste
2703 1460 2867 1532 aliena
2890 1461 3078 1531 (δορὴ.
3106 1477 3142 1524 ι,
3172 1458 3251 1532 8).

2199 1527 2367 1582 CATII.
2400 1528 2674 1603 respondit
2719 1546 2734 1582 :
2784 1527 3052 1603 'i‘ua'inon
3099 1527 3257 1586 timeo
3300 1532 3541 1597 crimina,
3584 1535 3705 1603 quia

2131 1612 2245 1651 mea
2277 1599 2475 1670 munita
2509 1606 2591 1652 est
2638 1600 2979 1670 conscientia.
3024 1601 3192 1668 Quem
3236 1603 3367 1658 dicis
3408 1599 3703 1670 tradidisse,

2131 1682 2322 1742 nomen
2352 1669 2630 1742 locumque
2652 1669 2927 1742 iraditoris
2955 1672 3195 1724 ostende.
3228 1672 3503 1742 Nunquam
3536 1676 3585 1728 id
3618 1669 3707 1730 va-

2131 1736 2263 1790 lehis
2289 1736 2595 1801 ostendere,
2622 1737 2757 1793 sient
2783 1754 2881 1793 nec
2905 1750 3058 1794 antea
3090 1743 3315 1797 valuisti.
3348 1736 3451 1798 Sed
3477 1744 3577 1799 etsi
3607 1746 3707 1799 ali-

2129 1822 2287 1876 quem
2336 1807 2638 1877 protuleris,
2680 1808 2809 1862 mihi
2851 1810 3039 1864 obesse
3082 1826 3189 1865 non
3232 1815 3442 1877 poterit,
3502 1815 3710 1870 dicente

2131 1877 2380 1951 Domino,
2426 1877 2610 1930 Anima
2651 1879 2811 1951 patris
2849 1896 2960 1951 mea
2984 1890 3092 1943 est;
3120 1882 3291 1951 anima
3319 1883 3415 1948 ﬁlii
3448 1900 3558 1937 mea
3595 1894 3710 1951 est;

2130 1948 2300 2024 (fama
2324 1963 2437 2018 qua:
2464 1950 2756 2024 peccaverit,
2785 1949 2896 2001 sola
2921 1951 3159 2019 morietur
3188 1950 3400 2024 (Esech.
3444 1969 3592 2018 xvttt,
3629 1948 3706 2024 4).

2132 2016 2450 2091 Egotanien
2474 2033 2579 2071 non
2607 2018 2658 2070 in
2686 2017 3032 2091 alienaivesie
3056 2018 3383 2088 eongaudeo.
3425 2024 3514 2091 qui
3547 2016 3598 2077 in
3622 2016 3711 2079 cd-

2132 2086 2324 2162 thOlica
2346 2086 2457 2162 fide
2486 2102 2705 2162 semper
2723 2088 2954 2162 exsulto.
2985 2088 3075 2162 Illa
3097 2086 3182 2144 est
3202 2106 3356 2159 quam
3392 2086 3581 2150 habeo.
3606 2110 3710 2162 qua

2130 2172 2219 2228 me
2249 2157 2301 2211 in
2327 2156 2413 2211 die
2447 2156 2837 2228 redemptionis
2859 2159 3163 2213 misericors
3189 2156 3242 2212 et
3273 2161 3529 2228 benignus
3557 2156 3712 2217 Pater

2130 2227 2186 2280 in
2229 2228 2423 2301 decore
2465 2227 2698 2301 vestivit.
2743 2226 2951 2301 A/I'erte,
2985 2226 3558 2301 inquittstolam—illunt
3600 2233 3711 2301 pri-

2131 2312 2287 2361 mam,
2320 2304 2365 2350 et
2404 2295 2596 2349 induite
2625 2297 2769 2348 illum
2808 2311 2827 2350 :
2867 2298 2984 2365 quia
3027 2295 3107 2350 hic
3135 2298 3273 2364 [ilius
3311 2316 3451 2352 meus
3488 2295 3712 2356 mortuus

2132 2374 2256 2443 erat,
2281 2374 2325 2417 et
2346 2366 2545 2443 revixit;
2567 2365 2799 2443 perierat,
2821 2376 2867 2443 et
2886 2367 3113 2443 inventus
3129 2377 3200 2420 est
3218 2367 3473 2443 (Luciixv,
3489 2369 3709 2443 22,24).

2134 2434 2287 2506 Illam
2316 2435 2561 2506 nimirum
2589 2434 2656 2506 de
2681 2438 2789 2501 Tqua
2820 2435 3013 2490 Paulus
3036 2439 3312 2503 apostolus
3338 2439 3470 2493 dixit
3494 2481 3507 2504 ,
3550 2434 3714 2506 Quot-

2131 2512 2250 2583 quot
2278 2503 2330 2557 in
2356 2503 2553 2583 Diuisio
2583 2502 2819 2583 bap_tiz_ati
2849 2507 3003 2583 estis,
3033 2502 3287 2583 Christum
3316 2502 3714 2583 induistislGa-

2133 2575 2223 2627 lat.
2252 2588 2328 2647 tu,
2355 2574 2470 2647 27).
2501 2574 2647 2631 lianc
2676 2575 2949 2647 liabco,in
2979 2576 3075 2630 hac
3110 2578 3334 2647 gaudeo,
3367 2580 3416 2632 in
3447 2580 3545 2634 hac
3570 2574 3714 2634 sem-

2133 2658 2227 2712 pcr
2253 2645 2535 2716 gloriosior
2555 2646 2840 2713 apparebo.
2874 2646 2997 2700 llmc
3025 2645 3283 2716 est—quam
3317 2663 3411 2703 vos
3438 2660 3531 2705 aut
3557 2661 3614 2706 ut
3639 2651 3715 2705 la-

2139 2721 2322 2768 trones
2350 2715 2660 2777 abstulistis,
2693 2724 2783 2768 aut
2813 2716 2993 2769 miseri
3019 2715 3320 2771 Sordidatis.

2203 2783 2425 2856 CAPUT
2473 2783 2657 2856 XVlll.
2680 2814 2752 2824 —
2778 2785 2979 2856 Donni.
3007 2786 3174 2840 dixit:
3208 2788 3263 2841 In
3291 2798 3543 2856 quantum
3570 2791 3711 2846 enim

2134 2853 2444 2928 improbitas
2462 2854 2652 2928 devios
2673 2855 3096 2928 errorcsialienis
3118 2857 3271 2911 bonis
3291 2853 3436 2928 cupit
3450 2870 3710 2926 astruere,

2133 2932 2186 2976 et
2215 2923 2352 2998 falsa
2373 2923 2628 2977 Catholica
2662 2924 2920 2998 mendacii
2944 2926 3164 2998 nebulas
3191 2923 3412 2982 conatdr
3439 2923 3712 2998 obtegere,

2134 3008 2229 3061 per
2252 2994 2415 3047 colles
2459 2993 2723 3065 tortuOSOS
2750 2992 2966 3060 incedit,
3005 2997 3086 3049 cui
3112 3013 3206 3065 per
3224 2998 3507 3052 Jeremiam
3540 2992 3717 3053 D'omi;

2134 3064 2929 3138 nuscontradictor-obviaviti:
2984 3064 3176 3133 Nolite,
3224 3069 3412 3138 inquit,
3461 3069 3618 3136 ﬁdere
3659 3070 3714 3123 in

2132 3134 2269 3186 vobis
2306 3134 2357 3185 in
2396 3136 2553 3187 verbis
2596 3134 2763 3257 galsis,
2804 3136 2922 3205 quia
2967 3154 3055 3205 per
3083 3138 3252 3190 omnia
3296 3134 3397 3191 non
3442 3134 3714 3205 proderunt

2132 3203 2288 3257 vobis.
2316 3202 2555 3257 dicentes.
2643 3204 2863 3257 emnlum
2890 3205 3115 3257 Domini.
3143 3207 3381 3257 temnlnm
3410 3207 3614 3257 Domini
3640 3219 3714 3257 est

2131 3203 2288 3277 vobis,
2316 3202 2555 3277 dicentes,
2576 3202 2863 3277 ⁵Τεριριιιῦη
2890 3202 3115 3269 Domini,
3143 3207 3381 3277 templum
3410 3202 3614 3262 Domini
3640 3219 3715 3263 est

2145 3272 2371 3342 (Jerem.
2400 3289 2495 3339 vn,
2526 3272 2617 3342 4).
2665 3275 2729 3327 Ει
2760 3276 3012 3330 Dominus
3046 3277 3095 3329 in
3129 3272 3536 3332 Denterunomio
3568 3297 3582 3332 :
3625 3279 3717 3331 Αι-

2133 3343 2278 3395 tende
2306 3342 2481 3417 tibine
2507 3342 3157 3417 _o/fera_s_liolocaustomata
3184 3348 3234 3399 in
3255 3350 3390 3417 omni
3419 3348 3529 3401 loco
3552 3365 3717 3417 quent-

2134 3427 2343 3481 cumque
2362 3411 2575 3481 videris;
2597 3413 2685 3466 sed
2703 3414 2755 3466 in
2781 3413 2891 3467 loco
2916 3432 3060 3479 quem
3085 3416 3285 3481 elegerit
3318 3411 3574 3471 Dominus
3585 3417 3719 3472 Deus

2135 3480 2327 3536 tuusin
2367 3480 2497 3535 tribu
2523 3492 2629 3543 tua,
2662 3483 2715 3536 in
2749 3486 2844 3536 hac
2882 3484 3060 3551 o/feres
3092 3480 3541 3551 holocaustomata,
3566 3498 3610 3541 et
3648 3489 3718 3540 ibi

2133 3551 2479 3692 {ascieﬁqmnia
2514 3568 2838 3623 quaecumque
2866 3557 3102 3624 prwcipio
3127 3557 3215 3609 tibi
3240 3556 3390 3610 hodie
3414 3556 3592 3624 (Deut.
3616 3573 3717 3625 xu,

2209 3663 2223 3686 r
2254 3662 2361 3686 "'l‘

2204 3691 2374 3762 Cant.
2424 3692 2700 3762 respondit
2741 3711 2754 3746 :
2799 3692 3027 3762 Optime,
3060 3702 3115 3748 et
3151 3696 3305 3753 saluti
3343 3706 3444 3750 tum
3492 3698 3716 3752 multum

2134 3761 2458 3837 conveniens
2485 3761 2858 3837 testimonium
2888 3766 3107 3837 posuisti
3140 3782 3152 3817 :
3185 3765 3398 3818 Attende
3424 3768 3511 3819 tibi
3549 3784 3611 3820 ne
3638 3772 3720 3837 of-

2136 3833 2270 3903 feras
2300 3829 2734 3903 holocaustomata
2756 3829 2969 3903 in_onini
2997 3834 3106 3885 loco
3127 3850 3486 3903 quemcumque
3505 3829 3720 3903 videris;

2135 3898 2224 3951 scd
2252 3901 2303 3952 in
2334 3900 2443 3970 loco
2471 3915 2618 3970 quem
2645 3901 2846 3970 elegerit
2885 3898 3149 3954 Dominus
3177 3902 3311 3956 Deus
3351 3898 3466 3957 tuus
3495 3905 3545 3957 in
3586 3898 3719 3959 tribu

2137 3977 2245 4031 tua,
2277 3970 2327 4021 in
2354 3968 2449 4020 hac
2478 3968 2663 4034 o/Teras
2690 3968 3122 4024 ltolocauslomata
3144 4012 3159 4036 ,
3195 3982 3240 4025 et
3269 3973 3337 4025 ibi
3367 3975 3520 4040 [acies
3548 3977 3719 4029 omnia

2134 4053 2454 4106 quacumque
2483 4040 2735 4107 prtecipiet
2764 4040 2868 4093 tibi.
2902 4041 3035 4094 Audi
3068 4057 3194 4110 ergo
3220 4043 3309 4110 qui
3339 4045 3407 4096 sit
3435 4044 3581 4097 lucus
3601 4047 3714 4100 ele-

2135 4121 2271 4180 ctus,
2297 4117 2350 4162 et
2375 4124 2492 4175 quae
2517 4110 2682 4180 tribus
2706 4110 2911 4163 Domini
2939 4111 3247 4180 prmdieata.
3274 4113 3326 4166 In
3360 4113 3575 4167 Pssimo
3595 4129 3721 4170 cen-

2139 4179 2326 4254 tesimo
2358 4179 2625 4254 trigesimo
2662 4180 2830 4254 primo
2860 4179 3024 4254 habes
3057 4199 3070 4234 :
3102 4180 3351 4254 Quoniam
3371 4183 3515 4254 elegit
3545 4183 3723 4238 Domi-

2136 4265 2233 4303 nus
2262 4249 2424 4323 Sion,
2458 4247 2602 4323 elegit
2632 4265 2741 4301 eam
2849 4250 3205 4323 habitationem
3232 4253 3343 4305 sibi.
3384 4247 3506 4307 Πᾶνας
3531 4257 3722 4323 requies

2136 4334 2248 4371 mea
2272 4319 2336 4395 in_
2353 4318 2592 4395 stvculunt
2605 4321 2811 4395 fwcttli,
2843 4320 2921 4372 hic
2943 4321 3194 4395 habitabo,
3222 4324 3460 4395 quoniam
3484 4318 3720 4395 praelegi

2138 4404 2267 4465 eam.
2321 4389 2447 4442 Item
2505 4389 2556 4442 in
2604 4390 2813 4465 Rsalmo
2855 4393 3149 4465 centesimo
3186 4389 3445 4465 vigesimo
3484 4389 3716 4465 'pritno':

2140 4458 2344 4513 Stantes
2371 4466 2511 4511 erant
2542 4458 2691 4527 pedes
2717 4462 2875 4513 nostri
2896 4462 2947 4514 in
2974 4464 3114 4516 atriis
3141 4458 3266 4526 tuis,
3288 4458 3591 4517 Jerusalém.
3622 4464 3718 4518 Je-

2137 4530 2355 4583 rusalem
2398 4543 2512 4598 qua:
2550 4529 2832 4596 mdi/icatur
2865 4541 2916 4583 ut
2957 4533 3150 4585 civitas.
3188 4532 3326 4587 Illuc
3364 4535 3496 4587 enim
3544 4550 3722 4589 ascen-

2138 4598 2320 4652 derunt
2366 4597 2554 4659 tribus,
2606 4597 2761 4652 tribus
2804 4599 3002 4654 Domini
3031 4604 3364 4656 testimonium
3409 4603 3589 4657 Israel.
3623 4605 3720 4660 llic

2140 4679 2223 4723 est
2250 4668 2398 4723 locus
2426 4669 2648 4735 electus,
2681 4669 2766 4722 hic
2802 4685 2953 4724 mons
2982 4675 3358 4739 sanetilicatus,
3391 4675 3503 4728 lucc
3533 4676 3719 4729 civitas

2140 4753 2300 4812 super
2353 4749 2584 4812 montem
2628 4740 2830 4812 posita,
2875 4743 2941 4793 ita
2985 4750 3042 4794 ut
3082 4743 3332 4797 abscmtdi
3383 4759 3486 4797 non
3532 4746 3719 4812 possit,

2142 4808 2257 4864 hinc
2294 4809 2446 4883 radix
2471 4809 2753 4883 catholica,
2800 4810 3066 4883 biecvitis
3097 4813 3356 4883 l'ruetil'era
3395 4808 3553 4883 longe
3595 4817 3723 4868 Iae-

2140 4894 2245 5001 que
2287 4879 2500 4943 diffusa,
2542 4895 2659 4947 quae
2706 4880 2756 4932 in
2806 4882 3184 4936 Ecelesiastico
3229 4883 3420 4937 clamat
3463 4879 3519 4934 et
3567 4883 3716 4948 dicit,

2176 4967 2208 5001 η
2252 4948 2380 5001 Sion
2426 4948 2636 5001 fundata
2679 4966 2811 5001 sum.
2857 4961 2903 5001 et
2940 4952 2993 5001 in
3031 4949 3317 5001 Jerusalem
3363 4963 3575 5001 potestas
3616 4971 3716 5001 mea

2176 4967 2215 5020 ῃ
2252 4948 2380 5003 Sion
2424 4948 2636 5020 {uridata
2679 4966 2811 5016 sum,
2857 4961 2903 5004 et
2940 4952 2993 5004 in
3031 4949 3317 5004 Jerusalem
3360 4963 3575 5020 potestas
3616 4971 3723 5007 mea

2145 5018 2331 5088 (Eccli.
2370 5018 2519 5084 xxiv,
2567 5019 2678 5087 15).
2718 5021 2927 5091 Etenim
2967 5022 3202 5091 oportuit
3234 5023 3336 5091 pati
3360 5018 3633 5077 Christum
3666 5032 3721 5077 et

2140 5103 2507 5160 resurgerea
2565 5090 2791 5144 mortuis
2848 5093 3000 5146 tertia
3055 5091 3177 5157 die,
3232 5090 3289 5148 et
3340 5092 3616 5160 praedicari
3668 5092 3721 5147 in

2142 5160 2359 5214 nomine
2412 5158 2527 5226 ejus
2582 5161 2948 5228 paenitentiam
2995 5170 3049 5217 et
3106 5158 3474 5217 remissionem
3541 5177 3727 5230 pecca-

2142 5237 2454 5301 iorum_per
2496 5245 2683 5284 omnes
2713 5240 2932 5301 gentes,
2980 5232 3350 5301 incipientibus
3392 5232 3459 5285 ab
3503 5231 3722 5287 Jerusa-

2142 5300 2249 5371 lem
2303 5296 2454 5371 (Luc.
2499 5313 2648 5371 sxw,
2699 5296 2801 5365 ιϐ,
2850 5300 2966 5371 47).
3015 5296 3179 5358 Recte
3223 5318 3309 5357 me
3352 5317 3637 5371 argueres,
3680 5305 3721 5355 si

2143 5370 2197 5441 in
2227 5368 2662 5441 haehazreditate
2683 5368 2947 5425 maneres.
2978 5373 3047 5425 At
3075 5387 3193 5426 cum
3222 5373 3272 5425 in
3307 5372 3404 5427 hac
3418 5368 3526 5426 'ttei
3559 5375 3722 5441 patris

2145 5439 2459 5494 haereditate
2505 5454 2609 5492 non
2652 5455 2889 5501 maneas,
2934 5440 2988 5494 in
3036 5443 3134 5495 hac
3179 5442 3375 5495 Christi
3416 5439 3570 5510 regis
3587 5443 3725 5499 tribu

2144 5525 2252 5564 non
2284 5510 2481 5562 milites
2500 5549 2514 5572 ,
2543 5523 2639 5562 cur
2662 5509 2908 5564 desertor
2939 5512 3162 5580 corripis
3188 5512 3450 5565 militem?
3477 5509 3576 5567 eur
3601 5528 3726 5568 reus

2144 5581 2391 5651 inerepas
2418 5579 2797 5651 innocentem?
2822 5584 2885 5634 Et
2905 5596 3004 5651 ego
3034 5579 3124 5636 tibi
3154 5581 3291 5645 dico,
3324 5581 3538 5636 Attende
3557 5584 3644 5637 tibi
3665 5600 3726 5637 ns

2146 5647 2333 5716 offeras
2356 5650 2411 5703 in
2434 5649 2570 5702 omni
2595 5647 2728 5712 ioco,
2752 5650 2853 5704 hoc
2872 5647 2973 5714 est,
3000 5651 3053 5704 in
3070 5651 3212 5704 omni
3234 5650 3455 5717 hatresi;
3483 5660 3538 5707 et
3556 5653 3721 5715 dicas,

2146 5730 2202 5802 ei
2223 5719 2308 5802 hic
2336 5720 2497 5802 Deu's,
2525 5726 2579 5773 et
2597 5719 2668 5802 ibi
2698 5719 2839 5802 Deus
2858 5730 2947 5802 est
2975 5738 2989 5802 ς
3018 5722 3111 5802 sed
3144 5721 3193 5773 in
3216 5720 3324 5802 loco
3351 5722 3726 5802 quentuelegerit

2153 5791 2401 5851 Dominus
2426 5787 2565 5845 Dens
2590 5796 2704 5845 tuus
2729 5789 2782 5845 in
2805 5784 2935 5847 tribu
2966 5800 3074 5856 tua,
3099 5790 3202 5848 bo}
3233 5800 3335 5859 est,
3360 5784 3415 5848 in
3444 5793 3584 5849 tribu
3599 5784 3725 5858 'ejus
