  <div class='ocr_page' id='page_1' title='image "/cluster/home/n/w/nwhite01/storage/ocr_20150623/43/hvd.32044096580659/391.png"; bbox 0 0 4108 6198; ppageno 0'>
   <div class='ocr_carea' id='block_1_1' title="bbox 431 352 3708 414">
    <p class='ocr_par' dir='ltr' id='par_1_1' title="bbox 431 352 3708 414">
     <span class='ocr_line' id='line_1_1' title="bbox 431 352 3708 414; baseline 0 -1"><span class='ocrx_word' id='word_1_1' title='bbox 431 361 461 413; x_wconf 83' lang='lat'><strong>7</strong></span> <span class='ocrx_word' id='word_1_2' title='bbox 472 359 524 414; x_wconf 78' lang='lat' dir='ltr'><strong>il</strong></span> <span class='ocrx_word' id='word_1_3' title='bbox 1897 352 2260 412; x_wconf 68' lang='lat' dir='ltr'><strong>APPENEIX.</strong></span> <span class='ocrx_word' id='word_1_4' title='bbox 3607 357 3708 413; x_wconf 71' lang='grc' dir='ltr'><strong>τ’ῖὲ</strong></span> 
     </span>
    </p>
   </div>
   <div class='ocr_carea' id='block_1_2' title="bbox 428 469 2002 543">
    <p class='ocr_par' dir='ltr' id='par_1_2' title="bbox 428 469 2002 543">
     <span class='ocr_line' id='line_1_2' title="bbox 428 469 2002 543; baseline -0.004 -15"><span class='ocrx_word' id='word_1_5' title='bbox 428 476 496 529; x_wconf 86' lang='lat' dir='ltr'><strong>ibi</strong></span> <span class='ocrx_word' id='word_1_6' title='bbox 529 474 710 543; x_wconf 71' lang='lat' dir='ltr'><strong>oﬂ&#39;eres</strong></span> <span class='ocrx_word' id='word_1_7' title='bbox 731 473 1161 543; x_wconf 79' lang='lat' dir='ltr'><strong>Italoeaustanmta</strong></span> <span class='ocrx_word' id='word_1_8' title='bbox 1189 480 1292 543; x_wconf 78' lang='lat' dir='ltr'><strong>tua,</strong></span> <span class='ocrx_word' id='word_1_9' title='bbox 1324 480 1367 543; x_wconf 76' lang='lat' dir='ltr'><strong>et</strong></span> <span class='ocrx_word' id='word_1_10' title='bbox 1403 469 1470 522; x_wconf 87' lang='lat' dir='ltr'><strong>ibi</strong></span> <span class='ocrx_word' id='word_1_11' title='bbox 1493 469 1644 543; x_wconf 78' lang='lat' dir='ltr'><strong>facies</strong></span> <span class='ocrx_word' id='word_1_12' title='bbox 1675 470 1844 522; x_wconf 82' lang='lat' dir='ltr'><strong>omnia</strong></span> <span class='ocrx_word' id='word_1_13' title='bbox 1860 484 2002 540; x_wconf 72' lang='lat' dir='ltr'><strong>qua:-</strong></span> 
     </span>
    </p>
   </div>
   <div class='ocr_carea' id='block_1_3' title="bbox 428 541 1702 612">
    <p class='ocr_par' dir='ltr' id='par_1_3' title="bbox 428 541 1702 612">
     <span class='ocr_line' id='line_1_3' title="bbox 428 541 1702 612; baseline -0.009 -12"><span class='ocrx_word' id='word_1_14' title='bbox 428 541 642 612; x_wconf 68' lang='lat' dir='ltr'><strong>cumque</strong></span> <span class='ocrx_word' id='word_1_15' title='bbox 664 554 912 612; x_wconf 76' lang='lat' dir='ltr'><strong>pra&#39;cepta</strong></span> <span class='ocrx_word' id='word_1_16' title='bbox 937 552 1050 595; x_wconf 88' lang='lat' dir='ltr'><strong>sunt</strong></span> <span class='ocrx_word' id='word_1_17' title='bbox 1074 541 1179 594; x_wconf 91' lang='lat' dir='ltr'><strong>tibi.</strong></span> <span class='ocrx_word' id='word_1_18' title='bbox 1207 542 1435 612; x_wconf 15' lang='lat' dir='ltr'><strong>Ilocriae,</strong></span> <span class='ocrx_word' id='word_1_19' title='bbox 1460 551 1514 594; x_wconf 92' lang='lat' dir='ltr'><strong>ct</strong></span> <span class='ocrx_word' id='word_1_20' title='bbox 1533 541 1702 612; x_wconf 54' lang='lat' dir='ltr'><strong>vives.</strong></span> 
     </span>
    </p>
   </div>
   <div class='ocr_carea' id='block_1_4' title="bbox 502 608 2006 678">
    <p class='ocr_par' dir='ltr' id='par_1_4' title="bbox 502 608 2006 678">
     <span class='ocr_line' id='line_1_4' title="bbox 502 608 2006 678; baseline -0.005 -8"><span class='ocrx_word' id='word_1_21' title='bbox 502 608 725 670; x_wconf 64' lang='lat' dir='ltr'><strong>CAPUT</strong></span> <span class='ocrx_word' id='word_1_22' title='bbox 767 612 904 666; x_wconf 70' lang='lat' dir='ltr'><strong>XIX.</strong></span> <span class='ocrx_word' id='word_1_23' title='bbox 933 641 1004 651; x_wconf 89' lang='lat'><strong>—</strong></span> <span class='ocrx_word' id='word_1_24' title='bbox 1050 613 1248 665; x_wconf 74' lang='lat' dir='ltr'><strong>lloxxT.</strong></span> <span class='ocrx_word' id='word_1_25' title='bbox 1295 611 1427 663; x_wconf 90' lang='lat' dir='ltr'><strong>dixit</strong></span> <span class='ocrx_word' id='word_1_26' title='bbox 1476 626 1488 661; x_wconf 92' lang='lat'>:</span> <span class='ocrx_word' id='word_1_27' title='bbox 1532 610 1797 678; x_wconf 87' lang='lat' dir='ltr'><strong>Baptisma</strong></span> <span class='ocrx_word' id='word_1_28' title='bbox 1827 608 2006 675; x_wconf 77' lang='lat' dir='ltr'><strong>utique</strong></span> 
     </span>
    </p>
   </div>
   <div class='ocr_carea' id='block_1_5' title="bbox 431 679 2004 751">
    <p class='ocr_par' dir='ltr' id='par_1_5' title="bbox 431 679 2004 751">
     <span class='ocr_line' id='line_1_5' title="bbox 431 679 2004 751; baseline -0.004 -13"><span class='ocrx_word' id='word_1_29' title='bbox 431 687 533 739; x_wconf 89' lang='lat' dir='ltr'><strong>dici</strong></span> <span class='ocrx_word' id='word_1_30' title='bbox 568 700 669 738; x_wconf 90' lang='lat' dir='ltr'><strong>noo</strong></span> <span class='ocrx_word' id='word_1_31' title='bbox 703 692 894 751; x_wconf 89' lang='lat' dir='ltr'><strong>potest,</strong></span> <span class='ocrx_word' id='word_1_32' title='bbox 924 681 1061 750; x_wconf 91' lang='lat' dir='ltr'><strong>quod</strong></span> <span class='ocrx_word' id='word_1_33' title='bbox 1103 697 1356 750; x_wconf 89' lang='lat' dir='ltr'><strong>aquarum</strong></span> <span class='ocrx_word' id='word_1_34' title='bbox 1392 681 1540 733; x_wconf 87' lang='lat' dir='ltr'><strong>turba</strong></span> <span class='ocrx_word' id='word_1_35' title='bbox 1571 679 1838 751; x_wconf 55' lang='lat' dir='ltr'><strong>dispersit,</strong></span> <span class='ocrx_word' id='word_1_36' title='bbox 1864 679 2004 751; x_wconf 83' lang='lat' dir='ltr'><strong>quod</strong></span> 
     </span>
    </p>
   </div>
   <div class='ocr_carea' id='block_1_6' title="bbox 432 748 2006 818">
    <p class='ocr_par' dir='ltr' id='par_1_6' title="bbox 432 748 2006 818">
     <span class='ocr_line' id='line_1_6' title="bbox 432 748 2006 818; baseline -0.005 -10"><span class='ocrx_word' id='word_1_37' title='bbox 432 757 501 808; x_wconf 88' lang='lat' dir='ltr'><strong>ah</strong></span> <span class='ocrx_word' id='word_1_38' title='bbox 549 748 800 809; x_wconf 75' lang='lat' dir='ltr'><strong>Ecclesiae</strong></span> <span class='ocrx_word' id='word_1_39' title='bbox 851 748 993 805; x_wconf 80' lang='lat' dir='ltr'><strong>fonte</strong></span> <span class='ocrx_word' id='word_1_40' title='bbox 1045 748 1240 804; x_wconf 74' lang='lat' dir='ltr'><strong>malitia</strong></span> <span class='ocrx_word' id='word_1_41' title='bbox 1288 751 1573 818; x_wconf 86' lang='lat' dir='ltr'><strong>separavit,</strong></span> <span class='ocrx_word' id='word_1_42' title='bbox 1627 748 1766 814; x_wconf 87' lang='lat' dir='ltr'><strong>quod</strong></span> <span class='ocrx_word' id='word_1_43' title='bbox 1812 749 2006 800; x_wconf 75' lang='lat' dir='ltr'><strong>sterilis</strong></span> 
     </span>
    </p>
   </div>
   <div class='ocr_carea' id='block_1_7' title="bbox 431 818 2004 890">
    <p class='ocr_par' dir='ltr' id='par_1_7' title="bbox 431 818 2004 890">
     <span class='ocr_line' id='line_1_7' title="bbox 431 818 2004 890; baseline -0.004 -12"><span class='ocrx_word' id='word_1_44' title='bbox 431 825 570 878; x_wconf 87' lang='lat' dir='ltr'><strong>unda</strong></span> <span class='ocrx_word' id='word_1_45' title='bbox 601 823 844 884; x_wconf 92' lang='lat' dir='ltr'><strong>siccavit,</strong></span> <span class='ocrx_word' id='word_1_46' title='bbox 878 823 1014 890; x_wconf 90' lang='lat' dir='ltr'><strong>quod</strong></span> <span class='ocrx_word' id='word_1_47' title='bbox 1051 837 1145 875; x_wconf 89' lang='lat' dir='ltr'><strong>nec</strong></span> <span class='ocrx_word' id='word_1_48' title='bbox 1174 823 1415 888; x_wconf 81' lang='lat' dir='ltr'><strong>angelum</strong></span> <span class='ocrx_word' id='word_1_49' title='bbox 1443 821 1602 880; x_wconf 79' lang='lat' dir='ltr'><strong>vidit,</strong></span> <span class='ocrx_word' id='word_1_50' title='bbox 1635 834 1734 890; x_wconf 82' lang='lat' dir='ltr'><strong>nec</strong></span> <span class='ocrx_word' id='word_1_51' title='bbox 1766 818 2004 890; x_wconf 84' lang='lat' dir='ltr'><strong>prophe-</strong></span> 
     </span>
    </p>
   </div>
   <div class='ocr_carea' id='block_1_8' title="bbox 431 889 2004 962">
    <p class='ocr_par' dir='ltr' id='par_1_8' title="bbox 431 889 2004 962">
     <span class='ocr_line' id='line_1_8' title="bbox 431 889 2004 962; baseline -0.004 -15"><span class='ocrx_word' id='word_1_52' title='bbox 431 905 537 947; x_wconf 89' lang='lat' dir='ltr'><strong>tam</strong></span> <span class='ocrx_word' id='word_1_53' title='bbox 569 895 655 962; x_wconf 89' lang='lat' dir='ltr'><strong>qui</strong></span> <span class='ocrx_word' id='word_1_54' title='bbox 682 910 739 946; x_wconf 86' lang='lat' dir='ltr'><strong>se</strong></span> <span class='ocrx_word' id='word_1_55' title='bbox 772 889 969 946; x_wconf 84' lang='lat' dir='ltr'><strong>mederi</strong></span> <span class='ocrx_word' id='word_1_56' title='bbox 1006 902 1184 960; x_wconf 86' lang='lat' dir='ltr'><strong>posset</strong></span> <span class='ocrx_word' id='word_1_57' title='bbox 1231 891 1448 962; x_wconf 63' lang='lat' dir='ltr'><strong>invenit,</strong></span> <span class='ocrx_word' id='word_1_58' title='bbox 1469 891 1604 943; x_wconf 91' lang='lat' dir='ltr'><strong>sicut</strong></span> <span class='ocrx_word' id='word_1_59' title='bbox 1635 889 1686 942; x_wconf 91' lang='lat' dir='ltr'><strong>in</strong></span> <span class='ocrx_word' id='word_1_60' title='bbox 1734 889 2004 962; x_wconf 77' lang='lat' dir='ltr'><strong>libroltc-</strong></span> 
     </span>
    </p>
   </div>
   <div class='ocr_carea' id='block_1_9' title="bbox 429 959 2005 1035">
    <p class='ocr_par' dir='ltr' id='par_1_9' title="bbox 429 959 2005 1035">
     <span class='ocr_line' id='line_1_9' title="bbox 429 959 2005 1035; baseline -0.003 -19"><span class='ocrx_word' id='word_1_61' title='bbox 429 959 652 1035; x_wconf 76' lang='lat' dir='ltr'><strong>gnarum</strong></span> <span class='ocrx_word' id='word_1_62' title='bbox 685 973 871 1031; x_wconf 73' lang='lat' dir='ltr'><strong>quarto</strong></span> <span class='ocrx_word' id='word_1_63' title='bbox 913 959 1131 1035; x_wconf 78' lang='lat' dir='ltr'><strong>letltales</strong></span> <span class='ocrx_word' id='word_1_64' title='bbox 1172 977 1341 1035; x_wconf 79' lang='lat' dir='ltr'><strong>aquas</strong></span> <span class='ocrx_word' id='word_1_65' title='bbox 1379 959 1601 1014; x_wconf 67' lang='lat' dir='ltr'><strong>Elisarus</strong></span> <span class='ocrx_word' id='word_1_66' title='bbox 1641 959 2005 1035; x_wconf 70' lang='lat' dir='ltr'><strong>sanctissimus</strong></span> 
     </span>
    </p>
   </div>
   <div class='ocr_carea' id='block_1_10' title="bbox 431 1028 2005 1090">
    <p class='ocr_par' dir='ltr' id='par_1_10' title="bbox 431 1028 2005 1090">
     <span class='ocr_line' id='line_1_10' title="bbox 431 1028 2005 1090; baseline -0.004 -4"><span class='ocrx_word' id='word_1_67' title='bbox 431 1028 668 1087; x_wconf 72' lang='lat' dir='ltr'><strong>discussa</strong></span> <span class='ocrx_word' id='word_1_68' title='bbox 692 1028 861 1086; x_wconf 83' lang='lat' dir='ltr'><strong>morte</strong></span> <span class='ocrx_word' id='word_1_69' title='bbox 887 1034 1113 1090; x_wconf 83' lang='lat' dir='ltr'><strong>sanavit.</strong></span> <span class='ocrx_word' id='word_1_70' title='bbox 1139 1043 1188 1085; x_wconf 90' lang='lat' dir='ltr'><strong>et</strong></span> <span class='ocrx_word' id='word_1_71' title='bbox 1213 1028 1492 1083; x_wconf 84' lang='lat' dir='ltr'><strong>maritante</strong></span> <span class='ocrx_word' id='word_1_72' title='bbox 1512 1045 1758 1083; x_wconf 90' lang='lat' dir='ltr'><strong>sermone</strong></span> <span class='ocrx_word' id='word_1_73' title='bbox 1784 1029 1836 1082; x_wconf 90' lang='lat' dir='ltr'><strong>in</strong></span> <span class='ocrx_word' id='word_1_74' title='bbox 1869 1028 2005 1080; x_wconf 78' lang='lat' dir='ltr'><strong>l‘etus</strong></span> 
     </span>
    </p>
   </div>
   <div class='ocr_carea' id='block_1_11' title="bbox 431 1097 2007 1171">
    <p class='ocr_par' dir='ltr' id='par_1_11' title="bbox 431 1097 2007 1171">
     <span class='ocr_line' id='line_1_11' title="bbox 431 1097 2007 1171; baseline -0.004 -14"><span class='ocrx_word' id='word_1_75' title='bbox 431 1105 622 1157; x_wconf 87' lang='lat' dir='ltr'><strong>uberes</strong></span> <span class='ocrx_word' id='word_1_76' title='bbox 667 1119 845 1156; x_wconf 92' lang='lat' dir='ltr'><strong>meare</strong></span> <span class='ocrx_word' id='word_1_77' title='bbox 891 1104 1146 1171; x_wconf 69' lang='lat' dir='ltr'><strong>pet-misit.</strong></span> <span class='ocrx_word' id='word_1_78' title='bbox 1181 1101 1247 1153; x_wconf 75' lang='lat' dir='ltr'><strong>Et</strong></span> <span class='ocrx_word' id='word_1_79' title='bbox 1287 1102 1517 1153; x_wconf 64' lang='lat' dir='ltr'><strong>dixerunt</strong></span> <span class='ocrx_word' id='word_1_80' title='bbox 1560 1100 1652 1152; x_wconf 78' lang='lat' dir='ltr'><strong>viri</strong></span> <span class='ocrx_word' id='word_1_81' title='bbox 1692 1099 1905 1153; x_wconf 74' lang='lat' dir='ltr'><strong>civitatis</strong></span> <span class='ocrx_word' id='word_1_82' title='bbox 1940 1097 2007 1150; x_wconf 80' lang='lat' dir='ltr'><strong>ad</strong></span> 
     </span>
    </p>
   </div>
   <div class='ocr_carea' id='block_1_12' title="bbox 431 1171 2001 1232">
    <p class='ocr_par' dir='ltr' id='par_1_12' title="bbox 431 1171 2001 1232">
     <span class='ocr_line' id='line_1_12' title="bbox 431 1171 2001 1232; baseline -0.005 -5"><span class='ocrx_word' id='word_1_83' title='bbox 431 1173 679 1227; x_wconf 75' lang='lat' dir='ltr'><strong>Elistcum</strong></span> <span class='ocrx_word' id='word_1_84' title='bbox 703 1189 722 1224; x_wconf 92' lang='lat'><strong><em>:</em></strong></span> <span class='ocrx_word' id='word_1_85' title='bbox 756 1174 878 1226; x_wconf 69' lang='grc' dir='ltr'><strong>Ισίτα</strong></span> <span class='ocrx_word' id='word_1_86' title='bbox 911 1175 1234 1225; x_wconf 81' lang='lat' dir='ltr'><strong>commoratio</strong></span> <span class='ocrx_word' id='word_1_87' title='bbox 1261 1171 1473 1224; x_wconf 76' lang='lat' dir='ltr'><strong>civitatis</strong></span> <span class='ocrx_word' id='word_1_88' title='bbox 1511 1171 1660 1232; x_wconf 87' lang='lat' dir='ltr'><strong>bona,</strong></span> <span class='ocrx_word' id='word_1_89' title='bbox 1698 1171 1822 1222; x_wconf 81' lang='lat' dir='ltr'><strong>sicut</strong></span> <span class='ocrx_word' id='word_1_90' title='bbox 1853 1179 1897 1221; x_wconf 87' lang='lat' dir='ltr'><strong>et</strong></span> <span class='ocrx_word' id='word_1_91' title='bbox 1927 1180 2001 1232; x_wconf 85' lang='lat' dir='ltr'><strong>tu,</strong></span> 
     </span>
    </p>
   </div>
   <div class='ocr_carea' id='block_1_13' title="bbox 429 1237 2005 1310">
    <p class='ocr_par' dir='ltr' id='par_1_13' title="bbox 429 1237 2005 1310">
     <span class='ocr_line' id='line_1_13' title="bbox 429 1237 2005 1310; baseline -0.004 -13"><span class='ocrx_word' id='word_1_92' title='bbox 429 1246 649 1307; x_wconf 84' lang='lat' dir='ltr'><strong>domine,</strong></span> <span class='ocrx_word' id='word_1_93' title='bbox 691 1245 860 1306; x_wconf 73' lang='lat' dir='ltr'><strong>vides;</strong></span> <span class='ocrx_word' id='word_1_94' title='bbox 891 1245 977 1296; x_wconf 83' lang='lat' dir='ltr'><strong>scd</strong></span> <span class='ocrx_word' id='word_1_95' title='bbox 1001 1258 1146 1310; x_wconf 71' lang='lat' dir='ltr'><strong>aqua:</strong></span> <span class='ocrx_word' id='word_1_96' title='bbox 1173 1243 1342 1294; x_wconf 72' lang='lat' dir='ltr'><strong>multra</strong></span> <span class='ocrx_word' id='word_1_97' title='bbox 1370 1251 1415 1295; x_wconf 87' lang='lat' dir='ltr'><strong>et</strong></span> <span class='ocrx_word' id='word_1_98' title='bbox 1443 1241 1632 1293; x_wconf 83' lang='lat' dir='ltr'><strong>steriles</strong></span> <span class='ocrx_word' id='word_1_99' title='bbox 1657 1251 1772 1292; x_wconf 80' lang='lat' dir='ltr'><strong>sunt</strong></span> <span class='ocrx_word' id='word_1_100' title='bbox 1801 1241 1898 1292; x_wconf 81' lang='lat' dir='ltr'><strong>hic.</strong></span> <span class='ocrx_word' id='word_1_101' title='bbox 1941 1237 2005 1290; x_wconf 72' lang='lat' dir='ltr'><strong>Et</strong></span> 
     </span>
    </p>
   </div>
   <div class='ocr_carea' id='block_1_14' title="bbox 429 1310 2005 1382">
    <p class='ocr_par' dir='ltr' id='par_1_14' title="bbox 429 1310 2005 1382">
     <span class='ocr_line' id='line_1_14' title="bbox 429 1310 2005 1382; baseline -0.003 -16"><span class='ocrx_word' id='word_1_102' title='bbox 429 1317 556 1368; x_wconf 72' lang='lat' dir='ltr'><strong>dixit</strong></span> <span class='ocrx_word' id='word_1_103' title='bbox 587 1313 801 1366; x_wconf 80' lang='lat' dir='ltr'><strong>Eliswus</strong></span> <span class='ocrx_word' id='word_1_104' title='bbox 826 1329 843 1366; x_wconf 91' lang='lat'><strong><em>:</em></strong></span> <span class='ocrx_word' id='word_1_105' title='bbox 874 1314 1093 1382; x_wconf 72' lang='lat' dir='ltr'><strong>Accipite</strong></span> <span class='ocrx_word' id='word_1_106' title='bbox 1120 1313 1241 1364; x_wconf 84' lang='lat' dir='ltr'><strong>milii</strong></span> <span class='ocrx_word' id='word_1_107' title='bbox 1264 1328 1414 1362; x_wconf 86' lang='lat' dir='ltr'><strong>unum</strong></span> <span class='ocrx_word' id='word_1_108' title='bbox 1443 1326 1527 1382; x_wconf 71' lang='lat' dir='ltr'><strong>tuis</strong></span> <span class='ocrx_word' id='word_1_109' title='bbox 1554 1311 1725 1376; x_wconf 79' lang='lat' dir='ltr'><strong>ﬁctile,</strong></span> <span class='ocrx_word' id='word_1_110' title='bbox 1752 1310 2005 1382; x_wconf 77' lang='lat' dir='ltr'><strong>etintmit-</strong></span> 
     </span>
    </p>
   </div>
   <div class='ocr_carea' id='block_1_15' title="bbox 429 1379 2004 1450">
    <p class='ocr_par' dir='ltr' id='par_1_15' title="bbox 429 1379 2004 1450">
     <span class='ocr_line' id='line_1_15' title="bbox 429 1379 2004 1450; baseline -0.003 -14"><span class='ocrx_word' id='word_1_111' title='bbox 429 1385 516 1437; x_wconf 84' lang='lat' dir='ltr'><strong>tite</strong></span> <span class='ocrx_word' id='word_1_112' title='bbox 544 1386 594 1437; x_wconf 88' lang='lat' dir='ltr'><strong>in</strong></span> <span class='ocrx_word' id='word_1_113' title='bbox 623 1384 751 1436; x_wconf 81' lang='lat' dir='ltr'><strong>illud</strong></span> <span class='ocrx_word' id='word_1_114' title='bbox 778 1384 872 1435; x_wconf 83' lang='lat' dir='ltr'><strong>sal.</strong></span> <span class='ocrx_word' id='word_1_115' title='bbox 904 1381 968 1434; x_wconf 83' lang='lat' dir='ltr'><strong>Et</strong></span> <span class='ocrx_word' id='word_1_116' title='bbox 995 1379 1291 1450; x_wconf 73' lang='lat' dir='ltr'><strong>occeperunt</strong></span> <span class='ocrx_word' id='word_1_117' title='bbox 1321 1380 1450 1450; x_wconf 79' lang='lat' dir='ltr'><strong>illud</strong></span> <span class='ocrx_word' id='word_1_118' title='bbox 1463 1397 1492 1450; x_wconf 13' lang='lat'><strong>7:</strong></span> <span class='ocrx_word' id='word_1_119' title='bbox 1520 1382 1713 1432; x_wconf 80' lang='lat' dir='ltr'><strong>etvenit</strong></span> <span class='ocrx_word' id='word_1_120' title='bbox 1746 1379 1813 1450; x_wconf 66' lang='lat' dir='ltr'><strong>ad</strong></span> <span class='ocrx_word' id='word_1_121' title='bbox 1843 1381 2004 1431; x_wconf 65' lang='lat' dir='ltr'><strong>critus</strong></span> 
     </span>
    </p>
   </div>
   <div class='ocr_carea' id='block_1_16' title="bbox 429 1448 2002 1522">
    <p class='ocr_par' dir='ltr' id='par_1_16' title="bbox 429 1448 2002 1522">
     <span class='ocr_line' id='line_1_16' title="bbox 429 1448 2002 1522; baseline -0.004 -17"><span class='ocrx_word' id='word_1_122' title='bbox 429 1470 693 1522; x_wconf 67' lang='lat' dir='ltr'><strong>aquarum,</strong></span> <span class='ocrx_word' id='word_1_123' title='bbox 722 1464 766 1505; x_wconf 87' lang='lat' dir='ltr'><strong>et</strong></span> <span class='ocrx_word' id='word_1_124' title='bbox 811 1453 1019 1522; x_wconf 78' lang='lat' dir='ltr'><strong>projecit</strong></span> <span class='ocrx_word' id='word_1_125' title='bbox 1058 1448 1136 1504; x_wconf 80' lang='lat' dir='ltr'><strong>sul</strong></span> <span class='ocrx_word' id='word_1_126' title='bbox 1163 1461 1207 1502; x_wconf 80' lang='lat' dir='ltr'><strong>et</strong></span> <span class='ocrx_word' id='word_1_127' title='bbox 1238 1451 1384 1514; x_wconf 71' lang='lat' dir='ltr'><strong>dixit,</strong></span> <span class='ocrx_word' id='word_1_128' title='bbox 1425 1449 1548 1503; x_wconf 84' lang='lat' dir='ltr'><strong>lla&#39;c</strong></span> <span class='ocrx_word' id='word_1_129' title='bbox 1577 1451 1696 1522; x_wconf 80' lang='lat' dir='ltr'><strong>dicit</strong></span> <span class='ocrx_word' id='word_1_130' title='bbox 1738 1448 2002 1522; x_wconf 81' lang='lat' dir='ltr'><strong>Dominus,</strong></span> 
     </span>
    </p>
   </div>
   <div class='ocr_carea' id='block_1_17' title="bbox 434 1521 2008 1589">
    <p class='ocr_par' dir='ltr' id='par_1_17' title="bbox 434 1521 2008 1589">
     <span class='ocr_line' id='line_1_17' title="bbox 434 1521 2008 1589; baseline -0.004 -12"><span class='ocrx_word' id='word_1_131' title='bbox 434 1521 627 1577; x_wconf 81' lang='lat' dir='ltr'><strong>Sunavi</strong></span> <span class='ocrx_word' id='word_1_132' title='bbox 655 1539 812 1588; x_wconf 78' lang='lat' dir='ltr'><strong>(tquas</strong></span> <span class='ocrx_word' id='word_1_133' title='bbox 839 1525 976 1585; x_wconf 76' lang='lat' dir='ltr'><strong>istas,</strong></span> <span class='ocrx_word' id='word_1_134' title='bbox 1011 1535 1055 1574; x_wconf 82' lang='lat' dir='ltr'><strong>et</strong></span> <span class='ocrx_word' id='word_1_135' title='bbox 1082 1539 1178 1573; x_wconf 89' lang='lat' dir='ltr'><strong>non</strong></span> <span class='ocrx_word' id='word_1_136' title='bbox 1205 1522 1295 1572; x_wconf 89' lang='lat' dir='ltr'><strong>erit</strong></span> <span class='ocrx_word' id='word_1_137' title='bbox 1339 1537 1470 1573; x_wconf 88' lang='lat' dir='ltr'><strong>mors</strong></span> <span class='ocrx_word' id='word_1_138' title='bbox 1499 1522 1549 1572; x_wconf 90' lang='lat' dir='ltr'><strong>in</strong></span> <span class='ocrx_word' id='word_1_139' title='bbox 1579 1521 1649 1573; x_wconf 88' lang='lat' dir='ltr'><strong>eis</strong></span> <span class='ocrx_word' id='word_1_140' title='bbox 1681 1535 1838 1589; x_wconf 83' lang='lat' dir='ltr'><strong>neque</strong></span> <span class='ocrx_word' id='word_1_141' title='bbox 1863 1521 2008 1570; x_wconf 83' lang='lat' dir='ltr'><strong>steri-</strong></span> 
     </span>
    </p>
   </div>
   <div class='ocr_carea' id='block_1_18' title="bbox 428 1589 2001 1661">
    <p class='ocr_par' dir='ltr' id='par_1_18' title="bbox 428 1589 2001 1661">
     <span class='ocr_line' id='line_1_18' title="bbox 428 1589 2001 1661; baseline -0.004 -13"><span class='ocrx_word' id='word_1_142' title='bbox 428 1594 544 1648; x_wconf 79' lang='lat' dir='ltr'><strong>litas</strong></span> <span class='ocrx_word' id='word_1_143' title='bbox 569 1609 587 1647; x_wconf 90' lang='lat'><strong><em>:</em></strong></span> <span class='ocrx_word' id='word_1_144' title='bbox 609 1603 652 1645; x_wconf 80' lang='lat' dir='ltr'><strong>et</strong></span> <span class='ocrx_word' id='word_1_145' title='bbox 679 1604 871 1645; x_wconf 73' lang='lat' dir='ltr'><strong>sanata:</strong></span> <span class='ocrx_word' id='word_1_146' title='bbox 889 1603 1001 1644; x_wconf 83' lang='lat' dir='ltr'><strong>sunt</strong></span> <span class='ocrx_word' id='word_1_147' title='bbox 1026 1606 1172 1661; x_wconf 80' lang='lat' dir='ltr'><strong>aqua:</strong></span> <span class='ocrx_word' id='word_1_148' title='bbox 1201 1607 1354 1661; x_wconf 80' lang='lat' dir='ltr'><strong>usque</strong></span> <span class='ocrx_word' id='word_1_149' title='bbox 1376 1591 1426 1642; x_wconf 85' lang='lat' dir='ltr'><strong>in</strong></span> <span class='ocrx_word' id='word_1_150' title='bbox 1448 1590 1581 1643; x_wconf 78' lang='lat' dir='ltr'><strong>[tunc</strong></span> <span class='ocrx_word' id='word_1_151' title='bbox 1607 1590 1736 1642; x_wconf 81' lang='lat' dir='ltr'><strong>diem</strong></span> <span class='ocrx_word' id='word_1_152' title='bbox 1765 1589 1852 1658; x_wconf 77' lang='lat' dir='ltr'><strong>(IV</strong></span> <span class='ocrx_word' id='word_1_153' title='bbox 1874 1589 2001 1659; x_wconf 75' lang='lat' dir='ltr'><strong>lieg.</strong></span> 
     </span>
    </p>
   </div>
   <div class='ocr_carea' id='block_1_19' title="bbox 427 1662 724 1720">
    <p class='ocr_par' dir='ltr' id='par_1_19' title="bbox 427 1662 724 1720">
     <span class='ocr_line' id='line_1_19' title="bbox 427 1662 724 1720; baseline -0.017 0"><span class='ocrx_word' id='word_1_154' title='bbox 427 1679 484 1720; x_wconf 86' lang='lat' dir='ltr'><strong>It.</strong></span> <span class='ocrx_word' id='word_1_155' title='bbox 515 1662 724 1720; x_wconf 70' lang='lat'><strong>19-22).</strong></span> 
     </span>
    </p>
   </div>
   <div class='ocr_carea' id='block_1_20' title="bbox 470 1665 2004 1800">
    <p class='ocr_par' dir='ltr' id='par_1_20' title="bbox 470 1665 2004 1800">
     <span class='ocr_line' id='line_1_20' title="bbox 470 1665 724 1732; baseline -0.02 -13"><span class='ocrx_word' id='word_1_156' title='bbox 470 1707 484 1730; x_wconf 95' lang='lat'><strong>,</strong></span> <span class='ocrx_word' id='word_1_157' title='bbox 515 1665 724 1732; x_wconf 69' lang='lat'><strong>19-22).</strong></span> 
     </span>
     <span class='ocr_line' id='line_1_21' title="bbox 498 1728 2004 1800; baseline -0.003 -14"><span class='ocrx_word' id='word_1_158' title='bbox 498 1737 666 1788; x_wconf 63' lang='lat' dir='ltr'><strong>Cant.</strong></span> <span class='ocrx_word' id='word_1_159' title='bbox 698 1731 971 1800; x_wconf 65' lang='lat' dir='ltr'><strong>resttomlit</strong></span> <span class='ocrx_word' id='word_1_160' title='bbox 1001 1749 1012 1784; x_wconf 93' lang='lat'>:</span> <span class='ocrx_word' id='word_1_161' title='bbox 1047 1731 1252 1784; x_wconf 78' lang='lat' dir='ltr'><strong>Gratias</strong></span> <span class='ocrx_word' id='word_1_162' title='bbox 1286 1731 1394 1784; x_wconf 89' lang='lat' dir='ltr'><strong>Deo</strong></span> <span class='ocrx_word' id='word_1_163' title='bbox 1419 1731 1598 1794; x_wconf 90' lang='lat' dir='ltr'><strong>Patri,</strong></span> <span class='ocrx_word' id='word_1_164' title='bbox 1631 1731 1719 1800; x_wconf 86' lang='lat' dir='ltr'><strong>qui</strong></span> <span class='ocrx_word' id='word_1_165' title='bbox 1747 1729 1885 1798; x_wconf 91' lang='lat' dir='ltr'><strong>quod</strong></span> <span class='ocrx_word' id='word_1_166' title='bbox 1922 1728 2004 1781; x_wconf 79' lang='lat' dir='ltr'><strong>l&#39;u-</strong></span> 
     </span>
    </p>
   </div>
   <div class='ocr_carea' id='block_1_21' title="bbox 428 1801 2006 1868">
    <p class='ocr_par' dir='ltr' id='par_1_21' title="bbox 428 1801 2006 1868">
     <span class='ocr_line' id='line_1_22' title="bbox 428 1801 2006 1868; baseline -0.004 -10"><span class='ocrx_word' id='word_1_167' title='bbox 428 1813 603 1858; x_wconf 82' lang='lat' dir='ltr'><strong>turum</strong></span> <span class='ocrx_word' id='word_1_168' title='bbox 632 1803 881 1860; x_wconf 82' lang='lat' dir='ltr'><strong>ostendit.</strong></span> <span class='ocrx_word' id='word_1_169' title='bbox 917 1804 965 1854; x_wconf 92' lang='lat' dir='ltr'><strong>in</strong></span> <span class='ocrx_word' id='word_1_170' title='bbox 995 1803 1148 1855; x_wconf 89' lang='lat' dir='ltr'><strong>nobis</strong></span> <span class='ocrx_word' id='word_1_171' title='bbox 1179 1802 1349 1855; x_wconf 85' lang='lat' dir='ltr'><strong>lidelis</strong></span> <span class='ocrx_word' id='word_1_172' title='bbox 1377 1802 1631 1868; x_wconf 89' lang='lat' dir='ltr'><strong>implevit.</strong></span> <span class='ocrx_word' id='word_1_173' title='bbox 1667 1801 1894 1860; x_wconf 82' lang='lat' dir='ltr'><strong>Gratias,</strong></span> <span class='ocrx_word' id='word_1_174' title='bbox 1927 1801 2006 1852; x_wconf 89' lang='lat' dir='ltr'><strong>in-</strong></span> 
     </span>
    </p>
   </div>
   <div class='ocr_carea' id='block_1_22' title="bbox 428 1871 2002 1943">
    <p class='ocr_par' dir='ltr' id='par_1_22' title="bbox 428 1871 2002 1943">
     <span class='ocr_line' id='line_1_23' title="bbox 428 1871 2002 1943; baseline -0.001 -18"><span class='ocrx_word' id='word_1_175' title='bbox 428 1888 607 1943; x_wconf 89' lang='lat' dir='ltr'><strong>quam,</strong></span> <span class='ocrx_word' id='word_1_176' title='bbox 644 1874 750 1926; x_wconf 89' lang='lat' dir='ltr'><strong>Deo</strong></span> <span class='ocrx_word' id='word_1_177' title='bbox 782 1872 942 1935; x_wconf 88' lang='lat' dir='ltr'><strong>Patri,</strong></span> <span class='ocrx_word' id='word_1_178' title='bbox 983 1872 1070 1938; x_wconf 86' lang='lat' dir='ltr'><strong>qui</strong></span> <span class='ocrx_word' id='word_1_179' title='bbox 1107 1873 1257 1943; x_wconf 75' lang='lat' dir='ltr'><strong>nobis</strong></span> <span class='ocrx_word' id='word_1_180' title='bbox 1286 1888 1390 1943; x_wconf 88' lang='lat' dir='ltr'><strong>non</strong></span> <span class='ocrx_word' id='word_1_181' title='bbox 1418 1872 1647 1939; x_wconf 78' lang='lat' dir='ltr'><strong>Angelos</strong></span> <span class='ocrx_word' id='word_1_182' title='bbox 1673 1871 1868 1943; x_wconf 88' lang='lat' dir='ltr'><strong>solum,</strong></span> <span class='ocrx_word' id='word_1_183' title='bbox 1900 1886 2002 1943; x_wconf 72' lang='lat' dir='ltr'><strong>non</strong></span> 
     </span>
    </p>
   </div>
   <div class='ocr_carea' id='block_1_23' title="bbox 427 1941 2002 2013">
    <p class='ocr_par' dir='ltr' id='par_1_23' title="bbox 427 1941 2002 2013">
     <span class='ocr_line' id='line_1_24' title="bbox 427 1941 2002 2013; baseline -0.004 -15"><span class='ocrx_word' id='word_1_184' title='bbox 427 1941 752 2013; x_wconf 66' lang='grc' dir='ltr'><strong>ΡΙὈρΙιριιιε,</strong></span> <span class='ocrx_word' id='word_1_185' title='bbox 783 1946 920 1996; x_wconf 75' lang='lat' dir='ltr'><strong>s&#39;cut</strong></span> <span class='ocrx_word' id='word_1_186' title='bbox 949 1946 1092 2013; x_wconf 83' lang='lat' dir='ltr'><strong>prius</strong></span> <span class='ocrx_word' id='word_1_187' title='bbox 1123 1942 1174 1994; x_wconf 88' lang='lat' dir='ltr'><strong>in</strong></span> <span class='ocrx_word' id='word_1_188' title='bbox 1206 1941 1422 2013; x_wconf 71' lang='lat' dir='ltr'><strong>Jericho</strong></span> <span class='ocrx_word' id='word_1_189' title='bbox 1453 1953 1710 2013; x_wconf 80' lang='lat' dir='ltr'><strong>nostram,</strong></span> <span class='ocrx_word' id='word_1_190' title='bbox 1739 1941 1918 2013; x_wconf 82' lang='lat' dir='ltr'><strong>idest,</strong></span> <span class='ocrx_word' id='word_1_191' title='bbox 1953 1941 2002 1992; x_wconf 93' lang='lat' dir='ltr'><strong>in</strong></span> 
     </span>
    </p>
   </div>
   <div class='ocr_carea' id='block_1_24' title="bbox 430 2010 2001 2079">
    <p class='ocr_par' dir='ltr' id='par_1_24' title="bbox 430 2010 2001 2079">
     <span class='ocr_line' id='line_1_25' title="bbox 430 2010 2001 2079; baseline -0.004 -14"><span class='ocrx_word' id='word_1_192' title='bbox 430 2010 572 2066; x_wconf 79' lang='lat' dir='ltr'><strong>hunc</strong></span> <span class='ocrx_word' id='word_1_193' title='bbox 601 2013 875 2077; x_wconf 89' lang='lat' dir='ltr'><strong>mundum,</strong></span> <span class='ocrx_word' id='word_1_194' title='bbox 913 2011 1004 2064; x_wconf 84' lang='lat' dir='ltr'><strong>sed</strong></span> <span class='ocrx_word' id='word_1_195' title='bbox 1049 2013 1314 2079; x_wconf 89' lang='lat' dir='ltr'><strong>proprium</strong></span> <span class='ocrx_word' id='word_1_196' title='bbox 1345 2010 1530 2062; x_wconf 75' lang='lat' dir='ltr'><strong>Filium</strong></span> <span class='ocrx_word' id='word_1_197' title='bbox 1559 2011 1860 2073; x_wconf 89' lang='lat' dir='ltr'><strong>destinavit,</strong></span> <span class='ocrx_word' id='word_1_198' title='bbox 1900 2011 2001 2061; x_wconf 82' lang='lat' dir='ltr'><strong>Do-</strong></span> 
     </span>
    </p>
   </div>
   <div class='ocr_carea' id='block_1_25' title="bbox 427 2080 2004 2150">
    <p class='ocr_par' dir='ltr' id='par_1_25' title="bbox 427 2080 2004 2150">
     <span class='ocr_line' id='line_1_26' title="bbox 427 2080 2004 2150; baseline -0.004 -14"><span class='ocrx_word' id='word_1_199' title='bbox 427 2086 628 2136; x_wconf 87' lang='lat' dir='ltr'><strong>minum</strong></span> <span class='ocrx_word' id='word_1_200' title='bbox 656 2082 900 2135; x_wconf 88' lang='lat' dir='ltr'><strong>videlicet</strong></span> <span class='ocrx_word' id='word_1_201' title='bbox 930 2082 1270 2150; x_wconf 73' lang='lat' dir='ltr'><strong>Angelormu,</strong></span> <span class='ocrx_word' id='word_1_202' title='bbox 1299 2090 1352 2133; x_wconf 78' lang='lat' dir='ltr'><strong>et</strong></span> <span class='ocrx_word' id='word_1_203' title='bbox 1395 2080 1684 2148; x_wconf 90' lang='lat' dir='ltr'><strong>principem</strong></span> <span class='ocrx_word' id='word_1_204' title='bbox 1717 2081 2004 2150; x_wconf 81' lang='lat' dir='ltr'><strong>Propheta-</strong></span> 
     </span>
    </p>
   </div>
   <div class='ocr_carea' id='block_1_26' title="bbox 427 2150 2005 2220">
    <p class='ocr_par' dir='ltr' id='par_1_26' title="bbox 427 2150 2005 2220">
     <span class='ocr_line' id='line_1_27' title="bbox 427 2150 2005 2220; baseline -0.003 -14"><span class='ocrx_word' id='word_1_205' title='bbox 427 2168 568 2216; x_wconf 87' lang='lat' dir='ltr'><strong>rum,</strong></span> <span class='ocrx_word' id='word_1_206' title='bbox 601 2153 687 2220; x_wconf 88' lang='lat' dir='ltr'><strong>qui</strong></span> <span class='ocrx_word' id='word_1_207' title='bbox 728 2167 980 2218; x_wconf 86' lang='lat' dir='ltr'><strong>aquarum</strong></span> <span class='ocrx_word' id='word_1_208' title='bbox 1021 2153 1372 2210; x_wconf 88' lang='lat' dir='ltr'><strong>sterilitatem,</strong></span> <span class='ocrx_word' id='word_1_209' title='bbox 1425 2150 1525 2202; x_wconf 91' lang='lat' dir='ltr'><strong>hoc</strong></span> <span class='ocrx_word' id='word_1_210' title='bbox 1555 2159 1636 2204; x_wconf 62' lang='lat' dir='ltr'><strong>est</strong></span> <span class='ocrx_word' id='word_1_211' title='bbox 1661 2151 1892 2218; x_wconf 81' lang='lat' dir='ltr'><strong>gentium</strong></span> <span class='ocrx_word' id='word_1_212' title='bbox 1926 2150 2005 2202; x_wconf 87' lang='lat' dir='ltr'><strong>in-</strong></span> 
     </span>
    </p>
   </div>
   <div class='ocr_carea' id='block_1_27' title="bbox 425 2221 2002 2287">
    <p class='ocr_par' dir='ltr' id='par_1_27' title="bbox 425 2221 2002 2287">
     <span class='ocr_line' id='line_1_28' title="bbox 425 2221 2002 2287; baseline -0.001 -12"><span class='ocrx_word' id='word_1_213' title='bbox 425 2224 800 2276; x_wconf 73' lang='lat' dir='ltr'><strong>fecunditatem</strong></span> <span class='ocrx_word' id='word_1_214' title='bbox 849 2221 1085 2273; x_wconf 80' lang='lat' dir='ltr'><strong>discussa</strong></span> <span class='ocrx_word' id='word_1_215' title='bbox 1142 2231 1310 2272; x_wconf 82' lang='lat' dir='ltr'><strong>morte</strong></span> <span class='ocrx_word' id='word_1_216' title='bbox 1361 2228 1591 2272; x_wconf 86' lang='lat' dir='ltr'><strong>sanaret.</strong></span> <span class='ocrx_word' id='word_1_217' title='bbox 1648 2222 1861 2287; x_wconf 81' lang='lat' dir='ltr'><strong>Accepit</strong></span> <span class='ocrx_word' id='word_1_218' title='bbox 1911 2235 2002 2273; x_wconf 87' lang='lat' dir='ltr'><strong>vas</strong></span> 
     </span>
    </p>
   </div>
   <div class='ocr_carea' id='block_1_28' title="bbox 424 2289 1999 2358">
    <p class='ocr_par' dir='ltr' id='par_1_28' title="bbox 424 2289 1999 2358">
     <span class='ocr_line' id='line_1_29' title="bbox 424 2289 1999 2358; baseline -0.004 -12"><span class='ocrx_word' id='word_1_219' title='bbox 424 2292 607 2354; x_wconf 83' lang='lat' dir='ltr'><strong>ﬁctile,</strong></span> <span class='ocrx_word' id='word_1_220' title='bbox 637 2295 738 2344; x_wconf 86' lang='lat' dir='ltr'><strong>hoc</strong></span> <span class='ocrx_word' id='word_1_221' title='bbox 777 2302 857 2344; x_wconf 72' lang='lat' dir='ltr'><strong>est</strong></span> <span class='ocrx_word' id='word_1_222' title='bbox 883 2305 1078 2357; x_wconf 82' lang='lat' dir='ltr'><strong>Corpus</strong></span> <span class='ocrx_word' id='word_1_223' title='bbox 1107 2291 1402 2358; x_wconf 75' lang='lat' dir='ltr'><strong>fragilitatis</strong></span> <span class='ocrx_word' id='word_1_224' title='bbox 1427 2290 1698 2352; x_wconf 67' lang='lat' dir='ltr'><strong>humana};</strong></span> <span class='ocrx_word' id='word_1_225' title='bbox 1729 2292 1807 2343; x_wconf 89' lang='lat' dir='ltr'><strong>sal</strong></span> <span class='ocrx_word' id='word_1_226' title='bbox 1839 2289 1999 2351; x_wconf 60' lang='lat' dir='ltr'><strong>misit,</strong></span> 
     </span>
    </p>
   </div>
   <div class='ocr_carea' id='block_1_29' title="bbox 424 2359 1996 2429">
    <p class='ocr_par' dir='ltr' id='par_1_29' title="bbox 424 2359 1996 2429">
     <span class='ocr_line' id='line_1_30' title="bbox 424 2359 1996 2429; baseline -0.002 -14"><span class='ocrx_word' id='word_1_227' title='bbox 424 2363 475 2415; x_wconf 88' lang='lat' dir='ltr'><strong>id</strong></span> <span class='ocrx_word' id='word_1_228' title='bbox 503 2373 606 2426; x_wconf 84' lang='lat' dir='ltr'><strong>est,</strong></span> <span class='ocrx_word' id='word_1_229' title='bbox 637 2361 891 2429; x_wconf 88' lang='lat' dir='ltr'><strong>sapientia</strong></span> <span class='ocrx_word' id='word_1_230' title='bbox 922 2359 1098 2413; x_wconf 87' lang='lat' dir='ltr'><strong>divina</strong></span> <span class='ocrx_word' id='word_1_231' title='bbox 1140 2361 1361 2428; x_wconf 87' lang='lat' dir='ltr'><strong>replevit</strong></span> <span class='ocrx_word' id='word_1_232' title='bbox 1403 2377 1416 2412; x_wconf 89' lang='lat'><strong>:</strong></span> <span class='ocrx_word' id='word_1_233' title='bbox 1446 2361 1496 2413; x_wconf 88' lang='lat' dir='ltr'><strong>in</strong></span> <span class='ocrx_word' id='word_1_234' title='bbox 1537 2375 1726 2428; x_wconf 89' lang='lat' dir='ltr'><strong>aquam</strong></span> <span class='ocrx_word' id='word_1_235' title='bbox 1756 2359 1996 2428; x_wconf 86' lang='lat' dir='ltr'><strong>projecit,</strong></span> 
     </span>
    </p>
   </div>
   <div class='ocr_carea' id='block_1_30' title="bbox 424 2430 2000 2498">
    <p class='ocr_par' dir='ltr' id='par_1_30' title="bbox 424 2430 2000 2498">
     <span class='ocr_line' id='line_1_31' title="bbox 424 2430 2000 2498; baseline -0.004 -12"><span class='ocrx_word' id='word_1_236' title='bbox 424 2433 526 2486; x_wconf 86' lang='lat' dir='ltr'><strong>hoc</strong></span> <span class='ocrx_word' id='word_1_237' title='bbox 547 2443 647 2497; x_wconf 87' lang='lat' dir='ltr'><strong>est,</strong></span> <span class='ocrx_word' id='word_1_238' title='bbox 678 2433 728 2484; x_wconf 90' lang='lat' dir='ltr'><strong>in</strong></span> <span class='ocrx_word' id='word_1_239' title='bbox 755 2430 1038 2484; x_wconf 84' lang='lat' dir='ltr'><strong>Jordanem</strong></span> <span class='ocrx_word' id='word_1_240' title='bbox 1063 2430 1335 2484; x_wconf 77' lang='lat' dir='ltr'><strong>descendit</strong></span> <span class='ocrx_word' id='word_1_241' title='bbox 1373 2447 1384 2480; x_wconf 94' lang='lat'><strong>:</strong></span> <span class='ocrx_word' id='word_1_242' title='bbox 1430 2445 1593 2498; x_wconf 80' lang='lat' dir='ltr'><strong>aquas</strong></span> <span class='ocrx_word' id='word_1_243' title='bbox 1618 2445 1715 2483; x_wconf 82' lang='lat' dir='ltr'><strong>suo</strong></span> <span class='ocrx_word' id='word_1_244' title='bbox 1742 2430 2000 2482; x_wconf 86' lang='lat' dir='ltr'><strong>descensu</strong></span> 
     </span>
    </p>
   </div>
   <div class='ocr_carea' id='block_1_31' title="bbox 422 2500 2003 2565">
    <p class='ocr_par' dir='ltr' id='par_1_31' title="bbox 422 2500 2003 2565">
     <span class='ocr_line' id='line_1_32' title="bbox 422 2500 2003 2565; baseline -0.002 -10"><span class='ocrx_word' id='word_1_245' title='bbox 422 2503 645 2565; x_wconf 77' lang='lat' dir='ltr'><strong>sanavit,</strong></span> <span class='ocrx_word' id='word_1_246' title='bbox 671 2503 720 2554; x_wconf 89' lang='lat' dir='ltr'><strong>id</strong></span> <span class='ocrx_word' id='word_1_247' title='bbox 750 2512 847 2562; x_wconf 89' lang='lat' dir='ltr'><strong>est,</strong></span> <span class='ocrx_word' id='word_1_248' title='bbox 878 2510 1062 2565; x_wconf 65' lang='lat' dir='ltr'><strong>gentes</strong></span> <span class='ocrx_word' id='word_1_249' title='bbox 1091 2516 1188 2554; x_wconf 82' lang='lat' dir='ltr'><strong>Stto</strong></span> <span class='ocrx_word' id='word_1_250' title='bbox 1213 2501 1442 2552; x_wconf 88' lang='lat' dir='ltr'><strong>adventu</strong></span> <span class='ocrx_word' id='word_1_251' title='bbox 1475 2500 1702 2553; x_wconf 88' lang='lat' dir='ltr'><strong>redemit</strong></span> <span class='ocrx_word' id='word_1_252' title='bbox 1730 2517 1742 2550; x_wconf 88' lang='lat'>:</span> <span class='ocrx_word' id='word_1_253' title='bbox 1772 2510 1827 2554; x_wconf 87' lang='lat' dir='ltr'><strong>et</strong></span> <span class='ocrx_word' id='word_1_254' title='bbox 1849 2500 2003 2552; x_wconf 90' lang='lat' dir='ltr'><strong>mari-</strong></span> 
     </span>
    </p>
   </div>
   <div class='ocr_carea' id='block_1_32' title="bbox 424 2570 2002 2639">
    <p class='ocr_par' dir='ltr' id='par_1_32' title="bbox 424 2570 2002 2639">
     <span class='ocr_line' id='line_1_33' title="bbox 424 2570 2002 2639; baseline -0.002 -15"><span class='ocrx_word' id='word_1_255' title='bbox 424 2582 576 2625; x_wconf 85' lang='lat' dir='ltr'><strong>tante</strong></span> <span class='ocrx_word' id='word_1_256' title='bbox 603 2586 850 2624; x_wconf 86' lang='lat' dir='ltr'><strong>sermone</strong></span> <span class='ocrx_word' id='word_1_257' title='bbox 878 2571 1166 2624; x_wconf 76' lang='lat' dir='ltr'><strong>Ecclesiam</strong></span> <span class='ocrx_word' id='word_1_258' title='bbox 1195 2587 1257 2622; x_wconf 89' lang='lat' dir='ltr'><strong>ex</strong></span> <span class='ocrx_word' id='word_1_259' title='bbox 1291 2571 1534 2638; x_wconf 77' lang='lat' dir='ltr'><strong>gentibus</strong></span> <span class='ocrx_word' id='word_1_260' title='bbox 1557 2570 1919 2639; x_wconf 79' lang='lat' dir='ltr'><strong>congregavit,</strong></span> <span class='ocrx_word' id='word_1_261' title='bbox 1948 2579 2002 2622; x_wconf 84' lang='lat' dir='ltr'><strong>et</strong></span> 
     </span>
    </p>
   </div>
   <div class='ocr_carea' id='block_1_33' title="bbox 425 2640 2001 2707">
    <p class='ocr_par' dir='ltr' id='par_1_33' title="bbox 425 2640 2001 2707">
     <span class='ocr_line' id='line_1_34' title="bbox 425 2640 2001 2707; baseline -0.001 -12"><span class='ocrx_word' id='word_1_262' title='bbox 425 2643 475 2695; x_wconf 91' lang='lat' dir='ltr'><strong>in</strong></span> <span class='ocrx_word' id='word_1_263' title='bbox 517 2643 652 2695; x_wconf 80' lang='lat' dir='ltr'><strong>fetus</strong></span> <span class='ocrx_word' id='word_1_264' title='bbox 680 2647 872 2694; x_wconf 82' lang='lat' dir='ltr'><strong>uberes</strong></span> <span class='ocrx_word' id='word_1_265' title='bbox 920 2642 1073 2707; x_wconf 70' lang='lat' dir='ltr'><strong>longe</strong></span> <span class='ocrx_word' id='word_1_266' title='bbox 1119 2643 1324 2707; x_wconf 76' lang='lat' dir='ltr'><strong>lateque</strong></span> <span class='ocrx_word' id='word_1_267' title='bbox 1352 2640 1575 2694; x_wconf 70' lang='lat' dir='ltr'><strong>diﬂ‘udit.</strong></span> <span class='ocrx_word' id='word_1_268' title='bbox 1624 2641 1734 2692; x_wconf 91' lang='lat' dir='ltr'><strong>lloc</strong></span> <span class='ocrx_word' id='word_1_269' title='bbox 1763 2643 1813 2692; x_wconf 88' lang='lat' dir='ltr'><strong>in</strong></span> <span class='ocrx_word' id='word_1_270' title='bbox 1851 2640 2001 2693; x_wconf 87' lang='lat' dir='ltr'><strong>nobis</strong></span> 
     </span>
    </p>
   </div>
   <div class='ocr_carea' id='block_1_34' title="bbox 425 2710 2002 2780">
    <p class='ocr_par' dir='ltr' id='par_1_34' title="bbox 425 2710 2002 2780">
     <span class='ocr_line' id='line_1_35' title="bbox 425 2710 2002 2780; baseline -0.003 -15"><span class='ocrx_word' id='word_1_271' title='bbox 425 2713 696 2777; x_wconf 81' lang='lat' dir='ltr'><strong>impletum</strong></span> <span class='ocrx_word' id='word_1_272' title='bbox 728 2712 813 2780; x_wconf 74' lang='lat' dir='ltr'><strong>qui</strong></span> <span class='ocrx_word' id='word_1_273' title='bbox 854 2726 955 2762; x_wconf 91' lang='lat' dir='ltr'><strong>non</strong></span> <span class='ocrx_word' id='word_1_274' title='bbox 998 2710 1160 2775; x_wconf 80' lang='lat' dir='ltr'><strong>videt,</strong></span> <span class='ocrx_word' id='word_1_275' title='bbox 1191 2725 1401 2772; x_wconf 81' lang='lat' dir='ltr'><strong>cacus;</strong></span> <span class='ocrx_word' id='word_1_276' title='bbox 1450 2711 1538 2776; x_wconf 89' lang='lat' dir='ltr'><strong>qui</strong></span> <span class='ocrx_word' id='word_1_277' title='bbox 1567 2726 1667 2761; x_wconf 86' lang='lat' dir='ltr'><strong>non</strong></span> <span class='ocrx_word' id='word_1_278' title='bbox 1697 2711 1888 2775; x_wconf 87' lang='lat' dir='ltr'><strong>credit,</strong></span> <span class='ocrx_word' id='word_1_279' title='bbox 1925 2710 2002 2761; x_wconf 92' lang='lat' dir='ltr'><strong>in-</strong></span> 
     </span>
    </p>
   </div>
   <div class='ocr_carea' id='block_1_35' title="bbox 425 2781 1998 2842">
    <p class='ocr_par' dir='ltr' id='par_1_35' title="bbox 425 2781 1998 2842">
     <span class='ocr_line' id='line_1_36' title="bbox 425 2781 1998 2842; baseline -0.001 -8"><span class='ocrx_word' id='word_1_280' title='bbox 425 2798 585 2835; x_wconf 59' lang='grc' dir='ltr'><strong>ειηιιιε.</strong></span> <span class='ocrx_word' id='word_1_281' title='bbox 614 2791 712 2835; x_wconf 82' lang='lat' dir='ltr'><strong>est.</strong></span> <span class='ocrx_word' id='word_1_282' title='bbox 753 2781 979 2834; x_wconf 77' lang='lat' dir='ltr'><strong>Attende</strong></span> <span class='ocrx_word' id='word_1_283' title='bbox 1007 2782 1194 2833; x_wconf 82' lang='lat' dir='ltr'><strong>uberes</strong></span> <span class='ocrx_word' id='word_1_284' title='bbox 1228 2781 1383 2842; x_wconf 70' lang='lat' dir='ltr'><strong>fctus,</strong></span> <span class='ocrx_word' id='word_1_285' title='bbox 1426 2782 1511 2832; x_wconf 83' lang='lat' dir='ltr'><strong>die</strong></span> <span class='ocrx_word' id='word_1_286' title='bbox 1538 2781 1623 2832; x_wconf 85' lang='lat' dir='ltr'><strong>ubi</strong></span> <span class='ocrx_word' id='word_1_287' title='bbox 1656 2781 1766 2831; x_wconf 80' lang='lat' dir='ltr'><strong>hzec</strong></span> <span class='ocrx_word' id='word_1_288' title='bbox 1801 2797 1901 2832; x_wconf 90' lang='lat' dir='ltr'><strong>non</strong></span> <span class='ocrx_word' id='word_1_289' title='bbox 1932 2782 1998 2832; x_wconf 89' lang='lat' dir='ltr'><strong>sit</strong></span> 
     </span>
    </p>
   </div>
   <div class='ocr_carea' id='block_1_36' title="bbox 427 2849 1995 2920">
    <p class='ocr_par' dir='ltr' id='par_1_36' title="bbox 427 2849 1995 2920">
     <span class='ocr_line' id='line_1_37' title="bbox 427 2849 1995 2920; baseline -0.002 -14"><span class='ocrx_word' id='word_1_290' title='bbox 427 2852 687 2913; x_wconf 80' lang='lat' dir='ltr'><strong>Ecclesia,</strong></span> <span class='ocrx_word' id='word_1_291' title='bbox 717 2852 804 2905; x_wconf 91' lang='lat' dir='ltr'><strong>die</strong></span> <span class='ocrx_word' id='word_1_292' title='bbox 837 2852 921 2902; x_wconf 90' lang='lat' dir='ltr'><strong>ubi</strong></span> <span class='ocrx_word' id='word_1_293' title='bbox 953 2862 1060 2914; x_wconf 86' lang='lat' dir='ltr'><strong>tua,</strong></span> <span class='ocrx_word' id='word_1_294' title='bbox 1105 2861 1452 2920; x_wconf 88' lang='lat' dir='ltr'><strong>pra-terquam</strong></span> <span class='ocrx_word' id='word_1_295' title='bbox 1488 2852 1537 2902; x_wconf 91' lang='lat' dir='ltr'><strong>in</strong></span> <span class='ocrx_word' id='word_1_296' title='bbox 1571 2849 1765 2918; x_wconf 67' lang='lat' dir='ltr'><strong>angulo</strong></span> <span class='ocrx_word' id='word_1_297' title='bbox 1807 2849 1995 2903; x_wconf 70' lang='lat' dir='ltr'><strong>Africa:</strong></span> 
     </span>
    </p>
   </div>
   <div class='ocr_carea' id='block_1_37' title="bbox 425 2920 1998 2988">
    <p class='ocr_par' dir='ltr' id='par_1_37' title="bbox 425 2920 1998 2988">
     <span class='ocr_line' id='line_1_38' title="bbox 425 2920 1998 2988; baseline -0.003 -12"><span class='ocrx_word' id='word_1_298' title='bbox 425 2925 722 2976; x_wconf 83' lang='lat' dir='ltr'><strong>inveniatur</strong></span> <span class='ocrx_word' id='word_1_299' title='bbox 749 2922 882 2973; x_wconf 88' lang='lat' dir='ltr'><strong>male</strong></span> <span class='ocrx_word' id='word_1_300' title='bbox 902 2922 1145 2983; x_wconf 81' lang='lat' dir='ltr'><strong>eollecta,</strong></span> <span class='ocrx_word' id='word_1_301' title='bbox 1173 2931 1418 2988; x_wconf 84' lang='lat' dir='ltr'><strong>tauquam</strong></span> <span class='ocrx_word' id='word_1_302' title='bbox 1443 2933 1768 2973; x_wconf 87' lang='lat' dir='ltr'><strong>sarmentum</strong></span> <span class='ocrx_word' id='word_1_303' title='bbox 1793 2920 1998 2984; x_wconf 89' lang='lat' dir='ltr'><strong>inutile,</strong></span> 
     </span>
    </p>
   </div>
   <div class='ocr_carea' id='block_1_38' title="bbox 423 2991 1998 3059">
    <p class='ocr_par' dir='ltr' id='par_1_38' title="bbox 423 2991 1998 3059">
     <span class='ocr_line' id='line_1_39' title="bbox 423 2991 1998 3059; baseline -0.003 -12"><span class='ocrx_word' id='word_1_304' title='bbox 423 3009 486 3047; x_wconf 80' lang='lat' dir='ltr'><strong>ex</strong></span> <span class='ocrx_word' id='word_1_305' title='bbox 533 2993 629 3046; x_wconf 88' lang='lat' dir='ltr'><strong>hac</strong></span> <span class='ocrx_word' id='word_1_306' title='bbox 668 2993 752 3044; x_wconf 92' lang='lat' dir='ltr'><strong>ubi</strong></span> <span class='ocrx_word' id='word_1_307' title='bbox 803 2993 1018 3059; x_wconf 73' lang='lat' dir='ltr'><strong>pra-cisa</strong></span> <span class='ocrx_word' id='word_1_308' title='bbox 1049 3000 1147 3051; x_wconf 88' lang='lat' dir='ltr'><strong>est,</strong></span> <span class='ocrx_word' id='word_1_309' title='bbox 1196 2991 1264 3042; x_wconf 91' lang='lat' dir='ltr'><strong>ibi</strong></span> <span class='ocrx_word' id='word_1_310' title='bbox 1307 2991 1578 3052; x_wconf 74' lang='lat' dir='ltr'><strong>remansit,</strong></span> <span class='ocrx_word' id='word_1_311' title='bbox 1624 2991 1754 3043; x_wconf 90' lang='lat' dir='ltr'><strong>ultra</strong></span> <span class='ocrx_word' id='word_1_312' title='bbox 1788 2992 1998 3044; x_wconf 78' lang='lat' dir='ltr'><strong>extendi</strong></span> 
     </span>
    </p>
   </div>
   <div class='ocr_carea' id='block_1_39' title="bbox 423 3061 1900 3130">
    <p class='ocr_par' dir='ltr' id='par_1_39' title="bbox 423 3061 1900 3130">
     <span class='ocr_line' id='line_1_40' title="bbox 423 3061 1900 3130; baseline -0.005 -16"><span class='ocrx_word' id='word_1_313' title='bbox 423 3078 526 3115; x_wconf 90' lang='lat' dir='ltr'><strong>non</strong></span> <span class='ocrx_word' id='word_1_314' title='bbox 553 3063 738 3130; x_wconf 90' lang='lat' dir='ltr'><strong>potuit,</strong></span> <span class='ocrx_word' id='word_1_315' title='bbox 775 3063 894 3126; x_wconf 88' lang='lat' dir='ltr'><strong>quia</strong></span> <span class='ocrx_word' id='word_1_316' title='bbox 926 3063 988 3112; x_wconf 86' lang='lat' dir='ltr'><strong>de.</strong></span> <span class='ocrx_word' id='word_1_317' title='bbox 1023 3061 1196 3114; x_wconf 83' lang='lat' dir='ltr'><strong>radice</strong></span> <span class='ocrx_word' id='word_1_318' title='bbox 1225 3061 1444 3130; x_wconf 70' lang='lat' dir='ltr'><strong>prmeisa</strong></span> <span class='ocrx_word' id='word_1_319' title='bbox 1469 3062 1644 3113; x_wconf 89' lang='lat' dir='ltr'><strong>statim</strong></span> <span class='ocrx_word' id='word_1_320' title='bbox 1673 3062 1900 3113; x_wconf 77' lang='lat' dir='ltr'><strong>exaruit.</strong></span> 
     </span>
    </p>
   </div>
   <div class='ocr_carea' id='block_1_40' title="bbox 492 3130 1996 3198">
    <p class='ocr_par' dir='ltr' id='par_1_40' title="bbox 492 3130 1996 3198">
     <span class='ocr_line' id='line_1_41' title="bbox 492 3130 1996 3198; baseline -0.001 -14"><span class='ocrx_word' id='word_1_321' title='bbox 492 3132 717 3186; x_wconf 84' lang='lat' dir='ltr'><strong>CAPUT</strong></span> <span class='ocrx_word' id='word_1_322' title='bbox 760 3131 875 3184; x_wconf 73' lang='grc' dir='ltr'><strong>ΧΧ.</strong></span> <span class='ocrx_word' id='word_1_323' title='bbox 903 3161 972 3170; x_wconf 86' lang='grc'><strong>-</strong></span> <span class='ocrx_word' id='word_1_324' title='bbox 1014 3131 1208 3184; x_wconf 71' lang='lat' dir='ltr'><strong>Doaxr.</strong></span> <span class='ocrx_word' id='word_1_325' title='bbox 1242 3132 1375 3183; x_wconf 88' lang='lat' dir='ltr'><strong>dixit</strong></span> <span class='ocrx_word' id='word_1_326' title='bbox 1407 3147 1419 3184; x_wconf 92' lang='lat'>:</span> <span class='ocrx_word' id='word_1_327' title='bbox 1449 3130 1660 3198; x_wconf 69' lang='lat' dir='ltr'><strong>Acct&#39;pit</strong></span> <span class='ocrx_word' id='word_1_328' title='bbox 1686 3145 1784 3181; x_wconf 90' lang='lat' dir='ltr'><strong>una</strong></span> <span class='ocrx_word' id='word_1_329' title='bbox 1808 3130 1996 3183; x_wconf 89' lang='lat' dir='ltr'><strong>civitas</strong></span> 
     </span>
    </p>
   </div>
   <div class='ocr_carea' id='block_1_41' title="bbox 422 3199 1999 3270">
    <p class='ocr_par' dir='ltr' id='par_1_41' title="bbox 422 3199 1999 3270">
     <span class='ocr_line' id='line_1_42' title="bbox 422 3199 1999 3270; baseline -0.002 -14"><span class='ocrx_word' id='word_1_330' title='bbox 422 3202 671 3256; x_wconf 81' lang='lat' dir='ltr'><strong>salutaris</strong></span> <span class='ocrx_word' id='word_1_331' title='bbox 691 3217 837 3270; x_wconf 64' lang='lat' dir='ltr'><strong>aqua:</strong></span> <span class='ocrx_word' id='word_1_332' title='bbox 871 3201 1214 3253; x_wconf 76' lang='lat' dir='ltr'><strong>substantiam</strong></span> <span class='ocrx_word' id='word_1_333' title='bbox 1240 3240 1253 3261; x_wconf 97' lang='lat'><strong>,</strong></span> <span class='ocrx_word' id='word_1_334' title='bbox 1283 3202 1485 3268; x_wconf 88' lang='lat' dir='ltr'><strong>accepit</strong></span> <span class='ocrx_word' id='word_1_335' title='bbox 1514 3209 1567 3252; x_wconf 79' lang='lat' dir='ltr'><strong>et</strong></span> <span class='ocrx_word' id='word_1_336' title='bbox 1594 3199 1696 3251; x_wconf 82' lang='lat' dir='ltr'><strong>olei</strong></span> <span class='ocrx_word' id='word_1_337' title='bbox 1731 3200 1866 3252; x_wconf 87' lang='lat' dir='ltr'><strong>dona</strong></span> <span class='ocrx_word' id='word_1_338' title='bbox 1896 3215 1999 3254; x_wconf 88' lang='lat' dir='ltr'><strong>una</strong></span> 
     </span>
    </p>
   </div>
   <div class='ocr_carea' id='block_1_42' title="bbox 421 3270 1996 3336">
    <p class='ocr_par' dir='ltr' id='par_1_42' title="bbox 421 3270 1996 3336">
     <span class='ocr_line' id='line_1_43' title="bbox 421 3270 1996 3336; baseline -0.003 -10"><span class='ocrx_word' id='word_1_339' title='bbox 421 3288 544 3326; x_wconf 84' lang='lat' dir='ltr'><strong>cum</strong></span> <span class='ocrx_word' id='word_1_340' title='bbox 596 3273 775 3325; x_wconf 75' lang='lat' dir='ltr'><strong>liberis</strong></span> <span class='ocrx_word' id='word_1_341' title='bbox 812 3271 962 3322; x_wconf 87' lang='lat' dir='ltr'><strong>vidua</strong></span> <span class='ocrx_word' id='word_1_342' title='bbox 991 3311 1004 3333; x_wconf 95' lang='lat'><strong>,</strong></span> <span class='ocrx_word' id='word_1_343' title='bbox 1053 3285 1149 3322; x_wconf 89' lang='lat' dir='ltr'><strong>nec</strong></span> <span class='ocrx_word' id='word_1_344' title='bbox 1197 3271 1506 3323; x_wconf 87' lang='lat' dir='ltr'><strong>heueliciutn</strong></span> <span class='ocrx_word' id='word_1_345' title='bbox 1539 3270 1770 3322; x_wconf 80' lang='lat' dir='ltr'><strong>divinum</strong></span> <span class='ocrx_word' id='word_1_346' title='bbox 1802 3272 1996 3336; x_wconf 81' lang='lat' dir='ltr'><strong>passim</strong></span> 
     </span>
    </p>
   </div>
   <div class='ocr_carea' id='block_1_43' title="bbox 461 3340 2002 3410">
    <p class='ocr_par' dir='ltr' id='par_1_43' title="bbox 461 3340 2002 3410">
     <span class='ocr_line' id='line_1_44' title="bbox 461 3340 2002 3410; baseline -0.001 -15"><span class='ocrx_word' id='word_1_347' title='bbox 461 3342 678 3410; x_wconf 84' lang='lat' dir='ltr'><strong>ropheta</strong></span> <span class='ocrx_word' id='word_1_348' title='bbox 706 3342 964 3394; x_wconf 80' lang='lat' dir='ltr'><strong>commisit</strong></span> <span class='ocrx_word' id='word_1_349' title='bbox 995 3383 1008 3405; x_wconf 97' lang='lat'><strong>,</strong></span> <span class='ocrx_word' id='word_1_350' title='bbox 1053 3340 1154 3394; x_wconf 76' lang='lat' dir='ltr'><strong>nisi</strong></span> <span class='ocrx_word' id='word_1_351' title='bbox 1196 3342 1242 3394; x_wconf 90' lang='lat' dir='ltr'><strong>ei</strong></span> <span class='ocrx_word' id='word_1_352' title='bbox 1286 3356 1440 3409; x_wconf 90' lang='lat' dir='ltr'><strong>quam</strong></span> <span class='ocrx_word' id='word_1_353' title='bbox 1475 3356 1634 3392; x_wconf 69' lang='lat' dir='ltr'><strong>unum</strong></span> <span class='ocrx_word' id='word_1_354' title='bbox 1660 3356 1750 3392; x_wconf 91' lang='lat' dir='ltr'><strong>vas</strong></span> <span class='ocrx_word' id='word_1_355' title='bbox 1775 3342 1874 3392; x_wconf 90' lang='lat' dir='ltr'><strong>olei</strong></span> <span class='ocrx_word' id='word_1_356' title='bbox 1910 3343 2002 3393; x_wconf 84' lang='lat' dir='ltr'><strong>ha-</strong></span> 
     </span>
    </p>
   </div>
   <div class='ocr_carea' id='block_1_44' title="bbox 443 3409 1998 3480">
    <p class='ocr_par' dir='ltr' id='par_1_44' title="bbox 443 3409 1998 3480">
     <span class='ocr_line' id='line_1_45' title="bbox 443 3409 1998 3480; baseline -0.001 -18"><span class='ocrx_word' id='word_1_357' title='bbox 443 3409 550 3467; x_wconf 78' lang='lat' dir='ltr'><strong>:ere</strong></span> <span class='ocrx_word' id='word_1_358' title='bbox 573 3413 847 3480; x_wconf 80' lang='lat' dir='ltr'><strong>cognovit,</strong></span> <span class='ocrx_word' id='word_1_359' title='bbox 888 3411 1186 3479; x_wconf 73' lang='lat' dir='ltr'><strong>Regnorum</strong></span> <span class='ocrx_word' id='word_1_360' title='bbox 1216 3413 1434 3464; x_wconf 86' lang='lat' dir='ltr'><strong>veri:ate</strong></span> <span class='ocrx_word' id='word_1_361' title='bbox 1470 3411 1720 3478; x_wconf 75' lang='lat' dir='ltr'><strong>probante</strong></span> <span class='ocrx_word' id='word_1_362' title='bbox 1754 3427 1766 3461; x_wconf 89' lang='lat'><strong>:</strong></span> <span class='ocrx_word' id='word_1_363' title='bbox 1799 3409 1860 3462; x_wconf 80' lang='lat' dir='ltr'><strong>Et</strong></span> <span class='ocrx_word' id='word_1_364' title='bbox 1891 3427 1998 3461; x_wconf 86' lang='lat' dir='ltr'><strong>nm-</strong></span> 
     </span>
    </p>
   </div>
   <div class='ocr_carea' id='block_1_45' title="bbox 420 3480 1998 3548">
    <p class='ocr_par' dir='ltr' id='par_1_45' title="bbox 420 3480 1998 3548">
     <span class='ocr_line' id='line_1_46' title="bbox 420 3480 1998 3548; baseline -0.002 -13"><span class='ocrx_word' id='word_1_365' title='bbox 420 3483 514 3535; x_wconf 80' lang='lat' dir='ltr'><strong>lier</strong></span> <span class='ocrx_word' id='word_1_366' title='bbox 539 3499 640 3534; x_wconf 84' lang='lat' dir='ltr'><strong>una</strong></span> <span class='ocrx_word' id='word_1_367' title='bbox 667 3498 728 3534; x_wconf 79' lang='lat' dir='ltr'><strong>ea:</strong></span> <span class='ocrx_word' id='word_1_368' title='bbox 755 3483 1041 3533; x_wconf 76' lang='lat' dir='ltr'><strong>mulieribus</strong></span> <span class='ocrx_word' id='word_1_369' title='bbox 1072 3480 1441 3548; x_wconf 82' lang='lat' dir='ltr'><strong>Prophetarum</strong></span> <span class='ocrx_word' id='word_1_370' title='bbox 1473 3481 1721 3532; x_wconf 84' lang='lat' dir='ltr'><strong>clamabat</strong></span> <span class='ocrx_word' id='word_1_371' title='bbox 1746 3491 1855 3547; x_wconf 86' lang='lat' dir='ltr'><strong>post</strong></span> <span class='ocrx_word' id='word_1_372' title='bbox 1883 3480 1998 3532; x_wconf 72' lang='lat' dir='ltr'><strong>Eli-</strong></span> 
     </span>
    </p>
   </div>
   <div class='ocr_carea' id='block_1_46' title="bbox 420 3550 1998 3609">
    <p class='ocr_par' dir='ltr' id='par_1_46' title="bbox 420 3550 1998 3609">
     <span class='ocr_line' id='line_1_47' title="bbox 420 3550 1998 3609; baseline -0.002 -5"><span class='ocrx_word' id='word_1_373' title='bbox 420 3566 577 3604; x_wconf 81' lang='lat' dir='ltr'><strong>sa&#39;um</strong></span> <span class='ocrx_word' id='word_1_374' title='bbox 604 3552 773 3601; x_wconf 79' lang='lat' dir='ltr'><strong>dicens</strong></span> <span class='ocrx_word' id='word_1_375' title='bbox 801 3566 817 3602; x_wconf 95' lang='lat'><em>:</em></span> <span class='ocrx_word' id='word_1_376' title='bbox 847 3550 1032 3601; x_wconf 77' lang='lat' dir='ltr'><strong>Servus</strong></span> <span class='ocrx_word' id='word_1_377' title='bbox 1065 3560 1178 3601; x_wconf 82' lang='lat' dir='ltr'><strong>tuus</strong></span> <span class='ocrx_word' id='word_1_378' title='bbox 1206 3550 1277 3600; x_wconf 86' lang='lat' dir='ltr'><strong>rir</strong></span> <span class='ocrx_word' id='word_1_379' title='bbox 1304 3567 1440 3601; x_wconf 85' lang='lat' dir='ltr'><strong>meus</strong></span> <span class='ocrx_word' id='word_1_380' title='bbox 1469 3560 1694 3601; x_wconf 87' lang='lat' dir='ltr'><strong>mortuus</strong></span> <span class='ocrx_word' id='word_1_381' title='bbox 1720 3558 1825 3609; x_wconf 85' lang='lat' dir='ltr'><strong>est;</strong></span> <span class='ocrx_word' id='word_1_382' title='bbox 1869 3560 1914 3600; x_wconf 89' lang='lat' dir='ltr'><strong>et</strong></span> <span class='ocrx_word' id='word_1_383' title='bbox 1946 3561 1998 3601; x_wconf 90' lang='lat' dir='ltr'><strong>tu</strong></span> 
     </span>
    </p>
   </div>
   <div class='ocr_carea' id='block_1_47' title="bbox 420 3617 1999 3688">
    <p class='ocr_par' dir='ltr' id='par_1_47' title="bbox 420 3617 1999 3688">
     <span class='ocr_line' id='line_1_48' title="bbox 420 3617 1999 3688; baseline 0 -16"><span class='ocrx_word' id='word_1_384' title='bbox 420 3620 518 3673; x_wconf 85' lang='lat' dir='ltr'><strong>scis</strong></span> <span class='ocrx_word' id='word_1_385' title='bbox 537 3619 786 3688; x_wconf 70' lang='lat' dir='ltr'><strong>quomodo</strong></span> <span class='ocrx_word' id='word_1_386' title='bbox 813 3633 980 3671; x_wconf 79' lang='lat' dir='ltr'><strong>servus</strong></span> <span class='ocrx_word' id='word_1_387' title='bbox 1011 3627 1126 3669; x_wconf 83' lang='lat' dir='ltr'><strong>tuus</strong></span> <span class='ocrx_word' id='word_1_388' title='bbox 1143 3629 1246 3669; x_wconf 85' lang='lat' dir='ltr'><strong>erat</strong></span> <span class='ocrx_word' id='word_1_389' title='bbox 1269 3619 1443 3688; x_wconf 63' lang='lat' dir='ltr'><strong>timetis</strong></span> <span class='ocrx_word' id='word_1_390' title='bbox 1476 3617 1745 3669; x_wconf 87' lang='lat' dir='ltr'><strong>Dominum</strong></span> <span class='ocrx_word' id='word_1_391' title='bbox 1778 3632 1796 3670; x_wconf 89' lang='lat'><strong><em>:</em></strong></span> <span class='ocrx_word' id='word_1_392' title='bbox 1823 3626 1868 3688; x_wconf 88' lang='lat' dir='ltr'><strong>et</strong></span> <span class='ocrx_word' id='word_1_393' title='bbox 1889 3634 1999 3672; x_wconf 73' lang='lat' dir='ltr'><strong>ecce</strong></span> 
     </span>
    </p>
   </div>
   <div class='ocr_carea' id='block_1_48' title="bbox 417 3687 1998 3759">
    <p class='ocr_par' dir='ltr' id='par_1_48' title="bbox 417 3687 1998 3759">
     <span class='ocr_line' id='line_1_49' title="bbox 417 3687 1998 3759; baseline -0.001 -18"><span class='ocrx_word' id='word_1_394' title='bbox 417 3687 599 3759; x_wconf 79' lang='lat' dir='ltr'><strong>quibus</strong></span> <span class='ocrx_word' id='word_1_395' title='bbox 629 3689 779 3742; x_wconf 82' lang='lat' dir='ltr'><strong>debeo</strong></span> <span class='ocrx_word' id='word_1_396' title='bbox 798 3730 811 3751; x_wconf 97' lang='lat'><strong>,</strong></span> <span class='ocrx_word' id='word_1_397' title='bbox 833 3697 1080 3759; x_wconf 74' lang='lat' dir='ltr'><strong>cauerunt</strong></span> <span class='ocrx_word' id='word_1_398' title='bbox 1101 3687 1470 3759; x_wconf 72' lang='lat' dir='ltr'><strong>occipereduos</strong></span> <span class='ocrx_word' id='word_1_399' title='bbox 1491 3688 1623 3759; x_wconf 77' lang='lat' dir='ltr'><strong>[ilios</strong></span> <span class='ocrx_word' id='word_1_400' title='bbox 1654 3703 1790 3759; x_wconf 84' lang='lat' dir='ltr'><strong>meos</strong></span> <span class='ocrx_word' id='word_1_401' title='bbox 1813 3687 1867 3759; x_wconf 81' lang='lat' dir='ltr'><strong>in</strong></span> <span class='ocrx_word' id='word_1_402' title='bbox 1893 3704 1998 3759; x_wconf 47' lang='lat' dir='ltr'><strong>serg</strong></span> 
     </span>
    </p>
   </div>
   <div class='ocr_carea' id='block_1_49' title="bbox 419 3756 1996 3828">
    <p class='ocr_par' dir='ltr' id='par_1_49' title="bbox 419 3756 1996 3828">
     <span class='ocr_line' id='line_1_50' title="bbox 419 3756 1996 3828; baseline -0.001 -16"><span class='ocrx_word' id='word_1_403' title='bbox 419 3756 527 3814; x_wconf 73' lang='lat' dir='ltr'><strong>eos.</strong></span> <span class='ocrx_word' id='word_1_404' title='bbox 555 3758 617 3811; x_wconf 84' lang='lat' dir='ltr'><strong>Et</strong></span> <span class='ocrx_word' id='word_1_405' title='bbox 647 3761 772 3812; x_wconf 71' lang='lat' dir='ltr'><strong>dixit</strong></span> <span class='ocrx_word' id='word_1_406' title='bbox 798 3758 1013 3811; x_wconf 76' lang='lat' dir='ltr'><strong>Elisu&#39;us</strong></span> <span class='ocrx_word' id='word_1_407' title='bbox 1039 3773 1057 3811; x_wconf 90' lang='lat'><strong><em>:</em></strong></span> <span class='ocrx_word' id='word_1_408' title='bbox 1089 3756 1221 3822; x_wconf 84' lang='lat' dir='ltr'><strong>Quid</strong></span> <span class='ocrx_word' id='word_1_409' title='bbox 1243 3757 1472 3828; x_wconf 79' lang='lat' dir='ltr'><strong>faciam?</strong></span> <span class='ocrx_word' id='word_1_410' title='bbox 1495 3756 1678 3828; x_wconf 85' lang='lat' dir='ltr'><strong>_l_mlica</strong></span> <span class='ocrx_word' id='word_1_411' title='bbox 1704 3757 1846 3822; x_wconf 83' lang='lat' dir='ltr'><strong>mihi,</strong></span> <span class='ocrx_word' id='word_1_412' title='bbox 1874 3758 1996 3826; x_wconf 83' lang='lat' dir='ltr'><strong>quid</strong></span> 
     </span>
    </p>
   </div>
   <div class='ocr_carea' id='block_1_50' title="bbox 419 3825 1994 3882">
    <p class='ocr_par' dir='ltr' id='par_1_50' title="bbox 419 3825 1994 3882">
     <span class='ocr_line' id='line_1_51' title="bbox 419 3825 1994 3882; baseline 0 0"><span class='ocrx_word' id='word_1_413' title='bbox 419 3841 490 3882; x_wconf 79' lang='lat' dir='ltr'><strong>est</strong></span> <span class='ocrx_word' id='word_1_414' title='bbox 517 3830 604 3882; x_wconf 85' lang='lat' dir='ltr'><strong>tibi</strong></span> <span class='ocrx_word' id='word_1_415' title='bbox 633 3833 682 3881; x_wconf 91' lang='lat' dir='ltr'><strong>in</strong></span> <span class='ocrx_word' id='word_1_416' title='bbox 710 3831 858 3882; x_wconf 88' lang='lat' dir='ltr'><strong>domo</strong></span> <span class='ocrx_word' id='word_1_417' title='bbox 890 3828 1022 3881; x_wconf 84' lang='lat' dir='ltr'><strong>tua?</strong></span> <span class='ocrx_word' id='word_1_418' title='bbox 1059 3829 1123 3880; x_wconf 79' lang='lat' dir='ltr'><strong>At</strong></span> <span class='ocrx_word' id='word_1_419' title='bbox 1161 3825 1252 3880; x_wconf 75' lang='lat' dir='ltr'><strong>illd</strong></span> <span class='ocrx_word' id='word_1_420' title='bbox 1277 3829 1404 3882; x_wconf 68' lang='lat' dir='ltr'><strong>dixit</strong></span> <span class='ocrx_word' id='word_1_421' title='bbox 1435 3843 1454 3882; x_wconf 91' lang='lat'><strong><em>:</em></strong></span> <span class='ocrx_word' id='word_1_422' title='bbox 1484 3825 1603 3880; x_wconf 85' lang='lat' dir='ltr'><strong>Non</strong></span> <span class='ocrx_word' id='word_1_423' title='bbox 1637 3837 1710 3881; x_wconf 80' lang='lat' dir='ltr'><strong>est</strong></span> <span class='ocrx_word' id='word_1_424' title='bbox 1739 3829 1862 3881; x_wconf 74' lang='lat' dir='ltr'><strong>milii</strong></span> <span class='ocrx_word' id='word_1_425' title='bbox 1888 3825 1994 3882; x_wconf 10' lang='lat' dir='ltr'><strong>Prm-</strong></span> 
     </span>
    </p>
   </div>
   <div class='ocr_carea' id='block_1_51' title="bbox 417 3898 1997 3970">
    <p class='ocr_par' dir='ltr' id='par_1_51' title="bbox 417 3898 1997 3970">
     <span class='ocr_line' id='line_1_52' title="bbox 417 3898 1997 3970; baseline 0 -17"><span class='ocrx_word' id='word_1_426' title='bbox 417 3902 552 3953; x_wconf 65' lang='lat' dir='ltr'><strong>tilla?</strong></span> <span class='ocrx_word' id='word_1_427' title='bbox 590 3899 898 3970; x_wconf 62' lang='lat' dir='ltr'><strong>tumebqnid</strong></span> <span class='ocrx_word' id='word_1_428' title='bbox 925 3900 974 3950; x_wconf 86' lang='lat' dir='ltr'><strong>iu</strong></span> <span class='ocrx_word' id='word_1_429' title='bbox 1015 3898 1165 3970; x_wconf 86' lang='lat' dir='ltr'><strong>domo</strong></span> <span class='ocrx_word' id='word_1_430' title='bbox 1199 3899 1295 3952; x_wconf 88' lang='lat' dir='ltr'><strong>nisi</strong></span> <span class='ocrx_word' id='word_1_431' title='bbox 1329 3915 1413 3952; x_wconf 85' lang='lat' dir='ltr'><strong>ras</strong></span> <span class='ocrx_word' id='word_1_432' title='bbox 1439 3915 1590 3970; x_wconf 83' lang='lat' dir='ltr'><strong>unum</strong></span> <span class='ocrx_word' id='word_1_433' title='bbox 1614 3898 1728 3952; x_wconf 86' lang='lat' dir='ltr'><strong>olei.</strong></span> <span class='ocrx_word' id='word_1_434' title='bbox 1775 3898 1840 3951; x_wconf 78' lang='lat' dir='ltr'><strong>Et</strong></span> <span class='ocrx_word' id='word_1_435' title='bbox 1871 3900 1997 3953; x_wconf 68' lang='lat' dir='ltr'><strong>dixit</strong></span> 
     </span>
    </p>
   </div>
   <div class='ocr_carea' id='block_1_52' title="bbox 423 3969 1996 4038">
    <p class='ocr_par' dir='ltr' id='par_1_52' title="bbox 423 3969 1996 4038">
     <span class='ocr_line' id='line_1_53' title="bbox 423 3969 1996 4038; baseline -0.001 -14"><span class='ocrx_word' id='word_1_436' title='bbox 423 3970 638 4024; x_wconf 79' lang='lat' dir='ltr'><strong>Eliswus</strong></span> <span class='ocrx_word' id='word_1_437' title='bbox 668 3985 686 4022; x_wconf 87' lang='lat'><strong><em>:</em></strong></span> <span class='ocrx_word' id='word_1_438' title='bbox 725 3969 862 4021; x_wconf 75' lang='lat' dir='ltr'><strong>Vnde</strong></span> <span class='ocrx_word' id='word_1_439' title='bbox 883 4010 896 4029; x_wconf 97' lang='lat'><strong>,</strong></span> <span class='ocrx_word' id='word_1_440' title='bbox 931 3977 1039 4036; x_wconf 86' lang='lat' dir='ltr'><strong>pete</strong></span> <span class='ocrx_word' id='word_1_441' title='bbox 1073 3969 1158 4020; x_wconf 82' lang='lat' dir='ltr'><strong>tibi</strong></span> <span class='ocrx_word' id='word_1_442' title='bbox 1185 3986 1300 4022; x_wconf 80' lang='lat' dir='ltr'><strong>vasa</strong></span> <span class='ocrx_word' id='word_1_443' title='bbox 1324 3969 1510 4038; x_wconf 75' lang='lat' dir='ltr'><strong>deforis</strong></span> <span class='ocrx_word' id='word_1_444' title='bbox 1533 3969 1593 4020; x_wconf 87' lang='lat' dir='ltr'><strong>ab</strong></span> <span class='ocrx_word' id='word_1_445' title='bbox 1612 3970 1839 4022; x_wconf 79' lang='lat' dir='ltr'><strong>omnibus</strong></span> <span class='ocrx_word' id='word_1_446' title='bbox 1859 3985 1996 4022; x_wconf 88' lang='lat' dir='ltr'><strong>com-</strong></span> 
     </span>
    </p>
   </div>
   <div class='ocr_carea' id='block_1_53' title="bbox 419 4039 1996 4108">
    <p class='ocr_par' dir='ltr' id='par_1_53' title="bbox 419 4039 1996 4108">
     <span class='ocr_line' id='line_1_54' title="bbox 419 4039 1996 4108; baseline 0 -15"><span class='ocrx_word' id='word_1_447' title='bbox 419 4041 729 4093; x_wconf 81' lang='lat' dir='ltr'><strong>moruntibus</strong></span> <span class='ocrx_word' id='word_1_448' title='bbox 750 4050 908 4092; x_wconf 86' lang='lat' dir='ltr'><strong>tecum</strong></span> <span class='ocrx_word' id='word_1_449' title='bbox 939 4055 1054 4090; x_wconf 83' lang='lat' dir='ltr'><strong>vusu</strong></span> <span class='ocrx_word' id='word_1_450' title='bbox 1084 4039 1327 4108; x_wconf 81' lang='lat' dir='ltr'><strong>copiosa;</strong></span> <span class='ocrx_word' id='word_1_451' title='bbox 1357 4051 1401 4092; x_wconf 87' lang='lat' dir='ltr'><strong>et</strong></span> <span class='ocrx_word' id='word_1_452' title='bbox 1427 4039 1652 4091; x_wconf 87' lang='lat' dir='ltr'><strong>introibis</strong></span> <span class='ocrx_word' id='word_1_453' title='bbox 1675 4079 1688 4099; x_wconf 95' lang='lat'><strong>,</strong></span> <span class='ocrx_word' id='word_1_454' title='bbox 1717 4040 1768 4090; x_wconf 87' lang='lat' dir='ltr'><strong>el</strong></span> <span class='ocrx_word' id='word_1_455' title='bbox 1794 4040 1996 4094; x_wconf 79' lang='lat' dir='ltr'><strong>claudes</strong></span> 
     </span>
    </p>
   </div>
   <div class='ocr_carea' id='block_1_54' title="bbox 418 4108 1995 4177">
    <p class='ocr_par' dir='ltr' id='par_1_54' title="bbox 418 4108 1995 4177">
     <span class='ocr_line' id='line_1_55' title="bbox 418 4108 1995 4177; baseline 0 -14"><span class='ocrx_word' id='word_1_456' title='bbox 418 4111 598 4164; x_wconf 84' lang='lat' dir='ltr'><strong>ostinnt</strong></span> <span class='ocrx_word' id='word_1_457' title='bbox 619 4111 686 4160; x_wconf 88' lang='lat' dir='ltr'><strong>nd</strong></span> <span class='ocrx_word' id='word_1_458' title='bbox 721 4118 766 4160; x_wconf 82' lang='lat' dir='ltr'><strong>te</strong></span> <span class='ocrx_word' id='word_1_459' title='bbox 787 4119 832 4160; x_wconf 88' lang='lat' dir='ltr'><strong>et</strong></span> <span class='ocrx_word' id='word_1_460' title='bbox 861 4109 927 4160; x_wconf 79' lang='lat' dir='ltr'><strong>ad</strong></span> <span class='ocrx_word' id='word_1_461' title='bbox 957 4108 1090 4175; x_wconf 71' lang='lat' dir='ltr'><strong>[ilics</strong></span> <span class='ocrx_word' id='word_1_462' title='bbox 1119 4118 1230 4161; x_wconf 87' lang='lat' dir='ltr'><strong>tuos</strong></span> <span class='ocrx_word' id='word_1_463' title='bbox 1249 4149 1265 4174; x_wconf 87' lang='lat'><strong>,</strong></span> <span class='ocrx_word' id='word_1_464' title='bbox 1310 4120 1354 4161; x_wconf 85' lang='lat' dir='ltr'><strong>et</strong></span> <span class='ocrx_word' id='word_1_465' title='bbox 1386 4108 1612 4177; x_wconf 74' lang='lat' dir='ltr'><strong>imp/citis</strong></span> <span class='ocrx_word' id='word_1_466' title='bbox 1639 4125 1754 4161; x_wconf 83' lang='lat' dir='ltr'><strong>rasa</strong></span> <span class='ocrx_word' id='word_1_467' title='bbox 1775 4111 1882 4162; x_wconf 83' lang='lat' dir='ltr'><strong>oleo</strong></span> <span class='ocrx_word' id='word_1_468' title='bbox 1903 4150 1916 4171; x_wconf 96' lang='lat'><strong>,</strong></span> <span class='ocrx_word' id='word_1_469' title='bbox 1949 4121 1995 4163; x_wconf 79' lang='lat' dir='ltr'><strong>et</strong></span> 
     </span>
    </p>
   </div>
   <div class='ocr_carea' id='block_1_55' title="bbox 417 4177 1995 4250">
    <p class='ocr_par' dir='ltr' id='par_1_55' title="bbox 417 4177 1995 4250">
     <span class='ocr_line' id='line_1_56' title="bbox 417 4177 1995 4250; baseline 0.001 -16"><span class='ocrx_word' id='word_1_470' title='bbox 417 4181 596 4234; x_wconf 82' lang='lat' dir='ltr'><strong>reddes</strong></span> <span class='ocrx_word' id='word_1_471' title='bbox 622 4180 840 4232; x_wconf 83' lang='lat' dir='ltr'><strong>debitum</strong></span> <span class='ocrx_word' id='word_1_472' title='bbox 863 4178 950 4250; x_wconf 80' lang='lat' dir='ltr'><strong>(IV&#39;</strong></span> <span class='ocrx_word' id='word_1_473' title='bbox 968 4177 1094 4250; x_wconf 84' lang='lat' dir='ltr'><strong>Reg.</strong></span> <span class='ocrx_word' id='word_1_474' title='bbox 1114 4194 1184 4244; x_wconf 87' lang='lat' dir='ltr'><strong>tv,</strong></span> <span class='ocrx_word' id='word_1_475' title='bbox 1212 4180 1344 4247; x_wconf 73' lang='grc'><strong>1-4).</strong></span> <span class='ocrx_word' id='word_1_476' title='bbox 1374 4178 1595 4250; x_wconf 59' lang='lat' dir='ltr'><strong>Elisagus</strong></span> <span class='ocrx_word' id='word_1_477' title='bbox 1616 4180 1755 4230; x_wconf 89' lang='lat' dir='ltr'><strong>enim</strong></span> <span class='ocrx_word' id='word_1_478' title='bbox 1782 4195 1872 4247; x_wconf 86' lang='lat' dir='ltr'><strong>per</strong></span> <span class='ocrx_word' id='word_1_479' title='bbox 1885 4181 1995 4235; x_wconf 85' lang='lat' dir='ltr'><strong>veri</strong></span> 
     </span>
    </p>
   </div>
   <div class='ocr_carea' id='block_1_56' title="bbox 417 4248 1994 4320">
    <p class='ocr_par' dir='ltr' id='par_1_56' title="bbox 417 4248 1994 4320">
     <span class='ocr_line' id='line_1_57' title="bbox 417 4248 1994 4320; baseline -0.001 -15"><span class='ocrx_word' id='word_1_480' title='bbox 417 4250 670 4320; x_wconf 76' lang='lat' dir='ltr'><strong>Baptismi</strong></span> <span class='ocrx_word' id='word_1_481' title='bbox 719 4248 1019 4320; x_wconf 88' lang='lat' dir='ltr'><strong>liniamenta</strong></span> <span class='ocrx_word' id='word_1_482' title='bbox 1048 4248 1314 4320; x_wconf 73' lang='lat' dir='ltr'><strong>operatus</strong></span> <span class='ocrx_word' id='word_1_483' title='bbox 1357 4257 1458 4302; x_wconf 77' lang='lat' dir='ltr'><strong>est.</strong></span> <span class='ocrx_word' id='word_1_484' title='bbox 1513 4248 1642 4320; x_wconf 54' lang='lat' dir='ltr'><strong>Sam</strong></span> <span class='ocrx_word' id='word_1_485' title='bbox 1683 4250 1803 4317; x_wconf 87' lang='lat' dir='ltr'><strong>quia</strong></span> <span class='ocrx_word' id='word_1_486' title='bbox 1849 4259 1994 4303; x_wconf 90' lang='lat' dir='ltr'><strong>tuum</strong></span> 
     </span>
    </p>
   </div>
   <div class='ocr_carea' id='block_1_57' title="bbox 415 4318 1636 4388">
    <p class='ocr_par' dir='ltr' id='par_1_57' title="bbox 415 4318 1636 4388">
     <span class='ocr_line' id='line_1_58' title="bbox 415 4318 1636 4388; baseline -0.007 -12"><span class='ocrx_word' id='word_1_487' title='bbox 415 4318 522 4376; x_wconf 80' lang='lat' dir='ltr'><strong>non</strong></span> <span class='ocrx_word' id='word_1_488' title='bbox 549 4319 868 4388; x_wconf 88' lang='lat' dir='ltr'><strong>comproho,</strong></span> <span class='ocrx_word' id='word_1_489' title='bbox 898 4319 1016 4372; x_wconf 91' lang='lat' dir='ltr'><strong>ideo</strong></span> <span class='ocrx_word' id='word_1_490' title='bbox 1045 4327 1161 4371; x_wconf 89' lang='lat' dir='ltr'><strong>tuos</strong></span> <span class='ocrx_word' id='word_1_491' title='bbox 1190 4319 1371 4371; x_wconf 84' lang='lat' dir='ltr'><strong>tideles</strong></span> <span class='ocrx_word' id='word_1_492' title='bbox 1395 4318 1636 4371; x_wconf 79' lang='lat' dir='ltr'><strong>exsnl‘llo.</strong></span> 
     </span>
    </p>
   </div>
   <div class='ocr_carea' id='block_1_58' title="bbox 485 4389 1997 4457">
    <p class='ocr_par' dir='ltr' id='par_1_58' title="bbox 485 4389 1997 4457">
     <span class='ocr_line' id='line_1_59' title="bbox 485 4389 1997 4457; baseline -0.002 -11"><span class='ocrx_word' id='word_1_493' title='bbox 485 4392 655 4446; x_wconf 68' lang='grc' dir='ltr'><strong>(ΞΑ-ιιι.</strong></span> <span class='ocrx_word' id='word_1_494' title='bbox 686 4389 955 4455; x_wconf 80' lang='lat' dir='ltr'><strong>respOndit</strong></span> <span class='ocrx_word' id='word_1_495' title='bbox 985 4406 997 4440; x_wconf 89' lang='lat'><strong>:</strong></span> <span class='ocrx_word' id='word_1_496' title='bbox 1027 4389 1224 4442; x_wconf 86' lang='lat' dir='ltr'><strong>Omnes</strong></span> <span class='ocrx_word' id='word_1_497' title='bbox 1249 4389 1387 4441; x_wconf 79' lang='lat' dir='ltr'><strong>enim</strong></span> <span class='ocrx_word' id='word_1_498' title='bbox 1419 4389 1518 4442; x_wconf 90' lang='lat' dir='ltr'><strong>hoc</strong></span> <span class='ocrx_word' id='word_1_499' title='bbox 1541 4389 1754 4450; x_wconf 79' lang='lat' dir='ltr'><strong>faciunt,</strong></span> <span class='ocrx_word' id='word_1_500' title='bbox 1783 4389 1920 4457; x_wconf 90' lang='lat' dir='ltr'><strong>quod</strong></span> <span class='ocrx_word' id='word_1_501' title='bbox 1943 4398 1997 4443; x_wconf 92' lang='lat' dir='ltr'><strong>et</strong></span> 
     </span>
    </p>
   </div>
   <div class='ocr_carea' id='block_1_59' title="bbox 420 4458 1995 4528">
    <p class='ocr_par' dir='ltr' id='par_1_59' title="bbox 420 4458 1995 4528">
     <span class='ocr_line' id='line_1_60' title="bbox 420 4458 1995 4528; baseline -0.004 -11"><span class='ocrx_word' id='word_1_502' title='bbox 420 4472 474 4517; x_wconf 94' lang='lat' dir='ltr'><strong>tu</strong></span> <span class='ocrx_word' id='word_1_503' title='bbox 499 4479 512 4527; x_wconf 91' lang='lat'><strong>;</strong></span> <span class='ocrx_word' id='word_1_504' title='bbox 559 4476 746 4515; x_wconf 87' lang='lat' dir='ltr'><strong>omnes</strong></span> <span class='ocrx_word' id='word_1_505' title='bbox 773 4459 955 4513; x_wconf 82' lang='lat' dir='ltr'><strong>ﬁdeles</strong></span> <span class='ocrx_word' id='word_1_506' title='bbox 981 4458 1263 4512; x_wconf 78' lang='lat' dir='ltr'><strong>exsufllaot</strong></span> <span class='ocrx_word' id='word_1_507' title='bbox 1285 4499 1299 4524; x_wconf 92' lang='lat'><strong>,</strong></span> <span class='ocrx_word' id='word_1_508' title='bbox 1350 4459 1472 4510; x_wconf 87' lang='lat' dir='ltr'><strong>dum</strong></span> <span class='ocrx_word' id='word_1_509' title='bbox 1500 4460 1711 4512; x_wconf 89' lang='lat' dir='ltr'><strong>unicum</strong></span> <span class='ocrx_word' id='word_1_510' title='bbox 1742 4459 1995 4528; x_wconf 85' lang='lat' dir='ltr'><strong>Baptismi</strong></span> 
     </span>
    </p>
   </div>
   <div class='ocr_carea' id='block_1_60' title="bbox 415 4529 1992 4595">
    <p class='ocr_par' dir='ltr' id='par_1_60' title="bbox 415 4529 1992 4595">
     <span class='ocr_line' id='line_1_61' title="bbox 415 4529 1992 4595; baseline -0.002 -9"><span class='ocrx_word' id='word_1_511' title='bbox 415 4534 514 4587; x_wconf 84' lang='lat' dir='ltr'><strong>sibi</strong></span> <span class='ocrx_word' id='word_1_512' title='bbox 558 4531 826 4584; x_wconf 83' lang='lat' dir='ltr'><strong>vindicant</strong></span> <span class='ocrx_word' id='word_1_513' title='bbox 863 4537 1271 4582; x_wconf 83' lang='lat' dir='ltr'><strong>sacramentum.</strong></span> <span class='ocrx_word' id='word_1_514' title='bbox 1322 4530 1501 4582; x_wconf 86' lang='lat' dir='ltr'><strong>Talem</strong></span> <span class='ocrx_word' id='word_1_515' title='bbox 1543 4544 1662 4582; x_wconf 89' lang='lat' dir='ltr'><strong>cum</strong></span> <span class='ocrx_word' id='word_1_516' title='bbox 1710 4529 1992 4595; x_wconf 85' lang='lat' dir='ltr'><strong>inveneris,</strong></span> 
     </span>
    </p>
   </div>
   <div class='ocr_carea' id='block_1_61' title="bbox 415 4599 1982 4671">
    <p class='ocr_par' dir='ltr' id='par_1_61' title="bbox 415 4599 1982 4671">
     <span class='ocr_line' id='line_1_62' title="bbox 415 4599 1982 4671; baseline -0.003 -15"><span class='ocrx_word' id='word_1_517' title='bbox 415 4620 520 4656; x_wconf 89' lang='lat' dir='ltr'><strong>non</strong></span> <span class='ocrx_word' id='word_1_518' title='bbox 546 4603 724 4671; x_wconf 85' lang='lat' dir='ltr'><strong>capies</strong></span> <span class='ocrx_word' id='word_1_519' title='bbox 745 4642 757 4661; x_wconf 94' lang='lat'><strong>,</strong></span> <span class='ocrx_word' id='word_1_520' title='bbox 801 4616 904 4652; x_wconf 90' lang='lat' dir='ltr'><strong>non</strong></span> <span class='ocrx_word' id='word_1_521' title='bbox 930 4599 1152 4671; x_wconf 84' lang='lat' dir='ltr'><strong>tenebis,</strong></span> <span class='ocrx_word' id='word_1_522' title='bbox 1185 4614 1288 4653; x_wconf 90' lang='lat' dir='ltr'><strong>non</strong></span> <span class='ocrx_word' id='word_1_523' title='bbox 1317 4600 1416 4652; x_wconf 91' lang='lat' dir='ltr'><strong>isto</strong></span> <span class='ocrx_word' id='word_1_524' title='bbox 1442 4599 1651 4652; x_wconf 89' lang='lat' dir='ltr'><strong>vinculo</strong></span> <span class='ocrx_word' id='word_1_525' title='bbox 1679 4599 1982 4667; x_wconf 80' lang='lat' dir='ltr'><strong>colligahis;</strong></span> 
     </span>
    </p>
   </div>
   <div class='ocr_carea' id='block_1_62' title="bbox 416 4670 1991 4741">
    <p class='ocr_par' dir='ltr' id='par_1_62' title="bbox 416 4670 1991 4741">
     <span class='ocr_line' id='line_1_63' title="bbox 416 4670 1991 4741; baseline -0.003 -15"><span class='ocrx_word' id='word_1_526' title='bbox 416 4674 510 4726; x_wconf 85' lang='lat' dir='ltr'><strong>sed</strong></span> <span class='ocrx_word' id='word_1_527' title='bbox 551 4670 727 4741; x_wconf 73' lang='lat' dir='ltr'><strong>agnito</strong></span> <span class='ocrx_word' id='word_1_528' title='bbox 757 4671 908 4740; x_wconf 78' lang='lat' dir='ltr'><strong>signo</strong></span> <span class='ocrx_word' id='word_1_529' title='bbox 950 4670 1206 4738; x_wconf 90' lang='lat' dir='ltr'><strong>piratico,</strong></span> <span class='ocrx_word' id='word_1_530' title='bbox 1255 4679 1311 4723; x_wconf 90' lang='lat' dir='ltr'><strong>ut</strong></span> <span class='ocrx_word' id='word_1_531' title='bbox 1349 4680 1520 4724; x_wconf 86' lang='lat' dir='ltr'><strong>tecum</strong></span> <span class='ocrx_word' id='word_1_532' title='bbox 1547 4679 1714 4722; x_wconf 84' lang='lat' dir='ltr'><strong>artem</strong></span> <span class='ocrx_word' id='word_1_533' title='bbox 1759 4678 1991 4740; x_wconf 81' lang='lat' dir='ltr'><strong>peragat,</strong></span> 
     </span>
    </p>
   </div>
   <div class='ocr_carea' id='block_1_63' title="bbox 414 4743 1142 4808">
    <p class='ocr_par' dir='ltr' id='par_1_63' title="bbox 414 4743 1142 4808">
     <span class='ocr_line' id='line_1_64' title="bbox 414 4743 1142 4808; baseline -0.008 -12"><span class='ocrx_word' id='word_1_534' title='bbox 414 4758 660 4801; x_wconf 78' lang='lat' dir='ltr'><strong>sccurmu</strong></span> <span class='ocrx_word' id='word_1_535' title='bbox 687 4743 836 4794; x_wconf 87' lang='lat' dir='ltr'><strong>abire</strong></span> <span class='ocrx_word' id='word_1_536' title='bbox 867 4743 1142 4808; x_wconf 85' lang='lat' dir='ltr'><strong>permittis.</strong></span> 
     </span>
    </p>
   </div>
   <div class='ocr_carea' id='block_1_64' title="bbox 486 4807 1995 4867">
    <p class='ocr_par' dir='ltr' id='par_1_64' title="bbox 486 4807 1995 4867">
     <span class='ocr_line' id='line_1_65' title="bbox 486 4807 1995 4867; baseline -0.001 -3"><span class='ocrx_word' id='word_1_537' title='bbox 486 4813 709 4867; x_wconf 72' lang='lat' dir='ltr'><strong>CAPUT</strong></span> <span class='ocrx_word' id='word_1_538' title='bbox 753 4807 891 4866; x_wconf 61' lang='lat' dir='ltr'><strong>XXI.</strong></span> <span class='ocrx_word' id='word_1_539' title='bbox 924 4841 995 4851; x_wconf 93' lang='lat'>—</span> <span class='ocrx_word' id='word_1_540' title='bbox 1022 4810 1361 4865; x_wconf 74' lang='lat' dir='ltr'><strong>Fumsx&#39;rtcs</strong></span> <span class='ocrx_word' id='word_1_541' title='bbox 1389 4809 1520 4863; x_wconf 92' lang='lat' dir='ltr'><strong>dixit</strong></span> <span class='ocrx_word' id='word_1_542' title='bbox 1549 4827 1561 4862; x_wconf 89' lang='lat'>:</span> <span class='ocrx_word' id='word_1_543' title='bbox 1601 4807 1752 4862; x_wconf 86' lang='lat' dir='ltr'><strong>Absit</strong></span> <span class='ocrx_word' id='word_1_544' title='bbox 1771 4817 1828 4862; x_wconf 92' lang='lat' dir='ltr'><strong>ut</strong></span> <span class='ocrx_word' id='word_1_545' title='bbox 1849 4809 1995 4863; x_wconf 87' lang='lat' dir='ltr'><strong>abire</strong></span> 
     </span>
    </p>
   </div>
   <div class='ocr_carea' id='block_1_65' title="bbox 419 4879 1994 4950">
    <p class='ocr_par' dir='ltr' id='par_1_65' title="bbox 419 4879 1994 4950">
     <span class='ocr_line' id='line_1_66' title="bbox 419 4879 1994 4950; baseline -0.003 -15"><span class='ocrx_word' id='word_1_546' title='bbox 419 4884 718 4950; x_wconf 79' lang='lat' dir='ltr'><strong>permittam</strong></span> <span class='ocrx_word' id='word_1_547' title='bbox 746 4903 758 4934; x_wconf 89' lang='lat'>:</span> <span class='ocrx_word' id='word_1_548' title='bbox 787 4883 1034 4950; x_wconf 82' lang='lat' dir='ltr'><strong>queoiam</strong></span> <span class='ocrx_word' id='word_1_549' title='bbox 1063 4883 1198 4934; x_wconf 81' lang='lat' dir='ltr'><strong>Deus</strong></span> <span class='ocrx_word' id='word_1_550' title='bbox 1223 4881 1388 4944; x_wconf 89' lang='lat' dir='ltr'><strong>dixit,</strong></span> <span class='ocrx_word' id='word_1_551' title='bbox 1421 4879 1676 4950; x_wconf 66' lang='lat' dir='ltr'><strong>Compelle</strong></span> <span class='ocrx_word' id='word_1_552' title='bbox 1709 4894 1878 4950; x_wconf 81' lang='lat' dir='ltr'><strong>omnes</strong></span> <span class='ocrx_word' id='word_1_553' title='bbox 1917 4881 1994 4931; x_wconf 85' lang='lat' dir='ltr'><strong>in-</strong></span> 
     </span>
    </p>
   </div>
   <div class='ocr_carea' id='block_1_66' title="bbox 419 4949 1994 5022">
    <p class='ocr_par' dir='ltr' id='par_1_66' title="bbox 419 4949 1994 5022">
     <span class='ocr_line' id='line_1_67' title="bbox 419 4949 1994 5022; baseline -0.003 -14"><span class='ocrx_word' id='word_1_554' title='bbox 419 4949 568 5008; x_wconf 80' lang='lat' dir='ltr'><strong>troire</strong></span> <span class='ocrx_word' id='word_1_555' title='bbox 589 4994 603 5015; x_wconf 92' lang='lat'><strong>,</strong></span> <span class='ocrx_word' id='word_1_556' title='bbox 654 4963 705 5004; x_wconf 89' lang='lat' dir='ltr'><strong>nt</strong></span> <span class='ocrx_word' id='word_1_557' title='bbox 732 4949 999 5022; x_wconf 73' lang='lat' dir='ltr'><strong>impleatur</strong></span> <span class='ocrx_word' id='word_1_558' title='bbox 1024 4957 1202 5004; x_wconf 87' lang='lat' dir='ltr'><strong>domus</strong></span> <span class='ocrx_word' id='word_1_559' title='bbox 1247 4967 1354 5004; x_wconf 86' lang='lat' dir='ltr'><strong>mea</strong></span> <span class='ocrx_word' id='word_1_560' title='bbox 1398 4949 1546 5021; x_wconf 83' lang='lat' dir='ltr'><strong>(Luc.</strong></span> <span class='ocrx_word' id='word_1_561' title='bbox 1577 4965 1663 5003; x_wconf 79' lang='lat' dir='ltr'><strong>xiv</strong></span> <span class='ocrx_word' id='word_1_562' title='bbox 1687 4989 1701 5012; x_wconf 94' lang='lat'><strong>,</strong></span> <span class='ocrx_word' id='word_1_563' title='bbox 1733 4949 1843 5018; x_wconf 72' lang='lat'><strong>25).</strong></span> <span class='ocrx_word' id='word_1_564' title='bbox 1895 4950 1994 5017; x_wconf 85' lang='lat' dir='ltr'><strong>Qui</strong></span> 
     </span>
    </p>
   </div>
   <div class='ocr_carea' id='block_1_67' title="bbox 415 5023 1253 5090">
    <p class='ocr_par' dir='ltr' id='par_1_67' title="bbox 415 5023 1253 5090">
     <span class='ocr_line' id='line_1_68' title="bbox 415 5023 1253 5090; baseline -0.008 -11"><span class='ocrx_word' id='word_1_565' title='bbox 415 5039 603 5080; x_wconf 89' lang='lat' dir='ltr'><strong>omnes</strong></span> <span class='ocrx_word' id='word_1_566' title='bbox 631 5023 782 5086; x_wconf 87' lang='lat' dir='ltr'><strong>dixit,</strong></span> <span class='ocrx_word' id='word_1_567' title='bbox 809 5023 1005 5075; x_wconf 91' lang='lat' dir='ltr'><strong>nullum</strong></span> <span class='ocrx_word' id='word_1_568' title='bbox 1029 5023 1253 5090; x_wconf 84' lang='lat' dir='ltr'><strong>excepit.</strong></span> 
     </span>
    </p>
   </div>
   <div class='ocr_carea' id='block_1_68' title="bbox 484 5091 1732 5160">
    <p class='ocr_par' dir='ltr' id='par_1_68' title="bbox 484 5091 1732 5160">
     <span class='ocr_line' id='line_1_69' title="bbox 484 5091 1732 5160; baseline -0.002 -12"><span class='ocrx_word' id='word_1_569' title='bbox 484 5096 823 5150; x_wconf 73' lang='lat' dir='ltr'><strong>AUGUSTINUS</strong></span> <span class='ocrx_word' id='word_1_570' title='bbox 870 5091 1143 5160; x_wconf 88' lang='lat' dir='ltr'><strong>respondit</strong></span> <span class='ocrx_word' id='word_1_571' title='bbox 1171 5109 1182 5142; x_wconf 92' lang='lat'><strong>:</strong></span> <span class='ocrx_word' id='word_1_572' title='bbox 1211 5091 1344 5158; x_wconf 88' lang='lat' dir='ltr'><strong>Quid</strong></span> <span class='ocrx_word' id='word_1_573' title='bbox 1369 5105 1495 5160; x_wconf 80' lang='lat' dir='ltr'><strong>ergo</strong></span> <span class='ocrx_word' id='word_1_574' title='bbox 1523 5091 1682 5146; x_wconf 82' lang='lat' dir='ltr'><strong>facies</strong></span> <span class='ocrx_word' id='word_1_575' title='bbox 1709 5093 1732 5145; x_wconf 75' lang='lat' dir='ltr'><strong>i</strong></span> 
     </span>
    </p>
   </div>
   <div class='ocr_carea' id='block_1_69' title="bbox 488 5162 1994 5218">
    <p class='ocr_par' dir='ltr' id='par_1_69' title="bbox 488 5162 1994 5218">
     <span class='ocr_line' id='line_1_70' title="bbox 488 5162 1994 5218; baseline 0 0"><span class='ocrx_word' id='word_1_576' title='bbox 488 5165 646 5218; x_wconf 76' lang='lat' dir='ltr'><strong>FULG.</strong></span> <span class='ocrx_word' id='word_1_577' title='bbox 685 5164 860 5218; x_wconf 82' lang='lat' dir='ltr'><strong>dixit:</strong></span> <span class='ocrx_word' id='word_1_578' title='bbox 892 5162 1103 5216; x_wconf 87' lang='lat' dir='ltr'><strong>Docebo</strong></span> <span class='ocrx_word' id='word_1_579' title='bbox 1143 5162 1290 5215; x_wconf 89' lang='lat' dir='ltr'><strong>illum</strong></span> <span class='ocrx_word' id='word_1_580' title='bbox 1328 5163 1615 5216; x_wconf 86' lang='lat' dir='ltr'><strong>ecclesiam</strong></span> <span class='ocrx_word' id='word_1_581' title='bbox 1656 5178 1829 5218; x_wconf 87' lang='lat' dir='ltr'><strong>meam</strong></span> <span class='ocrx_word' id='word_1_582' title='bbox 1876 5178 1994 5218; x_wconf 85' lang='lat' dir='ltr'><strong>esse</strong></span> 
     </span>
    </p>
   </div>
   <div class='ocr_carea' id='block_1_70' title="bbox 417 5236 783 5291">
    <p class='ocr_par' dir='ltr' id='par_1_70' title="bbox 417 5236 783 5291">
     <span class='ocr_line' id='line_1_71' title="bbox 417 5236 783 5291; baseline -0.014 0"><span class='ocrx_word' id='word_1_583' title='bbox 417 5236 783 5291; x_wconf 89' lang='lat' dir='ltr'><strong>certissimam.</strong></span> 
     </span>
    </p>
   </div>
   <div class='ocr_carea' id='block_1_71' title="bbox 492 5301 1993 5374">
    <p class='ocr_par' dir='ltr' id='par_1_71' title="bbox 492 5301 1993 5374">
     <span class='ocr_line' id='line_1_72' title="bbox 492 5301 1993 5374; baseline -0.001 -16"><span class='ocrx_word' id='word_1_584' title='bbox 492 5310 619 5360; x_wconf 81' lang='lat' dir='ltr'><strong>Auc.</strong></span> <span class='ocrx_word' id='word_1_585' title='bbox 647 5303 916 5374; x_wconf 88' lang='lat' dir='ltr'><strong>respondit</strong></span> <span class='ocrx_word' id='word_1_586' title='bbox 946 5320 957 5354; x_wconf 94' lang='lat'>:</span> <span class='ocrx_word' id='word_1_587' title='bbox 984 5301 1040 5356; x_wconf 87' lang='lat' dir='ltr'><strong>ln</strong></span> <span class='ocrx_word' id='word_1_588' title='bbox 1067 5303 1214 5369; x_wconf 80' lang='lat' dir='ltr'><strong>quo?</strong></span> <span class='ocrx_word' id='word_1_589' title='bbox 1263 5301 1523 5370; x_wconf 80' lang='lat' dir='ltr'><strong>Numquid</strong></span> <span class='ocrx_word' id='word_1_590' title='bbox 1551 5302 1820 5357; x_wconf 87' lang='lat' dir='ltr'><strong>Christum</strong></span> <span class='ocrx_word' id='word_1_591' title='bbox 1849 5303 1936 5372; x_wconf 88' lang='lat' dir='ltr'><strong>qui</strong></span> <span class='ocrx_word' id='word_1_592' title='bbox 1964 5318 1993 5356; x_wconf 89' lang='lat' dir='ltr'><strong>a</strong></span> 
     </span>
    </p>
   </div>
   <div class='ocr_carea' id='block_1_72' title="bbox 421 5374 1992 5444">
    <p class='ocr_par' dir='ltr' id='par_1_72' title="bbox 421 5374 1992 5444">
     <span class='ocr_line' id='line_1_73' title="bbox 421 5374 1992 5444; baseline -0.002 -15"><span class='ocrx_word' id='word_1_593' title='bbox 421 5375 573 5429; x_wconf 89' lang='lat' dir='ltr'><strong>Patre</strong></span> <span class='ocrx_word' id='word_1_594' title='bbox 594 5391 780 5428; x_wconf 90' lang='lat' dir='ltr'><strong>omnes</strong></span> <span class='ocrx_word' id='word_1_595' title='bbox 805 5387 989 5444; x_wconf 77' lang='lat' dir='ltr'><strong>gentes</strong></span> <span class='ocrx_word' id='word_1_596' title='bbox 1013 5374 1232 5441; x_wconf 85' lang='lat' dir='ltr'><strong>accepit,</strong></span> <span class='ocrx_word' id='word_1_597' title='bbox 1268 5374 1332 5425; x_wconf 88' lang='lat' dir='ltr'><strong>ad</strong></span> <span class='ocrx_word' id='word_1_598' title='bbox 1357 5375 1655 5426; x_wconf 80' lang='lat' dir='ltr'><strong>Alricauatn</strong></span> <span class='ocrx_word' id='word_1_599' title='bbox 1684 5375 1992 5443; x_wconf 87' lang='lat' dir='ltr'><strong>particulam</strong></span> 
     </span>
    </p>
   </div>
   <div class='ocr_carea' id='block_1_73' title="bbox 423 5443 1344 5498">
    <p class='ocr_par' dir='ltr' id='par_1_73' title="bbox 423 5443 1344 5498">
     <span class='ocr_line' id='line_1_74' title="bbox 423 5443 1344 5498; baseline -0.005 0"><span class='ocrx_word' id='word_1_600' title='bbox 423 5455 616 5498; x_wconf 85' lang='lat' dir='ltr'><strong>tantum</strong></span> <span class='ocrx_word' id='word_1_601' title='bbox 643 5443 958 5498; x_wconf 84' lang='lat' dir='ltr'><strong>remansisse</strong></span> <span class='ocrx_word' id='word_1_602' title='bbox 990 5443 1344 5496; x_wconf 73' lang='lat' dir='ltr'><strong>tl’tttltSIt&#39;:.ltlS?</strong></span> 
     </span>
    </p>
   </div>
   <div class='ocr_carea' id='block_1_74' title="bbox 488 5513 1768 5580">
    <p class='ocr_par' dir='ltr' id='par_1_74' title="bbox 488 5513 1768 5580">
     <span class='ocr_line' id='line_1_75' title="bbox 488 5513 1768 5580; baseline -0.003 -12"><span class='ocrx_word' id='word_1_603' title='bbox 488 5517 650 5572; x_wconf 84' lang='lat' dir='ltr'><strong>FULc.</strong></span> <span class='ocrx_word' id='word_1_604' title='bbox 680 5516 810 5568; x_wconf 87' lang='lat' dir='ltr'><strong>dixit</strong></span> <span class='ocrx_word' id='word_1_605' title='bbox 835 5531 848 5570; x_wconf 87' lang='lat'><strong>:</strong></span> <span class='ocrx_word' id='word_1_606' title='bbox 883 5515 1057 5566; x_wconf 73' lang='lat' dir='ltr'><strong>Dicm&quot;</strong></span> <span class='ocrx_word' id='word_1_607' title='bbox 1084 5514 1222 5578; x_wconf 88' lang='lat' dir='ltr'><strong>qttod</strong></span> <span class='ocrx_word' id='word_1_608' title='bbox 1255 5515 1304 5564; x_wconf 87' lang='lat' dir='ltr'><strong>in</strong></span> <span class='ocrx_word' id='word_1_609' title='bbox 1336 5513 1515 5580; x_wconf 84' lang='lat' dir='ltr'><strong>paucis</strong></span> <span class='ocrx_word' id='word_1_610' title='bbox 1541 5521 1768 5567; x_wconf 82' lang='lat' dir='ltr'><strong>Constet.</strong></span> 
     </span>
    </p>
   </div>
   <div class='ocr_carea' id='block_1_75' title="bbox 487 5582 1995 5653">
    <p class='ocr_par' dir='ltr' id='par_1_75' title="bbox 487 5582 1995 5653">
     <span class='ocr_line' id='line_1_76' title="bbox 487 5582 1995 5653; baseline -0.001 -15"><span class='ocrx_word' id='word_1_611' title='bbox 487 5590 615 5640; x_wconf 73' lang='lat' dir='ltr'><strong>Ave.</strong></span> <span class='ocrx_word' id='word_1_612' title='bbox 649 5585 919 5653; x_wconf 70' lang='lat' dir='ltr'><strong>respondit</strong></span> <span class='ocrx_word' id='word_1_613' title='bbox 955 5600 966 5635; x_wconf 91' lang='lat'><strong>:</strong></span> <span class='ocrx_word' id='word_1_614' title='bbox 997 5584 1131 5648; x_wconf 77' lang='lat' dir='ltr'><strong>Quid</strong></span> <span class='ocrx_word' id='word_1_615' title='bbox 1161 5582 1204 5635; x_wconf 83' lang='lat' dir='ltr'><strong>si</strong></span> <span class='ocrx_word' id='word_1_616' title='bbox 1251 5593 1304 5634; x_wconf 88' lang='lat' dir='ltr'><strong>et</strong></span> <span class='ocrx_word' id='word_1_617' title='bbox 1345 5587 1458 5649; x_wconf 74' lang='lat' dir='ltr'><strong>ejus</strong></span> <span class='ocrx_word' id='word_1_618' title='bbox 1503 5598 1697 5651; x_wconf 88' lang='lat' dir='ltr'><strong>paucos</strong></span> <span class='ocrx_word' id='word_1_619' title='bbox 1740 5583 1995 5638; x_wconf 79' lang='lat' dir='ltr'><strong>habebit?</strong></span> 
     </span>
    </p>
   </div>
   <div class='ocr_carea' id='block_1_76' title="bbox 418 5651 1993 5780">
    <p class='ocr_par' dir='ltr' id='par_1_76' title="bbox 418 5651 1993 5780">
     <span class='ocr_line' id='line_1_77' title="bbox 418 5651 1993 5780; baseline 0.001 -74"><span class='ocrx_word' id='word_1_620' title='bbox 418 5651 612 5780; x_wconf 58' lang='lat' dir='ltr'><strong>graues</strong></span> <span class='ocrx_word' id='word_1_621' title='bbox 637 5651 778 5710; x_wconf 85' lang='lat' dir='ltr'><strong>enim</strong></span> <span class='ocrx_word' id='word_1_622' title='bbox 819 5657 870 5709; x_wconf 92' lang='lat' dir='ltr'><strong>iu</strong></span> <span class='ocrx_word' id='word_1_623' title='bbox 901 5655 1297 5723; x_wconf 84' lang='lat' dir='ltr'><strong>comparatione</strong></span> <span class='ocrx_word' id='word_1_624' title='bbox 1341 5653 1625 5708; x_wconf 70' lang='lat' dir='ltr'><strong>Catholici:</strong></span> <span class='ocrx_word' id='word_1_625' title='bbox 1672 5669 1868 5722; x_wconf 89' lang='lat' dir='ltr'><strong>paucos</strong></span> <span class='ocrx_word' id='word_1_626' title='bbox 1900 5657 1993 5708; x_wconf 85' lang='lat' dir='ltr'><strong>ha-</strong></span> 
     </span>
     <span class='ocr_line' id='line_1_78' title="bbox 455 5735 565 5780; baseline -0.045 0"><span class='ocrx_word' id='word_1_627' title='bbox 455 5735 565 5780; x_wconf 79' lang='lat' dir='ltr'><strong>ent.</strong></span> 
     </span>
    </p>
   </div>
   <div class='ocr_carea' id='block_1_77' title="bbox 455 5735 565 5780">
    <p class='ocr_par' dir='ltr' id='par_1_77' title="bbox 455 5735 565 5780">
     <span class='ocr_line' id='line_1_79' title="bbox 455 5735 565 5780; baseline -0.045 0"><span class='ocrx_word' id='word_1_628' title='bbox 455 5735 565 5780; x_wconf 80' lang='lat' dir='ltr'><strong>ent.</strong></span> 
     </span>
    </p>
   </div>
   <div class='ocr_carea' id='block_1_78' title="bbox 487 5793 1992 5866">
    <p class='ocr_par' dir='ltr' id='par_1_78' title="bbox 487 5793 1992 5866">
     <span class='ocr_line' id='line_1_80' title="bbox 487 5793 1992 5866; baseline 0.001 -17"><span class='ocrx_word' id='word_1_629' title='bbox 487 5793 647 5849; x_wconf 73' lang='lat' dir='ltr'><strong>Fam.</strong></span> <span class='ocrx_word' id='word_1_630' title='bbox 678 5794 810 5848; x_wconf 78' lang='lat' dir='ltr'><strong>dixit</strong></span> <span class='ocrx_word' id='word_1_631' title='bbox 844 5813 857 5848; x_wconf 93' lang='lat'>:</span> <span class='ocrx_word' id='word_1_632' title='bbox 887 5795 1172 5852; x_wconf 83' lang='lat' dir='ltr'><strong>Ostendam</strong></span> <span class='ocrx_word' id='word_1_633' title='bbox 1204 5793 1453 5866; x_wconf 84' lang='lat' dir='ltr'><strong>quoniam</strong></span> <span class='ocrx_word' id='word_1_634' title='bbox 1482 5793 1595 5850; x_wconf 77' lang='lat' dir='ltr'><strong>lucc</strong></span> <span class='ocrx_word' id='word_1_635' title='bbox 1620 5805 1702 5850; x_wconf 78' lang='lat' dir='ltr'><strong>est</strong></span> <span class='ocrx_word' id='word_1_636' title='bbox 1726 5811 1848 5852; x_wconf 82' lang='lat' dir='ltr'><strong>vera</strong></span> <span class='ocrx_word' id='word_1_637' title='bbox 1872 5810 1992 5865; x_wconf 61' lang='lat' dir='ltr'><strong>quae</strong></span> 
     </span>
    </p>
   </div>
   <div class='ocr_carea' id='block_1_79' title="bbox 2123 468 3242 540">
    <p class='ocr_par' dir='ltr' id='par_1_79' title="bbox 2123 468 3242 540">
     <span class='ocr_line' id='line_1_81' title="bbox 2123 468 3242 540; baseline 0.004 -21"><span class='ocrx_word' id='word_1_638' title='bbox 2123 468 2544 536; x_wconf 86' lang='lat' dir='ltr'><strong>persecutionem</strong></span> <span class='ocrx_word' id='word_1_639' title='bbox 2575 468 2770 540; x_wconf 82' lang='lat' dir='ltr'><strong>patitur</strong></span> <span class='ocrx_word' id='word_1_640' title='bbox 2791 509 2804 532; x_wconf 97' lang='lat'><strong>,</strong></span> <span class='ocrx_word' id='word_1_641' title='bbox 2834 484 2938 522; x_wconf 91' lang='lat' dir='ltr'><strong>non</strong></span> <span class='ocrx_word' id='word_1_642' title='bbox 2961 485 3078 540; x_wconf 68' lang='lat' dir='ltr'><strong>qum</strong></span> <span class='ocrx_word' id='word_1_643' title='bbox 3102 469 3242 525; x_wconf 83' lang='lat' dir='ltr'><strong>facit.</strong></span> 
     </span>
    </p>
   </div>
   <div class='ocr_carea' id='block_1_80' title="bbox 2187 539 3701 611">
    <p class='ocr_par' dir='ltr' id='par_1_80' title="bbox 2187 539 3701 611">
     <span class='ocr_line' id='line_1_82' title="bbox 2187 539 3701 611; baseline 0.004 -20"><span class='ocrx_word' id='word_1_644' title='bbox 2187 539 2319 611; x_wconf 72' lang='lat' dir='ltr'><strong>Acc.</strong></span> <span class='ocrx_word' id='word_1_645' title='bbox 2374 539 2648 611; x_wconf 76' lang='lat' dir='ltr'><strong>respondit</strong></span> <span class='ocrx_word' id='word_1_646' title='bbox 2692 557 2706 592; x_wconf 92' lang='lat'><strong>:</strong></span> <span class='ocrx_word' id='word_1_647' title='bbox 2745 539 2880 607; x_wconf 85' lang='lat' dir='ltr'><strong>Quid</strong></span> <span class='ocrx_word' id='word_1_648' title='bbox 2927 539 2990 593; x_wconf 79' lang='lat' dir='ltr'><strong>si</strong></span> <span class='ocrx_word' id='word_1_649' title='bbox 3021 550 3076 595; x_wconf 89' lang='lat' dir='ltr'><strong>et</strong></span> <span class='ocrx_word' id='word_1_650' title='bbox 3112 541 3228 610; x_wconf 85' lang='lat' dir='ltr'><strong>ejus</strong></span> <span class='ocrx_word' id='word_1_651' title='bbox 3274 542 3701 611; x_wconf 81' lang='lat' dir='ltr'><strong>persecutionem</strong></span> 
     </span>
    </p>
   </div>
   <div class='ocr_carea' id='block_1_81' title="bbox 2114 608 2631 662">
    <p class='ocr_par' dir='ltr' id='par_1_81' title="bbox 2114 608 2631 662">
     <span class='ocr_line' id='line_1_83' title="bbox 2114 608 2631 662; baseline 0 -3"><span class='ocrx_word' id='word_1_652' title='bbox 2114 609 2331 660; x_wconf 88' lang='lat' dir='ltr'><strong>omnino</strong></span> <span class='ocrx_word' id='word_1_653' title='bbox 2362 623 2464 661; x_wconf 91' lang='lat' dir='ltr'><strong>non</strong></span> <span class='ocrx_word' id='word_1_654' title='bbox 2491 608 2631 662; x_wconf 79' lang='lat' dir='ltr'><strong>fecit.</strong></span> 
     </span>
    </p>
   </div>
   <div class='ocr_carea' id='block_1_82' title="bbox 2189 677 3698 749">
    <p class='ocr_par' dir='ltr' id='par_1_82' title="bbox 2189 677 3698 749">
     <span class='ocr_line' id='line_1_84' title="bbox 2189 677 3698 749; baseline 0.005 -19"><span class='ocrx_word' id='word_1_655' title='bbox 2189 677 2349 732; x_wconf 57' lang='lat' dir='ltr'><strong>Fons.</strong></span> <span class='ocrx_word' id='word_1_656' title='bbox 2376 678 2508 731; x_wconf 83' lang='lat' dir='ltr'><strong>dixit</strong></span> <span class='ocrx_word' id='word_1_657' title='bbox 2539 696 2552 732; x_wconf 92' lang='lat'><strong>:</strong></span> <span class='ocrx_word' id='word_1_658' title='bbox 2584 678 2860 733; x_wconf 87' lang='lat' dir='ltr'><strong>losinuaho</strong></span> <span class='ocrx_word' id='word_1_659' title='bbox 2885 679 3171 734; x_wconf 86' lang='lat' dir='ltr'><strong>secundum</strong></span> <span class='ocrx_word' id='word_1_660' title='bbox 3202 681 3537 749; x_wconf 82' lang='lat' dir='ltr'><strong>Apostolum,</strong></span> <span class='ocrx_word' id='word_1_661' title='bbox 3560 683 3698 749; x_wconf 89' lang='lat' dir='ltr'><strong>quod</strong></span> 
     </span>
    </p>
   </div>
   <div class='ocr_carea' id='block_1_83' title="bbox 2114 746 3701 818">
    <p class='ocr_par' dir='ltr' id='par_1_83' title="bbox 2114 746 3701 818">
     <span class='ocr_line' id='line_1_85' title="bbox 2114 746 3701 818; baseline 0.008 -22"><span class='ocrx_word' id='word_1_662' title='bbox 2114 746 2356 818; x_wconf 73' lang='lat' dir='ltr'><strong>Ecclesia</strong></span> <span class='ocrx_word' id='word_1_663' title='bbox 2410 764 2522 801; x_wconf 84' lang='lat' dir='ltr'><strong>mea</strong></span> <span class='ocrx_word' id='word_1_664' title='bbox 2575 765 2728 818; x_wconf 80' lang='lat' dir='ltr'><strong>rugas</strong></span> <span class='ocrx_word' id='word_1_665' title='bbox 2784 759 2837 804; x_wconf 89' lang='lat' dir='ltr'><strong>et</strong></span> <span class='ocrx_word' id='word_1_666' title='bbox 2889 751 3122 805; x_wconf 78' lang='lat' dir='ltr'><strong>maculas</strong></span> <span class='ocrx_word' id='word_1_667' title='bbox 3172 746 3285 806; x_wconf 84' lang='lat' dir='ltr'><strong>sola</strong></span> <span class='ocrx_word' id='word_1_668' title='bbox 3341 767 3451 806; x_wconf 86' lang='lat' dir='ltr'><strong>non</strong></span> <span class='ocrx_word' id='word_1_669' title='bbox 3504 746 3701 808; x_wconf 88' lang='lat' dir='ltr'><strong>habeat.</strong></span> 
     </span>
    </p>
   </div>
   <div class='ocr_carea' id='block_1_84' title="bbox 2115 816 2568 888">
    <p class='ocr_par' dir='ltr' id='par_1_84' title="bbox 2115 816 2568 888">
     <span class='ocr_line' id='line_1_86' title="bbox 2115 816 2568 888; baseline 0.013 -20"><span class='ocrx_word' id='word_1_670' title='bbox 2115 816 2326 888; x_wconf 77' lang='lat' dir='ltr'><strong>(Ep/tes.</strong></span> <span class='ocrx_word' id='word_1_671' title='bbox 2359 835 2392 870; x_wconf 84' lang='lat' dir='ltr'><strong>v</strong></span> <span class='ocrx_word' id='word_1_672' title='bbox 2407 859 2422 882; x_wconf 96' lang='lat'><strong>,</strong></span> <span class='ocrx_word' id='word_1_673' title='bbox 2453 817 2568 886; x_wconf 72' lang='lat'><strong>27).</strong></span> 
     </span>
    </p>
   </div>
   <div class='ocr_carea' id='block_1_85' title="bbox 2185 889 3701 956">
    <p class='ocr_par' dir='ltr' id='par_1_85' title="bbox 2185 889 3701 956">
     <span class='ocr_line' id='line_1_87' title="bbox 2185 889 3701 956; baseline 0.005 -16"><span class='ocrx_word' id='word_1_674' title='bbox 2185 893 2316 943; x_wconf 62' lang='lat' dir='ltr'><strong>Acs.</strong></span> <span class='ocrx_word' id='word_1_675' title='bbox 2351 890 2621 956; x_wconf 76' lang='lat' dir='ltr'><strong>respondit</strong></span> <span class='ocrx_word' id='word_1_676' title='bbox 2653 906 2666 942; x_wconf 89' lang='lat'><strong>:</strong></span> <span class='ocrx_word' id='word_1_677' title='bbox 2700 889 2960 944; x_wconf 88' lang='lat' dir='ltr'><strong>Continuo</strong></span> <span class='ocrx_word' id='word_1_678' title='bbox 2989 890 3298 953; x_wconf 85' lang='lat' dir='ltr'><strong>probabitur</strong></span> <span class='ocrx_word' id='word_1_679' title='bbox 3325 891 3538 946; x_wconf 86' lang='lat' dir='ltr'><strong>habere.</strong></span> <span class='ocrx_word' id='word_1_680' title='bbox 3565 893 3701 948; x_wconf 83' lang='lat' dir='ltr'><strong>Scri-</strong></span> 
     </span>
    </p>
   </div>
   <div class='ocr_carea' id='block_1_86' title="bbox 2113 959 3698 1025">
    <p class='ocr_par' dir='ltr' id='par_1_86' title="bbox 2113 959 3698 1025">
     <span class='ocr_line' id='line_1_88' title="bbox 2113 959 3698 1025; baseline 0.008 -19"><span class='ocrx_word' id='word_1_681' title='bbox 2113 965 2260 1025; x_wconf 80' lang='lat' dir='ltr'><strong>ptum</strong></span> <span class='ocrx_word' id='word_1_682' title='bbox 2293 971 2368 1013; x_wconf 87' lang='lat' dir='ltr'><strong>est</strong></span> <span class='ocrx_word' id='word_1_683' title='bbox 2409 959 2548 1012; x_wconf 88' lang='lat' dir='ltr'><strong>enim</strong></span> <span class='ocrx_word' id='word_1_684' title='bbox 2576 1001 2589 1021; x_wconf 96' lang='lat'><strong>,</strong></span> <span class='ocrx_word' id='word_1_685' title='bbox 2635 959 2799 1013; x_wconf 84' lang='lat' dir='ltr'><strong>Nemo</strong></span> <span class='ocrx_word' id='word_1_686' title='bbox 2834 964 3050 1013; x_wconf 77' lang='lat' dir='ltr'><strong>mundus</strong></span> <span class='ocrx_word' id='word_1_687' title='bbox 3080 979 3110 1012; x_wconf 85' lang='lat' dir='ltr'><strong>a</strong></span> <span class='ocrx_word' id='word_1_688' title='bbox 3132 964 3280 1015; x_wconf 77' lang='lat' dir='ltr'><strong>sorde</strong></span> <span class='ocrx_word' id='word_1_689' title='bbox 3303 1003 3316 1024; x_wconf 97' lang='lat'><strong>,</strong></span> <span class='ocrx_word' id='word_1_690' title='bbox 3358 979 3447 1015; x_wconf 86' lang='lat' dir='ltr'><strong>nec</strong></span> <span class='ocrx_word' id='word_1_691' title='bbox 3475 965 3520 1015; x_wconf 88' lang='lat' dir='ltr'><strong>si</strong></span> <span class='ocrx_word' id='word_1_692' title='bbox 3549 966 3698 1018; x_wconf 82' lang='lat' dir='ltr'><strong>unius</strong></span> 
     </span>
    </p>
   </div>
   <div class='ocr_carea' id='block_1_87' title="bbox 2112 1028 3694 1102">
    <p class='ocr_par' dir='ltr' id='par_1_87' title="bbox 2112 1028 3694 1102">
     <span class='ocr_line' id='line_1_89' title="bbox 2112 1028 3694 1102; baseline 0.006 -24"><span class='ocrx_word' id='word_1_693' title='bbox 2112 1028 2386 1102; x_wconf 68' lang='lat' dir='ltr'><strong>dieifuerit</strong></span> <span class='ocrx_word' id='word_1_694' title='bbox 2406 1030 2509 1102; x_wconf 68' lang='lat' dir='ltr'><strong>cita</strong></span> <span class='ocrx_word' id='word_1_695' title='bbox 2547 1033 2657 1102; x_wconf 81' lang='lat' dir='ltr'><strong>ejus</strong></span> <span class='ocrx_word' id='word_1_696' title='bbox 2691 1047 2839 1102; x_wconf 77' lang='lat' dir='ltr'><strong>super</strong></span> <span class='ocrx_word' id='word_1_697' title='bbox 2869 1041 3051 1102; x_wconf 82' lang='lat' dir='ltr'><strong>terram</strong></span> <span class='ocrx_word' id='word_1_698' title='bbox 3080 1030 3203 1101; x_wconf 84' lang='lat' dir='ltr'><strong>(Job</strong></span> <span class='ocrx_word' id='word_1_699' title='bbox 3235 1048 3355 1095; x_wconf 86' lang='lat' dir='ltr'><strong>xlv,</strong></span> <span class='ocrx_word' id='word_1_700' title='bbox 3385 1035 3445 1095; x_wconf 69' lang='grc'><strong>4,</strong></span> <span class='ocrx_word' id='word_1_701' title='bbox 3477 1033 3554 1102; x_wconf 86' lang='grc'><strong>5).</strong></span> <span class='ocrx_word' id='word_1_702' title='bbox 3589 1034 3694 1088; x_wconf 85' lang='lat' dir='ltr'><strong>Sed</strong></span> 
     </span>
    </p>
   </div>
   <div class='ocr_carea' id='block_1_88' title="bbox 2111 1098 3692 1169">
    <p class='ocr_par' dir='ltr' id='par_1_88' title="bbox 2111 1098 3692 1169">
     <span class='ocr_line' id='line_1_90' title="bbox 2111 1098 3692 1169; baseline 0.008 -27"><span class='ocrx_word' id='word_1_703' title='bbox 2111 1098 2234 1166; x_wconf 79' lang='lat' dir='ltr'><strong>quid</strong></span> <span class='ocrx_word' id='word_1_704' title='bbox 2285 1098 2841 1169; x_wconf 24' lang='lat' dir='ltr'><strong>pluriltns?‘quolibet</strong></span> <span class='ocrx_word' id='word_1_705' title='bbox 2881 1098 3327 1169; x_wconf 49' lang='lat' dir='ltr'><strong>ingenio&#39;capies,</strong></span> <span class='ocrx_word' id='word_1_706' title='bbox 3371 1112 3424 1154; x_wconf 90' lang='lat' dir='ltr'><strong>et</strong></span> <span class='ocrx_word' id='word_1_707' title='bbox 3468 1098 3692 1166; x_wconf 82' lang='lat' dir='ltr'><strong>tenebis,</strong></span> 
     </span>
    </p>
   </div>
   <div class='ocr_carea' id='block_1_89' title="bbox 2112 1168 3692 1244">
    <p class='ocr_par' dir='ltr' id='par_1_89' title="bbox 2112 1168 3692 1244">
     <span class='ocr_line' id='line_1_91' title="bbox 2112 1168 3692 1244; baseline 0.006 -26"><span class='ocrx_word' id='word_1_708' title='bbox 2112 1168 2376 1244; x_wconf 79' lang='lat' dir='ltr'><strong>quomodo</strong></span> <span class='ocrx_word' id='word_1_709' title='bbox 2404 1170 2628 1236; x_wconf 81' lang='lat' dir='ltr'><strong>suscipis</strong></span> <span class='ocrx_word' id='word_1_710' title='bbox 2651 1171 2736 1244; x_wconf 82' lang='lat' dir='ltr'><strong>qui</strong></span> <span class='ocrx_word' id='word_1_711' title='bbox 2772 1168 2952 1244; x_wconf 69' lang='lat' dir='ltr'><strong>ﬁdeles</strong></span> <span class='ocrx_word' id='word_1_712' title='bbox 2981 1181 3097 1244; x_wconf 84' lang='lat' dir='ltr'><strong>tuos</strong></span> <span class='ocrx_word' id='word_1_713' title='bbox 3124 1171 3260 1244; x_wconf 80' lang='lat' dir='ltr'><strong>forte</strong></span> <span class='ocrx_word' id='word_1_714' title='bbox 3306 1174 3519 1226; x_wconf 86' lang='lat' dir='ltr'><strong>retiuxit</strong></span> <span class='ocrx_word' id='word_1_715' title='bbox 3540 1214 3554 1237; x_wconf 95' lang='lat'><strong>,</strong></span> <span class='ocrx_word' id='word_1_716' title='bbox 3601 1175 3692 1244; x_wconf 87' lang='lat' dir='ltr'><strong>qui</strong></span> 
     </span>
    </p>
   </div>
   <div class='ocr_carea' id='block_1_90' title="bbox 2113 1239 3512 1306">
    <p class='ocr_par' dir='ltr' id='par_1_90' title="bbox 2113 1239 3512 1306">
     <span class='ocr_line' id='line_1_92' title="bbox 2113 1239 3512 1306; baseline 0.006 -18"><span class='ocrx_word' id='word_1_717' title='bbox 2113 1239 2362 1306; x_wconf 78' lang='lat' dir='ltr'><strong>Spiritum</strong></span> <span class='ocrx_word' id='word_1_718' title='bbox 2391 1252 2630 1291; x_wconf 88' lang='lat' dir='ltr'><strong>sanetum</strong></span> <span class='ocrx_word' id='word_1_719' title='bbox 2660 1240 2710 1292; x_wconf 91' lang='lat' dir='ltr'><strong>in</strong></span> <span class='ocrx_word' id='word_1_720' title='bbox 2741 1241 2903 1294; x_wconf 82' lang='lat' dir='ltr'><strong>corde</strong></span> <span class='ocrx_word' id='word_1_721' title='bbox 2929 1241 3193 1294; x_wconf 87' lang='lat' dir='ltr'><strong>credentis</strong></span> <span class='ocrx_word' id='word_1_722' title='bbox 3218 1244 3512 1296; x_wconf 82' lang='lat' dir='ltr'><strong>exstinxit?</strong></span> 
     </span>
    </p>
   </div>
   <div class='ocr_carea' id='block_1_91' title="bbox 2182 1308 3692 1381">
    <p class='ocr_par' dir='ltr' id='par_1_91' title="bbox 2182 1308 3692 1381">
     <span class='ocr_line' id='line_1_93' title="bbox 2182 1308 3692 1381; baseline 0.008 -23"><span class='ocrx_word' id='word_1_723' title='bbox 2182 1308 2405 1381; x_wconf 59' lang='lat' dir='ltr'><strong>CAPUT</strong></span> <span class='ocrx_word' id='word_1_724' title='bbox 2462 1308 2624 1381; x_wconf 65' lang='lat' dir='ltr'><strong>XXII.</strong></span> <span class='ocrx_word' id='word_1_725' title='bbox 2670 1339 2742 1348; x_wconf 91' lang='lat'><strong>—</strong></span> <span class='ocrx_word' id='word_1_726' title='bbox 2780 1309 2942 1364; x_wconf 69' lang='lat' dir='ltr'><strong>Fctc.</strong></span> <span class='ocrx_word' id='word_1_727' title='bbox 2991 1311 3162 1363; x_wconf 84' lang='lat' dir='ltr'><strong>dixit:</strong></span> <span class='ocrx_word' id='word_1_728' title='bbox 3199 1313 3463 1381; x_wconf 82' lang='lat' dir='ltr'><strong>Distringo</strong></span> <span class='ocrx_word' id='word_1_729' title='bbox 3510 1313 3692 1374; x_wconf 85' lang='lat' dir='ltr'><strong>illum.</strong></span> 
     </span>
    </p>
   </div>
   <div class='ocr_carea' id='block_1_92' title="bbox 2112 1378 3691 1452">
    <p class='ocr_par' dir='ltr' id='par_1_92' title="bbox 2112 1378 3691 1452">
     <span class='ocr_line' id='line_1_94' title="bbox 2112 1378 3691 1452; baseline 0.005 -23"><span class='ocrx_word' id='word_1_730' title='bbox 2112 1378 2372 1452; x_wconf 30' lang='lat' dir='ltr'><strong>exsu‘l&#39;llo,</strong></span> <span class='ocrx_word' id='word_1_731' title='bbox 2419 1387 2473 1433; x_wconf 92' lang='lat' dir='ltr'><strong>et</strong></span> <span class='ocrx_word' id='word_1_732' title='bbox 2527 1380 2576 1432; x_wconf 89' lang='lat' dir='ltr'><strong>in</strong></span> <span class='ocrx_word' id='word_1_733' title='bbox 2628 1381 2943 1435; x_wconf 85' lang='lat' dir='ltr'><strong>remissione</strong></span> <span class='ocrx_word' id='word_1_734' title='bbox 2994 1391 3329 1450; x_wconf 87' lang='lat' dir='ltr'><strong>peccatortnu</strong></span> <span class='ocrx_word' id='word_1_735' title='bbox 3382 1378 3503 1436; x_wconf 69' lang='lat' dir='ltr'><strong>vera</strong></span> <span class='ocrx_word' id='word_1_736' title='bbox 3555 1401 3691 1452; x_wconf 84' lang='lat' dir='ltr'><strong>aqua</strong></span> 
     </span>
    </p>
   </div>
   <div class='ocr_carea' id='block_1_93' title="bbox 2111 1447 2338 1515">
    <p class='ocr_par' dir='ltr' id='par_1_93' title="bbox 2111 1447 2338 1515">
     <span class='ocr_line' id='line_1_95' title="bbox 2111 1447 2338 1515; baseline 0.004 -15"><span class='ocrx_word' id='word_1_737' title='bbox 2111 1447 2338 1515; x_wconf 84' lang='lat' dir='ltr'><strong>baptizo.</strong></span> 
     </span>
    </p>
   </div>
   <div class='ocr_carea' id='block_1_94' title="bbox 2182 1518 3691 1590">
    <p class='ocr_par' dir='ltr' id='par_1_94' title="bbox 2182 1518 3691 1590">
     <span class='ocr_line' id='line_1_96' title="bbox 2182 1518 3691 1590; baseline 0.005 -20"><span class='ocrx_word' id='word_1_738' title='bbox 2182 1525 2314 1570; x_wconf 78' lang='lat' dir='ltr'><strong>Ave.</strong></span> <span class='ocrx_word' id='word_1_739' title='bbox 2346 1518 2684 1590; x_wconf 58' lang='lat' dir='ltr'><strong>resp-indit:</strong></span> <span class='ocrx_word' id='word_1_740' title='bbox 2722 1519 2999 1587; x_wconf 87' lang='lat' dir='ltr'><strong>Quomodo</strong></span> <span class='ocrx_word' id='word_1_741' title='bbox 3039 1519 3154 1586; x_wconf 80' lang='lat' dir='ltr'><strong>eius</strong></span> <span class='ocrx_word' id='word_1_742' title='bbox 3197 1533 3405 1590; x_wconf 82' lang='lat' dir='ltr'><strong>peccata</strong></span> <span class='ocrx_word' id='word_1_743' title='bbox 3449 1522 3691 1589; x_wconf 88' lang='lat' dir='ltr'><strong>dimittis,</strong></span> 
     </span>
    </p>
   </div>
   <div class='ocr_carea' id='block_1_95' title="bbox 2111 1588 3692 1659">
    <p class='ocr_par' dir='ltr' id='par_1_95' title="bbox 2111 1588 3692 1659">
     <span class='ocr_line' id='line_1_97' title="bbox 2111 1588 3692 1659; baseline 0.004 -19"><span class='ocrx_word' id='word_1_744' title='bbox 2111 1602 2228 1659; x_wconf 89' lang='lat' dir='ltr'><strong>eum</strong></span> <span class='ocrx_word' id='word_1_745' title='bbox 2256 1588 2505 1656; x_wconf 80' lang='lat' dir='ltr'><strong>scriptum</strong></span> <span class='ocrx_word' id='word_1_746' title='bbox 2533 1589 2623 1653; x_wconf 90' lang='lat' dir='ltr'><strong>sit,</strong></span> <span class='ocrx_word' id='word_1_747' title='bbox 2651 1589 3031 1658; x_wconf 73' lang='lat' dir='ltr'><strong>blasphemiam</strong></span> <span class='ocrx_word' id='word_1_748' title='bbox 3060 1588 3288 1659; x_wconf 74' lang='lat' dir='ltr'><strong>Spiritus</strong></span> <span class='ocrx_word' id='word_1_749' title='bbox 3319 1597 3484 1646; x_wconf 81' lang='lat' dir='ltr'><strong>sancti</strong></span> <span class='ocrx_word' id='word_1_750' title='bbox 3520 1598 3568 1645; x_wconf 89' lang='lat' dir='ltr'><strong>in</strong></span> <span class='ocrx_word' id='word_1_751' title='bbox 3589 1588 3692 1647; x_wconf 51' lang='lat' dir='ltr'><strong>sae?</strong></span> 
     </span>
    </p>
   </div>
   <div class='ocr_carea' id='block_1_96' title="bbox 2109 1658 3695 1731">
    <p class='ocr_par' dir='ltr' id='par_1_96' title="bbox 2109 1658 3695 1731">
     <span class='ocr_line' id='line_1_98' title="bbox 2109 1658 3695 1731; baseline 0.004 -21"><span class='ocrx_word' id='word_1_752' title='bbox 2109 1658 2288 1731; x_wconf 82' lang='lat' dir='ltr'><strong>culum</strong></span> <span class='ocrx_word' id='word_1_753' title='bbox 2315 1659 2633 1731; x_wconf 72' lang='lat' dir='ltr'><strong>dimittinon</strong></span> <span class='ocrx_word' id='word_1_754' title='bbox 2679 1675 2831 1726; x_wconf 86' lang='lat' dir='ltr'><strong>posse</strong></span> <span class='ocrx_word' id='word_1_755' title='bbox 2859 1659 3068 1731; x_wconf 80' lang='lat' dir='ltr'><strong>(Matth.</strong></span> <span class='ocrx_word' id='word_1_756' title='bbox 3099 1658 3166 1714; x_wconf 86' lang='lat' dir='ltr'><strong>xu</strong></span> <span class='ocrx_word' id='word_1_757' title='bbox 3192 1704 3206 1726; x_wconf 96' lang='lat'><strong>,</strong></span> <span class='ocrx_word' id='word_1_758' title='bbox 3237 1663 3372 1728; x_wconf 73' lang='lat'><strong>&#39;52)?</strong></span> <span class='ocrx_word' id='word_1_759' title='bbox 3415 1665 3516 1718; x_wconf 46' lang='lat' dir='ltr'><strong>Sed</strong></span> <span class='ocrx_word' id='word_1_760' title='bbox 3556 1665 3695 1718; x_wconf 81' lang='lat' dir='ltr'><strong>hunc</strong></span> 
     </span>
    </p>
   </div>
   <div class='ocr_carea' id='block_1_97' title="bbox 2113 1728 3691 1799">
    <p class='ocr_par' dir='ltr' id='par_1_97' title="bbox 2113 1728 3691 1799">
     <span class='ocr_line' id='line_1_99' title="bbox 2113 1728 3691 1799; baseline 0.006 -19"><span class='ocrx_word' id='word_1_761' title='bbox 2113 1729 2440 1792; x_wconf 76' lang='lat' dir='ltr'><strong>omittamus,</strong></span> <span class='ocrx_word' id='word_1_762' title='bbox 2480 1728 2705 1782; x_wconf 84' lang='lat' dir='ltr'><strong>alterum</strong></span> <span class='ocrx_word' id='word_1_763' title='bbox 2737 1728 3028 1783; x_wconf 85' lang='lat' dir='ltr'><strong>videamus.</strong></span> <span class='ocrx_word' id='word_1_764' title='bbox 3074 1733 3165 1785; x_wconf 86' lang='lat' dir='ltr'><strong>Dic</strong></span> <span class='ocrx_word' id='word_1_765' title='bbox 3193 1740 3248 1785; x_wconf 91' lang='lat' dir='ltr'><strong>et</strong></span> <span class='ocrx_word' id='word_1_766' title='bbox 3271 1733 3691 1799; x_wconf 76' lang='lat' dir='ltr'><strong>Maxintianistzc,</strong></span> 
     </span>
    </p>
   </div>
   <div class='ocr_carea' id='block_1_98' title="bbox 2113 1799 3690 1867">
    <p class='ocr_par' dir='ltr' id='par_1_98' title="bbox 2113 1799 3690 1867">
     <span class='ocr_line' id='line_1_100' title="bbox 2113 1799 3690 1867; baseline 0.005 -18"><span class='ocrx_word' id='word_1_767' title='bbox 2113 1799 2305 1851; x_wconf 78' lang='lat' dir='ltr'><strong>:l‘lttttlo</strong></span> <span class='ocrx_word' id='word_1_768' title='bbox 2334 1809 2421 1852; x_wconf 93' lang='lat' dir='ltr'><strong>tuo</strong></span> <span class='ocrx_word' id='word_1_769' title='bbox 2445 1841 2458 1863; x_wconf 95' lang='lat'><strong>,</strong></span> <span class='ocrx_word' id='word_1_770' title='bbox 2489 1799 2629 1866; x_wconf 90' lang='lat' dir='ltr'><strong>qttod</strong></span> <span class='ocrx_word' id='word_1_771' title='bbox 2659 1809 2707 1853; x_wconf 92' lang='lat' dir='ltr'><strong>et</strong></span> <span class='ocrx_word' id='word_1_772' title='bbox 2740 1801 2868 1854; x_wconf 89' lang='lat' dir='ltr'><strong>mihi</strong></span> <span class='ocrx_word' id='word_1_773' title='bbox 2905 1801 3083 1854; x_wconf 89' lang='lat' dir='ltr'><strong>dixisti</strong></span> <span class='ocrx_word' id='word_1_774' title='bbox 3114 1818 3126 1852; x_wconf 91' lang='lat'><strong>:</strong></span> <span class='ocrx_word' id='word_1_775' title='bbox 3159 1801 3423 1867; x_wconf 85' lang='lat' dir='ltr'><strong>Quomodo</strong></span> <span class='ocrx_word' id='word_1_776' title='bbox 3444 1805 3571 1856; x_wconf 79' lang='lat' dir='ltr'><strong>alter</strong></span> <span class='ocrx_word' id='word_1_777' title='bbox 3598 1806 3690 1856; x_wconf 77' lang='lat' dir='ltr'><strong>ka-</strong></span> 
     </span>
    </p>
   </div>
   <div class='ocr_carea' id='block_1_99' title="bbox 2110 1867 3694 1942">
    <p class='ocr_par' dir='ltr' id='par_1_99' title="bbox 2110 1867 3694 1942">
     <span class='ocr_line' id='line_1_101' title="bbox 2110 1867 3694 1942; baseline 0.005 -23"><span class='ocrx_word' id='word_1_778' title='bbox 2110 1867 2220 1920; x_wconf 85' lang='lat' dir='ltr'><strong>bere</strong></span> <span class='ocrx_word' id='word_1_779' title='bbox 2239 1877 2394 1942; x_wconf 78' lang='lat' dir='ltr'><strong>potest</strong></span> <span class='ocrx_word' id='word_1_780' title='bbox 2419 1870 2501 1942; x_wconf 67' lang='lat' dir='ltr'><strong>,si</strong></span> <span class='ocrx_word' id='word_1_781' title='bbox 2524 1870 2646 1922; x_wconf 78' lang='lat' dir='ltr'><strong>milii</strong></span> <span class='ocrx_word' id='word_1_782' title='bbox 2678 1871 2773 1923; x_wconf 87' lang='lat' dir='ltr'><strong>soli</strong></span> <span class='ocrx_word' id='word_1_783' title='bbox 2801 1887 3088 1942; x_wconf 81' lang='lat' dir='ltr'><strong>concessum</strong></span> <span class='ocrx_word' id='word_1_784' title='bbox 3114 1883 3184 1924; x_wconf 82' lang='lat' dir='ltr'><strong>est</strong></span> <span class='ocrx_word' id='word_1_785' title='bbox 3207 1872 3232 1924; x_wconf 71' lang='grc' dir='ltr'><strong><em>Ρ</em></strong></span> <span class='ocrx_word' id='word_1_786' title='bbox 3262 1874 3360 1924; x_wconf 73' lang='lat' dir='ltr'><strong>Aut</strong></span> <span class='ocrx_word' id='word_1_787' title='bbox 3393 1875 3436 1926; x_wconf 88' lang='lat' dir='ltr'><strong>si</strong></span> <span class='ocrx_word' id='word_1_788' title='bbox 3466 1875 3576 1942; x_wconf 85' lang='lat' dir='ltr'><strong>juri</strong></span> <span class='ocrx_word' id='word_1_789' title='bbox 3604 1885 3694 1927; x_wconf 84' lang='lat' dir='ltr'><strong>tuo</strong></span> 
     </span>
    </p>
   </div>
   <div class='ocr_carea' id='block_1_100' title="bbox 2109 1939 3689 2012">
    <p class='ocr_par' dir='ltr' id='par_1_100' title="bbox 2109 1939 3689 2012">
     <span class='ocr_line' id='line_1_102' title="bbox 2109 1939 3689 2012; baseline 0.006 -23"><span class='ocrx_word' id='word_1_790' title='bbox 2109 1940 2288 2012; x_wconf 66' lang='lat' dir='ltr'><strong>usserit:</strong></span> <span class='ocrx_word' id='word_1_791' title='bbox 2314 1939 2553 2012; x_wconf 76' lang='lat' dir='ltr'><strong>(raditum</strong></span> <span class='ocrx_word' id='word_1_792' title='bbox 2577 1981 2605 2012; x_wconf 21' lang='grc' dir='ltr'><strong>,Α</strong></span> <span class='ocrx_word' id='word_1_793' title='bbox 2625 1956 2780 2012; x_wconf 80' lang='lat' dir='ltr'><strong>quare</strong></span> <span class='ocrx_word' id='word_1_794' title='bbox 2803 1941 3101 2008; x_wconf 73' lang='lat' dir='ltr'><strong>comprobes</strong></span> <span class='ocrx_word' id='word_1_795' title='bbox 3128 1942 3348 2012; x_wconf 72' lang='lat' dir='ltr'><strong>alienum</strong></span> <span class='ocrx_word' id='word_1_796' title='bbox 3372 1944 3396 1996; x_wconf 85' lang='lat'><strong>.’</strong></span> <span class='ocrx_word' id='word_1_797' title='bbox 3441 1939 3689 2012; x_wconf 69' lang='lat' dir='ltr'><strong>Respon-</strong></span> 
     </span>
    </p>
   </div>
   <div class='ocr_carea' id='block_1_101' title="bbox 2109 2007 3690 2076">
    <p class='ocr_par' dir='ltr' id='par_1_101' title="bbox 2109 2007 3690 2076">
     <span class='ocr_line' id='line_1_103' title="bbox 2109 2007 3690 2076; baseline 0.006 -17"><span class='ocrx_word' id='word_1_798' title='bbox 2109 2007 2253 2060; x_wconf 78' lang='lat' dir='ltr'><strong>debit</strong></span> <span class='ocrx_word' id='word_1_799' title='bbox 2275 2020 2327 2063; x_wconf 88' lang='lat' dir='ltr'><strong>et</strong></span> <span class='ocrx_word' id='word_1_800' title='bbox 2354 2010 2450 2062; x_wconf 89' lang='lat' dir='ltr'><strong>iste</strong></span> <span class='ocrx_word' id='word_1_801' title='bbox 2475 2009 2878 2073; x_wconf 81' lang='lat' dir='ltr'><strong>Maxitnianista,</strong></span> <span class='ocrx_word' id='word_1_802' title='bbox 2898 2007 3174 2076; x_wconf 80' lang='lat' dir='ltr'><strong>Quomodo</strong></span> <span class='ocrx_word' id='word_1_803' title='bbox 3200 2013 3334 2064; x_wconf 85' lang='lat' dir='ltr'><strong>alter</strong></span> <span class='ocrx_word' id='word_1_804' title='bbox 3366 2007 3564 2068; x_wconf 71' lang='lat' dir='ltr'><strong>habere</strong></span> <span class='ocrx_word' id='word_1_805' title='bbox 3587 2029 3690 2068; x_wconf 90' lang='lat' dir='ltr'><strong>non</strong></span> 
     </span>
    </p>
   </div>
   <div class='ocr_carea' id='block_1_102' title="bbox 2111 2080 3691 2148">
    <p class='ocr_par' dir='ltr' id='par_1_102' title="bbox 2111 2080 3691 2148">
     <span class='ocr_line' id='line_1_104' title="bbox 2111 2080 3691 2148; baseline 0.006 -21"><span class='ocrx_word' id='word_1_806' title='bbox 2111 2087 2303 2146; x_wconf 89' lang='lat' dir='ltr'><strong>potest,</strong></span> <span class='ocrx_word' id='word_1_807' title='bbox 2332 2093 2452 2131; x_wconf 90' lang='lat' dir='ltr'><strong>cum</strong></span> <span class='ocrx_word' id='word_1_808' title='bbox 2479 2089 2529 2132; x_wconf 85' lang='lat' dir='ltr'><strong>et</strong></span> <span class='ocrx_word' id='word_1_809' title='bbox 2561 2080 2686 2132; x_wconf 91' lang='lat' dir='ltr'><strong>mihi</strong></span> <span class='ocrx_word' id='word_1_810' title='bbox 2717 2081 2853 2134; x_wconf 91' lang='lat' dir='ltr'><strong>sicut</strong></span> <span class='ocrx_word' id='word_1_811' title='bbox 2882 2082 2971 2133; x_wconf 90' lang='lat' dir='ltr'><strong>tibi</strong></span> <span class='ocrx_word' id='word_1_812' title='bbox 3002 2090 3054 2134; x_wconf 90' lang='lat' dir='ltr'><strong>tu</strong></span> <span class='ocrx_word' id='word_1_813' title='bbox 3088 2081 3392 2148; x_wconf 85' lang='lat' dir='ltr'><strong>probaveris</strong></span> <span class='ocrx_word' id='word_1_814' title='bbox 3417 2098 3535 2136; x_wconf 84' lang='lat' dir='ltr'><strong>esse</strong></span> <span class='ocrx_word' id='word_1_815' title='bbox 3561 2100 3691 2137; x_wconf 83' lang='lat' dir='ltr'><strong>con-</strong></span> 
     </span>
    </p>
   </div>
   <div class='ocr_carea' id='block_1_103' title="bbox 2111 2149 3687 2207">
    <p class='ocr_par' dir='ltr' id='par_1_103' title="bbox 2111 2149 3687 2207">
     <span class='ocr_line' id='line_1_105' title="bbox 2111 2149 3687 2207; baseline 0.006 -9"><span class='ocrx_word' id='word_1_816' title='bbox 2111 2149 2361 2200; x_wconf 84' lang='lat' dir='ltr'><strong>cessum?</strong></span> <span class='ocrx_word' id='word_1_817' title='bbox 2415 2149 2750 2203; x_wconf 91' lang='lat' dir='ltr'><strong>Christianos</strong></span> <span class='ocrx_word' id='word_1_818' title='bbox 2793 2151 2936 2203; x_wconf 80' lang='lat' dir='ltr'><strong>enim</strong></span> <span class='ocrx_word' id='word_1_819' title='bbox 2987 2166 3133 2203; x_wconf 90' lang='lat' dir='ltr'><strong>meos</strong></span> <span class='ocrx_word' id='word_1_820' title='bbox 3179 2161 3232 2205; x_wconf 89' lang='lat' dir='ltr'><strong>et</strong></span> <span class='ocrx_word' id='word_1_821' title='bbox 3269 2153 3494 2206; x_wconf 81' lang='lat' dir='ltr'><strong>clericos</strong></span> <span class='ocrx_word' id='word_1_822' title='bbox 3541 2165 3687 2207; x_wconf 87' lang='lat' dir='ltr'><strong>extra</strong></span> 
     </span>
    </p>
   </div>
   <div class='ocr_carea' id='block_1_104' title="bbox 2111 2217 3686 2292">
    <p class='ocr_par' dir='ltr' id='par_1_104' title="bbox 2111 2217 3686 2292">
     <span class='ocr_line' id='line_1_106' title="bbox 2111 2217 3686 2292; baseline 0.004 -21"><span class='ocrx_word' id='word_1_823' title='bbox 2111 2217 2403 2292; x_wconf 60' lang='lat' dir='ltr'><strong>Ecclesium</strong></span> <span class='ocrx_word' id='word_1_824' title='bbox 2439 2229 2578 2292; x_wconf 76' lang='lat' dir='ltr'><strong>tuam</strong></span> <span class='ocrx_word' id='word_1_825' title='bbox 2628 2220 2916 2292; x_wconf 81' lang='lat' dir='ltr'><strong>baptizatos</strong></span> <span class='ocrx_word' id='word_1_826' title='bbox 2943 2221 3024 2274; x_wconf 85' lang='lat' dir='ltr'><strong>vel</strong></span> <span class='ocrx_word' id='word_1_827' title='bbox 3050 2221 3323 2292; x_wconf 81' lang='lat' dir='ltr'><strong>ordinatos</strong></span> <span class='ocrx_word' id='word_1_828' title='bbox 3362 2223 3561 2292; x_wconf 87' lang='lat' dir='ltr'><strong>absque</strong></span> <span class='ocrx_word' id='word_1_829' title='bbox 3585 2225 3686 2277; x_wconf 88' lang='lat' dir='ltr'><strong>ulla</strong></span> 
     </span>
    </p>
   </div>
   <div class='ocr_carea' id='block_1_105' title="bbox 2109 2287 3681 2362">
    <p class='ocr_par' dir='ltr' id='par_1_105' title="bbox 2109 2287 3681 2362">
     <span class='ocr_line' id='line_1_107' title="bbox 2109 2287 3681 2362; baseline 0.005 -24"><span class='ocrx_word' id='word_1_830' title='bbox 2109 2287 2468 2362; x_wconf 67' lang='lat' dir='ltr'><strong>deminutione</strong></span> <span class='ocrx_word' id='word_1_831' title='bbox 2494 2287 2743 2362; x_wconf 74' lang='lat' dir='ltr'><strong>Baptismi</strong></span> <span class='ocrx_word' id='word_1_832' title='bbox 2765 2291 2842 2343; x_wconf 87' lang='lat' dir='ltr'><strong>vel</strong></span> <span class='ocrx_word' id='word_1_833' title='bbox 2860 2292 3076 2362; x_wconf 86' lang='lat' dir='ltr'><strong>honoris</strong></span> <span class='ocrx_word' id='word_1_834' title='bbox 3102 2291 3153 2344; x_wconf 93' lang='lat' dir='ltr'><strong>in</strong></span> <span class='ocrx_word' id='word_1_835' title='bbox 3183 2292 3384 2359; x_wconf 74' lang='lat' dir='ltr'><strong>integro</strong></span> <span class='ocrx_word' id='word_1_836' title='bbox 3409 2287 3681 2362; x_wconf 78' lang='lat' dir='ltr'><strong>recepisti;</strong></span> 
     </span>
    </p>
   </div>
   <div class='ocr_carea' id='block_1_106' title="bbox 2108 2358 3688 2434">
    <p class='ocr_par' dir='ltr' id='par_1_106' title="bbox 2108 2358 3688 2434">
     <span class='ocr_line' id='line_1_108' title="bbox 2108 2358 3688 2434; baseline 0.008 -26"><span class='ocrx_word' id='word_1_837' title='bbox 2108 2358 2248 2434; x_wconf 73' lang='lat' dir='ltr'><strong>quod</strong></span> <span class='ocrx_word' id='word_1_838' title='bbox 2295 2360 2379 2412; x_wconf 91' lang='lat' dir='ltr'><strong>ubi</strong></span> <span class='ocrx_word' id='word_1_839' title='bbox 2424 2359 2708 2434; x_wconf 78' lang='lat' dir='ltr'><strong>Marcellini</strong></span> <span class='ocrx_word' id='word_1_840' title='bbox 2737 2361 2898 2429; x_wconf 80' lang='lat' dir='ltr'><strong>gestis</strong></span> <span class='ocrx_word' id='word_1_841' title='bbox 2919 2363 3182 2430; x_wconf 86' lang='lat' dir='ltr'><strong>objectum</strong></span> <span class='ocrx_word' id='word_1_842' title='bbox 3203 2358 3381 2434; x_wconf 22' lang='lat' dir='ltr'><strong>est’(a)</strong></span> <span class='ocrx_word' id='word_1_843' title='bbox 3401 2403 3416 2428; x_wconf 94' lang='lat'><strong>,</strong></span> <span class='ocrx_word' id='word_1_844' title='bbox 3447 2358 3688 2420; x_wconf 75' lang='lat' dir='ltr'><strong>refellere</strong></span> 
     </span>
    </p>
   </div>
   <div class='ocr_carea' id='block_1_107' title="bbox 2109 2428 2654 2482">
    <p class='ocr_par' dir='ltr' id='par_1_107' title="bbox 2109 2428 2654 2482">
     <span class='ocr_line' id='line_1_109' title="bbox 2109 2428 2654 2482; baseline 0 -4"><span class='ocrx_word' id='word_1_845' title='bbox 2109 2428 2408 2482; x_wconf 90' lang='lat' dir='ltr'><strong>nullatenus</strong></span> <span class='ocrx_word' id='word_1_846' title='bbox 2432 2429 2654 2482; x_wconf 88' lang='lat' dir='ltr'><strong>valuisti.</strong></span> 
     </span>
    </p>
   </div>
   <div class='ocr_carea' id='block_1_108' title="bbox 2180 2498 3686 2569">
    <p class='ocr_par' dir='ltr' id='par_1_108' title="bbox 2180 2498 3686 2569">
     <span class='ocr_line' id='line_1_110' title="bbox 2180 2498 3686 2569; baseline 0.005 -20"><span class='ocrx_word' id='word_1_847' title='bbox 2180 2498 2307 2569; x_wconf 86' lang='lat' dir='ltr'><strong>Item</strong></span> <span class='ocrx_word' id='word_1_848' title='bbox 2340 2501 2471 2554; x_wconf 81' lang='lat' dir='ltr'><strong>AI&#39;G.</strong></span> <span class='ocrx_word' id='word_1_849' title='bbox 2504 2499 2775 2567; x_wconf 77' lang='lat' dir='ltr'><strong>reSpondit</strong></span> <span class='ocrx_word' id='word_1_850' title='bbox 2809 2519 2821 2554; x_wconf 88' lang='lat'><strong>:</strong></span> <span class='ocrx_word' id='word_1_851' title='bbox 2849 2500 2901 2556; x_wconf 88' lang='lat' dir='ltr'><strong>Si</strong></span> <span class='ocrx_word' id='word_1_852' title='bbox 2932 2502 3108 2569; x_wconf 83' lang='lat' dir='ltr'><strong>justus</strong></span> <span class='ocrx_word' id='word_1_853' title='bbox 3151 2518 3209 2557; x_wconf 86' lang='lat' dir='ltr'><strong>es</strong></span> <span class='ocrx_word' id='word_1_854' title='bbox 3230 2545 3244 2564; x_wconf 96' lang='lat'><strong>,</strong></span> <span class='ocrx_word' id='word_1_855' title='bbox 3285 2518 3380 2556; x_wconf 88' lang='lat' dir='ltr'><strong>cur</strong></span> <span class='ocrx_word' id='word_1_856' title='bbox 3423 2504 3686 2558; x_wconf 83' lang='lat' dir='ltr'><strong>sententia</strong></span> 
     </span>
    </p>
   </div>
   <div class='ocr_carea' id='block_1_109' title="bbox 2106 2568 3688 2643">
    <p class='ocr_par' dir='ltr' id='par_1_109' title="bbox 2106 2568 3688 2643">
     <span class='ocr_line' id='line_1_111' title="bbox 2106 2568 3688 2643; baseline 0.005 -24"><span class='ocrx_word' id='word_1_857' title='bbox 2106 2576 2191 2643; x_wconf 59' lang='lat' dir='ltr'><strong>tua</strong></span> <span class='ocrx_word' id='word_1_858' title='bbox 2219 2568 2427 2643; x_wconf 81' lang='lat' dir='ltr'><strong>diversa</strong></span> <span class='ocrx_word' id='word_1_859' title='bbox 2453 2569 2720 2643; x_wconf 34' lang='lat' dir='ltr'><strong>est?ACur</strong></span> <span class='ocrx_word' id='word_1_860' title='bbox 2746 2568 3158 2626; x_wconf 78' lang='lat' dir='ltr'><strong>Maximianistas</strong></span> <span class='ocrx_word' id='word_1_861' title='bbox 3180 2575 3422 2643; x_wconf 66' lang='lat' dir='ltr'><strong>sus&#39;ripis,</strong></span> <span class='ocrx_word' id='word_1_862' title='bbox 3460 2586 3512 2628; x_wconf 89' lang='lat' dir='ltr'><strong>et</strong></span> <span class='ocrx_word' id='word_1_863' title='bbox 3540 2590 3688 2628; x_wconf 88' lang='lat' dir='ltr'><strong>meos</strong></span> 
     </span>
    </p>
   </div>
   <div class='ocr_carea' id='block_1_110' title="bbox 2108 2637 2604 2691">
    <p class='ocr_par' dir='ltr' id='par_1_110' title="bbox 2108 2637 2604 2691">
     <span class='ocr_line' id='line_1_112' title="bbox 2108 2637 2604 2691; baseline 0 -1"><span class='ocrx_word' id='word_1_864' title='bbox 2108 2637 2294 2691; x_wconf 80' lang='lat' dir='ltr'><strong>ﬁdeles</strong></span> <span class='ocrx_word' id='word_1_865' title='bbox 2316 2638 2604 2691; x_wconf 53' lang='lat' dir='ltr'><strong>exuimus?</strong></span> 
     </span>
    </p>
   </div>
   <div class='ocr_carea' id='block_1_111' title="bbox 2177 2708 3153 2776">
    <p class='ocr_par' dir='ltr' id='par_1_111' title="bbox 2177 2708 3153 2776">
     <span class='ocr_line' id='line_1_113' title="bbox 2177 2708 3153 2776; baseline 0.003 -15"><span class='ocrx_word' id='word_1_866' title='bbox 2177 2708 2341 2762; x_wconf 62' lang='lat' dir='ltr'><strong>l’ch.</strong></span> <span class='ocrx_word' id='word_1_867' title='bbox 2367 2710 2496 2761; x_wconf 84' lang='lat' dir='ltr'><strong>dixit</strong></span> <span class='ocrx_word' id='word_1_868' title='bbox 2531 2727 2543 2762; x_wconf 89' lang='lat'><strong>:</strong></span> <span class='ocrx_word' id='word_1_869' title='bbox 2575 2710 2705 2776; x_wconf 79' lang='lat' dir='ltr'><strong>Quia</strong></span> <span class='ocrx_word' id='word_1_870' title='bbox 2731 2709 2817 2762; x_wconf 83' lang='lat' dir='ltr'><strong>ille</strong></span> <span class='ocrx_word' id='word_1_871' title='bbox 2845 2726 2992 2766; x_wconf 88' lang='lat' dir='ltr'><strong>meus</strong></span> <span class='ocrx_word' id='word_1_872' title='bbox 3019 2723 3153 2766; x_wconf 87' lang='lat' dir='ltr'><strong>erat.</strong></span> 
     </span>
    </p>
   </div>
   <div class='ocr_carea' id='block_1_112' title="bbox 2177 2780 3687 2846">
    <p class='ocr_par' dir='ltr' id='par_1_112' title="bbox 2177 2780 3687 2846">
     <span class='ocr_line' id='line_1_114' title="bbox 2177 2780 3687 2846; baseline 0.007 -17"><span class='ocrx_word' id='word_1_873' title='bbox 2177 2781 2307 2833; x_wconf 75' lang='lat' dir='ltr'><strong>Are.</strong></span> <span class='ocrx_word' id='word_1_874' title='bbox 2354 2781 2625 2845; x_wconf 74' lang='lat' dir='ltr'><strong>re~pondit</strong></span> <span class='ocrx_word' id='word_1_875' title='bbox 2657 2799 2668 2830; x_wconf 92' lang='lat'><strong>:</strong></span> <span class='ocrx_word' id='word_1_876' title='bbox 2700 2780 2767 2833; x_wconf 81' lang='lat' dir='ltr'><strong>Et</strong></span> <span class='ocrx_word' id='word_1_877' title='bbox 2813 2791 2864 2835; x_wconf 88' lang='grc' dir='ltr'>ιιι</span> <span class='ocrx_word' id='word_1_878' title='bbox 2916 2797 3064 2836; x_wconf 84' lang='lat' dir='ltr'><strong>mens</strong></span> <span class='ocrx_word' id='word_1_879' title='bbox 3101 2799 3255 2846; x_wconf 89' lang='lat' dir='ltr'><strong>eras;</strong></span> <span class='ocrx_word' id='word_1_880' title='bbox 3307 2799 3403 2837; x_wconf 82' lang='lat' dir='ltr'><strong>cur</strong></span> <span class='ocrx_word' id='word_1_881' title='bbox 3449 2785 3499 2837; x_wconf 93' lang='lat' dir='ltr'><strong>in</strong></span> <span class='ocrx_word' id='word_1_882' title='bbox 3548 2784 3687 2839; x_wconf 86' lang='lat' dir='ltr'><strong>schi-</strong></span> 
     </span>
    </p>
   </div>
   <div class='ocr_carea' id='block_1_113' title="bbox 2105 2848 3673 2924">
    <p class='ocr_par' dir='ltr' id='par_1_113' title="bbox 2105 2848 3673 2924">
     <span class='ocr_line' id='line_1_115' title="bbox 2105 2848 3673 2924; baseline 0.005 -23"><span class='ocrx_word' id='word_1_883' title='bbox 2105 2848 2328 2902; x_wconf 87' lang='lat' dir='ltr'><strong>smatico</strong></span> <span class='ocrx_word' id='word_1_884' title='bbox 2357 2859 2451 2924; x_wconf 80' lang='lat' dir='ltr'><strong>tuo</strong></span> <span class='ocrx_word' id='word_1_885' title='bbox 2471 2851 2584 2917; x_wconf 92' lang='lat' dir='ltr'><strong>pius</strong></span> <span class='ocrx_word' id='word_1_886' title='bbox 2604 2889 2619 2914; x_wconf 92' lang='lat'><strong>,</strong></span> <span class='ocrx_word' id='word_1_887' title='bbox 2655 2851 2708 2904; x_wconf 89' lang='lat' dir='ltr'><strong>in</strong></span> <span class='ocrx_word' id='word_1_888' title='bbox 2737 2853 2998 2906; x_wconf 88' lang='lat' dir='ltr'><strong>catholico</strong></span> <span class='ocrx_word' id='word_1_889' title='bbox 3028 2854 3222 2924; x_wconf 90' lang='lat' dir='ltr'><strong>impius</strong></span> <span class='ocrx_word' id='word_1_890' title='bbox 3249 2864 3302 2908; x_wconf 89' lang='lat' dir='ltr'><strong>et</strong></span> <span class='ocrx_word' id='word_1_891' title='bbox 3328 2854 3673 2924; x_wconf 81' lang='lat' dir='ltr'><strong>implacabilis</strong></span> 
     </span>
    </p>
   </div>
   <div class='ocr_carea' id='block_1_114' title="bbox 2107 2919 2454 2986">
    <p class='ocr_par' dir='ltr' id='par_1_114' title="bbox 2107 2919 2454 2986">
     <span class='ocr_line' id='line_1_116' title="bbox 2107 2919 2454 2986; baseline 0.006 -18"><span class='ocrx_word' id='word_1_892' title='bbox 2107 2919 2454 2986; x_wconf 86' lang='lat' dir='ltr'><strong>perseveras?</strong></span> 
     </span>
    </p>
   </div>
   <div class='ocr_carea' id='block_1_115' title="bbox 2175 2989 3684 3064">
    <p class='ocr_par' dir='ltr' id='par_1_115' title="bbox 2175 2989 3684 3064">
     <span class='ocr_line' id='line_1_117' title="bbox 2175 2989 3684 3064; baseline 0.009 -26"><span class='ocrx_word' id='word_1_893' title='bbox 2175 2989 2398 3064; x_wconf 67' lang='lat' dir='ltr'><strong>CAPUT</strong></span> <span class='ocrx_word' id='word_1_894' title='bbox 2436 2989 2910 3064; x_wconf 51' lang='lat' dir='ltr'><strong>XXlll._—7_Ft&#39;t.c.</strong></span> <span class='ocrx_word' id='word_1_895' title='bbox 2957 2991 3132 3047; x_wconf 85' lang='lat' dir='ltr'><strong>dixit:</strong></span> <span class='ocrx_word' id='word_1_896' title='bbox 3166 2993 3292 3048; x_wconf 87' lang='lat' dir='ltr'><strong>Plus</strong></span> <span class='ocrx_word' id='word_1_897' title='bbox 3322 2995 3580 3064; x_wconf 87' lang='lat' dir='ltr'><strong>peccasti,</strong></span> <span class='ocrx_word' id='word_1_898' title='bbox 3628 3004 3684 3051; x_wconf 88' lang='lat' dir='ltr'><strong>et</strong></span> 
     </span>
    </p>
   </div>
   <div class='ocr_carea' id='block_1_116' title="bbox 2105 3058 2903 3115">
    <p class='ocr_par' dir='ltr' id='par_1_116' title="bbox 2105 3058 2903 3115">
     <span class='ocr_line' id='line_1_118' title="bbox 2105 3058 2903 3115; baseline 0.001 -3"><span class='ocrx_word' id='word_1_899' title='bbox 2105 3058 2225 3112; x_wconf 86' lang='lat' dir='ltr'><strong>ideo</strong></span> <span class='ocrx_word' id='word_1_900' title='bbox 2255 3060 2306 3111; x_wconf 88' lang='lat' dir='ltr'><strong>in</strong></span> <span class='ocrx_word' id='word_1_901' title='bbox 2339 3069 2388 3111; x_wconf 89' lang='lat' dir='ltr'><strong>te</strong></span> <span class='ocrx_word' id='word_1_902' title='bbox 2416 3061 2567 3113; x_wconf 85' lang='lat' dir='ltr'><strong>aliter</strong></span> <span class='ocrx_word' id='word_1_903' title='bbox 2594 3061 2903 3115; x_wconf 89' lang='lat' dir='ltr'><strong>vindicatur.</strong></span> 
     </span>
    </p>
   </div>
   <div class='ocr_carea' id='block_1_117' title="bbox 2176 3130 3682 3203">
    <p class='ocr_par' dir='ltr' id='par_1_117' title="bbox 2176 3130 3682 3203">
     <span class='ocr_line' id='line_1_119' title="bbox 2176 3130 3682 3203; baseline 0.007 -23"><span class='ocrx_word' id='word_1_904' title='bbox 2176 3130 2309 3203; x_wconf 71' lang='lat' dir='ltr'><strong>At&#39;c.</strong></span> <span class='ocrx_word' id='word_1_905' title='bbox 2337 3130 2609 3203; x_wconf 60' lang='grc' dir='ltr'><strong>τρειιοῃάίι</strong></span> <span class='ocrx_word' id='word_1_906' title='bbox 2636 3147 2648 3182; x_wconf 94' lang='lat'><strong>:</strong></span> <span class='ocrx_word' id='word_1_907' title='bbox 2682 3131 2817 3197; x_wconf 86' lang='lat' dir='ltr'><strong>Quid</strong></span> <span class='ocrx_word' id='word_1_908' title='bbox 2840 3147 2998 3200; x_wconf 81' lang='lat' dir='ltr'><strong>ergo,</strong></span> <span class='ocrx_word' id='word_1_909' title='bbox 3032 3133 3299 3201; x_wconf 79' lang='lat' dir='ltr'><strong>Baptisma</strong></span> <span class='ocrx_word' id='word_1_910' title='bbox 3338 3150 3433 3203; x_wconf 90' lang='lat' dir='ltr'><strong>pro</strong></span> <span class='ocrx_word' id='word_1_911' title='bbox 3456 3135 3682 3190; x_wconf 83' lang='lat' dir='ltr'><strong>vindicta</strong></span> 
     </span>
    </p>
   </div>
   <div class='ocr_carea' id='block_1_118' title="bbox 2105 3199 3682 3274">
    <p class='ocr_par' dir='ltr' id='par_1_118' title="bbox 2105 3199 3682 3274">
     <span class='ocr_line' id='line_1_120' title="bbox 2105 3199 3682 3274; baseline 0.006 -24"><span class='ocrx_word' id='word_1_912' title='bbox 2105 3199 2280 3274; x_wconf 85' lang='lat' dir='ltr'><strong>ponis,</strong></span> <span class='ocrx_word' id='word_1_913' title='bbox 2303 3209 2354 3251; x_wconf 88' lang='lat' dir='ltr'><strong>et</strong></span> <span class='ocrx_word' id='word_1_914' title='bbox 2373 3200 2520 3274; x_wconf 80' lang='lat' dir='ltr'><strong>quod</strong></span> <span class='ocrx_word' id='word_1_915' title='bbox 2548 3202 2612 3274; x_wconf 71' lang='lat' dir='ltr'><strong>ad</strong></span> <span class='ocrx_word' id='word_1_916' title='bbox 2639 3205 2862 3274; x_wconf 89' lang='lat' dir='ltr'><strong>salutem</strong></span> <span class='ocrx_word' id='word_1_917' title='bbox 2887 3199 3230 3274; x_wconf 83' lang='lat' dir='ltr'><strong>promittitur,</strong></span> <span class='ocrx_word' id='word_1_918' title='bbox 3274 3224 3299 3255; x_wconf 90' lang='lat' dir='ltr'><strong>a</strong></span> <span class='ocrx_word' id='word_1_919' title='bbox 3334 3199 3384 3258; x_wconf 75' lang='lat' dir='ltr'><strong>ie</strong></span> <span class='ocrx_word' id='word_1_920' title='bbox 3414 3222 3508 3274; x_wconf 87' lang='lat' dir='ltr'><strong>pro</strong></span> <span class='ocrx_word' id='word_1_921' title='bbox 3531 3222 3682 3274; x_wconf 72' lang='lat' dir='ltr'><strong>pinna</strong></span> 
     </span>
    </p>
   </div>
   <div class='ocr_carea' id='block_1_119' title="bbox 2104 3269 3682 3342">
    <p class='ocr_par' dir='ltr' id='par_1_119' title="bbox 2104 3269 3682 3342">
     <span class='ocr_line' id='line_1_121' title="bbox 2104 3269 3682 3342; baseline 0.006 -22"><span class='ocrx_word' id='word_1_922' title='bbox 2104 3270 2383 3342; x_wconf 59' lang='lat' dir='ltr'><strong>tribuitur?</strong></span> <span class='ocrx_word' id='word_1_923' title='bbox 2411 3269 2465 3321; x_wconf 74' lang='lat' dir='ltr'><strong>Si</strong></span> <span class='ocrx_word' id='word_1_924' title='bbox 2499 3269 2548 3322; x_wconf 92' lang='lat' dir='ltr'><strong>iu</strong></span> <span class='ocrx_word' id='word_1_925' title='bbox 2579 3270 2846 3342; x_wconf 77' lang='lat' dir='ltr'><strong>Baptismo</strong></span> <span class='ocrx_word' id='word_1_926' title='bbox 2874 3269 2977 3325; x_wconf 89' lang='lat' dir='ltr'><strong>nou</strong></span> <span class='ocrx_word' id='word_1_927' title='bbox 3001 3272 3188 3328; x_wconf 90' lang='lat' dir='ltr'><strong>delicta</strong></span> <span class='ocrx_word' id='word_1_928' title='bbox 3219 3269 3542 3334; x_wconf 42' lang='lat' dir='ltr'><strong>donas-sed</strong></span> <span class='ocrx_word' id='word_1_929' title='bbox 3562 3291 3682 3342; x_wconf 86' lang='lat' dir='ltr'><strong>pec-</strong></span> 
     </span>
    </p>
   </div>
   <div class='ocr_carea' id='block_1_120' title="bbox 2103 3339 3678 3414">
    <p class='ocr_par' dir='ltr' id='par_1_120' title="bbox 2103 3339 3678 3414">
     <span class='ocr_line' id='line_1_122' title="bbox 2103 3339 3678 3414; baseline 0.005 -22"><span class='ocrx_word' id='word_1_930' title='bbox 2103 3349 2218 3414; x_wconf 85' lang='lat' dir='ltr'><strong>cata</strong></span> <span class='ocrx_word' id='word_1_931' title='bbox 2247 3339 2514 3406; x_wconf 84' lang='lat' dir='ltr'><strong>castigas;</strong></span> <span class='ocrx_word' id='word_1_932' title='bbox 2563 3341 2606 3392; x_wconf 90' lang='lat' dir='ltr'><strong>si</strong></span> <span class='ocrx_word' id='word_1_933' title='bbox 2640 3341 2689 3393; x_wconf 92' lang='lat' dir='ltr'><strong>in</strong></span> <span class='ocrx_word' id='word_1_934' title='bbox 2715 3356 2979 3414; x_wconf 89' lang='lat' dir='ltr'><strong>aqua_non</strong></span> <span class='ocrx_word' id='word_1_935' title='bbox 3027 3344 3218 3397; x_wconf 85' lang='lat' dir='ltr'><strong>liberas</strong></span> <span class='ocrx_word' id='word_1_936' title='bbox 3241 3387 3255 3409; x_wconf 93' lang='lat'><strong>,</strong></span> <span class='ocrx_word' id='word_1_937' title='bbox 3289 3345 3378 3412; x_wconf 60' lang='lat' dir='ltr'><strong>sed</strong></span> <span class='ocrx_word' id='word_1_938' title='bbox 3413 3339 3678 3414; x_wconf 78' lang='lat' dir='ltr'><strong>ﬂagellas;</strong></span> 
     </span>
    </p>
   </div>
   <div class='ocr_carea' id='block_1_121' title="bbox 2107 3411 3682 3486">
    <p class='ocr_par' dir='ltr' id='par_1_121' title="bbox 2107 3411 3682 3486">
     <span class='ocr_line' id='line_1_123' title="bbox 2107 3411 3682 3486; baseline 0.008 -29"><span class='ocrx_word' id='word_1_939' title='bbox 2107 3413 2324 3486; x_wconf 68' lang='lat' dir='ltr'><strong>piratam</strong></span> <span class='ocrx_word' id='word_1_940' title='bbox 2364 3419 2414 3462; x_wconf 88' lang='lat' dir='ltr'><strong>te</strong></span> <span class='ocrx_word' id='word_1_941' title='bbox 2447 3424 2574 3486; x_wconf 64' lang='lat' dir='ltr'><strong>esse</strong></span> <span class='ocrx_word' id='word_1_942' title='bbox 2604 3420 2814 3486; x_wconf 65' lang='lat' dir='ltr'><strong>aperte</strong></span> <span class='ocrx_word' id='word_1_943' title='bbox 2838 3411 3172 3468; x_wconf 88' lang='lat' dir='ltr'><strong>demonstras</strong></span> <span class='ocrx_word' id='word_1_944' title='bbox 3200 3432 3214 3470; x_wconf 92' lang='lat'><em>:</em></span> <span class='ocrx_word' id='word_1_945' title='bbox 3243 3425 3298 3469; x_wconf 87' lang='lat' dir='ltr'><strong>et</strong></span> <span class='ocrx_word' id='word_1_946' title='bbox 3338 3411 3510 3470; x_wconf 79' lang='lat' dir='ltr'><strong>tamen</strong></span> <span class='ocrx_word' id='word_1_947' title='bbox 3552 3416 3682 3486; x_wconf 87' lang='lat' dir='ltr'><strong>quid</strong></span> 
     </span>
    </p>
   </div>
   <div class='ocr_carea' id='block_1_122' title="bbox 2107 3479 2816 3547">
    <p class='ocr_par' dir='ltr' id='par_1_122' title="bbox 2107 3479 2816 3547">
     <span class='ocr_line' id='line_1_124' title="bbox 2107 3479 2816 3547; baseline 0.01 -20"><span class='ocrx_word' id='word_1_948' title='bbox 2107 3481 2218 3547; x_wconf 81' lang='lat' dir='ltr'><strong>p&#39;us</strong></span> <span class='ocrx_word' id='word_1_949' title='bbox 2249 3480 2458 3546; x_wconf 83' lang='lat' dir='ltr'><strong>peccavi</strong></span> <span class='ocrx_word' id='word_1_950' title='bbox 2481 3480 2503 3530; x_wconf 90' lang='lat'><strong>?</strong></span> <span class='ocrx_word' id='word_1_951' title='bbox 2529 3480 2650 3547; x_wconf 88' lang='lat' dir='ltr'><strong>quid</strong></span> <span class='ocrx_word' id='word_1_952' title='bbox 2681 3479 2816 3534; x_wconf 82' lang='lat' dir='ltr'><strong>feci?</strong></span> 
     </span>
    </p>
   </div>
   <div class='ocr_carea' id='block_1_123' title="bbox 2175 3548 3677 3612">
    <p class='ocr_par' dir='ltr' id='par_1_123' title="bbox 2175 3548 3677 3612">
     <span class='ocr_line' id='line_1_125' title="bbox 2175 3548 3677 3612; baseline 0.006 -11"><span class='ocrx_word' id='word_1_953' title='bbox 2175 3548 2338 3603; x_wconf 74' lang='lat' dir='ltr'><strong>FULG.</strong></span> <span class='ocrx_word' id='word_1_954' title='bbox 2358 3549 2488 3601; x_wconf 88' lang='lat' dir='ltr'><strong>dixit</strong></span> <span class='ocrx_word' id='word_1_955' title='bbox 2519 3566 2530 3600; x_wconf 89' lang='lat'><strong>:</strong></span> <span class='ocrx_word' id='word_1_956' title='bbox 2563 3548 2785 3603; x_wconf 87' lang='lat' dir='ltr'><strong>Codices</strong></span> <span class='ocrx_word' id='word_1_957' title='bbox 2813 3551 3093 3612; x_wconf 87' lang='lat' dir='ltr'><strong>tradidisti.</strong></span> <span class='ocrx_word' id='word_1_958' title='bbox 3118 3554 3342 3608; x_wconf 84' lang='lat' dir='ltr'><strong>etidolis</strong></span> <span class='ocrx_word' id='word_1_959' title='bbox 3372 3556 3677 3610; x_wconf 84' lang='lat' dir='ltr'><strong>immolasti.</strong></span> 
     </span>
    </p>
   </div>
   <div class='ocr_carea' id='block_1_124' title="bbox 2176 3618 3680 3696">
    <p class='ocr_par' dir='ltr' id='par_1_124' title="bbox 2176 3618 3680 3696">
     <span class='ocr_line' id='line_1_126' title="bbox 2176 3618 3680 3696; baseline 0.007 -26"><span class='ocrx_word' id='word_1_960' title='bbox 2176 3620 2324 3696; x_wconf 32' lang='lat' dir='ltr'><strong>Acca</strong></span> <span class='ocrx_word' id='word_1_961' title='bbox 2341 3618 2656 3687; x_wconf 86' lang='lat' dir='ltr'><strong>respondit:</strong></span> <span class='ocrx_word' id='word_1_962' title='bbox 2692 3620 2868 3687; x_wconf 87' lang='lat' dir='ltr'><strong>Doce;</strong></span> <span class='ocrx_word' id='word_1_963' title='bbox 2911 3637 3016 3676; x_wconf 91' lang='lat' dir='ltr'><strong>non</strong></span> <span class='ocrx_word' id='word_1_964' title='bbox 3053 3623 3188 3692; x_wconf 86' lang='lat' dir='ltr'><strong>feci,</strong></span> <span class='ocrx_word' id='word_1_965' title='bbox 3239 3625 3368 3679; x_wconf 82' lang='lat' dir='ltr'><strong>facta</strong></span> <span class='ocrx_word' id='word_1_966' title='bbox 3414 3635 3500 3678; x_wconf 88' lang='lat' dir='ltr'><strong>tua</strong></span> <span class='ocrx_word' id='word_1_967' title='bbox 3548 3627 3680 3680; x_wconf 90' lang='lat' dir='ltr'><strong>mihi</strong></span> 
     </span>
    </p>
   </div>
   <div class='ocr_carea' id='block_1_125' title="bbox 2102 3700 2375 3754">
    <p class='ocr_par' dir='ltr' id='par_1_125' title="bbox 2102 3700 2375 3754">
     <span class='ocr_line' id='line_1_127' title="bbox 2102 3700 2375 3754; baseline 0 -14"><span class='ocrx_word' id='word_1_968' title='bbox 2102 3700 2162 3740; x_wconf 90' lang='lat' dir='ltr'><strong>su</strong></span> <span class='ocrx_word' id='word_1_969' title='bbox 2171 3703 2375 3754; x_wconf 88' lang='lat' dir='ltr'><strong>ppoms.</strong></span> 
     </span>
    </p>
   </div>
   <div class='ocr_carea' id='block_1_126' title="bbox 2175 3755 3052 3819">
    <p class='ocr_par' dir='ltr' id='par_1_126' title="bbox 2175 3755 3052 3819">
     <span class='ocr_line' id='line_1_128' title="bbox 2175 3755 3052 3819; baseline 0.007 -9"><span class='ocrx_word' id='word_1_970' title='bbox 2175 3755 2337 3812; x_wconf 76' lang='lat' dir='ltr'><strong>Fuw.</strong></span> <span class='ocrx_word' id='word_1_971' title='bbox 2369 3757 2497 3814; x_wconf 81' lang='lat' dir='ltr'><strong>dixit</strong></span> <span class='ocrx_word' id='word_1_972' title='bbox 2532 3776 2545 3813; x_wconf 90' lang='lat'><strong>:</strong></span> <span class='ocrx_word' id='word_1_973' title='bbox 2580 3759 2737 3816; x_wconf 84' lang='lat' dir='ltr'><strong>Pater</strong></span> <span class='ocrx_word' id='word_1_974' title='bbox 2762 3769 2882 3816; x_wconf 88' lang='lat' dir='ltr'><strong>tuus</strong></span> <span class='ocrx_word' id='word_1_975' title='bbox 2913 3762 3052 3819; x_wconf 80' lang='lat' dir='ltr'><strong>fecit.</strong></span> 
     </span>
    </p>
   </div>
   <div class='ocr_carea' id='block_1_127' title="bbox 2174 3829 3675 3900">
    <p class='ocr_par' dir='ltr' id='par_1_127' title="bbox 2174 3829 3675 3900">
     <span class='ocr_line' id='line_1_129' title="bbox 2174 3829 3675 3900; baseline 0.007 -19"><span class='ocrx_word' id='word_1_976' title='bbox 2174 3829 2308 3882; x_wconf 79' lang='lat' dir='ltr'><strong>Avo.</strong></span> <span class='ocrx_word' id='word_1_977' title='bbox 2357 3831 2632 3894; x_wconf 88' lang='lat' dir='ltr'><strong>respondit</strong></span> <span class='ocrx_word' id='word_1_978' title='bbox 2667 3848 2680 3882; x_wconf 90' lang='lat'><strong>:</strong></span> <span class='ocrx_word' id='word_1_979' title='bbox 2719 3832 2829 3900; x_wconf 70' lang='lat' dir='ltr'><strong>Ego</strong></span> <span class='ocrx_word' id='word_1_980' title='bbox 2871 3844 3071 3900; x_wconf 88' lang='lat' dir='ltr'><strong>patrem</strong></span> <span class='ocrx_word' id='word_1_981' title='bbox 3113 3836 3294 3890; x_wconf 86' lang='lat' dir='ltr'><strong>nescio</strong></span> <span class='ocrx_word' id='word_1_982' title='bbox 3339 3837 3435 3892; x_wconf 89' lang='lat' dir='ltr'><strong>nisi</strong></span> <span class='ocrx_word' id='word_1_983' title='bbox 3487 3838 3675 3892; x_wconf 83' lang='lat' dir='ltr'><strong>Deum.</strong></span> 
     </span>
    </p>
   </div>
   <div class='ocr_carea' id='block_1_128' title="bbox 2101 3898 3679 3975">
    <p class='ocr_par' dir='ltr' id='par_1_128' title="bbox 2101 3898 3679 3975">
     <span class='ocr_line' id='line_1_130' title="bbox 2101 3898 3679 3975; baseline 0.006 -23"><span class='ocrx_word' id='word_1_984' title='bbox 2101 3898 2368 3966; x_wconf 87' lang='lat' dir='ltr'><strong>Scriptum</strong></span> <span class='ocrx_word' id='word_1_985' title='bbox 2399 3909 2484 3953; x_wconf 87' lang='lat' dir='ltr'><strong>est</strong></span> <span class='ocrx_word' id='word_1_986' title='bbox 2525 3901 2664 3955; x_wconf 88' lang='lat' dir='ltr'><strong>enim</strong></span> <span class='ocrx_word' id='word_1_987' title='bbox 2688 3943 2701 3963; x_wconf 94' lang='lat'><strong>,</strong></span> <span class='ocrx_word' id='word_1_988' title='bbox 2758 3898 3104 3975; x_wconf 67' lang='lat' dir='ltr'><strong>Nolitevobis</strong></span> <span class='ocrx_word' id='word_1_989' title='bbox 3146 3917 3339 3975; x_wconf 83' lang='lat' dir='ltr'><strong>putrem</strong></span> <span class='ocrx_word' id='word_1_990' title='bbox 3379 3923 3554 3961; x_wconf 77' lang='lat' dir='ltr'><strong>rocnre</strong></span> <span class='ocrx_word' id='word_1_991' title='bbox 3593 3925 3679 3961; x_wconf 69' lang='lat' dir='ltr'><strong>sti-</strong></span> 
     </span>
    </p>
   </div>
   <div class='ocr_carea' id='block_1_129' title="bbox 2102 3973 3674 4108">
    <p class='ocr_par' dir='ltr' id='par_1_129' title="bbox 2102 3973 3674 4108">
     <span class='ocr_line' id='line_1_131' title="bbox 2102 3973 3674 4108; baseline 0.005 -86"><span class='ocrx_word' id='word_1_992' title='bbox 2102 3985 2192 4037; x_wconf 77' lang='lat' dir='ltr'><strong>per</strong></span> <span class='ocrx_word' id='word_1_993' title='bbox 2220 3978 2402 4108; x_wconf 48' lang='lat' dir='ltr'><strong>tergm</strong></span> <span class='ocrx_word' id='word_1_994' title='bbox 2422 3983 2444 4032; x_wconf 83' lang='lat'><strong>,°</strong></span> <span class='ocrx_word' id='word_1_995' title='bbox 2490 3987 2618 4024; x_wconf 86' lang='lat' dir='ltr'><strong>unus</strong></span> <span class='ocrx_word' id='word_1_996' title='bbox 2655 3981 2723 4024; x_wconf 79' lang='lat' dir='ltr'><strong>est</strong></span> <span class='ocrx_word' id='word_1_997' title='bbox 2755 3973 2885 4026; x_wconf 88' lang='lat' dir='ltr'><strong>enim</strong></span> <span class='ocrx_word' id='word_1_998' title='bbox 2929 3973 3084 4026; x_wconf 78' lang='lat' dir='ltr'><strong>Pater</strong></span> <span class='ocrx_word' id='word_1_999' title='bbox 3127 3973 3285 4030; x_wconf 62' lang='lat' dir='ltr'><strong>uester</strong></span> <span class='ocrx_word' id='word_1_1000' title='bbox 3325 3977 3536 4032; x_wconf 74' lang='lat' dir='ltr'><strong>caelestis</strong></span> <span class='ocrx_word' id='word_1_1001' title='bbox 3564 3977 3674 4048; x_wconf 84' lang='lat' dir='ltr'><strong>(Id.</strong></span> 
     </span>
     <span class='ocr_line' id='line_1_132' title="bbox 2105 4053 2374 4103; baseline 0 -13"><span class='ocrx_word' id='word_1_1002' title='bbox 2105 4053 2266 4103; x_wconf 81' lang='lat' dir='ltr'><strong>xxm,</strong></span> <span class='ocrx_word' id='word_1_1003' title='bbox 2359 4075 2374 4090; x_wconf 95' lang='lat'><strong>.</strong></span> 
     </span>
    </p>
   </div>
   <div class='ocr_carea' id='block_1_130' title="bbox 2105 4053 2374 4103">
    <p class='ocr_par' dir='ltr' id='par_1_130' title="bbox 2105 4053 2374 4103">
     <span class='ocr_line' id='line_1_133' title="bbox 2105 4053 2374 4103; baseline 0 -13"><span class='ocrx_word' id='word_1_1004' title='bbox 2105 4053 2266 4103; x_wconf 79' lang='lat' dir='ltr'><strong>xxm,</strong></span> <span class='ocrx_word' id='word_1_1005' title='bbox 2295 4053 2374 4103; x_wconf 77' lang='grc' dir='ltr'><strong>υ).</strong></span> 
     </span>
    </p>
   </div>
   <div class='ocr_carea' id='block_1_131' title="bbox 2176 4108 3678 4187">
    <p class='ocr_par' dir='ltr' id='par_1_131' title="bbox 2176 4108 3678 4187">
     <span class='ocr_line' id='line_1_134' title="bbox 2176 4108 3678 4187; baseline 0.009 -27"><span class='ocrx_word' id='word_1_1006' title='bbox 2176 4108 2333 4187; x_wconf 55' lang='grc' dir='ltr'><strong>ἥρῳ.</strong></span> <span class='ocrx_word' id='word_1_1007' title='bbox 2363 4109 2494 4187; x_wconf 81' lang='lat' dir='ltr'><strong>dixit</strong></span> <span class='ocrx_word' id='word_1_1008' title='bbox 2524 4127 2552 4187; x_wconf 84' lang='lat'><strong>:_</strong></span> <span class='ocrx_word' id='word_1_1009' title='bbox 2568 4110 2774 4187; x_wconf 73' lang='lat' dir='ltr'><strong>Patrem</strong></span> <span class='ocrx_word' id='word_1_1010' title='bbox 2796 4123 2954 4187; x_wconf 65' lang='lat' dir='ltr'><strong>tuum</strong></span> <span class='ocrx_word' id='word_1_1011' title='bbox 2997 4113 3119 4167; x_wconf 90' lang='lat' dir='ltr'><strong>dico</strong></span> <span class='ocrx_word' id='word_1_1012' title='bbox 3145 4115 3482 4187; x_wconf 70' lang='lat' dir='ltr'><strong>Czccilianum</strong></span> <span class='ocrx_word' id='word_1_1013' title='bbox 3520 4136 3532 4170; x_wconf 75' lang='grc' dir='ltr'>ε</span> <span class='ocrx_word' id='word_1_1014' title='bbox 3563 4118 3678 4187; x_wconf 74' lang='lat' dir='ltr'><strong>ipse</strong></span> 
     </span>
    </p>
   </div>
   <div class='ocr_carea' id='block_1_132' title="bbox 2105 4179 3675 4249">
    <p class='ocr_par' dir='ltr' id='par_1_132' title="bbox 2105 4179 3675 4249">
     <span class='ocr_line' id='line_1_135' title="bbox 2105 4179 3675 4249; baseline 0.007 -19"><span class='ocrx_word' id='word_1_1015' title='bbox 2105 4179 2348 4245; x_wconf 87' lang='lat' dir='ltr'><strong>tradidit,</strong></span> <span class='ocrx_word' id='word_1_1016' title='bbox 2377 4180 2487 4247; x_wconf 90' lang='lat' dir='ltr'><strong>ipse</strong></span> <span class='ocrx_word' id='word_1_1017' title='bbox 2519 4179 2854 4245; x_wconf 82' lang='lat' dir='ltr'><strong>llturilicavit,</strong></span> <span class='ocrx_word' id='word_1_1018' title='bbox 2887 4184 2997 4249; x_wconf 79' lang='lat' dir='ltr'><strong>ipse</strong></span> <span class='ocrx_word' id='word_1_1019' title='bbox 3019 4185 3195 4236; x_wconf 85' lang='lat' dir='ltr'><strong>omnia</strong></span> <span class='ocrx_word' id='word_1_1020' title='bbox 3221 4189 3359 4240; x_wconf 89' lang='lat' dir='ltr'><strong>mala</strong></span> <span class='ocrx_word' id='word_1_1021' title='bbox 3391 4179 3675 4241; x_wconf 69' lang='lat' dir='ltr'><strong>counnisit.</strong></span> 
     </span>
    </p>
   </div>
   <div class='ocr_carea' id='block_1_133' title="bbox 2173 4249 3718 4328">
    <p class='ocr_par' dir='ltr' id='par_1_133' title="bbox 2173 4249 3718 4328">
     <span class='ocr_line' id='line_1_136' title="bbox 2173 4249 3718 4328; baseline 0.009 -31"><span class='ocrx_word' id='word_1_1022' title='bbox 2173 4251 2306 4328; x_wconf 55' lang='lat' dir='ltr'><strong>Anc:</strong></span> <span class='ocrx_word' id='word_1_1023' title='bbox 2361 4249 2631 4328; x_wconf 86' lang='lat' dir='ltr'><strong>respondit</strong></span> <span class='ocrx_word' id='word_1_1024' title='bbox 2657 4267 2669 4302; x_wconf 88' lang='lat'><strong>:</strong></span> <span class='ocrx_word' id='word_1_1025' title='bbox 2701 4251 2849 4328; x_wconf 59' lang='lat' dir='ltr'><strong>Lege</strong></span> <span class='ocrx_word' id='word_1_1026' title='bbox 2879 4253 2998 4322; x_wconf 87' lang='lat' dir='ltr'><strong>quis</strong></span> <span class='ocrx_word' id='word_1_1027' title='bbox 3049 4256 3190 4328; x_wconf 83' lang='lat' dir='ltr'><strong>illum</strong></span> <span class='ocrx_word' id='word_1_1028' title='bbox 3221 4260 3480 4310; x_wconf 86' lang='lat' dir='ltr'><strong>acettsavit</strong></span> <span class='ocrx_word' id='word_1_1029' title='bbox 3508 4299 3522 4320; x_wconf 93' lang='lat'><strong>,</strong></span> <span class='ocrx_word' id='word_1_1030' title='bbox 3560 4261 3678 4328; x_wconf 86' lang='lat' dir='ltr'><strong>quis</strong></span> <span class='ocrx_word' id='word_1_1031' title='bbox 3704 4311 3718 4328; x_wconf 80' lang='lat'><em>__</em></span> 
     </span>
    </p>
   </div>
   <div class='ocr_carea' id='block_1_134' title="bbox 2101 4319 3718 4392">
    <p class='ocr_par' dir='ltr' id='par_1_134' title="bbox 2101 4319 3718 4392">
     <span class='ocr_line' id='line_1_137' title="bbox 2101 4319 3718 4392; baseline 0.006 -20"><span class='ocrx_word' id='word_1_1032' title='bbox 2101 4319 2358 4392; x_wconf 71' lang='lat' dir='ltr'><strong>convicit,</strong></span> <span class='ocrx_word' id='word_1_1033' title='bbox 2389 4321 2708 4392; x_wconf 27' lang='lat' dir='ltr'><strong>quis‘coram</strong></span> <span class='ocrx_word' id='word_1_1034' title='bbox 2742 4319 2964 4390; x_wconf 64' lang='lat' dir='ltr'><strong>positum</strong></span> <span class='ocrx_word' id='word_1_1035' title='bbox 2995 4325 3383 4378; x_wconf 83' lang='lat' dir='ltr'><strong>condemnavit.</strong></span> <span class='ocrx_word' id='word_1_1036' title='bbox 3422 4319 3676 4392; x_wconf 58' lang='lat' dir='ltr'><strong>Esto,&#39;le-</strong></span> <span class='ocrx_word' id='word_1_1037' title='bbox 3703 4319 3718 4355; x_wconf 56' lang='grc' dir='ltr'>δ</span> 
     </span>
    </p>
   </div>
   <div class='ocr_carea' id='block_1_135' title="bbox 2103 4389 3677 4464">
    <p class='ocr_par' dir='ltr' id='par_1_135' title="bbox 2103 4389 3677 4464">
     <span class='ocr_line' id='line_1_138' title="bbox 2103 4389 3677 4464; baseline 0.007 -24"><span class='ocrx_word' id='word_1_1038' title='bbox 2103 4390 2176 4464; x_wconf 80' lang='lat' dir='ltr'><strong>_ci_t</strong></span> <span class='ocrx_word' id='word_1_1039' title='bbox 2207 4389 2346 4458; x_wconf 89' lang='lat' dir='ltr'><strong>quod</strong></span> <span class='ocrx_word' id='word_1_1040' title='bbox 2380 4406 2484 4443; x_wconf 92' lang='lat' dir='ltr'><strong>non</strong></span> <span class='ocrx_word' id='word_1_1041' title='bbox 2513 4389 2636 4464; x_wconf 69' lang='lat' dir='ltr'><strong>iecit</strong></span> <span class='ocrx_word' id='word_1_1042' title='bbox 2671 4409 2682 4444; x_wconf 95' lang='lat'>:</span> <span class='ocrx_word' id='word_1_1043' title='bbox 2713 4389 2964 4464; x_wconf 86' lang='lat' dir='ltr'><strong>numquid</strong></span> <span class='ocrx_word' id='word_1_1044' title='bbox 2999 4395 3136 4447; x_wconf 86' lang='lat' dir='ltr'><strong>lilius</strong></span> <span class='ocrx_word' id='word_1_1045' title='bbox 3168 4412 3262 4462; x_wconf 89' lang='lat' dir='ltr'><strong>pro</strong></span> <span class='ocrx_word' id='word_1_1046' title='bbox 3292 4409 3437 4464; x_wconf 84' lang='lat' dir='ltr'><strong>patre</strong></span> <span class='ocrx_word' id='word_1_1047' title='bbox 3461 4389 3677 4451; x_wconf 84' lang='lat' dir='ltr'><strong>damna-</strong></span> 
     </span>
    </p>
   </div>
   <div class='ocr_carea' id='block_1_136' title="bbox 2105 4458 3682 4531">
    <p class='ocr_par' dir='ltr' id='par_1_136' title="bbox 2105 4458 3682 4531">
     <span class='ocr_line' id='line_1_139' title="bbox 2105 4458 3682 4531; baseline 0.008 -22"><span class='ocrx_word' id='word_1_1048' title='bbox 2105 4458 2270 4531; x_wconf 73' lang='lat' dir='ltr'><strong>hitur,</strong></span> <span class='ocrx_word' id='word_1_1049' title='bbox 2297 4476 2413 4512; x_wconf 87' lang='lat' dir='ltr'><strong>cum</strong></span> <span class='ocrx_word' id='word_1_1050' title='bbox 2437 4461 2688 4528; x_wconf 89' lang='lat' dir='ltr'><strong>scriptum</strong></span> <span class='ocrx_word' id='word_1_1051' title='bbox 2719 4463 2817 4526; x_wconf 86' lang='lat' dir='ltr'><strong>sit,</strong></span> <span class='ocrx_word' id='word_1_1052' title='bbox 2848 4458 3030 4514; x_wconf 73' lang='lat' dir='ltr'><strong>Anima</strong></span> <span class='ocrx_word' id='word_1_1053' title='bbox 3057 4458 3216 4531; x_wconf 81' lang='lat' dir='ltr'><strong>patris</strong></span> <span class='ocrx_word' id='word_1_1054' title='bbox 3245 4458 3353 4518; x_wconf 74' lang='lat' dir='ltr'><strong>mea</strong></span> <span class='ocrx_word' id='word_1_1055' title='bbox 3375 4477 3462 4528; x_wconf 79' lang='lat' dir='ltr'><strong>est,</strong></span> <span class='ocrx_word' id='word_1_1056' title='bbox 3496 4480 3538 4520; x_wconf 82' lang='lat' dir='ltr'><strong>et</strong></span> <span class='ocrx_word' id='word_1_1057' title='bbox 3569 4470 3682 4521; x_wconf 84' lang='lat' dir='ltr'><strong>uni-</strong></span> 
     </span>
    </p>
   </div>
   <div class='ocr_carea' id='block_1_137' title="bbox 2104 4528 3678 4604">
    <p class='ocr_par' dir='ltr' id='par_1_137' title="bbox 2104 4528 3678 4604">
     <span class='ocr_line' id='line_1_140' title="bbox 2104 4528 3678 4604; baseline 0.007 -26"><span class='ocrx_word' id='word_1_1058' title='bbox 2104 4545 2186 4604; x_wconf 70' lang='lat' dir='ltr'><strong>mo</strong></span> <span class='ocrx_word' id='word_1_1059' title='bbox 2214 4528 2309 4604; x_wconf 84' lang='lat' dir='ltr'><strong>[ilii</strong></span> <span class='ocrx_word' id='word_1_1060' title='bbox 2341 4547 2448 4582; x_wconf 81' lang='lat' dir='ltr'><strong>mea</strong></span> <span class='ocrx_word' id='word_1_1061' title='bbox 2485 4542 2554 4604; x_wconf 81' lang='lat' dir='ltr'><strong>est</strong></span> <span class='ocrx_word' id='word_1_1062' title='bbox 2576 4532 2801 4604; x_wconf 30' lang='lat' dir='ltr'><strong>{animo</strong></span> <span class='ocrx_word' id='word_1_1063' title='bbox 2837 4549 2947 4600; x_wconf 75' lang='lat' dir='ltr'><strong>qua:</strong></span> <span class='ocrx_word' id='word_1_1064' title='bbox 2973 4528 3271 4604; x_wconf 30' lang='lat' dir='ltr'><strong>pec-carerit,</strong></span> <span class='ocrx_word' id='word_1_1065' title='bbox 3314 4538 3421 4589; x_wconf 78' lang='lat' dir='ltr'><strong>sola</strong></span> <span class='ocrx_word' id='word_1_1066' title='bbox 3441 4540 3678 4591; x_wconf 76' lang='lat' dir='ltr'><strong>morietur</strong></span> 
     </span>
    </p>
   </div>
   <div class='ocr_carea' id='block_1_138' title="bbox 2105 4597 2627 4668">
    <p class='ocr_par' dir='ltr' id='par_1_138' title="bbox 2105 4597 2627 4668">
     <span class='ocr_line' id='line_1_141' title="bbox 2105 4597 2627 4668; baseline 0.004 -18"><span class='ocrx_word' id='word_1_1067' title='bbox 2105 4597 2313 4668; x_wconf 63' lang='lat' dir='ltr'><strong>(lizeeli.</strong></span> <span class='ocrx_word' id='word_1_1068' title='bbox 2346 4615 2495 4662; x_wconf 84' lang='lat' dir='ltr'><strong>xvtu,</strong></span> <span class='ocrx_word' id='word_1_1069' title='bbox 2527 4601 2627 4668; x_wconf 57' lang='grc' dir='ltr'><strong>θεν</strong></span> 
     </span>
    </p>
   </div>
   <div class='ocr_carea' id='block_1_139' title="bbox 2177 4669 3672 4748">
    <p class='ocr_par' dir='ltr' id='par_1_139' title="bbox 2177 4669 3672 4748">
     <span class='ocr_line' id='line_1_142' title="bbox 2177 4669 3672 4748; baseline 0.006 -27"><span class='ocrx_word' id='word_1_1070' title='bbox 2177 4669 2340 4748; x_wconf 59' lang='lat' dir='ltr'><strong>frte.</strong></span> <span class='ocrx_word' id='word_1_1071' title='bbox 2365 4669 2497 4721; x_wconf 89' lang='lat' dir='ltr'><strong>dixit</strong></span> <span class='ocrx_word' id='word_1_1072' title='bbox 2528 4687 2540 4720; x_wconf 94' lang='lat'><strong>:</strong></span> <span class='ocrx_word' id='word_1_1073' title='bbox 2568 4670 2816 4748; x_wconf 77' lang='lat' dir='ltr'><strong>Tutilius</strong></span> <span class='ocrx_word' id='word_1_1074' title='bbox 2845 4672 2959 4748; x_wconf 73' lang='lat' dir='ltr'><strong>ejus</strong></span> <span class='ocrx_word' id='word_1_1075' title='bbox 2988 4688 3092 4748; x_wconf 79' lang='lat' dir='ltr'><strong>non</strong></span> <span class='ocrx_word' id='word_1_1076' title='bbox 3135 4675 3350 4744; x_wconf 87' lang='lat' dir='ltr'><strong>quidem</strong></span> <span class='ocrx_word' id='word_1_1077' title='bbox 3397 4677 3672 4748; x_wconf 80' lang='lat' dir='ltr'><strong>tradidisti,</strong></span> 
     </span>
    </p>
   </div>
   <div class='ocr_carea' id='block_1_140' title="bbox 2104 4739 3040 4806">
    <p class='ocr_par' dir='ltr' id='par_1_140' title="bbox 2104 4739 3040 4806">
     <span class='ocr_line' id='line_1_143' title="bbox 2104 4739 3040 4806; baseline 0.002 -14"><span class='ocrx_word' id='word_1_1078' title='bbox 2104 4740 2195 4792; x_wconf 85' lang='lat' dir='ltr'><strong>sed</strong></span> <span class='ocrx_word' id='word_1_1079' title='bbox 2221 4739 2374 4792; x_wconf 88' lang='lat' dir='ltr'><strong>nobis</strong></span> <span class='ocrx_word' id='word_1_1080' title='bbox 2403 4741 2821 4806; x_wconf 84' lang='lat' dir='ltr'><strong>persecutionem</strong></span> <span class='ocrx_word' id='word_1_1081' title='bbox 2854 4743 3040 4796; x_wconf 64' lang='lat' dir='ltr'><strong>feei~ti.</strong></span> 
     </span>
    </p>
   </div>
   <div class='ocr_carea' id='block_1_141' title="bbox 2175 4810 3671 4879">
    <p class='ocr_par' dir='ltr' id='par_1_141' title="bbox 2175 4810 3671 4879">
     <span class='ocr_line' id='line_1_144' title="bbox 2175 4810 3671 4879; baseline 0.006 -18"><span class='ocrx_word' id='word_1_1082' title='bbox 2175 4813 2304 4863; x_wconf 76' lang='lat' dir='ltr'><strong>Are.</strong></span> <span class='ocrx_word' id='word_1_1083' title='bbox 2338 4811 2650 4878; x_wconf 86' lang='lat' dir='ltr'><strong>respondit:</strong></span> <span class='ocrx_word' id='word_1_1084' title='bbox 2688 4810 2945 4879; x_wconf 83' lang='lat' dir='ltr'><strong>Equidem</strong></span> <span class='ocrx_word' id='word_1_1085' title='bbox 2978 4829 3079 4866; x_wconf 89' lang='lat' dir='ltr'><strong>non</strong></span> <span class='ocrx_word' id='word_1_1086' title='bbox 3123 4814 3218 4866; x_wconf 79' lang='lat' dir='ltr'><strong>feci</strong></span> <span class='ocrx_word' id='word_1_1087' title='bbox 3241 4856 3254 4874; x_wconf 88' lang='lat'><strong>,</strong></span> <span class='ocrx_word' id='word_1_1088' title='bbox 3293 4816 3455 4870; x_wconf 89' lang='lat' dir='ltr'><strong>credo</strong></span> <span class='ocrx_word' id='word_1_1089' title='bbox 3499 4826 3671 4871; x_wconf 83' lang='lat' dir='ltr'><strong>tamen</strong></span> 
     </span>
    </p>
   </div>
   <div class='ocr_carea' id='block_1_142' title="bbox 2103 4879 3675 4956">
    <p class='ocr_par' dir='ltr' id='par_1_142' title="bbox 2103 4879 3675 4956">
     <span class='ocr_line' id='line_1_145' title="bbox 2103 4879 3675 4956; baseline 0.008 -27"><span class='ocrx_word' id='word_1_1090' title='bbox 2103 4879 2240 4956; x_wconf 68' lang='lat' dir='ltr'><strong>quad</strong></span> <span class='ocrx_word' id='word_1_1091' title='bbox 2268 4879 2367 4956; x_wconf 78' lang='lat' dir='ltr'><strong>mei</strong></span> <span class='ocrx_word' id='word_1_1092' title='bbox 2394 4880 2564 4956; x_wconf 76' lang='lat' dir='ltr'><strong>facere</strong></span> <span class='ocrx_word' id='word_1_1093' title='bbox 2588 4889 2867 4956; x_wconf 76' lang='lat' dir='ltr'><strong>potuerint.</strong></span> <span class='ocrx_word' id='word_1_1094' title='bbox 2887 4885 3300 4956; x_wconf 62' lang='lat' dir='ltr'><strong>Qowrccatoam</strong></span> <span class='ocrx_word' id='word_1_1095' title='bbox 3323 4903 3512 4954; x_wconf 88' lang='lat' dir='ltr'><strong>quare:</strong></span> <span class='ocrx_word' id='word_1_1096' title='bbox 3532 4887 3675 4956; x_wconf 77' lang='lat' dir='ltr'><strong>quid,</strong></span> 
     </span>
    </p>
   </div>
   <div class='ocr_carea' id='block_1_143' title="bbox 2105 4951 3674 5023">
    <p class='ocr_par' dir='ltr' id='par_1_143' title="bbox 2105 4951 3674 5023">
     <span class='ocr_line' id='line_1_146' title="bbox 2105 4951 3674 5023; baseline 0.004 -21"><span class='ocrx_word' id='word_1_1097' title='bbox 2105 4953 2148 5002; x_wconf 91' lang='lat' dir='ltr'><strong>si</strong></span> <span class='ocrx_word' id='word_1_1098' title='bbox 2177 4951 2562 5002; x_wconf 87' lang='lat' dir='ltr'><strong>merebamini?</strong></span> <span class='ocrx_word' id='word_1_1099' title='bbox 2604 4952 2719 5004; x_wconf 61' lang='lat' dir='ltr'><strong>Non</strong></span> <span class='ocrx_word' id='word_1_1100' title='bbox 2753 4956 2891 5005; x_wconf 89' lang='lat' dir='ltr'><strong>enim</strong></span> <span class='ocrx_word' id='word_1_1101' title='bbox 2923 4954 3091 5005; x_wconf 89' lang='lat' dir='ltr'><strong>malos</strong></span> <span class='ocrx_word' id='word_1_1102' title='bbox 3121 4951 3364 5023; x_wconf 54' lang='lat' dir='ltr'><strong>persequi</strong></span> <span class='ocrx_word' id='word_1_1103' title='bbox 3406 4951 3674 5023; x_wconf 71' lang='lat' dir='ltr'><strong>peccatum</strong></span> 
     </span>
    </p>
   </div>
   <div class='ocr_carea' id='block_1_144' title="bbox 2104 5028 3676 5083">
    <p class='ocr_par' dir='ltr' id='par_1_144' title="bbox 2104 5028 3676 5083">
     <span class='ocr_line' id='line_1_147' title="bbox 2104 5028 3676 5083; baseline 0.005 -10"><span class='ocrx_word' id='word_1_1104' title='bbox 2104 5029 2216 5083; x_wconf 89' lang='lat' dir='ltr'><strong>est;</strong></span> <span class='ocrx_word' id='word_1_1105' title='bbox 2251 5035 2370 5072; x_wconf 90' lang='lat' dir='ltr'><strong>nam</strong></span> <span class='ocrx_word' id='word_1_1106' title='bbox 2411 5030 2466 5072; x_wconf 88' lang='lat' dir='ltr'><strong>et</strong></span> <span class='ocrx_word' id='word_1_1107' title='bbox 2493 5031 2704 5074; x_wconf 90' lang='lat' dir='ltr'><strong>sanctos</strong></span> <span class='ocrx_word' id='word_1_1108' title='bbox 2725 5031 2778 5075; x_wconf 89' lang='lat' dir='ltr'><strong>et</strong></span> <span class='ocrx_word' id='word_1_1109' title='bbox 2806 5033 3046 5075; x_wconf 88' lang='lat' dir='ltr'><strong>sanctum</strong></span> <span class='ocrx_word' id='word_1_1110' title='bbox 3070 5034 3375 5079; x_wconf 87' lang='lat' dir='ltr'><strong>sanctorum</strong></span> <span class='ocrx_word' id='word_1_1111' title='bbox 3399 5028 3676 5080; x_wconf 70' lang='lat' dir='ltr'><strong>ltotuinum</strong></span> 
     </span>
    </p>
   </div>
   <div class='ocr_carea' id='block_1_145' title="bbox 2106 5089 3679 5166">
    <p class='ocr_par' dir='ltr' id='par_1_145' title="bbox 2106 5089 3679 5166">
     <span class='ocr_line' id='line_1_148' title="bbox 2106 5089 3679 5166; baseline 0.005 -24"><span class='ocrx_word' id='word_1_1112' title='bbox 2106 5091 2270 5166; x_wconf 75' lang='lat' dir='ltr'><strong>malos</strong></span> <span class='ocrx_word' id='word_1_1113' title='bbox 2298 5089 2520 5166; x_wconf 73' lang='lat' dir='ltr'><strong>legimus</strong></span> <span class='ocrx_word' id='word_1_1114' title='bbox 2560 5102 2864 5166; x_wconf 80' lang='lat' dir='ltr'><strong>persecutos</strong></span> <span class='ocrx_word' id='word_1_1115' title='bbox 2893 5109 2906 5144; x_wconf 89' lang='lat'><strong>:</strong></span> <span class='ocrx_word' id='word_1_1116' title='bbox 2934 5093 3204 5166; x_wconf 73' lang='lat' dir='ltr'><strong>damnatos</strong></span> <span class='ocrx_word' id='word_1_1117' title='bbox 3236 5111 3461 5164; x_wconf 83' lang='lat' dir='ltr'><strong>namque</strong></span> <span class='ocrx_word' id='word_1_1118' title='bbox 3499 5111 3679 5166; x_wconf 88' lang='lat' dir='ltr'><strong>perse-</strong></span> 
     </span>
    </p>
   </div>
   <div class='ocr_carea' id='block_1_146' title="bbox 2105 5159 3680 5230">
    <p class='ocr_par' dir='ltr' id='par_1_146' title="bbox 2105 5159 3680 5230">
     <span class='ocr_line' id='line_1_149' title="bbox 2105 5159 3680 5230; baseline 0.004 -17"><span class='ocrx_word' id='word_1_1119' title='bbox 2105 5159 2381 5230; x_wconf 81' lang='lat' dir='ltr'><strong>cutionem</strong></span> <span class='ocrx_word' id='word_1_1120' title='bbox 2404 5159 2610 5230; x_wconf 75' lang='lat' dir='ltr'><strong>Domini</strong></span> <span class='ocrx_word' id='word_1_1121' title='bbox 2636 5176 2738 5212; x_wconf 88' lang='lat' dir='ltr'><strong>non</strong></span> <span class='ocrx_word' id='word_1_1122' title='bbox 2768 5163 3018 5228; x_wconf 76' lang='lat' dir='ltr'><strong>terentes,</strong></span> <span class='ocrx_word' id='word_1_1123' title='bbox 3039 5163 3357 5230; x_wconf 87' lang='lat' dir='ltr'><strong>clamabant,</strong></span> <span class='ocrx_word' id='word_1_1124' title='bbox 3377 5159 3522 5229; x_wconf 59' lang='lat' dir='ltr'><strong>&#39;Qnid</strong></span> <span class='ocrx_word' id='word_1_1125' title='bbox 3541 5168 3680 5219; x_wconf 87' lang='lat' dir='ltr'><strong>nobis</strong></span> 
     </span>
    </p>
   </div>
   <div class='ocr_carea' id='block_1_147' title="bbox 2105 5227 3676 5303">
    <p class='ocr_par' dir='ltr' id='par_1_147' title="bbox 2105 5227 3676 5303">
     <span class='ocr_line' id='line_1_150' title="bbox 2105 5227 3676 5303; baseline 0.004 -21"><span class='ocrx_word' id='word_1_1126' title='bbox 2105 5230 2328 5303; x_wconf 57' lang='lat' dir='ltr'><strong>ettibi,</strong></span> <span class='ocrx_word' id='word_1_1127' title='bbox 2351 5227 2474 5303; x_wconf 85' lang='lat' dir='ltr'><strong>Je_su</strong></span> <span class='ocrx_word' id='word_1_1128' title='bbox 2506 5229 2612 5303; x_wconf 63' lang='lat' dir='ltr'><strong>Fili</strong></span> <span class='ocrx_word' id='word_1_1129' title='bbox 2633 5231 2785 5303; x_wconf 52' lang='grc' dir='ltr'><em>θρὶξ)</em></span> <span class='ocrx_word' id='word_1_1130' title='bbox 2829 5233 3004 5286; x_wconf 83' lang='lat' dir='ltr'><strong>venisti</strong></span> <span class='ocrx_word' id='word_1_1131' title='bbox 3045 5233 3248 5301; x_wconf 85' lang='lat' dir='ltr'><strong>perdere</strong></span> <span class='ocrx_word' id='word_1_1132' title='bbox 3289 5227 3380 5288; x_wconf 86' lang='lat' dir='ltr'><strong>nos</strong></span> <span class='ocrx_word' id='word_1_1133' title='bbox 3409 5227 3607 5303; x_wconf 46' lang='lat' dir='ltr'><strong>(Marc.</strong></span> <span class='ocrx_word' id='word_1_1134' title='bbox 3639 5254 3676 5296; x_wconf 85' lang='grc' dir='ltr'><strong>ι.</strong></span> 
     </span>
    </p>
   </div>
   <div class='ocr_carea' id='block_1_148' title="bbox 2103 5300 3681 5372">
    <p class='ocr_par' dir='ltr' id='par_1_148' title="bbox 2103 5300 3681 5372">
     <span class='ocr_line' id='line_1_151' title="bbox 2103 5300 3681 5372; baseline 0.005 -20"><span class='ocrx_word' id='word_1_1135' title='bbox 2103 5300 2244 5367; x_wconf 64' lang='lat' dir='ltr'><strong>2i)?</strong></span> <span class='ocrx_word' id='word_1_1136' title='bbox 2292 5300 2356 5352; x_wconf 75' lang='lat' dir='ltr'><strong>Et</strong></span> <span class='ocrx_word' id='word_1_1137' title='bbox 2395 5300 2587 5372; x_wconf 83' lang='lat' dir='ltr'><strong>Paulus</strong></span> <span class='ocrx_word' id='word_1_1138' title='bbox 2631 5300 2852 5372; x_wconf 82' lang='lat' dir='ltr'><strong>Elimam</strong></span> <span class='ocrx_word' id='word_1_1139' title='bbox 2897 5300 3105 5372; x_wconf 83' lang='lat' dir='ltr'><strong>magum</strong></span> <span class='ocrx_word' id='word_1_1140' title='bbox 3146 5304 3288 5357; x_wconf 91' lang='lat' dir='ltr'><strong>ultus</strong></span> <span class='ocrx_word' id='word_1_1141' title='bbox 3325 5300 3681 5360; x_wconf 36' lang='lat' dir='ltr'><strong>est&#39;caeeitate</strong></span> 
     </span>
    </p>
   </div>
   <div class='ocr_carea' id='block_1_149' title="bbox 2110 5369 3679 5441">
    <p class='ocr_par' dir='ltr' id='par_1_149' title="bbox 2110 5369 3679 5441">
     <span class='ocr_line' id='line_1_152' title="bbox 2110 5369 3679 5441; baseline 0.004 -19"><span class='ocrx_word' id='word_1_1142' title='bbox 2110 5372 2242 5441; x_wconf 83' lang='lat' dir='ltr'><strong>(Act.</strong></span> <span class='ocrx_word' id='word_1_1143' title='bbox 2275 5385 2397 5441; x_wconf 48' lang='lat' dir='ltr'><strong>xui,</strong></span> <span class='ocrx_word' id='word_1_1144' title='bbox 2427 5369 2552 5438; x_wconf 80' lang='lat' dir='ltr'><strong>ll),</strong></span> <span class='ocrx_word' id='word_1_1145' title='bbox 2596 5379 2649 5423; x_wconf 88' lang='lat' dir='ltr'><strong>et</strong></span> <span class='ocrx_word' id='word_1_1146' title='bbox 2674 5369 3038 5439; x_wconf 82' lang='lat' dir='ltr'><strong>blasphemum</strong></span> <span class='ocrx_word' id='word_1_1147' title='bbox 3063 5375 3330 5429; x_wconf 91' lang='lat' dir='ltr'><strong>hominem</strong></span> <span class='ocrx_word' id='word_1_1148' title='bbox 3358 5377 3573 5430; x_wconf 88' lang='lat' dir='ltr'><strong>tradidit</strong></span> <span class='ocrx_word' id='word_1_1149' title='bbox 3600 5393 3679 5429; x_wconf 84' lang='lat' dir='ltr'><strong>sa-</strong></span> 
     </span>
    </p>
   </div>
   <div class='ocr_carea' id='block_1_150' title="bbox 2109 5438 3678 5514">
    <p class='ocr_par' dir='ltr' id='par_1_150' title="bbox 2109 5438 3678 5514">
     <span class='ocr_line' id='line_1_153' title="bbox 2109 5438 3678 5514; baseline 0.003 -21"><span class='ocrx_word' id='word_1_1150' title='bbox 2109 5438 2242 5493; x_wconf 81' lang='lat' dir='ltr'><strong>tame</strong></span> <span class='ocrx_word' id='word_1_1151' title='bbox 2271 5440 2312 5509; x_wconf 89' lang='grc' dir='ltr'><strong>(Ι</strong></span> <span class='ocrx_word' id='word_1_1152' title='bbox 2335 5438 2467 5492; x_wconf 88' lang='lat' dir='ltr'><strong>Tim.</strong></span> <span class='ocrx_word' id='word_1_1153' title='bbox 2494 5456 2506 5493; x_wconf 86' lang='grc' dir='ltr'>ι</span> <span class='ocrx_word' id='word_1_1154' title='bbox 2529 5482 2542 5499; x_wconf 89' lang='grc'><strong>.</strong></span> <span class='ocrx_word' id='word_1_1155' title='bbox 2569 5441 2684 5514; x_wconf 69' lang='grc'><strong>20).</strong></span> <span class='ocrx_word' id='word_1_1156' title='bbox 2729 5438 2800 5494; x_wconf 83' lang='lat' dir='ltr'><strong>Et</strong></span> <span class='ocrx_word' id='word_1_1157' title='bbox 2824 5442 3012 5514; x_wconf 88' lang='lat' dir='ltr'><strong>Petrus</strong></span> <span class='ocrx_word' id='word_1_1158' title='bbox 3043 5446 3298 5498; x_wconf 88' lang='lat' dir='ltr'><strong>Ananiam</strong></span> <span class='ocrx_word' id='word_1_1159' title='bbox 3324 5458 3372 5497; x_wconf 87' lang='lat' dir='ltr'><strong>et</strong></span> <span class='ocrx_word' id='word_1_1160' title='bbox 3406 5446 3678 5514; x_wconf 85' lang='lat' dir='ltr'><strong>Saphiram</strong></span> 
     </span>
    </p>
   </div>
   <div class='ocr_carea' id='block_1_151' title="bbox 2107 5511 3684 5584">
    <p class='ocr_par' dir='ltr' id='par_1_151' title="bbox 2107 5511 3684 5584">
     <span class='ocr_line' id='line_1_154' title="bbox 2107 5511 3684 5584; baseline 0.004 -21"><span class='ocrx_word' id='word_1_1161' title='bbox 2107 5513 2222 5577; x_wconf 85' lang='lat' dir='ltr'><strong>ejus</strong></span> <span class='ocrx_word' id='word_1_1162' title='bbox 2244 5526 2461 5584; x_wconf 77' lang='lat' dir='ltr'><strong>uxorem</strong></span> <span class='ocrx_word' id='word_1_1163' title='bbox 2501 5511 2782 5584; x_wconf 79' lang='lat' dir='ltr'><strong>mendaces</strong></span> <span class='ocrx_word' id='word_1_1164' title='bbox 2820 5513 3012 5566; x_wconf 89' lang='lat' dir='ltr'><strong>occidit</strong></span> <span class='ocrx_word' id='word_1_1165' title='bbox 3038 5515 3172 5582; x_wconf 73' lang='lat' dir='ltr'><strong>(Act.</strong></span> <span class='ocrx_word' id='word_1_1166' title='bbox 3204 5529 3236 5566; x_wconf 86' lang='lat' dir='ltr'><strong>v</strong></span> <span class='ocrx_word' id='word_1_1167' title='bbox 3258 5557 3271 5579; x_wconf 94' lang='lat'><strong>,</strong></span> <span class='ocrx_word' id='word_1_1168' title='bbox 3308 5516 3458 5584; x_wconf 64' lang='lat'><strong>1-10)</strong></span> <span class='ocrx_word' id='word_1_1169' title='bbox 3479 5511 3500 5568; x_wconf 67' lang='grc' dir='ltr'>Ξ</span> <span class='ocrx_word' id='word_1_1170' title='bbox 3530 5528 3581 5570; x_wconf 86' lang='lat' dir='ltr'><strong>et</strong></span> <span class='ocrx_word' id='word_1_1171' title='bbox 3604 5517 3684 5570; x_wconf 84' lang='lat' dir='ltr'><strong>Si-</strong></span> 
     </span>
    </p>
   </div>
   <div class='ocr_carea' id='block_1_152' title="bbox 2107 5579 3682 5650">
    <p class='ocr_par' dir='ltr' id='par_1_152' title="bbox 2107 5579 3682 5650">
     <span class='ocr_line' id='line_1_155' title="bbox 2107 5579 3682 5650; baseline 0.004 -16"><span class='ocrx_word' id='word_1_1172' title='bbox 2107 5596 2319 5634; x_wconf 89' lang='lat' dir='ltr'><strong>monem</strong></span> <span class='ocrx_word' id='word_1_1173' title='bbox 2351 5579 2556 5648; x_wconf 64' lang='lat' dir='ltr'><strong>Magum</strong></span> <span class='ocrx_word' id='word_1_1174' title='bbox 2597 5582 2791 5634; x_wconf 88' lang='lat' dir='ltr'><strong>tamdiu</strong></span> <span class='ocrx_word' id='word_1_1175' title='bbox 2826 5579 3136 5650; x_wconf 83' lang='lat' dir='ltr'><strong>persecutus</strong></span> <span class='ocrx_word' id='word_1_1176' title='bbox 3163 5594 3278 5649; x_wconf 89' lang='lat' dir='ltr'><strong>est,</strong></span> <span class='ocrx_word' id='word_1_1177' title='bbox 3317 5579 3490 5640; x_wconf 78' lang='lat' dir='ltr'><strong>donec</strong></span> <span class='ocrx_word' id='word_1_1178' title='bbox 3515 5599 3682 5641; x_wconf 79' lang='lat' dir='ltr'><strong>morte</strong></span> 
     </span>
    </p>
   </div>
   <div class='ocr_carea' id='block_1_153' title="bbox 2107 5651 3687 5722">
    <p class='ocr_par' dir='ltr' id='par_1_153' title="bbox 2107 5651 3687 5722">
     <span class='ocr_line' id='line_1_156' title="bbox 2107 5651 3687 5722; baseline 0.005 -21"><span class='ocrx_word' id='word_1_1179' title='bbox 2107 5652 2411 5722; x_wconf 67' lang='lat' dir='ltr'><strong>perimeret.</strong></span> <span class='ocrx_word' id='word_1_1180' title='bbox 2455 5651 2560 5704; x_wconf 81' lang='lat' dir='ltr'><strong>Sed</strong></span> <span class='ocrx_word' id='word_1_1181' title='bbox 2594 5661 2647 5704; x_wconf 90' lang='lat' dir='ltr'><strong>et</strong></span> <span class='ocrx_word' id='word_1_1182' title='bbox 2677 5653 2836 5704; x_wconf 82' lang='lat' dir='ltr'><strong>David</strong></span> <span class='ocrx_word' id='word_1_1183' title='bbox 2862 5653 2911 5706; x_wconf 92' lang='lat' dir='ltr'><strong>in</strong></span> <span class='ocrx_word' id='word_1_1184' title='bbox 2941 5669 3166 5722; x_wconf 81' lang='lat' dir='ltr'><strong>persona</strong></span> <span class='ocrx_word' id='word_1_1185' title='bbox 3192 5655 3386 5710; x_wconf 82' lang='lat' dir='ltr'><strong>Christi</strong></span> <span class='ocrx_word' id='word_1_1186' title='bbox 3417 5659 3611 5711; x_wconf 88' lang='lat' dir='ltr'><strong>clamat</strong></span> <span class='ocrx_word' id='word_1_1187' title='bbox 3633 5665 3687 5710; x_wconf 90' lang='lat' dir='ltr'><strong>et</strong></span> 
     </span>
    </p>
   </div>
   <div class='ocr_carea' id='block_1_154' title="bbox 2106 5718 3683 5796">
    <p class='ocr_par' dir='ltr' id='par_1_154' title="bbox 2106 5718 3683 5796">
     <span class='ocr_line' id='line_1_157' title="bbox 2106 5718 3683 5796; baseline 0.001 -20"><span class='ocrx_word' id='word_1_1188' title='bbox 2106 5718 2236 5776; x_wconf 75' lang='lat' dir='ltr'><strong>dicit</strong></span> <span class='ocrx_word' id='word_1_1189' title='bbox 2273 5737 2286 5772; x_wconf 91' lang='lat'><strong>:</strong></span> <span class='ocrx_word' id='word_1_1190' title='bbox 2341 5718 2624 5786; x_wconf 80' lang='lat' dir='ltr'><strong>Persequar</strong></span> <span class='ocrx_word' id='word_1_1191' title='bbox 2667 5723 2897 5777; x_wconf 84' lang='lat' dir='ltr'><strong>inimicos</strong></span> <span class='ocrx_word' id='word_1_1192' title='bbox 2942 5718 3119 5793; x_wconf 68' lang='lat' dir='ltr'><strong>ineas,</strong></span> <span class='ocrx_word' id='word_1_1193' title='bbox 3171 5735 3218 5778; x_wconf 80' lang='lat' dir='ltr'><strong>et</strong></span> <span class='ocrx_word' id='word_1_1194' title='bbox 3262 5728 3683 5796; x_wconf 75' lang='lat' dir='ltr'><strong>comprelsemtem</strong></span> 
     </span>
    </p>
   </div>
   <div class='ocr_carea' id='block_1_155' title="bbox 2169 5801 2828 5870">
    <p class='ocr_par' dir='ltr' id='par_1_155' title="bbox 2169 5801 2828 5870">
     <span class='ocr_line' id='line_1_158' title="bbox 2169 5801 2828 5870; baseline 0 -16"><span class='ocrx_word' id='word_1_1195' title='bbox 2169 5806 2243 5870; x_wconf 86' lang='grc' dir='ltr'><strong>(α)</strong></span> <span class='ocrx_word' id='word_1_1196' title='bbox 2275 5809 2456 5870; x_wconf 70' lang='lat' dir='ltr'><strong>aempe</strong></span> <span class='ocrx_word' id='word_1_1197' title='bbox 2481 5804 2528 5850; x_wconf 87' lang='lat' dir='ltr'><strong>iu</strong></span> <span class='ocrx_word' id='word_1_1198' title='bbox 2550 5801 2828 5854; x_wconf 67' lang='lat' dir='ltr'><strong>Collatinus.</strong></span> 
     </span>
    </p>
   </div>
  </div>
