4108 6198
515 313 639 370 ἺΡιὸ

532 427 799 498 ingentius
818 426 955 498 dixit
985 444 997 479 ;
1029 425 1160 498 Cum
1191 424 1536 498 venissemus,
1589 431 1643 476 et
1683 432 2105 498 agerclurcausa

535 493 693 553 Mauri
720 499 785 551 ah
817 496 961 551 Utica
995 496 1249 563 episcopi,
1295 494 1383 562 qui
1432 493 1789 561 episcopatum
1840 495 1938 547 sibi
1989 495 2109 547 red-

535 571 681 630 emit,
707 568 770 619 ad
800 567 980 619 urbem
1005 566 1240 618 ascendit
1267 565 1671 618 Autumnitanus
1701 565 1980 632 episcopus
2011 564 2111 617 Fe—

495 671 498 675 -
537 640 626 696 lix.
659 646 716 690 ut
759 645 1025 700 tractaret,
1072 646 1124 689 et
1162 635 1311 696 dixit,
1348 634 1510 686 Nemo
1540 634 1954 698 eonmmnicet‘,
1987 636 2107 702 quia

517 708 718 761 falsum
750 706 980 759 admisit.
1032 705 1094 757 Et
1130 704 1236 757 dixi
1281 705 1353 756 illi
1383 718 1479 771 ego
1511 718 1539 756 e
1569 712 1750 756 contra
1781 721 1792 754 :
1840 703 1948 756 Nec
1992 705 2104 767 tibi,

499 792 634 831 -nec
675 777 771 840 illi,
804 775 892 844 qui
937 775 1157 828 traditur
1201 790 1276 827 cs.
1322 774 1469 826 Dolui
1506 774 1648 826 enim
1688 788 1898 825 causam
1945 774 2108 826 Mauri

499 877 501 879 -
532 847 756 916 hospitis
786 843 908 908 mei,
937 846 1056 916 quia
1086 844 1594 916 communicavemm
1625 858 1744 916 eum
1766 912 1774 916 _
1794 844 1881 916 illo
1909 843 1958 895 in
1989 859 2108 916 per-

499 953 502 956 λ
535 912 681 984 egre,
711 916 832 984 quia
857 912 997 969 evaSi
1022 915 1460 982 persecutionem.
1488 913 1685 965 Exinde
1712 912 1777 964 ivi
1809 913 1857 964 in
1887 915 2105 984 patriam

535 983 703 1056 ipsius
732 983 953 1056 Felicis,
976 984 1101 1056 duxi
1131 998 1334 1037 mecum
1365 993 1469 1056 tres
1500 984 1756 1056 seniores,
1791 983 2109 1056 inviderent

533 1053 600 1110 an
632 1070 816 1108 verum
845 1054 1167 1115 tradidisset,
1193 1069 1255 1104 an
1285 1069 1411 1105 non.
1441 1053 1773 1120 Apronianus
1800 1053 1930 1104 dixit
1957 1073 1967 1104 :
1993 1053 2106 1106 Non

533 1128 606 1179 ita
654 1126 799 1180 venit
837 1123 901 1176 ad
945 1124 1282 1176 Caecilianum
1309 1163 1323 1184 ,
1370 1137 1606 1188 qurercrc
1645 1123 1664 1152 ²
1693 1123 1757 1175 dc
1803 1120 2104 1178 Caiciliano.

533 1196 778 1250 Atilianus
823 1193 1108 1262 proconsul
1140 1193 1420 1244 Ca'ciliattt)
1451 1193 1581 1244 dixit
1610 1209 1626 1262 ς
1659 1193 1930 1256 Quomodo
1962 1193 2024 1244 ad
2059 1203 2107 1245 te

533 1267 678 1320 venit
707 1261 1008 1333 It‘igentins?
1040 1263 1352 1316 Caecilianus
1397 1261 1666 1333 respOndit
1694 1279 1716 1333 _:
1749 1263 1895 1333 Domi
1924 1263 1986 1314 ad
2024 1279 2105 1315 me

495 1371 500 1374 -
531 1337 678 1389 venit
707 1351 719 1386 :
753 1331 1070 1401 prandebam
1100 1347 1218 1384 cum
1264 1331 1553 1400 operariis;
1585 1331 1730 1385 venit
1760 1332 1915 1394 illuc;
1962 1333 2108 1386 stetit

533 1406 588 1458 in
627 1405 808 1473 janua.
857 1401 1172 1473 Czecilianus
1200 1403 1290 1473 tibi
1317 1403 1429 1473 est?
1458 1402 1606 1454 dixit.
1643 1402 1905 1473 Respondi
1941 1419 1951 1453 :
1979 1403 2099 1473 illic.

532 1470 643 1542 Ego
668 1474 787 1528 dico
812 1473 858 1525 ci
891 1489 904 1524 :
935 1471 1071 1536 Quid
1101 1471 1218 1542 est?
1257 1470 1442 1542 Omnia
1485 1471 1666 1542 recte?
1707 1473 1912 1532 Omnia,
1959 1472 2102 1524 dicit.

532 1539 800 1612 Respondi
830 1543 938 1612 illi}
963 1541 1017 1594 Si
1050 1557 1150 1595 non
1180 1539 1688 1612 fastidisprandere,
1714 1543 1851 1603 veni,
1885 1543 2101 1612 prande.

535 1610 669 1667 Dicit
698 1613 825 1664 mihi
857 1629 870 1664 :
903 1611 1162 1664 Revertor
1199 1610 1317 1663 huc.
1373 1610 1524 1664 Venit
1567 1610 1688 1664 illuc
1719 1612 1885 1664 solus.
1921 1611 2105 1664 Dicere

531 1684 660 1738 mihi
687 1683 846 1749 coepit
877 1698 887 1731 :
920 1681 1058 1734 Ecce
1111 1681 1186 1732 sic
1228 1680 1355 1732 mihi
1395 1694 1582 1733 curare
1629 1688 1681 1732 et
1726 1681 1992 1749 inpiirerc
2038 1697 2102 1731 an

535 1753 724 1806 adusta
758 1751 910 1804 fuerit
938 1749 1208 1818 Scriptura
1236 1764 1374 1802 anno
1417 1749 1780 1802 duumviratus
1813 1755 1934 1802 mei.
1981 1751 2104 1803 liico

534 1824 608 1876 illi
637 1837 733 1892 ego
763 1838 775 1873 :
807 1820 1056 1874 Molestus
1093 1834 1157 1892 es
1197 1820 1358 1892 mihi,
1392 1827 1449 1892 tu
1499 1819 1658 1873 homo
1708 1821 1974 1892 inpius-sus
2001 1835 2102 1892 es:

517 1895 650 1947 -laxa
673 1888 801 1944 hinc
823 1900 872 1944 te
895 1905 924 1941 a
957 1903 1060 1942 me.
1093 1888 1160 1941 Et
1188 1889 1361 1955 sprcvi
1391 1889 1536 1941 illum
1567 1905 1595 1940 a
1628 1905 1730 1941 me.
1754 1889 1819 1941 Et
1848 1891 1986 1942 venit
2015 1891 2104 1943 iélo

533 1965 722 2016 iterato
767 1975 886 2013 cum
923 1959 1125 2026 collega
1179 1973 1316 2022 meo,
1365 1973 1485 2011 eum
1528 1973 1632 2026 quo
1680 1957 1751 2010 fui
1796 1958 1984 2012 aedilis.
2021 1961 2106 2011 Ait

533 2031 660 2084 mihi
691 2030 892 2098 collega
922 2042 1072 2098 meus
1104 2045 1116 2079 :
1147 2026 1292 2098 Felix
1328 2037 1508 2080 noster
1534 2029 1812 2095 episcopus
1837 2030 1978 2080 misit
2004 2029 2104 2093 huc

534 2102 825 2162 hominem,
861 2107 913 2150 ut
946 2097 1105 2150 facias
1145 2097 1218 2148 illi
1262 2097 1483 2160 litteras,
1511 2098 1632 2165 quia
1659 2099 1856 2163 acet-pit
1889 2099 2103 2151 codices

503 2198 518 2229 -,
532 2171 812 2240 pretiosos,
837 2175 889 2220 ct
911 2167 1082 2240 noluit
1109 2167 1497 2240 revocareillos
1520 2183 1532 2218 :
1561 2167 1762 2240 scribas
1789 2168 1876 2240 illo
1897 2167 1938 2240 ³,
1965 2168 2104 2235 quod

529 2235 672 2292 anno
709 2237 1073 2290 duumviratus
1125 2237 1194 2288 ttti
1239 2235 1502 2289 combusti
1531 2244 1671 2289 sunt.
1721 2237 1783 2289 Et
1825 2237 1930 2289 dixi
1957 2253 2101 2292 ego:

533 2309 659 2363 lltec
692 2317 774 2362 est
819 2307 949 2360 lidcs
985 2305 1446 2375 Cltristiam‘arum?
1486 2306 1753 2375 litgcntius
1791 2306 1958 2360 dixit:
1992 2277 2103 2359 B0-

505 2381 694 2439 .mine,
741 2377 912 2430 veniat
948 2387 1000 2428 et
1029 2375 1338 2443 Augentius.
1371 2374 1436 2428 Et
1470 2374 1568 2444 ego
1612 2375 1930 2430 honorilicus
1959 2392 2098 2441 sum,

534 2459 589 2501 et
639 2449 805 2500 honor
859 2460 1006 2498 meus
1054 2451 1253 2512 pereat,
1307 2454 1362 2499 et
1408 2445 1562 2513 hujus
1616 2446 1779 2498 latera
1825 2447 2100 2501 habemus.

507 2517 772 2573 .A‘Iliamts
818 2515 1094 2580 proconsul
1145 2513 1382 2582 Ingcnlio
1427 2515 1559 2567 dixit
1599 2532 1610 2565 ε
1654 2515 1962 2569 Revinceris
1990 2516 2098 2568 alio

533 2589 705 2640 titulo.
755 2585 995 2638 Aﬂlianus
1037 2584 1323 2653 procerisul
1349 2584 1506 2653 idixit
1544 2584 1611 2637 ad
1642 2583 1892 2637 Officium
1925 2604 1938 2638 ε
1967 2589 2100 2652 Apta

533 2658 699 2710 illttm.
729 2655 964 2723 Ctnnque
1003 2652 1291 2720 aptarctur,
1323 2652 1565 2706 Eliantts
1603 2657 1883 2723 proconsul
1923 2655 2051 2708 dixit
2085 2674 2098 2710 :

513 2725 910 2794 Suspendatnr.
955 2723 1188 2794 Cumque
1217 2723 1645 2794 Stt5pcndcrctur,
1692 2725 1932 2778 JElianus
1976 2742 2100 2793 pro-

517 2793 714 2850 consul
741 2793 1021 2848 Cmciliano
1048 2793 1179 2845 dixit
1208 2811 1220 2844 :
1251 2793 1528 2858 Quomodo
1555 2794 1619 2846 ad
1649 2805 1697 2847 te
1726 2795 1992 2863 lngentius
2021 2811 2100 2848 ve-

510 2868 646 2919 .nit?
676 2863 968 2932 Respondit
999 2881 1010 2916 :
1062 2863 1201 2915 Misit
1231 2863 1333 2916 huc
1372 2879 1457 2916 me
1488 2863 1654 2927 Felix,
1701 2864 1851 2930 dixit,
1897 2875 2098 2931 noster,

530 2947 590 2989 ut
616 2936 815 2989 scribas
849 2935 936 2989 illo
953 2932 994 2998 ⁸,
1021 2933 1138 3004 quia
1163 2943 1244 2986 est
1271 2948 1407 3004 unus
1427 2934 1664 3003 perditus
1686 2937 1862 2988 nescio
1883 2935 1991 3004 qui.
2018 2937 2103 2988 ha-

528 3007 660 3060 bens
685 3021 846 3073 penes
877 3019 960 3057 me
991 3003 1198 3056 codices
1226 3003 1503 3072 pretiosos,
1547 3013 1600 3058 et
1642 3005 1766 3058 nolo
1795 3003 1914 3058 illos
1942 3007 2098 3059 resti-

519 3083 699 3130 tuere.
730 3075 906 3142 Itaque
937 3073 1014 3126 fac
1043 3073 1259 3137 litteras,
1279 3074 1400 3142 quia
1420 3073 1593 3129 adusti
1612 3083 1752 3138 sunt,
1773 3091 1838 3128 ne
1858 3090 2099 3130 rcvoeem

529 3146 670 3199 illos.
704 3146 764 3199 Et
793 3159 891 3214 ego
915 3142 1020 3195 dixi
1051 3158 1065 3194 :
1094 3142 1374 3214 Christiani
1408 3144 1537 3197 fides
1577 3143 1687 3196 haec
1713 3145 1835 3198 est?
1874 3145 1939 3198 Et
1965 3146 2098 3214 coepi

529 3214 676 3270 illiilli
701 3213 987 3281 corripere.
1025 3214 1086 3264 Et
1113 3212 1187 3265 ait
1207 3213 1404 3281 Collega
1433 3229 1581 3268 meus
1607 3233 1616 3266 :
1644 3215 1824 3268 Scribe
1853 3215 1963 3279 illo,
1995 3212 2097 3270 Fe-

531 3284 614 3338 lici
649 3293 848 3337 nostro.
874 3282 950 3354 Et
974 3282 1050 3354 sic
1073 3297 1190 3354 ego?
1217 3283 1492 3350 epistolam
1536 3285 1748 3350 dictavi,
1795 3301 1914 3354 quze
1953 3295 2101 3354 paret

531 3369 804 3423 usquequo
833 3353 1048 3406 dictavi.
1087 3351 1331 3406 {Elianus
1349 3351 1966 3422 proconsuldixitz'Audi
1985 3357 2098 3412 sine

529 3424 1060 3496 meturecitationem
1091 3423 1326 3496 epistolm
1375 3432 1496 3496 line.
1525 3426 1859 3493 Recognosce
1899 3443 2098 3496 quous-

525 3509 630 3560 que
657 3493 974 3566 dictaveris._
1024 3491 1295 3566 Agesilaus
1338 3495 1576 3566 recitavit
1608 3491 1784 3566 :_0pto
1823 3506 1887 3557 te,
1918 3491 2098 3566 parens

527 3558 837 3634 diutissime,
869 3558 1050 3634 multos
1067 3558 1223 3634 annos
1245 3562 1363 3612 bene
1385 3564 1566 3634 valere.
1597 3564 1842 3617 IElianus
1872 3558 2098 3634 procon-

517 3631 613 3702 sui
639 3629 919 3683 C:eciliano
945 3629 1076 3702 dixit
1107 3645 1118 3680 :
1150 3629 1262 3702 line
1291 3645 1456 3698 usque
1485 3632 1732 3686 dictaszi?
1764 3629 2051 3702 Respondit
2081 3654 2093 3689 :

528 3699 642 3771 [ine
671 3713 869 3767 usque;
903 3698 1161 3771 reliquum
1187 3699 1372 3751 falsum
1395 3709 1494 3754 est.
1521 3703 1794 3771 Agesilaus
1816 3698 2054 3759 recitavit
2082 3725 2094 3760 :

529 3769 642 3824 Hoc
663 3771 825 3846 signa,
859 3768 990 3836 quod
1001 3767 1410 3846 _deprecatorimn
1434 3773 1501 3823 ad
1522 3767 1616 3846 [ne
1634 3775 1813 3846 misisti
1830 3816 1844 3836 ,
1891 3777 1988 3828 nisi
2006 3793 2096 3846 ego

526 3851 573 3893 et
594 3851 645 3893 tu
676 3837 721 3892 et
741 3839 882 3913 cujus
904 3837 1020 3913 ⁸ιεδιξί
1049 3841 1471 3913 precatoriunrret
1497 3841 1684 3906 dixisti,
1718 3843 1862 3896 Tolle
1883 3837 2091 3913 clavem,

519 3921 570 3982 et
599 3926 720 3978 quos
754 3908 967 3982 invenies
991 3907 1040 3960 in
1068 3909 1302 3982 cathedra
1343 3909 1514 3982 libros,
1553 3924 1601 3965 et
1630 3931 1778 3982 super
1806 3914 1975 3981 lapide
2010 3907 2096 3969 co;

525 3981 678 4039 dices,
704 3980 820 4048 tolle
844 3979 957 4031 illos
985 3994 1142 4030 :sane
1167 3979 1553 4048 vide,ioﬁ‘iciales
1573 3999 1634 4034 ne
1661 3979 1840 4034 tollant
1861 3979 2027 4038 'oleum
2048 3997 2095 4038 et

526 4051 766 4123 triticum.
797 4047 862 4100 Et
888 4063 977 4123 ego
1007 4048 1111 4123 dixi
1141 4049 1228 4100 tibi
1251 4064 1268 4100 :
1403 4053 1559 4123 nescis
1575 4053 1689 4123 quia
1711 4055 1792 4105 ubi
1815 4054 2095 4123 Scriptura:

521 4119 858 4191 inveniuntur,
908 4119 1019 4191 ἔμε
1063 4118 1240 4191 donius
1282 4118 1539 4191 diruitur?
1582 4121 1648 4173 Et
1693 4123 1867 4176 dixisti
1893 4118 2093 4191 {Quid

523 4206 638 4262 ergo
667 4186 950 4262 faciemus?
971 4186 1038 4239 Et
1067 4187 1173 4262 dixi
1197 4203 1284 4256 ego
1312 4189 1479 4262 uobis:
1518 4191 1685 4245 Tollat
1711 4193 1892 4262 aliquis
1917 4186 2090 4249 de'voo

523 4257 597 4312 bis
619 4257 673 4336 iii
686 4259 816 4310 areis
831 4257 850 4288 °
871 4257 951 4336 ιιέὸ
963 4257 1217 4336 orationes
1239 4260 1422 4336 facitis,
1442 4271 1494 4336 et
1510 4263 1613 4314 illic
1634 4257 1802 4336 portati
1823 4282 1883 4317 ur
1901 4283 1916 4326 ,'
1937 4276 1984 4318 et
1999 4283 2090 4336 ego

522 4330 662 4382 venio
691 4344 803 4381 cum
847 4328 1154 4395 o/ﬁcialibus,
1186 4338 1230 4379 et
1276 4329 1415 4382 tollo.
1447 4329 1514 4384 Et
1540 4328 1642 4385 nos
1668 4334 1755 4386 illo
1788 4336 2007 4388 venimus
2028 4328 2092 4389 vel

522 4399 690 4451 omnia
729 4397 933 4449 tulimus
961 4398 1232 4450 secundum
1261 4399 1516 4465 placitum,
1549 4411 1592 4454 et
1609 4403 1891 4458 adussimus
1916 4421 2092 4458 secun-

521 4469 640 4542 dum
660 4483 859 4542 sacrum
885 4475 1200 4542 praeceptum.
1229 4468 1484 4542 maximus
1505 4472 1636 4524 dixit
1659 4490 1670 4525 :
1696 4473 1952 4539 Quoniam
1975 4475 2090 4542 ejus

521 4536 760 4614 epistola:
790 4544 940 4614 tenor
983 4535 1464 4614 etiam-apudacta
1508 4535 1758 4597 recitattts
1799 4553 1899 4614 est,
1932 4535 2087 4614 quam

523 4608 637 4675 ipse
664 4605 1028 4678 agnovisseuac
1055 4605 1264 4678 misisse
1305 4609 1456 4675 dixit,
1485 4627 1788 4678 quaesumus
1817 4605 1916 4668 hoc
1949 4605 2089 4669 'actis

523 4674 626 4730 tuis
663 4674 881 4753 hiercat.
936 4674 1208 4744 Speretius
1237 4674 1586 4753 dixitmzu'Qitre
1636 4682 1840 4753 dixistis
1895 4685 2088 4753 scripta

518 4757 660 4800 sunt.
689 4746 998 4822 Ctecilianns
1025 4748 1314 4815 respondit,
1347 4747 1525 4822 Gillo}
1547 4761 1633 4805 est
1656 4752 1864 4822 falsum,
1893 4746 2090 4822 quous-

517 4834 620 4886 que
648 4827 728 4893 est
754 4815 970 4893 epistola
1005 4831 1140 4893 mea,
1174 4833 1446 4886 quousque
1473 4819 1622 4893 dixit,
1654 4820 1800 4893 Bene
1835 4815 1964 4890 uale,
1995 4842 2088 4893 pa.

517 4905 630 4940 rens
651 4887 968 4957 charissime.
990 4887 1231 4957 Albanus
1252 4891 1530 4956 proconsul
1559 4891 1690 4945 dixit
1719 4910 1731 4944 :
1760 4892 1926 4957 Quem
1952 4887 2089 4950 dicis

515 4957 782 5030 addidisse
805 4955 868 5010 ad
891 4956 1202 5030 epistolam?
1231 4955 1541 5030 Cingilianus
1571 4961 1703 5014 dixit
1731 4979 1744 5014 :
1771 4955 2084 5030 ingentium.

513 5028 756 5083 JElianus
786 5026 1065 5095 proconsul
1098 5025 1228 5080 dixit
1262 5045 1274 5078 :
1323 5027 1585 5084 Prol’essio
1616 5040 1700 5084 tua
1741 5025 1871 5087 actis
1903 5036 2085 5088 haeret.

513 5099 757 5170 Elianus
805 5095 1086 5170 proconsul
1135 5096 1378 5170 lugendo
1412 5099 1544 5152 dixit
1586 5118 1598 5153 :
1651 5101 1972 5170 'l‘orqueris,
2023 5121 2090 5158 ne

515 5166 808 5223 mentiaris.
839 5165 1108 5234 lngentius
1135 5166 1267 5221 dixit
1297 5184 1308 5220 :
1340 5167 1549 5234 Erravi,
1581 5170 1701 5226 huic
1717 5165 1960 5242 epistola:
1987 5191 2090 5245 ego

578 5302 593 5331 ¹
631 5305 789 5358 Forte,
815 5293 862 5346 ei
883 5295 1210 5348 communicet.

573 5363 594 5430 ξ
624 5366 764 5430 [forte
788 5372 800 5407 :
834 5358 1037 5430 gignant
1059 5372 1291 5422 quaerere.

576 5422 596 5453 ³
635 5428 790 5477 Forte,
829 5419 920 5469 illi.

572 5479 900 5551 ἷξθηθνίλίξ·
1045 5547 1054 5551 λ
1136 5541 1146 5551 .

571 5543 592 5575 υ
625 5549 780 5614 forte,
824 5541 1054 5592 miserunt
1091 5541 1362 5606 Christiani,
1403 5557 1516 5609 ergo
1556 5551 1602 5598 et
1635 5553 1686 5598 tu
1717 5547 1819 5613 ipse
1841 5550 1978 5614 cig'us
2000 5557 2086 5614 Cal,

509 5609 606 5672 etc.
632 5605 747 5651 vide
770 5615 930 5672 supra.

573 5663 592 5722 ε
629 5671 794 5722 Supra,
818 5663 868 5713 in
889 5675 1022 5712 area.

568 5721 588 5753 '
624 5728 779 5784 forte,
801 5737 862 5774 ea:
885 5724 983 5774 illo.

1992 307 2352 364 APPI‘LNDIX.

3703 314 3809 371 78l

2219 422 2416 490 addidi,
2470 421 2654 494 dolens
2706 437 2858 494 causa
2910 425 3096 479 Mauri-
3129 424 3349 494 hospitis
3389 426 3513 480 mci.
3557 427 3804 485 Elianus

2220 494 2501 561 proconsul
2527 492 2696 546 dixit:
2730 493 3107 564 Constantinus
3139 492 3394 548 Maximus
3435 512 3648 564 semper
3687 502 3799 552 Au-
3855 561 3859 564 _

2216 573 2399 629 gustus
2441 575 2494 617 et
2537 564 2767 618 Licinius
2797 563 3056 630 Czesarcs,
3107 566 3173 618 ita
3207 566 3453 634 pietatem
3485 567 3804 624 Christianis

2217 634 2468 706 exhibere
2495 634 2804 706 dignantur,
2829 644 2883 687 ttt
2913 635 3243 704 disciplinam
3288 638 3555 706 corrumpi
3608 639 3798 704 nolint,

2217 703 2309 772 sed
2344 706 2513 771 potius
2539 705 2806 757 observari
2842 706 3149 772 religionem
3183 705 3355 769 istaut,
3397 718 3448 758 ct
3481 703 3581 760 coli
3611 703 3795 761 velint.

2216 771 2329 824 Noli
2355 774 2530 842 itaque
2556 775 2643 826 tibi
2670 775 2914 836 blandiri,
2944 771 3081 843 quod
3113 776 3237 827 milii
3261 776 3426 839 dicas,
3451 775 3798 833 decurionem

2219 851 2268 895 te
2297 857 2434 906 esse,
2463 859 2523 914 ac
2545 853 2821 910 propterea
2852 861 2954 895 non
2986 844 3156 911 possis
3200 847 3453 912 torqueri.
3486 846 3796 914 Torqneris,

2219 927 2283 963 ne
2314 913 2603 972 mentiaris,
2630 914 2768 980 quod
2801 914 3029 966 alienum
3065 915 3380 967 Christianis
3412 931 3531 969 esse
3564 913 3796 973 videtur.

2219 983 2281 1053 lit
2309 982 2426 1035 ideo
2449 983 2532 1035 dic
2555 983 2882 1050 simpliciter,
2904 1000 2970 1036 nc
2992 985 3307 1053 torquearis.
3337 984 3602 1052 lngentius
3629 988 3797 1042 dixit:

2215 1051 2329 1122 .lain
2357 1055 2630 1106 confessus
2660 1069 2774 1105 sum
2804 1055 2919 1107 sine
2948 1051 3231 1116 tormento,
3269 1051 3602 1122 Apronianus
3625 1059 3756 1112 dixit
3784 1077 3796 1112 :

2216 1121 2438 1193 Dignare
2467 1122 2533 1175 dc
2570 1137 2634 1175 eo
2662 1138 2920 1191 quaerere,
2965 1139 3067 1192 qua
3118 1121 3455 1189 auctoritate,
3501 1143 3606 1192 quo
3649 1128 3796 1193 dolo,

2217 1207 2316 1259 qua
2349 1192 2550 1244 insania
2582 1193 2846 1246 circuierit
2885 1194 3222 1247 Mauritanias
3269 1210 3475 1258 omnes,
3523 1192 3800 1254 Numidias

2213 1262 2392 1322 etiam,
2421 1278 2521 1330 qua
2555 1265 2756 1315 ratione
2785 1261 3098 1316 seditionem
3129 1266 3479 1318 ctummiverit
3519 1267 3797 1322 catholica:

2215 1331 2487 1400 Ecclesize.
2533 1332 2772 1386 {Elianus
2821 1334 3101 1400 pre-censui
3155 1333 3285 1387 dixit
3333 1350 3344 1385 :
3398 1334 3478 1386 Ad
3524 1335 3799 1392 Numidias

2213 1399 2394 1473 fuisti?
2444 1401 2777 1473 Respondit:
2823 1402 2970 1473 ANon,
3006 1404 3217 1473 domine
3263 1419 3278 1456 τ
3329 1404 3396 1456 sit
3447 1405 3533 1470 qui
3585 1407 3792 1473 probet.

2211 1469 2455 1544 Aﬁlianus
2489 1469 2764 1544 pruentisul
2797 1471 2946 1544 dixit
2986 1491 3004 1544 7:
3057 1472 3165 1526 Nec
3208 1473 3257 1544 in
3307 1469 3659 1544 lli-.iurilania?
3690 1477 3794 1530 lle-

2211 1538 2461 1606 spondit:
2491 1541 2752 1610 Negotiari
2796 1538 2896 1593 illo'
2927 1541 3017 1595 fui.
3060 1543 3398 1609 Apronianus
3439 1543 3566 1596 dixit
3597 1560 3610 1595 :
3649 1545 3712 1598 Et
3743 1548 3794 1600 in

2213 1612 2310 1682 hoc
2340 1612 2610 1682 mentitur,
2631 1611 2854 1682 domine
2878 1610 3019 1682 (nam
3040 1611 3102 1663 ad
3127 1612 3448 1664 Mauritanie
3474 1615 3630 1666 situm
3659 1633 3791 1668 non-

2213 1680 2309 1731 nisi
2338 1680 2722 1750 periNutnidéas
2749 1680 3024 1749 pcrgitnr),
3054 1693 3313 1750 quatenus
3335 1683 3459 1733 dicit.
3486 1698 3542 1735 sc
3572 1684 3620 1735 in
3649 1684 3795 1737 Alau-

2213 1750 2400 1821 rilania
2431 1749 2614 1821 fuisse,
2646 1767 2748 1821 non
2780 1751 2940 1804 fuisse
2984 1752 3034 1804 i-n
3074 1749 3334 1804 Numidia.
3383 1751 3626 1805 Ailiantts
3671 1769 3796 1821 pro-

2210 1820 2393 1870 cvnsul
2423 1820 2654 1890 ingentia
2683 1820 2812 1873 dixit
2837 1837 2847 1871 :
2869 1821 3029 1887 Cujus
3059 1821 3376 1874 conditionis
3396 1822 3491 1872 es?
3520 1820 3793 1890 Ingctttius

2211 1889 2524 1957 respondit:
2557 1890 2778 1943 Dccurio
2820 1905 2936 1942 sum
2984 1890 3338 1958 Ziquensium.
3383 1889 3624 1944 ./Elianns
3666 1908 3793 1958 pro-
3855 1906 3860 1907 ί

2209 1958 2392 2012 consul
2423 1958 2552 2012 dixit
2579 1959 2642 2012 ad
2674 1958 2906 2012 officium
2953 1977 2964 2011 :
2996 1961 3261 2022 Submitte
3311 1961 3473 2012 illum.
3508 1963 3622 2026 Quo
3664 1964 3792 2015 sub-

2212 2029 2394 2090 misso,
2443 2028 2688 2082 Atilianus
2751 2032 3032 2096 proconsul
3095 2029 3376 2082 Carciliano
3419 2031 3594 2082 dixit:
3639 2031 3790 2085 Falsa

2208 2097 2338 2166 dicis
2364 2114 2480 2165 quae
2508 2100 2722 2152 dixisti?
2752 2098 3060 2153 Ctecilianus
3082 2101 3372 2166 respondit,
3397 2100 3533 2164 Non,
3553 2101 3788 2155 domine.

2210 2165 2256 2219 ls
2286 2169 2372 2238 qui
2405 2169 2614 2236 Scripsit
2643 2169 2942 2236 epistolam,
2975 2169 3101 2236 juhe
3143 2165 3334 2222 veniat.
3385 2172 3598 2223 Amicus
3629 2172 3792 2238 ipsius

2207 2250 2308 2289 eSt.
2336 2236 2452 2306 Ipse
2497 2238 2655 2301 dicet,
2683 2253 2955 2307 quousque
2999 2239 3189 2292 dictavi
3221 2240 3520 2307 epistolam.
3547 2236 3792 2294 {Eli—anus

2211 2308 2491 2378 proetinsul
2521 2308 2685 2360 dixit:
2711 2309 2838 2374 Quis
2868 2320 2948 2362 est
2973 2309 3080 2372 ille,
3100 2324 3253 2378 quem
3282 2310 3460 2362 venire
3485 2309 3792 2364 desideras?

2207 2377 2518 2446 Czeeilianus
2561 2378 2732 2430 dixit:
2788 2377 3128 2446 Augcntium,
3173 2394 3290 2432 cum
3333 2395 3436 2446 quo
3481 2381 3550 2431 fui
3597 2381 3786 2433 :edilis.

2207 2444 2321 2519 Non
2357 2462 2567 2519 possunt
2596 2450 2817 2519 probare
2846 2444 2944 2500 nisi
2996 2465 3089 2516 per
3132 2449 3299 2514 ipsum
3332 2444 3672 2519 Augenthtm,
3700 2453 3789 2519 qui

2209 2515 2421 2585 scripsit
2446 2517 2747 2587 epistolam,
2779 2515 3054 2587 quousque
3084 2519 3274 2571 dietavi
3318 2518 3392 2572 illi
3422 2515 3439 2570 Ξ
3469 2519 3581 2586 ipse
3612 2515 3789 2573 dicere.

2208 2594 2398 2652 potest.
2418 2585 2656 2639 [Elianus
2681 2585 3114 2654 proconsulidixit
3140 2606 3152 2641 :
3180 2589 3397 2642 Constat
3419 2585 3544 2656 ergo
3571 2589 3785 2643 falsam‘

2206 2669 2326 2727 esse
2353 2657 2671 2724 epistolam?
2699 2656 3013 2710 Caecilianus
3052 2657 3322 2727 respondit
3353 2676 3364 2709 :
3397 2657 3650 2722 Constat,
3694 2660 3792 2713 do-

2207 2724 2369 2790 mine,
2404 2742 2508 2796 non
2553 2727 2781 2779 mentior
2822 2728 2871 2780 in
2903 2724 3158 2795 sanguine
3203 2744 3340 2781 meo.
3383 2728 3627 2782 jEliamts
3669 2745 3792 2796 pro-

2206 2796 2390 2848 consul
2419 2795 2548 2867 dixit
2575 2814 2586 2849 :
2619 2797 2748 2849 Cum
2779 2796 3165 2850 duumviratum
3189 2799 3358 2867 egeris
3399 2800 3448 2850 in
3477 2800 3640 2867 patria
3669 2795 3784 2863 tua,

2206 2874 2416 2935 oportet
2460 2865 2617 2920 tidem
2657 2867 2830 2920 verbis
2876 2867 2976 2920 tuis
3004 2865 3581 2935 liabcreCAproniamus
3609 2870 3736 2921 dixit
3771 2887 3784 2921 :

2203 2933 2311 2987 Nec
2339 2950 2530 2988 novum
2558 2944 2640 2990 est
2665 2936 2787 2999 illis,
2823 2937 2922 2989 hoc
2947 2937 3137 2990 facere.
3166 2933 3426 2990 ϐειιιιῖτιιη]
3457 2949 3503 2992 et
3527 2940 3660 2992 actis
3687 2940 3787 2991 ad-

2205 3003 2452 3058 diderunt
2500 3005 2638 3073 quod
2678 3007 2979 3058 voluerunt.
3035 3006 3147 3059 Jam
3197 3010 3473 3060 artilieimn
3525 3018 3604 3061 est
3657 3010 3784 3061 illis.

2206 3073 2448 3128 {Elianus
2477 3077 2755 3141 proconsul
2801 3076 2936 3128 dixit
2967 3095 2979 3127 :
3010 3077 3087 3128 Ex
3121 3079 3448 3144 professione
3491 3077 3782 3139 C:eciliani,

2206 3146 2292 3216 qui
2323 3153 2437 3198 acta
2466 3144 2649 3216 falsata
2677 3161 2794 3199 csse
2819 3147 2962 3206 dicit,
2993 3156 3148 3214 atque
3179 3149 3414 3214 epistolae
3440 3149 3660 3216 plurima
3688 3149 3784 3200 ad-

2205 3215 2331 3273 dita,
2377 3215 2710 3268 manifestum
2741 3225 2822 3268 est
2861 3231 2960 3284 qua
2996 3217 3261 3271 voluntate
3310 3217 3421 3270 haec
3450 3215 3674 3285 gesserit
3702 3218 3785 3270 In-

2203 3286 2410 3351 gentins
2433 3304 2442 3336 :
2469 3295 2520 3338 et
2548 3285 2666 3339 ideo
2694 3286 2974 3353 recipiatur
3003 3286 3052 3338 in
3089 3301 3378 3340 carcerem.
3410 3288 3502 3340 Est
3528 3291 3667 3340 enim
3700 3304 3786 3340 ar-

2204 3355 2354 3407 ctiori
2401 3355 2796 3423 interrogationi
2837 3357 3189 3410 necessarius.
3238 3357 3463 3410 Felicem
3492 3368 3666 3410 autem
3698 3373 3788 3411 re-

2203 3424 2442 3492 ligiosum
2475 3426 2777 3493 cpisc0pum
2808 3425 3025 3478 liberum
3050 3441 3167 3480 esse
3191 3427 3258 3478 ab
3284 3428 3555 3479 cxustione
3583 3428 3784 3480 instru-

2204 3503 2500 3548 mentorum
2548 3495 2856 3548 dcilicorum
2899 3496 3232 3549 manifestum
3264 3506 3363 3561 est,
3390 3511 3507 3549 cum
3543 3513 3698 3549 nemo
3729 3498 3780 3550 in

2201 3579 2321 3634 cum
2366 3564 2561 3632 aliquid
2612 3565 2834 3633 probare
2873 3567 3120 3634 potuerit,
3176 3567 3316 3634 quod
3360 3567 3782 3633 religiosissimos

2200 3633 2501 3701 Seriptnras
2549 3635 2839 3699 tradiderit,
2879 3633 2971 3689 'vcl
3023 3633 3302 3689 exusserit.
3347 3635 3590 3689 Omnium
3635 3639 3779 3689 enim

2201 3704 2541 3772 interrogatio
2558 3706 2918 3773 suprascripta
2950 3706 3223 3760 manifesta
3267 3717 3366 3768 est,
3417 3707 3582 3758 mitias
3631 3708 3779 3760 Scri-

2201 3783 2382 3842 pturas
2407 3776 2622 3828 deilicas
2645 3776 2725 3828 vel
2750 3778 3007 3834 inventas.
3041 3777 3123 3829 vel
3153 3787 3446 3844 corruptas,
3475 3775 3554 3828 vel
3591 3777 3778 3830 inccn-

2199 3857 2286 3896 sas
2312 3845 2490 3898 fuisse.
2537 3845 2645 3898 lloe
2687 3845 2819 3898 actis
2858 3847 3178 3910 continetur,
3210 3847 3347 3914 quod
3383 3844 3526 3899 Felix
3566 3849 3777 3914 episco-

2200 3929 2296 3982 pus
2323 3916 2619 3982 religiosns,
2654 3915 2754 3968 illis
2785 3917 3131 3985 tcmporilms,
3165 3932 3336 3984 neque
3381 3929 3617 3985 praesens
3665 3917 3778 3969 fue-

2199 3985 2284 4054 rit,
2315 3999 2484 4052 neque
2519 3986 2896 4038 conscientiam
2945 3987 3443 4043 accommodaverit.
3478 4002 3650 4054 neque
3677 3989 3781 4040 tale

2197 4053 2392 4124 aliquid
2437 4054 2548 4107 tieri
2591 4054 2828 4122 jusserit.
2873 4056 3146 4124 Agesilaus
3177 4057 3308 4108 dixit
3338 4073 3350 4108 :
3386 4056 3455 4108 De
3490 4053 3681 4122 his-qni
3712 4057 3778 4108 τιεί

2197 4122 2517 4177 Potestatetn
2545 4133 2775 4177 vestram
2829 4122 3188 4178 instruendam
3234 4135 3508 4187 venerunt,
3540 4128 3664 4193 quid
3693 4128 3782 4192 jn-

2196 4193 2284 4246 bct
2309 4193 2548 4247 Potestas
2573 4205 2657 4247 tua
2673 4193 2954 4248 ?A:‘.lianus
2983 4195 3265 4262 proconsul
3287 4195 3418 4248 dixit
3446 4213 3457 4248 :
3487 4196 3779 4249 Revertan-

2195 4272 2281 4316 tur
2307 4263 2372 4316 ad
2401 4266 2555 4317 sedes
2583 4278 2724 4317 suas.

2197 4352 2250 4412 U
2257 4360 2278 4412 ι
2309 4352 2637 4430 Ingentius
2662 4352 2743 4414 ad
2777 4354 3137 4415 comitatum
3175 4355 3587 4435 Imperatoris
3618 4357 3773 4415 mit—

2891 4442 3084 4494 tatur.

2195 4531 2546 4601 imperatores
2571 4533 2827 4598 Caesares,
2869 4534 3052 4595 Flavii,
3097 4533 3496 4590 Coasrxmmus
3526 4535 3571 4588 Μ
3584 4551 3774 4590 nonis

2263 4612 2316 4656 et
2342 4601 2937 4676 VAleRIUVS‘LIClNANIUS
2963 4604 3213 4672 Ltcmtus,
3233 4606 3298 4660 ad
3323 4607 3622 4660 Paomxsuu
3650 4624 3774 4676 pro-

2263 4673 2537 4725 consulem
2561 4673 2773 4728 Africae.

2265 4763 2508 4840 Ajllianus
2549 4765 2930 4840 przedecessor
2956 4775 3095 4832 tuus,
3129 4768 3336 4840 merito,
3371 4768 3493 4822 dum
3526 4770 3606 4822 vir
3649 4785 3777 4840 per-

2194 4833 2514 4907 fectissimus
2563 4835 2730 4890 Verus
2760 4837 3000 4907 vicarius
3028 4837 3396 4905 praefectorum
3427 4855 3522 4907 per
3542 4833 3776 4895 Africam

2192 4915 2428 4977 nostram
2459 4905 2805 4977 incommoda
2849 4907 3153 4961 valetudine
3201 4905 3488 4973 teneretur,
3534 4911 3773 4977 ejusdem

2193 4975 2430 5042 partibus
2452 4974 2681 5040 functus,
2715 4976 2852 5030 inter
2885 4987 3076 5032 caetera
3108 4979 3265 5032 etiam
3315 4980 3364 5032 id
3393 4974 3662 5045 negotium
3694 4983 3773 5034 vel

2195 5045 2464 5117 invidiam,
2489 5061 2606 5114 qua:
2627 5045 2693 5099 de
2716 5046 2999 5100 (Imeiliano
3025 5049 3275 5117 episcopo
3305 5050 3554 5102 Ecclesia:
3593 5054 3780 5104 catho-

2195 5115 2317 5189 licze
2348 5114 2556 5189 videtur
2598 5114 3141 5189 es_sge__commota,_ad
3181 5114 3402 5189 examen
3433 5133 3587 5172 suum
3617 5131 3776 5189 atque

2189 5184 2480 5251 jussionem
2505 5186 2524 5214 ¹
2549 5185 2774 5239 credidit
2801 5201 2919 5240 esse
2946 5188 3321 5253 revoeamlum,
3353 5198 3458 5242 etc.

2257 5273 2504 5338 Reliquum
2529 5287 2594 5338 ex
2617 5274 2700 5338 lib.
2726 5276 2757 5323 5
2778 5282 2943 5338 contra
2983 5280 3289 5326 Cresconiqu
3322 5293 3372 5326 n.
3395 5279 3473 5338 81,
3503 5286 3556 5328 et
3581 5292 3643 5328 ex
3687 5290 3775 5326 Atl-

2193 5334 2600 5396 gustini'epistola
2617 5336 2696 5395 88,
2722 5350 2770 5384 n.
2788 5336 2834 5396 4,
2855 5339 3197 5400 repetendum.

2196 5413 2298 5498 Ad_
2314 5415 2952 5498 ΔΥἱσᾳνίμητ-ΑΪνίοιε,
2998 5429 3068 5480 ut
3105 5421 3411 5481 Arelatem
3439 5420 3522 5481 ad
3557 5423 3772 5482 conci-

2276 5492 2428 5554 lium
2455 5496 2548 5578 ire
2587 5492 2803 5575 jubartt
2835 5507 3051 5575 partes
3081 5502 3245 5560 inter
3285 5519 3434 5578 quos
3461 5509 3592 5560 erat
3625 5519 3768 5561 con—

2276 5573 2606 5633 traversiaL

2259 5679 2270 5705 -‘
2311 5681 2448 5724 Forte
2470 5708 2483 5731 ,
2508 5673 2728 5735 falsatam

2265 5761 2270 5766 -
2315 5743 2470 5797 Forte,
2499 5743 2634 5800 atque
2649 5738 2733 5797 jur
2807 5738 3076 5802 όὲειίίέητβη
3102 5738 3201 5800 vel,
3226 5740 3402 5802 absque
3415 5738 3648 5801 jussione.
