4108 6198
513 331 612 387 787

579 448 813 513 Natalis,
866 448 1208 517 Theodorus,
1260 448 1528 504 Proterius
1550 491 1564 513 ,
1613 448 1806 503 Vocins
1828 489 1842 511 ,
1894 447 2090 514 Verus,

581 520 923 572 Probatiattus
947 522 960 550 ¹
983 560 995 578 .
1023 519 1364 582 Ca-cilianus,
1400 519 1710 580 Faustinus,
1741 519 2054 587 Surge-titius
2075 562 2088 582 ,

578 589 896 658 Gregorius,
945 589 1212 652 Reticius,
1253 591 1625 655 Ambitausus,
1661 590 2015 643 Terminatius
2041 593 2092 656 ¹,

576 658 850 724 Merocles,
883 659 1108 724 Pardus,
1135 659 1384 720 Adelftus.
1416 661 1717 722 llihcruius,
1752 659 2092 726 Fortunatus,

575 729 883 799 Aristasius,
912 730 1250 799 Lampadius,
1280 730 1486 793 Vitalis,
1515 730 1802 794 Maternus,
1833 730 2091 794 Liberius,

576 797 884 868 Gregorius,
913 797 1188 863 Crescens,
1221 801 1515 865 Avitianus,
1545 799 1760 858 Dafuus,
1783 801 2087 860 Orientalis,

577 868 909 942 Quintasius,
941 869 1138 936 Victor,
1172 871 1463 942 Epictetus,
1498 870 1549 924 in
1587 870 1810 925 Domino
1840 880 2090 925 aeternam

573 940 818 995 salutem.

572 1073 851 1129 Communi
878 1075 1062 1143 copula
1091 1075 1365 1130 eharitatis
1390 1086 1443 1131 et
1474 1075 1672 1130 unitate
1700 1075 1882 1129 matris
1905 1073 2090 1130 Eccle-

501 1144 598 1199 sia:
624 1144 898 1198 eatholiem
919 1145 1126 1198 vinculo
1151 1145 1491 1209 iuhzerentes,
1517 1146 1581 1199 ad
1607 1145 1992 1200 Arelatensium
2015 1146 2090 1199 ci-

501 1216 748 1280 vitatem,
778 1215 1000 1283 piissimi
1030 1215 1364 1282 Imperatoris
1395 1218 1662 1270 voluntate
1692 1215 1932 1278 adducti,
1966 1216 2088 1271 inde

504 1294 590 1354 te,
623 1285 1018 1352 religiosissime
1039 1285 1058 1316 ³
1089 1285 1249 1354 Papa,
1282 1301 1400 1338 cum
1445 1287 1630 1338 merita
1673 1286 1968 1340 reverentia
1999 1301 2086 1340 sa-

502 1354 733 1408 lutamus
760 1373 776 1425 γε
807 1354 890 1425 ubi
921 1369 1107 1423 graves
1136 1370 1198 1408 ac
1225 1357 1552 1425 perniciosos
1581 1356 1679 1425 legi
1711 1367 1904 1408 nostra:
1931 1366 2088 1424 atque

503 1424 790 1483 traditioni.
821 1423 1088 1477 eth-enata:
1115 1423 1304 1478 mentis
1333 1426 1571 1479 homines
1600 1423 1928 1494 pertulimus,
1953 1423 2087 1494 quos

502 1505 556 1547 et
588 1495 676 1546 Dei
709 1493 872 1545 nostri
906 1509 1137 1562 praesens
1167 1495 1474 1558 auctoritas,
1505 1506 1558 1548 ct
1585 1493 1792 1548 traditio
1820 1511 1880 1549 ac
1907 1493 2086 1564 regula

501 1565 736 1617 veritatis
769 1564 837 1616 ila
869 1566 1089 1632 rcSpttit,
1124 1574 1180 1617 ut
1211 1566 1348 1618 nulla
1382 1566 1432 1618 in
1466 1566 1568 1619 illis
1593 1574 1684 1618 aut.
1712 1566 1920 1620 dicendi
1954 1568 2085 1618 ratio

501 1633 845 1698 subsisteret,
878 1644 968 1687 aut
997 1634 1275 1687 accusandi
1309 1635 1497 1688 n'tudus
1528 1636 1693 1698 ullus,
1727 1647 1816 1688 aut
1846 1635 2084 1704 probatio

499 1706 826 1756 ronveniret.
860 1704 979 1757 Ideo
1001 1746 1014 1768 ,
1043 1705 1219 1771 judice
1255 1706 1360 1757 Deo
1394 1715 1448 1758 et
1488 1717 1657 1760 matre
1701 1706 1935 1759 Ecclesia
1968 1722 2084 1773 qua:

499 1787 624 1827 suos
657 1778 800 1826 novit
835 1783 888 1827 et
926 1775 1264 1841 comprobat,
1296 1785 1385 1828 aut
1419 1775 1652 1829 datnnati
1691 1785 1847 1842 sunt,
1879 1786 1967 1828 aut
1998 1792 2084 1829 re-

501 1843 658 1907 t-ulsi.
693 1845 755 1896 Et
788 1845 986 1898 utinam
1008 1885 1020 1908 ,
1052 1844 1214 1899 frater
1239 1845 1614 1912 dilectissime,
1648 1845 1712 1898 ad
1748 1845 1847 1899 huc
1878 1855 2078 1899 tantum

498 1913 856 1981 spectaculum
893 1915 1148 1968 interesse
1179 1917 1304 1967 tanti
1334 1914 1572 1969 fecisses.
1606 1915 1876 1976 Profecto,
1907 1916 2081 1970 credi-

499 1997 639 2047 mus,
669 1984 788 2049 quia
817 1983 866 2036 in
884 1999 988 2054 eos
1017 1985 1249 2054 severior
1281 1984 1461 2037 fuisset
1492 1987 1752 2038 sententia
1781 1985 2002 2054 prolata,
2029 1996 2084 2039 et

501 2063 551 2123 te
582 2054 778 2120 pariter
809 2053 1080 2106 nobiscum
1119 2053 1388 2119 iudicante
1411 2095 1438 2122 ,.
1468 2064 1637 2108 ccetus
1677 2053 1856 2109 noster
1894 2056 2079 2123 majori

497 2122 675 2193 laetitia
703 2123 1039 2193 exsultassct.
1082 2123 1186 2177 Sed
1223 2125 1469 2192 quoniam
1507 2124 1756 2179 recedi-re
1785 2140 1812 2176 a
1847 2122 2079 2193 partibus

500 2191 604 2262 illis
644 2192 861 2246 minime
906 2193 1155 2260 potuisti,
1185 2191 1457 2261 inquibus
1487 2202 1540 2247 et
1569 2195 1810 2262 Apostuli
1844 2191 2078 2261 quotidie

498 2261 714 2332 sedent,
745 2272 797 2316 et
825 2278 982 2315 cruor
1015 2262 1246 2330 ipsorum
1283 2264 1396 2316 sine
1429 2261 1816 2317 intermissione
1850 2265 1936 2317 Dei
1967 2265 2080 2332 glo-

495 2330 626 2384 riam
648 2341 896 2392 testatur;
927 2348 1029 2385 non
1055 2342 1230 2386 tamen
1257 2333 1366 2386 haec
1390 2334 1500 2386 sola
1527 2335 1677 2388 nobis
1703 2334 1812 2386 visa
1837 2330 2077 2388 sunt—tra-

495 2401 681 2455 ctanda
701 2441 715 2466 ,
744 2402 904 2456 frater
929 2401 1237 2456 charissime
1256 2443 1271 2468 ,
1299 2402 1363 2456 ad
1390 2419 1508 2470 qua:
1536 2404 1803 2460 fueramus
1836 2404 2037 2458 invitati
2060 2446 2074 2470 ,

493 2471 587 2540 sed
616 2480 668 2524 et
693 2471 1072 2525 consulendum
1102 2473 1493 2540 nobismetipsis
1519 2475 1820 2528 censuimus
1845 2491 1857 2526 :
1882 2483 1932 2526 et
1953 2490 2070 2527 cum

494 2539 717 2594 diversm
755 2543 861 2594 sint
905 2542 1189 2611 provincia:
1223 2557 1288 2596 ex
1326 2539 1515 2610 quibus
1553 2543 1891 2604 advenimus,
1925 2545 1994 2596 ita
2022 2555 2074 2600 et

494 2611 636 2680 varia
659 2611 967 2680 contingunt
988 2628 1104 2679 qua:
1133 2625 1229 2665 nos
1250 2626 1529 2666 censemus
1552 2613 1834 2667 observare
1855 2613 2067 2669 debere.

498 2677 724 2751 [Placuit
752 2677 877 2749 ergo
908 2677 1165 2750 praiscntc
1188 2680 1383 2750 Spiritu
1414 2691 1598 2736 sancto
1626 2696 1676 2736 et
1708 2683 1921 2751 Angelis
1937 2685 2070 2750 ejus,

493 2749 552 2821 ut
576 2758 629 2803 et
655 2749 735 2804 his
761 2752 849 2821 qui
880 2749 1113 2820 singulos
1142 2749 1276 2820 quos
1306 2751 1553 2805 monebat
1575 2751 1615 2815 ’⁵,
1641 2749 1878 2820 judicare
1899 2794 1911 2815 ,
1947 2749 2067 2821 pro-

492 2817 751 2892 ferremus
773 2817 840 2874 de
859 2817 1046 2892 quiete
1065 2817 1328 2890 praiscnti.
1357 2821 1559 2875 Placuit
1581 2817 1758 2886 etiam,
1783 2817 2068 2892 antequam

492 2903 520 2940 a
552 2897 602 2943 te
635 2890 724 2961 qui
763 2892 992 2959 majores
1020 2891 1279 2961 dioeceses
1308 2900 1486 2956 tenes,
1522 2907 1615 2960 per
1646 2901 1696 2947 te
1738 2890 2067 2961 potissmium

492 2960 738 3035 erunibus
757 2961 1004 3014 insinuari
1021 2960 1281 3035 [(1)].Quid
1297 2971 1472 3035 autem
1489 2962 1704 3035 sitquod
1723 2960 2067 3035 Senserimus,

490 3030 688 3101 scripto
711 3039 903 3101 nostra:
925 3030 1298 3085 mediocritatis
1325 3030 1709 3100 subjunxiunts.
1734 3035 1799 3086 At
1821 3033 1868 3085 id
1898 3034 2067 3101 primo

493 3097 610 3153 loco
636 3100 700 3154 de
728 3100 828 3153 vita
859 3111 1037 3154 nostra
1066 3109 1223 3169 atque
1249 3097 1475 3154 utilitate
1503 3103 1828 3156 tractandum
1860 3097 1979 3164 fuit,
2012 3115 2066 3157 nt

489 3170 610 3236 quia
643 3185 777 3223 unus
816 3184 910 3238 pro
940 3171 1120 3223 multis
1149 3180 1387 3224 mortuus
1416 3179 1527 3236 est,
1557 3178 1612 3226 et
1647 3173 1970 3237 resurrexit,
1999 3174 2066 3228 ab

487 3239 734 3310 omnibus
759 3248 964 3307 tempus
986 3241 1154 3306 ipsmn
1177 3240 1247 3294 ita
1271 3241 1510 3309 religiosa
1532 3251 1710 3298 mente
1731 3243 2063 3310 observetur,

489 3312 554 3382 ne
575 3309 864 3382 divisiones
888 3311 968 3364 vel
995 3311 1352 3382 dissensiones
1379 3313 1430 3364 iu
1458 3320 1601 3366 tanto
1622 3311 1877 3382 obsequio
1905 3309 2063 3367 devo-

489 3379 645 3452 tionis
675 3381 878 3448 possint
904 3395 1208 3451 exsurgere.
1239 3380 1531 3452 Censemus
1560 3397 1686 3452 ergo
1723 3379 1924 3436 Pascha
1955 3384 2062 3437 Do-

489 3448 616 3501 mini
648 3465 739 3516 per
763 3452 946 3503 orbem
976 3448 1142 3503 totum
1169 3465 1270 3503 una
1299 3450 1385 3505 die
1411 3448 1745 3505 observatum
1774 3453 1855 3504 iri.
1882 3454 1953 3506 De
1980 3453 2061 3508 his

485 3532 696 3584 quoque
723 3517 811 3584 qui
843 3519 1262 3586 quibuscumque
1286 3519 1418 3573 locis
1438 3521 1664 3573 ordinati
1688 3521 1880 3574 fuerint
1901 3524 2059 3576 mini-

485 3586 682 3659 :‘tri,_u_t
705 3587 754 3640 in
780 3587 904 3659 ipsis
924 3587 1052 3641 locis
1071 3599 1427 3659 perseverent.
1451 3590 1522 3642 De
1541 3589 1622 3643 his
1641 3591 1796 3644 etiam
1813 3593 1900 3659 qui
1917 3606 2060 3646 arma

483 3655 768 3724 projicinnt
797 3655 848 3709 in
879 3673 1024 3724 pace,
1057 3658 1250 3725 placuit
1277 3657 1528 3713 abstineri
1554 3674 1646 3712 eos
1675 3674 1703 3712 a
1729 3655 2059 3716 communio-

484 3741 571 3780 ne.
597 3725 671 3781 De
692 3725 1366 3800 circissariisagitutoribus
1386 3729 1473 3798 qui
1498 3728 1681 3800 fideles
1703 3741 1841 3792 sunt,
1865 3731 2060 3800 placuit

480 3809 610 3868 eos,
649 3796 898 3868 quamdiu
937 3796 1170 3868 agitant,
1212 3813 1240 3851 a
1281 3796 1654 3868 communione
1691 3796 1941 3868 separari.
1987 3803 2060 3858 De

483 3865 773 3931 theatrieis,
803 3867 945 3938 ipsos
977 3867 1171 3935 placuit
1197 3867 1446 3936 quamdiu
1471 3879 1652 3938 agunt,
1681 3883 1710 3922 a
1738 3865 2063 3925 communio-

480 3952 547 3990 ne
582 3937 946 4008 separari.rDe
987 3937 1068 3990 his
1105 3939 1191 4008 qui
1231 3940 1279 3991 in
1311 3937 1614 3994 inﬁrmitate
1639 3947 1761 3993 sunt
1788 3941 2058 3996 constituti

479 4014 534 4060 et
571 4006 822 4079 recedere
844 4007 865 4038 '
905 4006 1136 4072 volunt,‘
1160 4008 1354 4079 placuit
1383 4009 1461 4063 eis
1491 4024 1701 4062 manum
1737 4011 1950 4079 imponi.
1987 4013 2059 4067 De

479 4076 793 4145 praesidibus
817 4086 991 4130 autem
1017 4079 1104 4144 qui
1138 4078 1320 4132 fideles
1347 4090 1503 4141 sunt,
1535 4089 1588 4131 ct
1623 4079 1686 4130 ad
1722 4076 2056 4146 przesidatum

477 4147 780 4210 consiliunt,
812 4147 877 4200 ita
904 4147 1114 4215 placuit,
1143 4158 1197 4200 ιιι
1219 4163 1336 4202 cum
1364 4150 1584 4216 promoti
1612 4147 1823 4212 fuerint,
1855 4151 2056 4206 litteras

477 4217 688 4285 quidem
719 4217 978 4285 accipiant
1007 4217 1396 4272 ecclesiasticas
1424 4219 1953 4284 communicatorias,
1987 4223 2055 4275 ita

477 4294 654 4358 tamen
681 4295 737 4358 ut
763 4287 815 4340 in
843 4288 1261 4358 quibuscumque
1287 4287 1418 4341 locis
1441 4290 1729 4358 gesserint.
1759 4290 1825 4343 ab
1851 4292 2056 4358 episco-

475 4357 558 4424 pis
581 4357 816 4427 ejusdem
847 4357 946 4411 loci
971 4371 1094 4409 cura
1125 4358 1225 4410 illis
1250 4357 1473 4424 agatur:
1503 4370 1557 4413 et
1580 4360 1623 4413 si
1649 4357 1908 4427 ceperint
1929 4375 2057 4414 con-

476 4435 554 4478 tra
575 4426 908 4494 disciplinam
931 4441 1109 4494 agere,
1133 4435 1255 4480 tunc
1281 4427 1492 4481 demum
1519 4444 1548 4480 a
1574 4426 1944 4482 communione
1963 4446 2056 4484 ex-

472 4495 772 4568 cludantur.
806 4495 875 4568 Et
901 4495 966 4549 de
1003 4497 1083 4568 his
1117 4497 1330 4568 quidem
1373 4499 1461 4566 qui
1503 4500 1552 4551 in
1593 4500 1856 4568 republica
1898 4515 2053 4567 agerc

473 4567 688 4629 volunt,
722 4567 984 4619 similiter.
1015 4567 1091 4638 De
1129 4566 1267 4620 Afris
1296 4578 1501 4631 autem,
1532 4566 1668 4637 quod
1698 4569 1907 4635 propria
1937 4566 2053 4638 lege

469 4651 564 4690 sua
593 4645 822 4706 utantur,
856 4643 916 4689 ut
953 4636 1312 4705 rcbaptizeut.
1352 4636 1631 4706 plaeuitut
1658 4638 1723 4690 ad
1761 4636 2048 4694 Ecclesiain

470 4705 514 4776 si
541 4706 732 4775 aliquis
757 4704 1037 4760 hzereticus
1067 4704 1292 4770 venerit,
1326 4704 1652 4776 interrogent
1679 4722 1797 4762 eum
1828 4709 2052 4776 Symbo-

471 4774 610 4840 lum;
634 4774 690 4831 et
714 4777 757 4829 si
788 4777 1108 4845 pervidet-int
1133 4793 1255 4832 eum
1283 4781 1333 4830 in
1363 4778 1518 4831 Patre
1534 4774 1590 4830 et
1618 4777 1750 4831 Filio
1773 4787 1827 4832 et
1850 4774 2048 4846 Spiritu

469 4857 653 4900 sancto
679 4860 798 4901 esse
825 4847 1165 4915 baptizatum,
1195 4863 1382 4900 manus
1409 4856 1608 4901 tantum
1635 4848 1682 4901 ei
1711 4848 2045 4916 imponatur:

465 4916 606 4984 qttud
633 4917 679 4971 si
708 4917 1059 4983 interrogatus
1085 4917 1416 4986 Symbolum,
1442 4932 1546 4970 non
1579 4918 1910 4986 responderit
1931 4919 2050 4974 Tri-

466 4989 683 5060 nitatem
705 5025 728 5060 ,Α
759 4997 884 5060 tunc
923 4988 1112 5040 merito
1146 4987 1479 5060 baptizetur;
1521 4996 1577 5042 et
1606 4987 2046 5060 _cmtera._[Tuttc

466 5056 685 5112 twdians
709 5056 866 5126 jussit
890 5071 1076 5112 omnes
1099 5056 1164 5111 ad
1193 5055 1349 5112 sedes
1377 5071 1500 5112 suas
1528 5056 1699 5112 redire
1730 5055 1850 5131 (b).]

528 5194 543 5226 ³
580 5191 724 5253 Alias,
751 5189 1011 5253 Probatius.

523 5256 543 5286 '
578 5251 718 5313 Alias,
745 5251 1016 5302 Termatius.

523 5317 544 5378 φ
577 5313 717 5376 Alias,
739 5313 1092 5378 gloriosissinw.

521 5376 543 5409 δ
577 5374 717 5435 Alias,
735 5374 960 5425 irretiebat.

521 5439 544 5472 ⁵
577 5438 720 5500 Alias,
742 5435 959 5489 credere.

523 5538 598 5602 (α)
623 5539 812 5602 ιιιςξιιᾴἱδ
833 5544 1026 5588 scatere
1050 5535 1274 5602 videntur
1297 5549 1406 5602 qua:
1428 5537 1506 5588 hic
1527 5537 1664 5587 uacis
1686 5517 1866 5587 inelusa
1890 5545 2034 5597 sunt,

464 5599 587 5650 adeo
603 5599 797 5650 difficile
821 5606 898 5650 est
918 5611 1119 5648 sensum
1140 5599 1711 5648 rationi’cousentaneum
1738 5613 1934 5648 eruere.
1982 5608 2034 5648 M.

522 5658 593 5722 (ὁ)
626 5669 720 5712 tloc
766 5660 824 5710 ad
860 5660 1116 5723 sequentis
1154 5659 1371 5721 epistolae
1412 5658 1601 5709 titulum
1639 5667 1863 5722 spectare
1900 5659 2034 5711 vide-

463 5729 554 5776 tur.

1984 293 2368 390 Attrigstnx.’

3686 350 3787 408 783

2205 452 2651 516 Constantinus
2667 458 3135 518 Donatistarum
3157 479 3223 519 co
3235 464 3603 524 ntumaciam
3626 464 3780 526 dete-

2281 535 3065 621 stansajubetuepiscopos
3099 539 3458 621 catholicos,
3486 545 3597 621 qui
3620 545 3768 605 Are-

2281 613 2504 702 latensi
2529 617 2796 702 concilio
2827 613 3271 697 interfuerunt,
3321 619 3402 680 ad
3435 613 3579 682 scias
3617 642 3768 702 pro-

2280 693 2520 754 vincias
2547 694 2752 754 redire

2197 809 2591 868 Cossunrmus
2625 805 2928 878 Aecusrus,
2962 816 3234 883 Episeupis
3267 818 3544 875 catholicis
3573 822 3777 878 charis-

2636 885 2784 938 simis
2811 886 3060 940 fratribus
3088 888 3337 941 salutem.

2267 993 2483 1073 lEterna
2512 1006 2564 1050 et
2593 997 2866 1064 religiosa,
2900 998 3449 1073 incomprehensibilis
3487 1005 3652 1073 pietas
3686 1007 3778 1062 Dei

2196 1067 2391 1136 nostri,
2432 1082 2758 1136 nequaquam
2803 1070 3058 1136 permittit
3098 1072 3375 1125 humanam
3420 1067 3777 1131 conditionem

2193 1134 2387 1216 diutius
2410 1136 2460 1190 in
2486 1134 2717 1216 tenebris
2740 1134 3010 1216 aberrare,
3037 1157 3206 1208 neque
3229 1143 3423 1210 patitur
3438 1159 3634 1216 exosus
3655 1163 3780 1216 quo-

2193 1206 2432 1278 rumdam
2455 1207 2748 1278 voluntates
2772 1223 2936 1276 usque
2959 1210 3006 1260 iu
3033 1206 3244 1264 tantum
3260 1213 3564 1278 pervadere,
3593 1226 3645 1269 ιιι
3672 1206 3775 1272 non

2192 1276 2301 1352 suis
2331 1277 2746 1352 praeclarissimis
2777 1278 3065 1352 luminibus
3091 1276 3267 1335 denuo
3295 1283 3530 1352 pandens
3553 1276 3658 1340 iter
3685 1303 3774 1341 sa—

2194 1345 2396 1418 lutare,
2436 1346 2642 1418 easdct
2675 1347 2741 1400 ad
2782 1349 3013 1417 regulam
3049 1351 3266 1418 justitim
3295 1345 3552 1408 converti.
3596 1357 3777 1410 Habeo

2191 1415 2383 1488 quippe
2407 1416 2675 1488 cognitum
2708 1415 2884 1472 multis
2911 1415 3167 1488 exemplis
3196 1439 3207 1474 :
3243 1421 3353 1476 hare
3379 1423 3562 1478 eadem
3592 1443 3657 1480 ex
3690 1444 3774 1482 me

2192 1485 2306 1554 ipso
2328 1485 2535 1564 metior.
2561 1487 2792 1540 Fuerant
2812 1489 2951 1564 enini
2976 1489 3024 1542 in
3049 1485 3417 1564 meprimitns,
3439 1497 3772 1564 qnazjustitia

2190 1557 2732 1634 carere_videbantur,
2757 1573 2854 1612 nec
2881 1560 2981 1612 ulla
3014 1557 3258 1628 putabam
3287 1557 3467 1634 videre
3489 1557 3770 1634 supernam

2191 1627 2512 1704 potentiam,
2545 1642 2662 1695 qua:
2698 1629 2852 1704 intra
2874 1627 3076 1682 secreta
3120 1633 3346 1704 pectoris
3377 1635 3478 1687 mei
3508 1627 3766 1704 gererem.

2190 1695 2444 1764 Equidem
2487 1697 2632 1762 ha'c,
2666 1708 2720 1750 ut
2749 1698 2891 1764 dixi,
2923 1695 3130 1764 mquam
3172 1702 3432 1757 fortunam
3471 1695 3770 1761 doliuerunt

2188 1768 2385 1831 sortiri,
2411 1767 2612 1820 SCiiiCt‘l
2633 1768 2876 1822 omnibus
2902 1767 3055 1822 malis
3078 1771 3460 1826 redundantem
3483 1793 3494 1826 :
3516 1777 3607 1828 sed
3635 1777 3772 1831 Deus

2188 1837 2523 1913 omnipotens
2550 1837 2598 1890 in
2617 1838 2774 1913 caelis
2793 1853 2896 1913 per
2921 1841 3110 1893 smenla
3137 1842 3396 1913 residens.
3429 1845 3602 1899 tribuit
3628 1848 3770 1913 quod

2189 1922 2292 1960 non
2320 1908 2578 1961 merebar.
2609 1907 2892 1982 Certojam
2914 1925 3100 1982 neque
3115 1911 3239 1977 dici,
3274 1928 3442 1982 neque
3468 1907 3767 1970 cutnnerari

2186 1987 2406 2043 possunt
2435 1993 2494 2030 ea
2518 2018 2530 2037 .
2567 1994 2682 2046 qua:
2722 1979 2925 2032 caelesti
2952 1995 3045 2033 sua
3093 1981 3142 2033 in
3175 1997 3258 2034 me
3302 1979 3555 2038 fanndttm
3604 2003 3757 2039 suum

2187 2047 2556 2101 DCIICYOit‘PIllia
2594 2049 2886 2112 concessit,
2921 2051 3239 2104 sanetissiini
3285 2056 3546 2107 antistites
3572 2055 3764 2111 Christi

2185 2116 2740 2195 S_alvattiris,__ft'alres
2792 2119 3109 2195 charissimi.
3157 2121 3374 2195 Gaudeo
3421 2125 3578 2192 igitur
3614 2129 3762 2195 equi-

2185 2186 2662 2264 dem_._s_pe_eiali_ter,
2693 2189 2898 2257 gaudeo
2925 2191 3063 2264 quod
3088 2192 3302 2264 tandem
3333 2186 3508 2247 habita
3532 2186 3764 2264 jtiStissi-

2185 2271 2269 2310 ma
2298 2256 2712 2331 dijudicatione,
2740 2274 2834 2312 eos
2873 2259 2938 2312 ad
2958 2262 3248 2331 meliorem
3280 2279 3428 2331 spem
3473 2256 3761 2320 fortunam-

2183 2341 2287 2394 que
2329 2328 2656 2400 revocastis,
2693 2343 2826 2400 quos
2868 2328 3166 2400 malignitas
3200 2328 3397 2388 diaboli
3430 2335 3702 2389 videbatur
3729 2354 3760 2391 a

2184 2396 2589 2469 praeclarissima
2647 2398 2764 2452 lure
2812 2399 2942 2469 legis
2995 2396 3271 2457 catholica:
3329 2405 3614 2458 miserabili
3665 2423 3758 2462 sua

2184 2467 2526 2542 persuasione
2585 2467 2947 2542 avertisseJO
2988 2485 3112 2542 vere
3175 2473 3358 2527 victrix
3435 2476 3758 2542 providentia

2181 2537 2378 2615 Qltristi
2409 2536 2694 2592 Salvatoris
2719 2540 2822 2615 ιυι
2851 2541 3008 2593 etiam
3043 2540 3124 2615 his
3153 2536 3488 2610 consuleret,
3535 2548 3622 2615 qtti
3648 2547 3757 2615 jam

2183 2607 2543 2686 desciscentes
2575 2623 2616 2686 a_
2641 2609 2899 2686 veritate_.
2927 2610 3153 2686 quodam
3199 2614 3356 2668 modo
3385 2607 3756 2686 adversus'ip-

2180 2692 2291 2753 sam
2337 2693 2484 2753 arma
2530 2678 2918 2753 inducentesf,
2946 2678 3216 2753 'gentibus
3257 2699 3316 2737 se
3353 2678 3750 2753 copulavermit.

2178 2747 2276 2824 Qui
2307 2747 2349 2800 si
2366 2747 2463 2824 _vel_
2499 2763 2638 2824 nunc
2667 2764 2787 2824 vera
2823 2748 2925 2824 fide
2951 2747 3213 2806 voluerint
3250 2747 3499 2824 obsequia
3527 2761 3756 2812 sanctis-

2179 2817 2464 2895 sima:_legi
2493 2818 2732 2895 deferre,
2765 2819 3054 2895 intelligere
3085 2831 3332 2890 poterunt
3370 2817 3621 2895 quantum
3653 2829 3754 2882 sibi

2179 2895 2307 2962 nutu
2339 2887 2429 2940 Dei
2471 2889 2538 2941 sit
2577 2889 2872 2962 provisum.
3012 2887 3113 2945 hoc
3150 2887 3402 2962 quidem,
3435 2898 3754 2952 sanctissimi

2177 2956 2397 3032 fratres,
2428 2956 2706 3032 sperabam
2743 2959 2902 3032 etiam
2935 2959 2986 3013 in
3032 2963 3138 3026 eis,
3165 2956 3356 3032 quibus
3384 2956 3622 3031 ingenita
3671 2978 3754 3022 est

2178 3027 2403 3100 inanima
2435 3027 2655 3100 durities
2694 3029 2890 3094 animi,
2924 3045 3078 3097 posse
3103 3027 3418 3100 reprehendi
3447 3027 3490 3089 δι
3513 3036 3618 3089 Sed
3647 3053 3752 3092 non

2176 3095 2372 3166 profuit
2406 3097 2552 3172 apud
2595 3112 2687 3151 eos
2730 3095 3251 3172 rectajdijudicatiq,
3287 3120 3456 3172 neque
3489 3108 3538 3159 in
3567 3121 3751 3162 eorum

2174 3181 2362 3240 sensus
2405 3168 2766 3240 ingressaest
2794 3169 3042 3224 divinitas
3074 3175 3319 3240 prepitia.
3364 3168 3564 3230 Revera
3607 3173 3749 3231 enim

2173 3252 2276 3289 non
2309 3237 2572 3290 immerito
2611 3238 2677 3291 ab
2720 3237 2800 3292 his
2841 3241 3021 3307 procul
3064 3237 3381 3297 abscesserit
3406 3247 3598 3300 Christi
3637 3250 3746 3300 cle-

2175 3308 2366 3360 mentia
2391 3349 2404 3369 ,
2453 3308 2502 3360 in
2537 3308 2726 3383 quibus
2767 3309 3041 3383 manifesta
3088 3313 3204 3366 luce
3246 3313 3411 3368 claret
3447 3317 3748 3383 huiusmodi

2174 3391 2327 3442 esse,
2356 3387 2412 3430 ut
2448 3393 2539 3431 eos
2581 3378 2738 3450 etiam
2767 3394 2796 3432 a
2823 3380 3024 3434 cmlesti
3059 3385 3358 3450 provisione
3397 3378 3586 3440 exosus
3625 3403 3745 3440 cer-

2173 3461 2359 3521 namus
2393 3465 2405 3500 :
2459 3449 2668 3521 qugehin
2716 3449 2858 3516 ipsus
2895 3450 2916 3521 _'
2961 3449 3104 3505 tanta
3146 3456 3358 3507 vesania
3401 3469 3702 3521 pt-rseverat
3729 3499 3744 3520 ,

2171 3531 2288 3595 eum
2323 3517 2628 3595 incredibili
2645 3519 2940 3595 arrogantia
2964 3522 3314 3595 persuadeant
3342 3517 3474 3590 sibi,
3503 3543 3620 3595 qua:
3649 3517 3746 3582 nec

2171 3585 2273 3664 dici
2295 3627 2310 3650 ,
2339 3602 2437 3640 nec
2462 3586 2629 3664 audiri
2657 3586 2734 3664 fas
2765 3585 2878 3655 est,
2910 3585 3267 3664 ddscisccntcs
3307 3611 3332 3646 a
3374 3585 3746 3664 recto-judicio

2171 3655 2324 3719 datu,
2365 3673 2471 3721 quo
2532 3657 2734 3710 cmlesti
2790 3659 3089 3726 provisione
3138 3679 3312 3716 meum
3359 3655 3611 3726 judicium
3650 3683 3746 3722 eos

2166 3727 2398 3799 comperi
2422 3728 2687 3795 po=lnlarc
2713 3746 2724 3780 :
2756 3745 2870 3796 qua:
2901 3731 2978 3782 vis
3001 3732 3335 3799 malignitatis
3357 3735 3405 3788 in
3428 3737 3743 3792 corumdem

2168 3797 2826 3872 pectoribus-perseverat.
2858 3799 3074 3872 Quoties
3095 3797 3237 3857 a'me
3263 3805 3369 3869 jam
3401 3805 3513 3872 ipso
3539 3807 3742 3872 impru-

2167 3866 2404 3943 bissimis
2432 3866 2754 3943 aditionibus
2793 3871 2903 3943 suis
2947 3879 3070 3923 sunt
3098 3866 3357 3941 condigna
3392 3866 3742 3943 responsione

2166 3937 2444 4004 oppressi?
2471 3937 2568 4002 Qui
2603 3937 2778 4005 utique
2807 3939 2847 3991 si
2883 3939 2981 3992 hoc
3022 3950 3143 3994 ante
3186 3937 3366 3996 oculos
3410 3937 3605 4000 habere
3645 3963 3741 4000 vo-

2167 4006 2415 4080 lutis-ent,
2468 4007 2684 4080 minime
2731 4008 2835 4080 hoc
2873 4009 3045 4080 ipsum
3076 4011 3534 4080 iuterpoutissent.
3569 4017 3740 4070 Meum

2159 4075 2411 4154 judicium
2441 4076 2728 4154 postulant,
2753 4079 2838 4146 qui
2871 4075 2982 4154 ipse
3005 4075 3257 4154 judicium
3309 4083 3502 4138 Christi
3549 4103 3743 4154 exspe-

2163 4154 2268 4223 cto.
2303 4146 2428 4223 Dico
2452 4146 2631 4223 enim,
2661 4157 2716 4223 ιιι
2745 4163 2802 4223 se
2834 4146 3024 4223 veritas
3055 4150 3577 4223 habet,sacerdotutn
3601 4146 3742 4223 judi-

2162 4216 2300 4288 cium
2335 4216 2589 4288 ita_dcbet
2620 4216 2830 4288 haberi,
2875 4233 2936 4271 ac
2971 4220 3014 4272 si
3057 4221 3167 4288 ipse
3203 4223 3456 4277 Dominus
3499 4216 3741 4280 residens

2155 4283 2376 4357 jndicet.
2403 4285 2558 4357 Nihil
2593 4287 2732 4340 enim
2765 4287 2886 4340 lcet
2927 4288 3006 4341 his
3035 4283 3176 4342 aliud
3209 4295 3438 4357 sentire,
3475 4297 3556 4350 vel
3599 4298 3738 4351 aliud

2156 4354 2430 4428 judicare.
2465 4356 2562 4409 nisi
2603 4357 2744 4428 quod
2787 4357 2980 4412 Christi
3025 4362 3330 4428 magisterio
3373 4354 3495 4418 sunt
3538 4367 3734 4420 edocti.

2159 4425 2293 4490 Quid
2337 4426 2496 4496 igitur
2523 4427 2774 4496 sentiunt
2817 4428 3026 4496 maligni
3078 4425 3355 4495 homines,
3401 4433 3576 4488 officia
3613 4478 3625 4493 .
3677 4447 3735 4490 ιιι

2159 4510 2285 4547 vere
2314 4494 2573 4568 dixisti},
2600 4495 2840 4568 diaboli?
2869 4494 3187 4568 Dei-quirnnt
3225 4494 3527 4568 sarctilaria,
3563 4506 3728 4559 relin-

2157 4573 2380 4632 quentes
2410 4565 2667 4620 caelestia.
2695 4564 2738 4620 Ο
2770 4567 2948 4621 rabida
2982 4564 3172 4622 furoris
3208 4572 3423 4626 audacia
3451 4576 3464 4627 !
3506 4564 3640 4628 sicut
3681 4579 3734 4630 in

2156 4636 2590 4713 causis_gentimn
2625 4635 2737 4690 fieri
2764 4638 2931 4713 solet,
2961 4639 3734 4713 appellationeminterposue-

2158 4713 2298 4780 runt.
2330 4704 2586 4780 Equidem
2618 4704 3046 4780 gentesminora'
3081 4710 3339 4764 interdum
3367 4704 3561 4780 judicia
3595 4713 3734 4768 refu-

2155 4774 2512 4852 gientesnubi
2537 4775 2753 4852 justitia
2793 4776 3114 4852 deprehendi
3141 4780 3161 4812 ³
3204 4774 3413 4851 potest,
3462 4787 3627 4852 magis
3666 4787 3732 4840 ad

2156 4845 2357 4912 majora
2388 4844 2583 4921 judicia
2624 4844 2944 4921 auctoritate
2956 4844 3287 4921 interposita
3319 4844 3729 4921 ad-appei'latiu-

2154 4929 2275 4986 nem
2324 4930 2382 4969 se
2408 4914 2650 4970 conferre
2703 4927 2824 4970 sunt
2871 4918 3057 4972 solitte.
3108 4914 3242 4986 Quid
3299 4923 3347 4974 hi
3401 4914 3733 4981 det-rattores

2153 4983 2309 5054 legis,
2342 4986 2428 5054 qui
2457 4996 2740 5060 renuentes
2769 4987 2988 5041 caeleste
3012 4983 3305 5060 judicium,
3350 5007 3526 5046 meum
3574 5006 3728 5060 puta-

2151 5063 2342 5108 vcrunt
2373 5056 2858 5123 postulaudum,sic
2887 5056 3085 5114 sentire
3109 5061 3175 5114 de
3192 5063 3402 5115 Christo
3431 5056 3734 5120 salvatore?

2153 5124 2291 5204 Ecce
2325 5125 2443 5204 jam_
2473 5125 2804 5204 proditores,
2851 5141 2978 5181 ecce
3006 5129 3125 5204 sine
3158 5131 3260 5184 ulla
3293 5133 3483 5204 aeriori
3524 5135 3730 5204 disqui-

2149 5193 2374 5266 sitione,
2428 5193 2529 5266 ipsi
2579 5211 2686 5266 per,
2715 5206 2883 5266 semet
2941 5199 3286 5266 prodiderunt
3327 5201 3562 5256 facinora
3607 5193 3724 5257 s'ua.

2149 5263 2279 5339 Qure
2306 5265 2372 5318 ab
2401 5263 2528 5333 ipsis
2555 5263 2780 5339 sentitur
2799 5263 3143 5339 immanitas,
3183 5272 3278 5339 qui
3327 5271 3377 5324 in
3420 5273 3534 5339 ipso
3571 5274 3679 5328 Deo
3712 5280 3736 5311 ⁸

2151 5335 2407 5388 immanes
2439 5334 2819 5403 prosilierunt?
2846 5335 3102 5406 Equidem
3129 5334 3145 5405 ,
3172 5334 3366 5396 fratres
3385 5334 3684 5398 cliarissimi
3706 5383 3728 5412 ,

2212 5480 2226 5512 ι
2264 5478 2404 5538 Alias,
2428 5476 2690 5528 indicentes.

2209 5543 2228 5572 ⁸
2261 5547 2416 5599 Forte,
2441 5539 2735 5601 deprehendi
2739 5577 2748 5588 .

2209 5603 2230 5664 ἓ
2263 5608 2420 5660 Forte,
2444 5601 2556 5664 quin
2577 5601 2627 5651 in
2645 5601 2776 5664 ipsis.

2207 5661 2227 5694 ι
2261 5669 2414 5721 Forte,

2209 5724 2228 5754 ⁸
2263 5729 2418 5781 Forte,
2444 5721 2730 5784 reprehendi
2750 5760 2761 5772 .

2212 5785 2231 5814 ⁶
2265 5791 2420 5846 Forte,
2442 5783 2492 5834 in
2517 5783 2670 5848 ipsum
2697 5792 2866 5836 Deum.
