4070 6200
460 353 553 407 791

461 473 617 522 virum
657 465 793 518 omni
821 461 1102 516 innocentia
1133 460 1398 532 prwditmn
1421 502 1433 524 ,
1467 476 1524 512 ac
1565 461 1728 512 debita
1772 461 2030 532 religionis

461 553 565 592 sua:
595 536 754 605 ofﬁcia
783 543 1078 598 servantem,
1113 531 1252 599 eique
1278 533 1430 605 itaut
1461 533 1680 605 oportuit
1709 531 2034 605 servientem;

465 624 552 661 nec
580 601 738 658 ullum
769 607 817 656 in
847 621 901 657 eo
928 605 1114 656 crimen
1152 603 1360 672 reperiri
1394 602 1608 672 potuisse
1647 601 1894 654 evidenter
1939 618 2034 672 ap-

462 677 656 743 paruit,
697 675 821 727 sicut
860 675 1047 728 absenti
1086 670 1251 744 fuerat
1293 670 1696 744 adversariorum
1717 686 1934 744 suorum
1964 670 2037 744 si-

464 738 731 799 mulatione
751 738 1095 812 compositum:
1118 742 1310 795 Confer
1338 742 1492 811 epist.
1513 743 1599 801 43,
1634 758 1686 794 ιι.
1711 739 1799 801 ‘20,
1828 749 1954 791 tam.
1981 738 2034 790 ‘2.

534 816 813 885 Aliquanto
868 822 987 885 post
1015 813 1150 885 illud
1178 812 1429 880 judicium
1461 812 1614 880 legem
1641 821 1815 885 contra
1841 820 2037 885 partem

466 879 646 939 Donati
691 883 826 936 dedit
870 879 1248 947 Seuerissimain,
1289 892 1344 934 ut
1385 879 1608 947 testatur
1636 880 1957 948 Augustinus
1987 879 2037 930 in

457 954 680 1023 cpistola
727 954 829 1008 105
853 996 866 1019 ,
914 969 966 1006 ιι.
1011 952 1063 1008 9.
1113 951 1316 1023 Primus
1346 951 1580 1023 adrerstts
1606 965 1794 1023 eorum
1824 965 2040 1023 errorem

458 1018 615 1078 multa
659 1023 915 1077 constituit
941 1063 956 1088 ,
999 1032 1042 1075 et
1081 1023 1149 1074 eis
1179 1020 1407 1074 basilicas
1427 1020 1578 1089 jussit
1604 1020 1826 1090 auferri,
1855 1035 1916 1071 ex
1945 1018 2037 1070 lib.

454 1097 490 1145 ‘2
526 1102 709 1148 contra
750 1093 974 1146 Litteras
1014 1091 1252 1146 Petiliam
1275 1132 1288 1153 ,
1335 1107 1386 1144 ιι.
1428 1091 1570 1144 9.05:
1606 1089 1958 1156 priecepilquc
1988 1098 2041 1140 ut

458 1166 571 1218 loca
621 1163 1062 1232 congregationum
1113 1162 1344 1232 ipsorum
1395 1160 1929 1232 ﬁseo_vintlicarentnr
1967 1173 2040 1232 es

457 1234 697 1300 ejusdem
718 1226 1002 1302 'Angustini
1045 1226 1198 1299 epist.
1228 1231 1324 1293 88,
1361 1226 1496 1302 n.__5.
1531 1229 1682 1302 Legis
1710 1226 2039 1302 Constantini

458 1297 642 1357 contra
690 1297 986 1355 Donatistas
1026 1297 1223 1353 mentio
1263 1302 1316 1352 lit
1353 1315 1381 1351 a
1412 1300 1660 1353 Gratiano
1709 1300 1758 1351 in
1793 1299 1825 1350 l.
1856 1297 1891 1351 ξ).
1919 1297 2037 1352 cod.

460 1373 690 1439 Tlteod.,
721 1373 799 1425 tit.
831 1371 911 1424 Ne
939 1381 1166 1424 sanctum
1196 1369 1456 1438 Buptisma
1485 1370 1705 1422 iteretnr.

461 1459 838 1539 Exemplum
880 1459 1152 1538 epistolis
1203 1456 1609 1520 Constantini
1639 1455 1719 1517 ad
1767 1455 2044 1517 catholi—

1087 1579 1110 1608 ,
1161 1556 1312 1598 eam.

460 1640 858 1694 CONS'I'ANTINUS
886 1640 1178 1696 Aucusrcs,
1211 1637 1469 1688 universis
1497 1635 1772 1702 Eoiseopis
1797 1651 1889 1705 per
1911 1634 2046 1688 Afri-

750 1725 865 1762 eam
893 1751 908 1774 ,
939 1717 993 1762 et
1024 1708 1161 1776 plebi
1191 1707 1439 1760 Ecclesia:
1466 1706 1758 1759 Catholicae.

533 1801 683 1868 Quod
709 1801 838 1855 fides
865 1800 1044 1854 debuit
1064 1841 1078 1862 ,
1108 1809 1358 1867 quantum
1390 1798 1661 1866 prudentia
1687 1798 1867 1862 valuit,
1894 1806 2047 1865 prout

463 1872 664 1938 puritas
695 1872 896 1938 potuit,
932 1878 1162 1922 tentasse
1190 1884 1275 1922 me
1306 1885 1398 1937 per
1426 1869 1601 1922 omnia
1633 1869 1970 1920 humanitatis
1996 1876 2048 1920 et

464 1940 841 1994 moderationis
867 1939 1038 1992 officia
1069 1939 1265 2004 optime
1292 1939 1438 1991 scitis
1459 1980 1472 2001 ,
1501 1949 1554 1990 ιιι
1580 1979 1592 1999 ν
1619 1938 1764 2005 juxta
1797 1939 2046 2004 ,ηηςξςίρ-

467 2011 542 2063 ria
582 2010 711 2079 legis
755 2020 946 2062 nostra:
972 2050 985 2072 ,
1034 2023 1133 2076 pax
1178 2008 1262 2060 illa
1291 2008 1638 2079 sanctissima:
1673 2008 2045 2071 fraternitatis,

465 2080 615 2146 Cujus
637 2075 868 2147 gratiam
912 2075 1048 2130 Deus
1091 2091 1327 2130 Summus
1368 2075 1679 2129 famulorum
1708 2091 1933 2147 suorum
1955 2092 2037 2143 pe-

466 2146 699 2202 etoribus
725 2147 1008 2201 immiscuit
1031 2188 1045 2210 ,
1095 2148 1322 2199 stabilita
1356 2162 1445 2215 per
1472 2161 1681 2200 omnem
1709 2146 2044 2198 concordiam

467 2228 757 2272 teneretur.
805 2217 907 2271 Sed
953 2219 1072 2285 quia
1098 2218 1199 2268 vim
1229 2217 1371 2269 illam
1400 2217 1614 2269 sceleris
1643 2216 1830 2277 infusi,
1859 2232 2050 2284 pmteo-

467 2303 587 2341 rum
615 2287 734 2342 licet
762 2287 1004 2342 sensibus
1027 2287 1370 2355 pervicaciter
1397 2286 1740 2340 inhaerentem
1762 2326 1774 2345 ,
1806 2285 2052 2337 intentio-

469 2358 552 2410 nis
595 2367 788 2410 nostra:
832 2356 964 2410 ratio
1003 2374 1105 2408 non
1141 2356 1308 2424 potuit
1333 2355 1614 2420 edomare,
1646 2357 1851 2408 favente
1881 2355 2052 2409 adhuc

467 2427 568 2483 sibi
591 2427 710 2480 huic
731 2427 977 2496 nequitiae
1000 2426 1309 2494 patrocin’o.
1337 2435 1390 2477 ut
1407 2425 1704 2496 extorqueri
1724 2425 1821 2477 sibi
1838 2425 2052 2479 omnino

472 2513 576 2550 non
607 2497 865 2560 sinerent,
896 2497 944 2547 in
975 2511 1078 2564 quo
1108 2511 1165 2548 se
1189 2496 1473 2561 deliquisse
1499 2495 1791 2563 gauderent
1824 2509 2048 2561 ξοχεμρο

472 2565 720 2620 etandum
757 2566 908 2619 nobis
948 2563 1027 2619 est
1051 2606 1065 2630 ,
1097 2564 1219 2618 dum
1250 2573 1413 2618 totum
1443 2565 1541 2617 hoc
1569 2579 1663 2632 per
1694 2578 1887 2631 paucos
1914 2563 2053 2617 Cedit

473 2636 525 2689 in
565 2636 813 2704 pupulum
849 2634 1226 2702 omnipotentis
1259 2635 1346 2688 Dei
1377 2633 1735 2704 misericordia
1761 2634 2048 2699 mitigetur.

474 2703 597 2760 Inde
631 2703 771 2760 etiim
809 2705 1094 2758 remedium
1137 2718 1351 2770 sperare
1377 2703 1628 2756 debemus
1649 2745 1661 2766 ,
1693 2703 1846 2756 cum’
1878 2704 2052 2756 omnia

474 2775 606 2828 bona
648 2786 766 2830 vota
813 2785 863 2828 et
907 2774 1037 2828 facta
1081 2774 1400 2827 referuntur.
1435 2773 1626 2827 Verum
1671 2773 1794 2826 dum
1822 2775 2054 2827 ('(elestis

474 2846 731 2898 medicina
756 2845 1002 2913 procedat
1027 2886 1039 2907 ,
1071 2843 1324 2896 hactenus
1348 2852 1470 2896 sunt
1494 2843 1711 2896 consilia
1739 2853 1914 2895 nostra
1940 2859 2053 2895 Ino-

472 2915 738 2979 dcrantla,
789 2926 841 2968 ut
873 2915 1174 2983 patientiam
1209 2914 1540 2980 percolamus
1563 2954 1575 2977 ,
1610 2923 1663 2967 et
1690 2913 1940 2980 quidquid
1971 2914 2052 2966 in-

474 2985 694 3038 solentia
723 2987 929 3039 illorum
953 3000 1048 3052 pro
1075 2983 1455 3037 consuetudine
1487 2984 1906 3051 intemperantee
1941 2994 2053 3035 ten-

475 3063 549 3108 tat
590 3063 682 3109 aut
725 3055 954 3121 facit,id
1001 3063 1166 3107 totum
1208 3054 1597 3123 tranquillitatis
1639 3053 1830 3123 virtute
1856 3053 2046 3123 tolere-

477 3139 610 3177 mus.
642 3124 782 3178 Nihil
813 3141 877 3180 ex
902 3124 1172 3192 reciproco
1195 3121 1480 3192 reponatur
1500 3121 1705 3191 injuria!
1729 3139 1742 3176 :
1768 3121 2063 3174 vindictam“

473 3194 651 3257 enim,
696 3209 853 3264 quam
899 3195 1004 3247 Deo
1043 3207 1255 3247 servare
1301 3193 1557 3264 debemus
1582 3234 1595 3256 ,
1639 3192 1934 3264 insipientis
1975 3203 2055 3245 est

475 3261 726 3318 inanibus
755 3279 1047 3332 usurpare;
1093 3265 1322 3317 maxime
1351 3278 1467 3317 cmn
1499 3263 1689 3332 debeat
1721 3261 1850 3316 fides
1878 3272 2054 3332 nostra

472 3333 776 3401 confidere,
821 3331 1071 3404 quidquid
1115 3334 1182 3388 ab
1225 3333 1522 3400 hujusmodi
1566 3331 1847 3404 hominum
1881 3331 2057 3387 furere

477 3406 736 3474 patietur,
784 3403 1020 3474 martyrii
1050 3405 1213 3472 gratia
1245 3403 1380 3472 apud
1412 3404 1572 3474 Deum
1605 3417 1724 3474 esse
1751 3403 2052 3474 valiturum.

475 3473 611 3536 Quid
639 3483 718 3526 est
739 3474 878 3526 enim
909 3473 1046 3525 aliud
1076 3475 1125 3525 in
1155 3475 1254 3525 hoc
1283 3473 1476 3525 sarculo
1503 3473 1553 3524 in
1581 3473 1794 3524 nomine
1825 3473 1914 3524 Dei
1938 3474 2054 3523 vin-

476 3556 599 3594 cere
619 3583 633 3603 ,
664 3556 818 3608 quam
850 3542 1145 3593 inconditos
1171 3542 1440 3593 hominum
1463 3540 1689 3607 impetus
1714 3540 1904 3606 quieta:
1928 3541 2057 3608 legis

479 3610 732 3678 populum
781 3610 1140 3673 lacescentcs,
1184 3610 1442 3662 constanti
1490 3618 1703 3678 pectore
1747 3610 2056 3663 sustinere?

476 3679 624 3746 Quod
667 3681 710 3733 si
750 3679 1108 3733 observaverit
1143 3690 1315 3732 veStra
1346 3680 1652 3742 sinceritas,
1683 3679 1789 3732 cito
1815 3679 2057 3734 videbitis

480 3766 574 3819 per
615 3751 834 3818 gratiam
879 3764 1100 3802 summa:
1144 3749 1461 3810 divinitatis,
1506 3757 1561 3801 ut
1602 3749 2058 3816 languescentibus

476 3835 658 3873 eorum
696 3819 776 3874 ius
802 3819 946 3873 itntis
975 3819 1058 3872 vel
1091 3820 1324 3872 moribus
1344 3859 1357 3881 ,
1389 3819 1478 3886 qui
1508 3833 1566 3872 se
1593 3819 1904 3872 miserrima:
1929 3834 2056 3872 con-

478 3891 724 3944 tentionis
766 3889 1064 3942 vexillarios
1105 3889 1332 3956 prarhent
1359 3929 1373 3952 ,
1415 3889 1582 3941 sciant
1618 3903 1804 3942 omnes
1838 3905 1941 3942 non
1968 3890 2058 3942 tle-

480 3961 604 4015 bere
639 3975 698 4012 se
739 3974 1020 4028 paucorum
1055 3959 1398 4028 persuasione
1427 3967 1706 4024 pereuntes
1734 3960 2057 4027 sempiterno

479 4031 623 4084 letho
665 4027 822 4091 dare,
869 4043 975 4097 quo
1015 4028 1234 4096 possint
1259 4027 1583 4097 poenitentim
1611 4029 1773 4095 gratia
1803 4068 1817 4091 ,
1848 4045 2058 4094 semper

477 4101 598 4152 vitae
624 4108 836 4152 aeternae
857 4141 870 4161 ,
899 4099 1152 4152 correctis
1179 4098 1448 4152 erroribus
1473 4098 1584 4150 suis
1603 4138 1615 4158 ,
1647 4099 1916 4166 integrari.
1948 4099 2054 4153 Va-

479 4170 583 4292 lqte
609 4179 731 4251 voto
757 4169 1035 4252 communi
1067 4183 1162 4238 per
1199 4168 1388 4222 sa‘cula
1419 4167 1636 4237 jubente
1658 4169 1676 4197 ²
1707 4167 1836 4236 Deo,
1868 4169 2055 4224 fratres

479 4255 505 4292 c
527 4256 790 4292 rarissum.

476 4255 790 4294 Cllﬂl‘lSSlllll.

478 4331 856 4409 Exemplum
899 4332 1207 4410 Epistolis
1246 4333 1673 4400 Constantini,
1721 4351 1856 4390 cum
1892 4334 2058 4393 scri—

548 4418 662 4488 pto
695 4411 1126 4488 episcoporum
1159 4412 1596 4480 Numidarum,
1637 4410 1748 4471 ubi
1784 4410 2057 4472 htrretioi

557 4487 834 4548 tulerunt
882 4487 1210 4560 basilicas,
1260 4498 1330 4549 ut
1379 4490 1460 4548 ad
1497 4490 1683 4549 aliam
1739 4490 2056 4549 basilicam

553 4567 902 4646 faciendam
927 4566 1045 4629 sibi
1069 4569 1270 4629 locum
1299 4569 1392 4629 vel
1420 4569 1668 4628 domum
1701 4569 1784 4628 eis
1811 4568 1909 4628 det
1940 4569 2052 4648 (a).

474 4667 871 4720 Coasunnaus
919 4667 1094 4720 Victor
1133 4667 1390 4720 Maximus
1431 4682 1493 4720 ac
1515 4667 1888 4734 Triumphalor
1916 4683 2055 4721 sem-

549 4751 642 4804 per
667 4737 928 4801 Augustus
952 4777 966 4802 ,
989 4737 1180 4790 Zeuzio
1204 4777 1218 4802 ,
1250 4737 1451 4790 Gallico
1472 4779 1484 4798 ,
1517 4737 1803 4799 Victorino,
1828 4738 2054 4804 Speran-

549 4809 654 4867 tio,
682 4806 972 4869 Januario,
1006 4808 1200 4864 Felici,
1230 4807 1571 4874 Crescentio,
1597 4807 1799 4871 Pantio,
1835 4808 2050 4872 Victori,

546 4875 799 4929 Babbutio
823 4917 838 4943 ,
871 4876 1093 4942 Donato,
1123 4877 1404 4946 episcopis.

545 4965 675 5018 Cum
718 4965 908 5036 summi
949 4967 1038 5019 Dei
1065 5008 1078 5029 ,
1109 4967 1195 5034 qui
1231 4966 1382 5035 hujus
1411 4967 1588 5020 mundi
1617 4977 1802 5021 auctor
1825 4977 1878 5021 et
1907 4977 2054 5036 pater

470 5045 586 5098 est,
619 5040 768 5103 cujus
798 5035 1053 5088 beneficio
1084 5038 1241 5088 vitam
1269 5037 1567 5105 carpimus,
1603 5039 1794 5092 cmlum
1827 5035 2051 5106 Suspici-

472 5121 589 5158 mus
614 5147 627 5171 ,
659 5106 883 5157 humana
910 5106 1066 5158 etiam
1095 5107 1345 5160 Societate
1369 5107 1683 5174 gaudemus,
1710 5108 1843 5161 hanc
1868 5109 2053 5161 volun-

472 5183 630 5230 tatem
659 5189 776 5229 esse
804 5183 1038 5239 constet,
1071 5185 1127 5227 ut
1153 5192 1309 5229 otnne
1331 5179 1617 5229 huu'tanum
1643 5192 1808 5246 genus
1830 5179 1880 5230 in
1902 5193 2051 5231 com-

472 5260 632 5316 mune
662 5246 988 5316 consentiat,
1021 5246 1324 5316 etquodam
1353 5248 1617 5299 societatis
1647 5246 1835 5300 allecto
1857 5289 1872 5312 ,
1899 5249 2051 5316 quasi

470 5314 665 5367 mutuis
691 5314 1022 5382 amplexibus
1046 5314 1368 5383 glutinetur:
1399 5332 1502 5368 non
1533 5316 1748 5369 dubium
1778 5328 1856 5369 est
1880 5314 2050 5371 ha're-

469 5397 557 5436 scs
599 5393 653 5437 et
699 5383 983 5454 schismata
1024 5399 1051 5435 a
1097 5383 1338 5454 diabolo,
1385 5387 1472 5454 qui
1506 5395 1662 5452 caput
1687 5395 1768 5439 est
1797 5387 2008 5440 malitite
2033 5427 2047 5452 ,

473 5454 812 5524 processisse.
860 5453 926 5524 Et
970 5454 1088 5507 ideo
1129 5453 1380 5524 quidquid
1407 5453 1486 5508 Vah
1517 5455 1778 5508 haereticis
1805 5458 2006 5524 geritur
2030 5498 2044 5519 ,

467 5521 582 5588 ejus
603 5522 853 5577 instinctu
882 5523 991 5578 fieri
1013 5563 1028 5589 ,
1055 5523 1142 5592 qui
1167 5526 1351 5578 eorum
1381 5539 1568 5579 sensus
1586 5566 1601 5592 ,
1632 5521 1834 5580 mentes
1857 5566 1872 5591 ,
1899 5527 2045 5595 cogi-

533 5613 549 5675 ξ
585 5619 739 5669 Forte,
767 5627 876 5675 quo.

531 5673 552 5702 ⁸
586 5679 740 5731 Forte,
768 5673 960 5724 vivente.

531 5731 604 5803 (al)
639 5742 768 5803 anno
787 5735 910 5784 forte
933 5739 1042 5803 3l7,
1084 5748 1160 5803 aut
1202 5738 1253 5803 3t
1264 5737 1311 5795 8,
1337 5747 1448 5788 ante
1474 5739 1637 5802 legem
1662 5754 1752 5803 qua
1777 5742 2042 5790 Constanti-

471 5805 559 5839 nus
583 5793 796 5842 basilicas
819 5800 1069 5846 Donatistis
1091 5801 1285 5849 ademit.

1919 345 2277 403 Al’l’ENDlX.

3628 354 3732 410 τίη

2148 463 2476 532 tationesque
2519 462 2785 532 possidet,
2829 463 2965 517 nulla
3013 465 3272 519 dubitatio
3316 477 3417 519 est.
3445 466 3577 521 Nam
3605 487 3726 523 eum

2144 531 2401 598 ejusmodi
2430 531 2750 608 hominesin
2782 550 2872 589 sua
2903 545 3160 608 potestate
3191 538 3482 608 redegerit,
3521 541 3725 596 hisdem

2145 617 2521 671 usquequaque
2550 603 2867 660 dominatur.
2897 607 3028 673 Quid
3057 620 3228 660 autem
3259 603 3379 664 boni
3407 611 3618 664 efficere
3651 614 3731 665 in-

2145 687 2304 744 sanus
2329 674 2634 744 Lperlidus,
2667 676 2990 744 irreligiosus
3014 720 3026 738 ,
3062 678 3308 744 profanus
3332 722 3346 744 ,
3377 681 3482 733 Deo
3511 691 3728 735 contra-

2145 742 2302 800 rius,-
2332 741 2605 818 Ecclesize
2632 741 2836 799 sanctai
2874 741 3115 801 inimicus
3165 741 3367 815 potest,
3417 752 3501 818 qui
3546 767 3576 804 a
3623 753 3734 804 Deo

2143 821 2324 886 Sancto
2349 851 2362 875 ,
2394 828 2555 886 vero,
2587 814 2731 882 justo
2753 858 2765 880 ,
2791 829 2996 870 summo
3019 859 3031 880 ,
3062 814 3216 886 atque
3242 814 3476 873 ninnium
3503 821 3729 875 Domino

2144 882 2432 962 recedens,
2466 884 2552 952 qui
2580 899 2682 962 ιιορ
2707 888 2975 939 constituit
3006 898 3057 940 et
3089 882 3146 940 in
3164 889 3267 962 hac
3297 891 3411 962 iuce
3444 891 3688 962 produxit
3710 933 3723 952 ,

2143 953 2228 1016 qui
2256 953 2498 1028 spiritum
2530 953 2594 1006 ad
2622 955 2778 1007 vitam
2807 996 2820 1017 ,
2849 972 3004 1025 quam
3033 959 3298 1025 carpimus
3323 1001 3334 1020 ,
3367 953 3528 1021 dedit,
3561 970 3612 1013 et
3639 963 3727 1028 qui

2145 1035 2240 1072 nos
2267 1021 2315 1072 id
2345 1022 2481 1090 quod
2509 1038 2659 1075 suum
2691 1040 2808 1078 esse
2838 1021 3017 1088 voluit,
3055 1039 3106 1082 et
3129 1021 3306 1081 oxnnia
3338 1047 3430 1082 sua
3457 1021 3729 1085 voluntate

2146 1091 2383 1163 perfecit,
2413 1091 2474 1163 ad
2499 1092 2689 1147 diaboli
2715 1106 2912 1162 partem
2939 1113 3102 1163 prono
3123 1114 3302 1152 errore
3326 1099 3356 1152 d
3393 1101 3555 1153 currit
3578 1101 3600 1152 ?
3622 1100 3729 1154 Sed

2144 1161 2261 1225 quia
2295 1162 2458 1215 semel
2489 1161 2763 1230 possessus
2789 1161 2993 1218 animus
3019 1184 3044 1217 a
3073 1179 3208 1220 malo
3230 1212 3242 1231 ,
3277 1185 3490 1226 necesse
3519 1179 3598 1223 est
3629 1172 3726 1222 do-

2143 1231 2303 1306 ctoris
2341 1233 2420 1306 sui
2465 1233 2710 1306 operibus
2741 1235 2934 1288 instare
2959 1278 2970 1298 ,
3000 1253 3058 1288 ea
3088 1239 3321 1306 perficiat
3347 1256 3463 1305 quze
3495 1241 3727 1306 :l‘qttilatl

2144 1309 2195 1378 et
2218 1300 2450 1378 _jastiti:e
2488 1305 2750 1378 contraria
2789 1300 3102 1378 videantur,
3137 1309 3331 1361 ideirco
3361 1300 3409 1361 lii
3442 1310 3526 1378 qui
3561 1300 3589 1361 a
3618 1310 3731 1362 dia-

2148 1371 2268 1422 bolo
2311 1372 2538 1448 possessi
2571 1383 2692 1426 sunt
2716 1416 2728 1436 ,
2761 1375 2873 1448 ejus
2906 1375 3116 1429 falsitati
3147 1389 3196 1431 et
3226 1371 3473 1446 nequitia;
3497 1381 3730 1448 obsequ-

2147 1449 2323 1517 untur:
2370 1442 2694 1517 Non__autcm
2730 1446 3014 1502 miratum‘
3058 1456 3166 1507 est,
3217 1464 3243 1499 a
3273 1442 3424 1501 bonis
3457 1442 3666 1517 improb
3692 1466 3730 1503 ις

2145 1509 2439 1564 discedere.
2473 1510 2601 1564 Nam
2634 1514 2709 1566 sic
2740 1527 2880 1568 recte
2911 1518 3187 1583 proverbio
3210 1519 3466 1582 signatum
3495 1509 3592 1579 cét,
3626 1521 3728 1572 Pa-

2147 1596 2232 1656 res
2263 1596 2381 1656 cum
2420 1583 2629 1649 paribus
2659 1587 2962 1652 congregari
3001 1605 3012 1640 :
3044 1589 3130 1655 qui
3167 1591 3302 1640 malo
3333 1591 3503 1656 impne
3537 1591 3731 1643 mentis

2149 1649 2322 1703 infecti
2345 1663 2465 1704 sunt
2491 1693 2502 1712 ,
2536 1649 2910 1708 necesse'est'a
2939 1649 3111 1709 nostra
3142 1659 3389 1710 societate.
3410 1649 3726 1712 ἰιίμςιάρςιιιι

2155 1718 2316 1796 llonto
2347 1722 2602 1788 siquidem
2633 1725 2824 1796 malus,
2855 1735 2910 1776 ut
2934 1727 3199 1793 Seriptura
3227 1729 3455 1796 loquitur
3476 1772 3488 1788 ,
3513 1729 3575 1779 de
3597 1731 3732 1781 nmio

2150 1791 2382 1864 thesauro
2422 1796 2609 1864 profert
2646 1795 2779 1846 nulla
2812 1810 2829 1846 :
2858 1797 3013 1847 bonus
3050 1791 3160 1849 ivero
3191 1815 3252 1850 ex
3277 1791 3402 1849 b'uno
3430 1799 3617 1864 profert
3643 1798 3734 1849 bo-

2150 1876 2268 1934 num
2295 1859 2610 1934 (illiut/tatur
2638 1902 2651 1925 ,
2684 1864 2795 1931 '55).
2829 1866 2930 1919 Sed
2957 1868 3097 1934 quia,
3133 1879 3178 1918 ut
3209 1868 3402 1920 dictum
3430 1859 3531 1931 est,
3563 1868 3734 1921 luere-

2153 1929 2237 1982 lici
2267 1941 2318 1983 ct
2344 1932 2660 1984 sclzismatiei
2684 1975 2696 1993 ,
2730 1929 2817 2001 qui
2846 1929 3034 1987 bonum
3067 1938 3419 2004 l'cllltt'lllt‘IIL'S
3451 1929 3730 1990 L‘l-lltaltllll

2151 2009 2447 2074 sectantes,
2479 2018 2538 2054 ea
2569 2004 2840 2069 perficiunt
2865 2022 2979 2072 qua!
3012 2007 3062 2057 D.
3086 2024 3116 2058 o
3139 2008 3468 2074 displiceant,
3493 2009 3667 2060 tliabol
3697 2031 3727 2072 ν,

2150 2070 2236 2142 q-ti
2277 2086 2460 2123 eorum
2507 2082 2651 2136 pater
2680 2084 2758 2125 est
2779 2114 2790 2132 ,
2824 2070 3178 2142 approbantur
3204 2070 3474 2130 adita-rer:
3498 2120 3512 2140 ,
3544 2070 3733 2130 rectis;

2153 2141 2283 2191 sin'ic
2321 2150 2373 2192 et
2413 2142 2677 2205 sapienter
2706 2141 2946 2197 Gravitas
2978 2163 3019 2194 ν(
3041 2157 3144 2198 stra
3176 2147 3332 2206 facit;
3364 2158 3416 2199 et
3442 2148 3731 2200 secundum

2153 2218 2393 2286 sanctum
2425 2211 2540 2263 fidei
2572 2224 2908 2286 prasceptum,
2938 2216 3001 2286 ah
3027 2232 3208 2286 eorum
3241 2218 3500 2282 perversis
3521 2228 3736 2270 contru-

2156 2279 2398 2355 tionibus
2426 2282 2818 2355 temperando;
2873 2293 2925 2338 et
2975 2285 3176 2338 hisdem
3230 2279 3544 2340 retnittendo
3592 2289 3733 2354 quod

2157 2347 2309 2423 iidem
2340 2350 2438 2402 sibi
2468 2350 2756 2423 indebitum
2787 2366 2943 2421 atque
2973 2355 3200 2409 alienum
3225 2373 3480 2423 uaurpare
3506 2347 3733 2409 coturn-

2154 2415 2281 2492 dunt
2310 2435 2343 2492 _:
2389 2434 2493 2492 ne,
2532 2421 2682 2492 sicuti
2728 2434 2803 2474 est
2851 2415 3032 2477 corum
3079 2415 3392 2492 perversitas
3424 2427 3648 2487 maligna
3683 2438 3738 2479 et

2156 2487 2353 2564 perfida
2375 2527 2389 2553 ,
2432 2489 2494 2541 ad
2539 2490 2828 2545 seditiones
2856 2510 3018 2561 usque
3049 2487 3448 2564 prorumperent
3468 2539 3481 2554 ,
3515 2506 3567 2550 et
3599 2499 3735 2549 inter

2158 2559 2334 2635 turbas
2375 2567 2861 2635 atqueconcentns
2890 2559 2971 2635 sui
3007 2559 3205 2618 similes
3234 2559 3510 2619 incitarent
3536 2609 3548 2629 ,
3578 2583 3737 2635 a'qne

2156 2626 2225 2703 ita
2257 2626 2460 2696 aliquid
2480 2629 2761 2703 existeret,
2791 2634 2928 2701 quod
2961 2636 3130 2687 sedari
3159 2651 3260 2687 non
3293 2626 3581 2703 oporteret.
3614 2626 3738 2688 S'ce-

2157 2697 2376 2776 leratum
2421 2700 2615 2767 quippe
2660 2697 2840 2776 eorum
2895 2705 3216 2776 propositum
3264 2697 3476 2774 sempr
3518 2708 3738 2773 requirit

2155 2766 2352 2846 diaboli
2393 2766 2562 2846 Opera
2599 2771 2870 2846 perlicere.
2896 2766 3132 2846 flit'ideo
3170 2791 3288 2828 cum
3319 2793 3344 2826 a
3374 2766 3738 2830 sarertlo'tilms

2288 2852 2379 2917 per
2418 2835 2716 2917 patientiam
2747 2857 2866 2917 eum
2896 2845 3008 2910 ipso
3035 2856 3306 2917 suorpatre
3332 2855 3584 2917 superant
3612 2846 3684 2916 (τι)
3723 2865 3736 2900 :

2155 2908 2255 2959 sibi
2288 2909 2352 2986 ιιι
2380 2909 2464 2976 (ιιιί
2503 2909 2735 2965 cultores
2770 2913 2856 2964 Dei
2889 2908 3081 2986 summi
3106 2908 3325 2981 gloriam
3351 2955 3368 2980 ,
3399 2908 3472 2968 illi
3502 2908 3741 2986 verotla-

2157 2984 2476 3056 mutationem
2504 2993 2811 3056 conquirant
2831 2994 2929 3056 ,_et
2951 2984 3206 3056 condigna
3230 2987 3506 3054 supplicia.
3541 2986 3611 3037 lix
3638 2985 3741 3040 hec

2155 3050 2346 3124 quippe
2375 3050 2542 3115 majus
2567 3050 2654 3103 Dei
2677 3054 2867 3124 sunmii
2896 3055 3085 3107 existat
3108 3050 3233 3124 justi
3265 3050 3430 3122 usque
3454 3056 3737 3121 judicium,

2156 3120 2295 3184 quod
2341 3133 2437 3193 eos
2477 3123 2842 3193 :rquoianimo
2890 3124 3078 3177 tolerat
3102 3120 3123 3186 ,⁷
3164 3133 3215 3178 et
3264 3120 3512 3193 patientia
3549 3126 3741 3180 conde-

2157 3197 2302 3262 mnat
2326 3229 2339 3252 ,
2390 3188 2470 3262 his
2507 3192 2680 3262 omnia
2717 3209 2840 3262 qua:
2883 3195 2949 3247 ab
2990 3195 3114 3260 ipsis
3151 3188 3559 3262 processerunt,
3590 3198 3742 3249 susti-

2160 3257 2352 3338 ιιι-μιῇ).
2389 3259 2525 3312 Deus
2557 3257 2902 3338 siquidemsc
2923 3257 3161 3338 omnium
3179 3267 3449 3338 vindicent
3473 3257 3736 3338 pri—nnisit.

2162 3327 2227 3408 Et
2264 3327 2381 3407 ideo
2419 3327 2795 3408 cu_m_vindicta
2820 3334 2935 3408 Deo
2965 3336 3278 3408 permittitur
3302 3377 3314 3397 ,
3346 3327 3521 3408 acrius
3552 3336 3618 3408 de
3647 3336 3740 3388 ini-

2159 3400 2308 3451 micis
2347 3400 2658 3466 supplicium
2698 3403 2940 3455 sumitur.
2965 3400 3115 3468 Quod
3145 3420 3238 3458 vos
3265 3420 3402 3458 mine
3432 3405 3656 3458 famulos
3685 3416 3742 3459 et

2159 3468 2460 3542 sacerdotes
2505 3471 2595 3523 Dei
2635 3471 2860 3525 libenter
2885 3473 3070 3527 fecisse
3097 3476 3245 3542 (‘0ng
3266 3476 3314 3528 vi
3342 3518 3355 3536 ,
3387 3485 3438 3528 et
3468 3477 3596 3527 ςιιίς
3627 3492 3746 3541 gra-

2160 3538 2371 3608 tulatus
2398 3554 2548 3604 sum,
2592 3542 2730 3608 quod
2759 3543 2826 3596 de
2859 3544 3031 3608 impiis
3058 3554 3107 3596 et
3134 3538 3432 3606 sceleratis,
3465 3538 3743 3606 saet'iiegis

2159 3616 2210 3659 et
2254 3606 2485 3683 prolivnis
2509 3606 2780 3683 ,_p_érlidis
2814 3621 2866 3665 et
2905 3606 3239 3680 irreligiosis,
3269 3624 3319 3667 et
3350 3615 3458 3668 Deo
3489 3617 3741 3683 ingratis,

2157 3686 2226 3752 et
2254 3677 2505 3752 ECclesia:
2535 3680 2762 3752 inimicis
2793 3684 2985 3736 nullam
3015 3677 3295 3738 vindctam
3329 3677 3570 3752 poscitis:
3600 3694 3658 3738 et
3685 3677 3745 3738 nt

2159 3746 2313 3799 iidem
2343 3750 2599 3822 potiusad
2625 3753 2825 3804 veniam
2855 3753 3177 3820 pertint-ant,
3205 3746 3495 3822 postulatis.
3528 3755 3637 3807 lloc
3658 3764 3744 3808 est

2159 3833 2282 3870 vere
2321 3833 2383 3893 ac
2417 3821 2625 3887 penitus
2652 3822 2824 3893 Deum
2857 3839 3012 3878 nosse
3038 3864 3051 3886 ,
3085 3824 3184 3878 hoc
3208 3821 3288 3877 est
3317 3827 3592 3893 pneceptis
3622 3825 3745 3878 insi-

2159 3896 2298 3957 stere
2317 3928 2332 3951 ,
2363 3889 2463 3943 hoc
2490 3899 2573 3943 est
2596 3892 2816 3945 feliciter
2836 3893 3056 3947 credere
3079 3935 3092 3957 ,
3125 3895 3226 3947 hoc
3257 3889 3336 3947 est
3363 3889 3740 3956 veresentire,

2159 3956 2260 4030 hoc
2299 3969 2380 4012 est
2419 3961 2581 4023 scire,
2623 3961 2762 4029 quod
2803 3965 2971 4030 major
2995 3956 3217 4016 vindicta
3247 3965 3297 4017 in
3327 3965 3624 4018 contrarios
3651 3966 3748 4019 Ec-

2157 4028 2330 4103 clesia:
2373 4028 2720 4103 provocetur,
2762 4028 2898 4085 cum
2925 4034 3124 4087 hisdem
3169 4036 3220 4088 in
3247 4036 3441 4088 sa-culo
3483 4038 3740 4103 parcitur.

2159 4099 2383 4168 Accepta
2413 4100 2570 4171 igitur
2597 4102 2816 4166 epistola
2839 4103 3120 4171 Sapientiae
3143 4115 3194 4157 et
3219 4099 3502 4160 Gravitatis
3525 4114 3741 4168 \‘t'sll‘u',

2157 4171 2390 4236 comperi
2438 4169 2711 4225 lnereticos
2753 4173 2864 4227 sive
2904 4169 3265 4228 schismaticos
3306 4190 3422 4227 eam
3469 4175 3744 4228 basilicam

2160 4239 2407 4292 Ecclesiae
2433 4241 2703 4295 catholica:
2729 4282 2742 4303 ,
2773 4259 2928 4310 quam
2960 4245 3009 4295 in
3039 4246 3380 4297 Constantina
3407 4246 3618 4297 civitate
3637 4248 3747 4310 jus-

2158 4325 2330 4364 Seram
2372 4311 2651 4373 fabricari,
2700 4313 2853 4365 Solita
2901 4315 3232 4380 improbitate
3273 4316 3616 4367 invadendnn
3651 4333 3745 4380 pu-

2160 4392 2334 4443 lasse,
2377 4394 2428 4434 et
2468 4383 2799 4452 frequenter
2841 4393 2942 4435 tam
2986 4400 3012 4434 a
3060 4385 3210 4438 nobis
3237 4401 3390 4452 quam
3421 4401 3446 4435 a
3474 4387 3745 4450 jndieiltns

2157 4469 2220 4506 ex
2267 4459 2414 4505 notra
2459 4450 2699 4518 iussione
2738 4455 3124 4514 eonnnot‘iitos,
3174 4467 3229 4506 nt
3257 4450 3554 4508 redderent
3594 4457 3735 4522 quod

2158 4539 2309 4577 suum
2357 4537 2458 4574 non
2509 4531 2660 4586 erat,
2709 4523 2939 4577 noluisse
2970 4541 2981 4574 :
3012 4540 3104 4575 vos
3133 4535 3303 4576 autem
3339 4525 3628 4576 itnltatt‘rt‘s
3662 4543 3745 4591 pa.

2160 4593 2354 4646 titmtite
2398 4591 2490 4644 Dei
2527 4594 2717 4645 smmni
2743 4633 2757 4654 ,
2787 4609 2969 4646 eormn
3004 4595 3210 4646 malitim
3246 4594 3444 4661 placida
3479 4605 3741 4661 mcnle_ea

2157 4681 2272 4730 qu;e
2317 4674 2490 4717 vestra
2534 4671 2657 4715 sunt
2695 4653 3077 4731 relinquentes,
3108 4676 3158 4716 et
3191 4653 3361 4730 potius
3393 4668 3560 4717 locum
3593 4653 3745 4717 vobis

2159 4735 2377 4787 invicem
2404 4733 2560 4784 alium
2587 4732 2814 4785 fiscalem
2857 4734 3055 4786 st-itieet
3077 4750 3313 4800 poscere.
3342 4735 3506 4800 Quam
3534 4736 3746 4801 petitio-

2157 4821 2312 4868 nem,
2348 4818 2492 4855 more
2524 4805 2742 4855 instituti
2773 4804 2905 4866 mei,
2942 4805 3164 4856 libenter
3191 4805 3463 4865 amplexus
3493 4821 3608 4856 sunt
3644 4823 3654 4855 :
3687 4817 3741 4858 et

2154 4876 2331 4928 statim
2371 4873 2436 4926 ad
2479 4871 2805 4926 Rationalem
2848 4885 3210 4940 C(nantenles
3255 4874 3413 4935 dedi,
3447 4885 3496 4926 ul
3526 4875 3743 4926 domum

2157 4944 2414 4997 bonorum
2445 4953 2745 4996 nostrorum
2778 4944 3074 5010 transgredi
3108 4945 3300 5007 faciat,
3325 4946 3604 4997 cmntnnri
3629 4947 3746 5009 jure

2156 5031 2252 5068 suo
2272 5055 2285 5077 ,
2313 5013 2376 5066 ad
2404 5013 2692 5066 dominium
2719 5013 2967 5066 Ecclesia:
2995 5014 3285 5075 catholicm,
3313 5031 3466 5082 quam
3500 5027 3742 5082 prompta

2155 5085 2467 5138 liberalitate
2512 5083 2738 5145 donavi,
2784 5099 2845 5137 ac
2883 5083 3028 5136 vobis
3070 5084 3199 5135 tradi
3245 5085 3478 5147 protinus
3501 5085 3656 5148 jussi.
3692 5087 3744 5138 In

2153 5171 2257 5223 quo
2295 5164 2466 5207 tamen
2512 5154 2625 5206 loco
2667 5163 2878 5221 smnptu
2922 5153 3086 5206 ﬁscali
3133 5154 3400 5206 basilicam
3441 5155 3568 5221 erigi
3603 5171 3742 5220 pra--

2152 5225 2288 5292 cepi.
2315 5224 2391 5276 Ad
2416 5223 2759 5276 Consularem
2782 5238 2988 5292 quoque
3009 5223 3163 5276 scribi
3193 5225 3432 5275 mandavi
3457 5224 3741 5287 Numidian

2153 5307 2207 5349 ut
2253 5298 2362 5360 ipse
2407 5295 2454 5345 in
2488 5293 2724 5359 ejusdem
2764 5293 3004 5346 ecclesia:
3045 5292 3385 5346 fabricatione
3419 5295 3466 5345 in
3494 5295 3744 5347 oninihus

2151 5364 2552 5418 sanctimoniam
2585 5373 2812 5416 vestram
2835 5363 3060 5431 juvaret.
3093 5362 3340 5416 Lectores
3367 5364 3524 5415 etiam
3557 5365 3734 5416 Eccle-

2151 5437 2243 5490 si:e
2282 5434 2554 5488 catholicae
2580 5475 2593 5497 ,
2631 5445 2682 5486 et
2715 5433 3102 5502 hypodiacones
3124 5446 3141 5493 ,'
3169 5434 3398 5501 reliquos
3425 5448 3634 5500 quoque
3663 5436 3740 5485 in-

2151 5507 2346 5558 stinctu
2390 5513 2837 5566 ntemoratm'um,
2885 5502 3196 5570 quibusdam
3244 5517 3340 5569 pro
3390 5504 3628 5556 moribus
3672 5505 3737 5556 ad

2151 5589 2366 5628 tnunera
2393 5614 2408 5637 ,
2440 5573 2519 5626 vel
2550 5573 2614 5626 ad
2641 5573 3038 5626 decorionatum
3063 5574 3231 5626 vocati
3259 5582 3380 5625 sunt
3400 5613 3414 5632 ,
3443 5573 3588 5638 juxta
3623 5584 3735 5625 sta-

2152 5653 2319 5698 tutum
2358 5644 2487 5711 legis
2524 5658 2654 5696 mea:
2683 5641 2747 5696 ad
2775 5643 2972 5697 nullum
3000 5658 3193 5697 munus
3218 5644 3372 5697 statui
3408 5643 3731 5698 evocandos.

2213 5737 2230 5766 ⁸
2265 5741 2426 5790 Forte,
2447 5734 2639 5783 mirum.

2214 5797 2291 5859 (tt)
2321 5802 2467 5846 Locus
2489 5798 2638 5856 depra
2648 5804 2801 5846 vatus.
