4054 6484
281 377 344 437 ξι
1727 357 1882 412 Plle

1952 359 2120 414 mo.
2361 378 2365 382 τ
3482 382 3553 438 ,ε

277 495 564 576 ejusdem
591 492 878 576 civitatis
893 485 1277 576 catholicum
1296 486 1667 576 episcOpum
1697 483 1788 576 sio
1803 483 2158 576 insectatus
2180 491 2304 576 est,
2339 494 2407 576 ut
2425 483 2488 576 is
2524 484 2814 576 visnfuga
2843 487 3032 576 saluti
3053 507 3188 576 sua:
3210 495 3551 576 consulere

281 561 1022 653 potuerittAugustiuus,
1054 567 1286 653 Contra
1303 561 1730 653 prose-ouium,
1764 561 1968 653 .lib_..3.,
2007 579 2140 640 cap.
2174 561 2288 653 liti;
2321 571 2376 622 et
2412 561 3378 653 Possidius'iu_Vita/tugustini.
3410 589 3549 653 eap‘.

281 641 402 718 '12).
436 653 536 713 0b
573 641 793 712 baecvet
823 649 950 709 alia
978 647 1264 706 facinora
1294 644 1628 720 Crispinus
1664 643 1727 701 in
1755 641 2063 720 judicium
2093 648 2382 713 vocatus,
2411 647 2474 703 et
2496 661 2613 721 pro
2643 644 2942 706 haeretica
2973 641 3253 718 habitus,
3285 669 3431 712 cum
3469 641 3550 715 ex

278 723 657 811 praescripto
693 729 845 809 legis
878 725 1340 811 'l‘heodosianze
1380 725 1533 783 anni
1561 721 1679 782 392
1707 721 2095 811 decemhauri
2128 722 2743 811 librarum_mult_am
2784 725 2904 786 sibi
2936 727 3304 811 impositam
3342 731 3552 791 vidis~

273 801 391 881 set,
421 801 644 871 coram
679 801 1066 868 Proconsule
1113 820 1376 864 causam
1414 819 1596 862 suam
1631 801 1979 881 peroravit,
2010 808 2206 877 atque
2243 801 2523 861 haeretici
2551 804 2790 863 crimen
2818 821 2856 866 a
2891 823 2960 864 se
2995 801 3246 868 amoliri
3279 819 3552 872 conatus

255 898 389 950 est.
424 889 546 950 Sed
568 889 811 966 justam
847 903 923 947 ac
955 884 1300 966 legitimam
1333 882 1529 966 fuisse
1563 882 1683 941 hoc
1725 880 1987 966 nomine
2028 881 2104 966 in»
2135 881 2637 966 cumprolatam
2679 886 3063 966 sententiam
3098 887 3436 966 Possidius
3482 891 3550 950 in

275 969 535 1046 publica
561 959 997 1046 disputatione
1017 959 1345 1046 probavit.
1375 961 1502 1046 Sed
1519 967 1732 1046 tamen
1767 959 2037 1046 remissa
2068 959 2332 1046 Possidii
2365 968 2594 1046 rogatu
2634 963 2860 1046 multa,
2886 963 3238 1046 Crispinus
3265 967 3551 1046 Impera-

279 1039 481 1108 torem
513 1039 886 1123 appellavit,
920 1044 1031 1122 qui
1063 1041 1350 1123 eamdem
1374 1041 1640 1123 multam
1669 1039 2200 1123 ipsi_caater_isque
2225 1040 2574 1123 Donatistis
2602 1041 2850 1123 clericis
2882 1039 3133 1106 inflixit.

249 1148 251 1150 ·
349 1126 510 1186 Cum
543 1117 678 1186 bene
712 1117 1730 1203 agerentur,Circumcellionesin
1760 1117 2224 1203 Manimianum
2256 1120 2623 1203 episcopum
2652 1120 3066 1203 Bagaiensem
3101 1124 3394 1200 aliosque
3423 1131 3554 1188 tam

249 1148 251 1150 ·
349 1139 510 1186 ωιτη
543 1139 678 1186 meo
712 1139 1730 1203 agerentur,mrcamcemonesm
1761 1139 2224 1200 Mallmlilnum
2256 1139 2623 1197 episcopum
2652 1139 3066 1258 uagiaiensem
3101 1139 3394 1200 aliosque
3423 1139 3554 1188 tam

229 1245 232 1248 -
273 1206 578 1266 atrociter
608 1203 880 1281 grassati
919 1205 1068 1262 sunt
1098 1199 1544 1281 (Augustinus,
1574 1199 1813 1258 Contra
1839 1197 2263 1281 Cresconium,
2305 1197 2411 1281 lib:
2446 1199 2505 1267 3,
2547 1217 2684 1281 cap.
2717 1197 2753 1258 Is
2811 1203 2856 1278 ),
2887 1207 2956 1262 ut
2987 1204 3237 1264 concilii
3269 1203 3554 1267 Cartha-

275 1285 564 1359 ginensis
603 1273 818 1355 Patres
851 1281 951 1340 die
975 1273 1140 1359 junii
1175 1273 1478 1359 vigesima
1515 1284 1696 1338 sexta
1718 1321 1734 1347 ,
1771 1293 1944 1359 anno
1975 1273 2124 1347 Ιιοιι,
2161 1277 2523 1337 adeundum
2552 1273 3010 1355 Imperatorem
3041 1285 3441 1355 censuerint,
3473 1285 3552 1346 ad

272 1355 693 1442 coercendam
725 1355 1733 1442 legibustantam—immanitatem
1763 1375 1778 1413 :
1806 1355 1915 1416 sed
1941 1372 2018 1416 ea
2051 1361 2292 1442 tamen,
2317 1374 2512 1442 quam
2541 1359 2938 1442 Augustinus
2969 1361 3371 1442 interposuit,
3400 1382 3554 1425 con-

273 1441 516 1500 ditione
538 1487 552 1508 ,
586 1448 660 1502 ut
690 1436 859 1518 legés
899 1439 1022 1499 illae
1051 1438 1194 1518 plus
1225 1436 1679 1518 moderationis
1703 1480 1718 1506 ,
1749 1436 2328 1518 quamseveritatis
2363 1436 2670 1518 haberent
2701 1436 3018 1518 (Append.
3048 1436 3230 1518 hujus
3259 1443 3443 1510 tomi,
3481 1443 3552 1502 in

273 1521 588 1596 excerptis
627 1520 708 1580 ad
749 1511 1074 1579 historiam
1105 1511 1579 1596 Donatistarum
1605 1511 2109 1596 imminentibus,
2140 1514 2282 1575 vide
2307 1516 2636 1576 sectionem
2669 1511 3029 1596 eui'titulus
3059 1511 3145 1579 est
3170 1541 3243 1579 :a
3277 1522 3552 1583 Concilii

272 1593 783 1676 Cartliaginensis
813 1597 1107 1658 adversus
1135 1595 1503 1676 Donatistas
1541 1594 1622 1654 ad
1663 1593 2025 1676 Honorium
2057 1594 2488 1676 imperatorem
2514 1595 2861 1676 legatio»).
2898 1598 2976 1656 At
3009 1597 3400 1660 furiosorum
3428 1601 3552 1661 ho-

271 1672 527 1738 minum
553 1679 616 1737 in
647 1677 1111 1737 Maximianum
1141 1675 1484 1736 crudelitas
1517 1672 1954 1733 severissimas
1991 1672 2161 1751 leges
2189 1674 2272 1734 ab
2304 1673 2592 1734 Honorio
2622 1672 2914 1735 extorsit.

349 1760 471 1817 Per
503 1758 562 1816 id
605 1761 850 1833 tempus
881 1755 1265 1817 Cresconius
1301 1753 1753 1832 grammaticus
1786 1769 1820 1833 e
1850 1769 2042 1833 grege
2082 1752 2562 1833 Donatistarum
2602 1753 2955 1831 Epistolam
2997 1755 3287 1818 Petiliani
3327 1762 3552 1819 contra

271 1836 553 1918 primum
601 1830 938 1918 Augustini
985 1835 1228 1918 librum
1263 1830 1552 1918 asserere
1587 1832 1854 1918 tentavit
1887 1851 1902 1888 :
1936 1830 2045 1918 sed
2073 1830 2354 1918 inanem
2385 1830 2674 1918 hominis
2697 1838 3010 1918 conatum
3027 1836 3263 1918 Doclpr
3291 1846 3552 1918 sanctus

273 1910 499 1974 revicit
540 1910 824 1991 quatuor
865 1913 1044 1973 libris
1069 1957 1085 1983 ,
1119 1912 1229 1989 qui
1261 1911 1518 1972 nonnisi
1549 1917 1691 1987 post
1724 1910 2161 1987 promulgatas
2189 1913 2272 1971 ab
2299 1911 2588 1972 Honorio
2623 1914 2793 1991 leges
2829 1914 3065 1974 conditi
3099 1910 3379 1989 fuerunt.
3413 1917 3547 1976 Non

269 1995 474 2052 multo
503 2001 647 2072 post
674 1999 798 2054 tres
830 1995 993 2062 alite,
1022 2010 1165 2068 qua:
1195 1992 1272 2052 ad
1301 2007 1422 2072 nos
1451 2008 1656 2068 usque
1683 2007 1814 2048 non
1845 1996 2304 2072 pervenerunt,
2338 1992 2822 2068 Augustinianm
2850 1994 3226 2069 prodierunt
3251 1995 3551 2056 lucubra-

270 2069 520 2143 tiones,
540 2090 766 2149 nempe
803 2073 965 2133 liber
995 2095 1022 2126 α
1063 2071 1514 2130 Probationum
1552 2075 1613 2149 et
1647 2069 2156 2149 testimoniorum
2192 2075 2411 2130 contra
2443 2072 2836 2141 Donatistas,
2875 2093 2904 2125 »
2942 2073 3088 2132 item
3121 2075 3285 2134 alter
3316 2097 3345 2131 α
3375 2073 3552 2134 Con-

271 2175 299 2206 ι
335 2157 435 2212 tra
465 2148 864 2212 Donali’stam
891 2149 1108 2212 nescio
1135 2167 1390 2226 quem,»
1419 2148 1643 2208 tertius
1659 2148 2322 2226 deniqucinscriptus,
2350 2150 2750 2210 «Admonitio
2765 2151 3243 2211 Donatistarum
3257 2153 3332 2213 de
3347 2155 3554 2214 Maxi-

272 2255 299 2285 α
338 2231 658 2292 mianistis
697 2254 726 2286 ι
760 2229 1200 2309 (Augustinus,
1235 2230 1510 2288 Retract.
1548 2226 1746 2309 lib._2,
1785 2245 1919 2304 cup.
1947 2226 2051 2309 27,
2084 2230 2298 2307 ser/(1.).
2333 2230 2566 2290 Praeter
2594 2247 2669 2291 ea
2702 2230 2874 2291 aliud
2909 2231 3199 2291 Petiliani
3237 2233 3312 2292 dc
3351 2233 3556 2294 Unico

270 2311 597 2387 Baptismo
627 2307 932 2386 scriptum
968 2309 1369 2368 occasionem
1401 2307 1772 2387 Augustino
1803 2307 2079 2387 praebuit
2113 2325 2294 2368 novae
2329 2309 2766 2378 refutationis,
2799 2327 2944 2387 qum
2971 2310 3262 2371 eumdem
3296 2313 3549 2372 titulum

268 2385 544 2466 praefert.
577 2385 804 2450 Exstat
833 2389 943 2448 illa
978 2387 1232 2464 quidem
1255 2431 1270 2458 ,
1305 2386 1411 2446 sed
1442 2403 1588 2466 quin
1629 2386 1920 2466 proxime
1950 2385 2116 2446 hanc
2150 2394 2369 2447 secuta
2399 2396 2495 2448 est
2521 2388 2598 2449 de
2628 2385 3122 2450 Maximianistis
3154 2396 3377 2452 contra
3409 2392 3550 2450 Do~

268 2465 539 2528 natistas
583 2469 946 2529 lucubratio
971 2511 986 2536 ,
1020 2483 1150 2543 qua
1189 2483 1446 2524 rursum
1476 2465 1845 2542 diligentius
1881 2466 2255 2525 ostendebat
2281 2484 2507 2526 eorum
2538 2467 2848 2528 adversus
2878 2469 3228 2529 Ecclesiam
3263 2487 3550 2531 errorem

266 2548 402 2607 sola
437 2547 723 2608 funditus
755 2545 1382 2608 Maximianistarum
1411 2561 1604 2603 causa
1642 2543 1965 2613 subverti,
2001 2544 2340 2604 intercidit.

343 2628 536 2686 Anno
564 2625 706 2698 1‘06,
736 2626 838 2686 die
867 2625 1195 2703 trigesima
1221 2623 1530 2703 januarii,
1564 2623 1956 2682 Maximinus
1983 2623 2323 2699 episcopus
2355 2623 2710 2694 Sinitensis,
2737 2625 2982 2701 aliique
3011 2626 3304 2686 nonnulli
3336 2627 3552 2687 Dona-

266 2705 428 2765 tista:
455 2705 852 2765 audientiam
879 2705 942 2763 in
962 2701 1228 2780 publico
1257 2701 1426 2779 apud
1452 2704 1822 2762 Ravennam
1848 2719 2156 2762 consessu
2185 2720 2403 2781 coram
2434 2703 2731 2764 Praefecto
2761 2705 3036 2780 pratorii
3071 2707 3410 2781 petierunt,
3437 2707 3548 2766 ubi

265 2803 408 2842 cum
439 2784 784 2843 Catholicis
818 2800 1079 2844 causam
1111 2799 1294 2843 suam
1324 2781 1732 2842 ventilarent.
1768 2781 2003 2840 Verum
2031 2780 2423 2842 Maximinus
2452 2782 2528 2842 ad
2558 2782 2879 2842 saniorem
2914 2780 3188 2843 mentem
3221 2803 3546 2856 reversus,

267 2861 569 2943 Ecclesiae
598 2862 925 2943 catholicae
955 2860 1474 2943 communionem
1503 2860 1738 2943 meruit
1768 2858 1895 2939 (Id.
1927 2860 2178 2920 Brevia.
2210 2860 2591 2922 Collationis
2620 2880 2760 2921 cum
2785 2861 3160 2934 Donatistis,
3192 2864 3292 2923 die
3318 2863 3380 2930 3,
3409 2883 3545 2943 cap.

268 2939 372 3001 ibi
400 2963 416 3011 ;
448 2943 609 3020 epist
633 2941 734 3010 88,
765 2959 832 3004 η.
863 2942 973 3020 10,
1007 2948 1062 2999 et
1095 2941 1274 3020 epist.
1305 2938 1441 3007 105,
1471 2957 1538 2999 η.
1569 2937 1657 3018 Is).

337 3017 643 3082 Jam'vero
669 3037 844 3080 anno
871 3019 990 3080 h07
1020 3017 1189 3080 nova
1221 3019 1452 3078 iterum
1491 3037 1604 3096 per
1631 3018 1971 3098 Africanos
2002 3019 2219 3080 Patres
2249 3017 2501 3080 decreta
2523 3063 2538 3089 ,
2575 3035 2888 3098 novasque
2915 3038 3030 3097 per
3055 3020 3415 3082 Honorium
3441 3022 3551 3083 le—

305 3118 398 3160 es.
437 3102 598 3160 Nam
637 3099 740 3159 die
777 3099 1019 3159 decima
1060 3099 1246 3159 tertia
1285 3097 1451 3175 junii
1491 3097 1752 3174 quidam
1793 3097 1856 3156 in
1893 3097 2164 3177 concilio
2194 3099 2683 3177 Carthaginensi
2718 3097 2998 3160 canones
3031 3101 3258 3161 sanciti
3290 3107 3440 3161 sunt
3470 3101 3550 3163 de

314 3181 566 3240 cclesiis
591 3180 1098 3248 Donatistarum,
1126 3177 1236 3254 qui
1269 3177 1346 3237 ad
1379 3177 1680 3238 Ecclesia
1706 3176 2223 3238 communionem
2253 3176 2748 3240 revertebantur
2775 3198 2789 3237 :
2820 3183 2883 3239 et
2912 3179 3151 3239 mensis
3181 3181 3548 3242 novembris

263 3260 361 3350 die
391 3259 640 3395 decidma
669 3258 894 3336 quinta
918 3301 932 3330 ,
962 3262 1025 3317 et
1051 3257 1151 3318 die
1182 3257 1484 3337 vigesima
1515 3260 1780 3333 quarta,
1811 3255 2139 3317 Honorius
2172 3274 2371 3318 novas
2407 3257 2580 3336 leges
2610 3257 2891 3318 condidit
2918 3257 2996 3319 ad
3033 3259 3400 3321 Donatistas
3433 3278 3550 3320 re—

265 3357 514 3395 nrtmen
562 3356 657 3395 DS.

306 3356 657 3398 nmenaos.

265 3357 685 3476 "$330332;
719 3415 1067 3476 Stilichone
1105 3413 1182 3475 ad
1222 3414 1387 3474 diem
1427 3413 1685 3493 augusti
1727 3413 2098 3491 vigesimam
2139 3415 2392 3476 tertiam
2427 3415 2794 3486 interfecto,
2825 3433 3009 3477 novae
3037 3434 3152 3493 per
3177 3417 3548 3480 Donatistas

266 3499 468 3555 turbae
495 3497 789 3555 excitata)
819 3501 991 3564 sunt,
1024 3495 1209 3571 quasi
1248 3511 1324 3551 eo
1354 3500 1608 3553 mortuo
1639 3493 1885 3569 legibus
1918 3493 2108 3553 soluti
2141 3500 2352 3554 essent
2385 3515 2400 3552 :
2432 3499 2492 3556 et
2524 3515 2603 3556 ne
2631 3495 2915 3556 audaciae
2944 3496 3121 3556 color
3147 3497 3416 3565 deesset,
3451 3497 3549 3558 in-

264 3575 656 3652 dulgentiam
689 3577 770 3634 ab
805 3575 1090 3633 Honorio
1127 3573 1355 3633 factam
1385 3571 1730 3653 commenti
1769 3577 1940 3653 sunt.
1980 3572 2097 3653 sed
2134 3580 2560 3634 commentum
2591 3575 2805 3635 statim
2837 3575 3231 3652 dissiparunt
3259 3575 3432 3653 leges
3463 3577 3548 3636 ab

264 3656 660 3732 Imperatore
697 3653 918 3712 eodem
952 3669 1125 3712 anno
1156 3656 1218 3711 et
1247 3653 1537 3728 sequenti
1576 3652 1640 3712 in
1677 3652 1982 3732 eosAlatte.
2019 3652 2136 3732 His
2179 3671 2400 3713 severe
2441 3653 2870 3731 exsequendis
2914 3673 3059 3713 cum
3105 3652 3548 3716 incumberent

267 3729 591 3811 praesides,
625 3750 873 3809 pmnam
902 3732 1234 3812 sanguinis
1263 3748 1300 3791 a
1329 3731 1751 3812 Schismaticis
1784 3729 2062 3812 factiosis
2093 3733 2346 3812 amoliri
2379 3729 2646 3793 conatus
2677 3737 2772 3812 est
2804 3733 3222 3812 Augustinus.

339 3813 584 3872 Verum
618 3816 688 3871 ut
717 3817 866 3871 sunt
905 3811 1236 3870 versatiles
1278 3810 1640 3886 principum
1671 3810 1875 3888 leges,
1913 3810 2166 3871 circiter
2203 3811 2482 3871 medium
2521 3812 2673 3872 anni
2712 3810 2831 3870 Ιιο9
2868 3810 3193 3870 Honorius
3230 3812 3544 3874 bmreticis

265 3891 642 3954 exercenda:
685 3889 1012 3968 religionis
1059 3907 1191 3950 sum
1235 3890 1592 3948 libertatem
1638 3890 2002 3968 concessit:
2037 3889 2142 3949 sed
2189 3908 2328 3950 eam
2373 3891 2763 3960 libertatem,
2809 3889 3244 3968 ﬂagitantibus
3289 3891 3541 3951 concilii

264 3969 792 4047 Carthaginensis
817 3967 995 4029 anno
1027 3973 1336 4048 sequente
1367 3968 1566 4028 habiti
1603 3967 1853 4046 legatis,
1885 3969 2219 4047 abrogavit
2250 3969 2471 4030 eodem
2502 3987 2698 4042 anno,
2735 3967 2951 4030 mense
2980 3973 3281 4048 augusto,
3318 3970 3544 4032 litteris

266 4050 656 4110 Heracliano
691 4048 915 4108 Africa:
945 4047 1157 4108 comiti
1189 4047 1465 4107 directis.

340 4129 628 4189 Tandem
659 4129 758 4187 die
788 4127 1066 4187 octobris
1098 4127 1338 4187 decima
1370 4130 1602 4202 quarta
1638 4123 1922 4204 ejusdem
1952 4125 2103 4187 anni
2135 4123 2253 4186 tuo
2283 4126 2587 4188 solemnis
2622 4126 2788 4187 inter
2817 4131 3125 4204 utrasque
3157 4132 3368 4204 partes
3399 4129 3546 4188 θοι-ι

265 4207 422 4268 latio
451 4211 536 4286 ab
567 4207 856 4286 Honorio
887 4208 1276 4286 Imperatore
1313 4205 1546 4286 indicta
1577 4210 1697 4277 est,
1729 4204 2115 4286 Carthagine
2149 4205 2366 4268 habita
2401 4207 2631 4283 prima,
2663 4208 2870 4276 tertia,
2904 4212 2967 4286 et
2994 4211 3220 4268 octava
3250 4207 3349 4267 die
3377 4208 3544 4286 junii

263 4287 416 4347 anni
453 4285 597 4358 Mt,
629 4285 1004 4365 praesidente
1034 4284 1409 4345 Marcellino
1437 4285 1695 4365 tribuno
1725 4304 1739 4342 :
1770 4302 1899 4362 qua
1931 4285 1996 4365 in
2030 4286 2372 4346 collatione
2405 4287 2752 4346 Donatista:
2785 4285 2955 4356 victi,
2990 4303 3118 4344 non
3149 4284 3548 4346 tamen'con-

267 4367 414 4426 victi
443 4363 724 4426 fuerunt.
749 4366 908 4425 Nam
931 4365 1384 4442 Imperatorem
1410 4363 1738 4424 confestim
1764 4363 2192 4440 appellarunt.
2217 4366 2326 4441 qui
2351 4381 2520 4425 novo
2542 4366 2610 4425 in
2630 4383 2739 4425 eos
2767 4367 3017 4442 prolato
3043 4365 3246 4424 edicto
3271 4366 3348 4425 ad
3375 4366 3543 4425 diem

265 4445 659 4524 trigesimam
678 4443 959 4524 januarii
984 4443 1134 4503 anni
1158 4441 1297 4510 ΜΞ,
1324 4443 1658 4524 iditandem
1683 4443 1910 4524 effecit,
1933 4448 2002 4502 ut
2033 4443 2211 4524 multi
2234 4444 2533 4505 Ecclesiae
2555 4441 3067 4524 communionem
3091 4444 3219 4524 sint
3238 4444 3542 4524 amplexi.

265 4522 473 4602 Hujus
503 4523 866 4584 collationis
899 4527 1038 4602 acta
1071 4540 1214 4602 cum
1245 4522 1611 4602 prolixitate
1642 4540 1755 4581 sua
1795 4523 2062 4582 lectores
2088 4523 2452 4602 fatigarent,
2481 4523 2700 4584 eadem
2735 4523 2798 4581 in
2830 4523 3274 4600 compendium
3306 4523 3548 4602 redegit

264 4600 669 4683 Augustinus
693 4647 708 4665 .
741 4607 803 4661 et
834 4601 1238 4683 Brevicuium
1260 4600 1642 4683 _Collationis
1686 4601 2103 4683 nuncupavit.
2141 4601 2256 4683 Sed
2297 4603 2450 4678 quia
2484 4602 2832 4683 Donatistae
2868 4602 3154 4679 ejusdem
3183 4600 3544 4662 collationis

261 4679 406 4744 acta
441 4682 636 4742 variis
668 4681 1014 4742 mendaciis
1045 4679 1125 4740 ad
1155 4680 1519 4740 retinendos
1555 4697 1822 4740 suorum
1853 4679 2102 4740 animos
2131 4682 2489 4742 subornare
2519 4687 2580 4740 et
2607 4681 2958 4758 depravare
2988 4683 3411 4746 conabantur,
3439 4698 3547 4742 eo-

267 4780 410 4822 'um
448 4759 788 4820 calumniis
821 4758 1102 4820 occurrit
1132 4758 1616 4819 strenuissimus
1655 4759 1908 4820 Athleta
1934 4803 1949 4828 ,
1983 4759 2151 4820 edito
2189 4759 2264 4820 ad
2309 4760 2679 4822 Donatistas
2712 4760 2909 4820 laicos
2944 4759 3109 4818 libro
3131 4804 3148 4832 ,
3180 4760 3282 4822 cui
3321 4761 3545 4832 titulus

262 4846 382 4911 est,
416 4865 443 4896 α
479 4842 628 4900 Post
661 4839 1082 4900 Collationem
1114 4838 1191 4898 ad
1235 4837 1625 4917 Donatistas.
1667 4861 1694 4892 ι)
1735 4839 1875 4917 Alia
1905 4837 2188 4915 ejusdem
2221 4839 2580 4917 argumenti
2619 4838 3111 4917 scriptioipaulo
3133 4830 3294 4916 post
3323 4830 3551 4900 eodem

262 4927 528 4981 auclore
566 4919 800 4996 prodiit
828 4937 909 4979 ex
940 4918 1212 4996 concilio
1240 4916 1512 4978 Cirtensi
1544 4917 1620 4978 ad
1652 4917 1817 4976 diem
1843 4915 2008 4996 junii
2042 4915 2348 4978 decimam
2380 4924 2677 4995 quartam
2710 4915 2862 4978 anni
2894 4916 3011 4976 M2
3039 4915 3382 4978 celebrato.

342 5001 492 5059 Post
524 4995 823 5077 magnam
855 4997 1030 5077 illam
1057 5041 1070 5064 ,
1105 4995 1289 5076 cujus
1323 4996 1512 5077 modo
1550 4995 1954 5077 meminimus
1977 5041 1992 5067 ,
2031 4997 2472 5077 collationem,
2502 4997 2945 5077 Marcellinum
2985 4997 3311 5077 tribunum
3342 4997 3458 5077 qui
3485 5015 3554 5058 ei-

263 5077 549 5155 praefuit,
577 5075 838 5154 capitali
870 5075 1017 5135 odio
1045 5075 1366 5155 prosecuti
1399 5080 1552 5136 sunt
1585 5076 1932 5136 Donatista:
1952 5120 1968 5145 ,
1997 5077 2279 5136 maxime
2308 5076 2478 5155 quod
2515 5076 2944 5154 imperialium
2972 5075 3278 5137 adversus
3305 5092 3416 5136 eos
3447 5076 3547 5135 le-

261 5153 413 5236 gum
441 5153 922 5236 exsecutionem
954 5156 1020 5214 in
1047 5154 1257 5236 Africa
1283 5160 1541 5236 urgeret
1571 5155 2009 5236 (Augustinus,
2059 5155 2234 5232 epist.
2285 5153 2449 5236 tlit).
2480 5153 2667 5236 Hunc
2691 5172 2852 5236 ergo
2873 5155 3056 5216 malis
3083 5156 3328 5236 artibus
3353 5160 3417 5236 et
3438 5171 3546 5214 oc-

262 5232 452 5296 cultis
480 5236 798 5296 cuniculis
826 5235 912 5295 ita
939 5233 1110 5312 apud
1136 5232 1454 5314 Marinum
1485 5232 2225 5314 comiteminfamarunt,
2256 5239 2325 5314 ut
2350 5232 2488 5314 ejus
2511 5234 2699 5314 jussu
2727 5232 3051 5314 Tribunus
3079 5232 3542 5314 capitopleirus

263 5315 345 5374 sit
373 5314 473 5375 die
503 5314 746 5375 decima
780 5314 964 5374 tertia
985 5310 1397 5390 septembris,
1425 5329 1600 5374 anno
1629 5312 2264 5392 quadringentesimo
2291 5310 2536 5375 decimo
2567 5315 2754 5374 tertio
2789 5312 2951 5390 (ld.,
3001 5310 3177 5390 epist.
3228 5310 3390 5390 151).
3421 5312 3545 5392 Ve-

264 5411 408 5455 rum
439 5393 644 5455 nihilo
674 5393 889 5453 mitius
919 5389 1130 5456 actum
1157 5397 1253 5453 est
1277 5411 1424 5453 cum
1451 5389 1826 5464 Donatistis,
1856 5389 2081 5454 contra
2106 5409 2269 5470 quos
2299 5393 2624 5454 Honorius
2650 5393 2749 5454 die
2771 5389 3077 5470 vigesima
3105 5406 3278 5451 nona
3305 5389 3544 5470 mensis

263 5473 426 5552 junii
457 5474 613 5533 anni
646 5473 974 5552 sequentis
1006 5472 1480 5552 severisﬁsimam
1511 5472 1798 5552 omnium
1827 5471 2028 5550 legem
2064 5468 2372 5552 condidit,
2407 5473 2618 5534 missis
2649 5468 3546 5552 etiamimense_augus_to‘de-

264 5546 514 5631 sinente
539 5546 766 5631 litteris
794 5556 1212 5631 contestatus,
1239 5551 1596 5631 Marcellini
1627 5568 1780 5631 nece
1806 5546 2217 5631 nequaquam
2245 5551 2598 5631 detractum
2625 5547 2989 5631 auctoritati
3012 5546 3372 5631 collationis
3393 5547 3548 5631 Car-

243 5627 692 5710 llbagi'nensis,
723 5631 825 5710 cui
862 5630 1242 5710 praefuisset.
1273 5630 1414 5710 Non
1453 5629 1680 5710 melius
1701 5625 2062 5710 Donatistis
2094 5630 2286 5710 cessit
2317 5631 2680 5707 importuna
2712 5628 2880 5705 apud
2911 5625 3306 5710 Bonifacium
3333 5630 3547 5710 comi-

239 5703 915 5806 jtemiinterpellatio,
959 5709 1074 5801 qui
1122 5709 1375 5802 rejectis
1421 5707 2065 5806 mendaoissimorum
2106 5703 2440 5806 nominum
2478 5703 2861 5806 (τειιιμιιηξίειζ
2898 5706 3237 5806 Augostini
3267 5706 3546 5806 gensiiia

234 5785 547 5869 fpraatulit
576 5785 699 5869 sibi
723 5785 1105 5869 ‘prtescripta
1125 5785 1210 5869 _i‘nf
1242 5787 1482 5850 eximio
1527 5786 1638 5848 illo
1673 5786 1840 5850 libro
1871 5787 2005 5850 sive
2039 5787 2312 5867 epistola
2341 5807 2488 5868 quae
2517 5793 2614 5852 est
2645 5813 2672 5844 α
2715 5787 2789 5850 de
2819 5785 3227 5848 Correctione
3267 5786 3545 5847 Donati—

269 5865 296 5925 ἆ
330 5873 582 5930 starum
614 5889 643 5925 ››
680 5865 835 5948 μα..
867 5865 1045 5949 epist.
1080 5866 1242 5948 185).
