4054 6466
487 342 560 403 28
1665 345 1702 400 s
1765 337 2129 402 .iucusrm
2175 339 2474 397 EPISCOl’l
3690 352 3763 412 ,ι

563 466 750 521 Anno
777 457 931 520 ιι18.
965 459 1350 520 universalis
1385 457 1638 518 concilii
1670 457 2196 537 Carthaginensis
2229 458 2444 518 Patres
2479 455 2578 516 die
2615 456 2821 534 prima
2856 458 3006 528 maii
3047 475 3212 522 nova
3251 459 3504 524 decreta
3534 463 3762 525 condi-
3875 477 3878 482 '

480 539 631 600 dere
661 539 736 599 ad
773 539 1273 618 exstinguendas
1304 538 1827 618 obstinatissima
1855 546 2041 598 sectas
2070 537 2401 618 reliquias.
2443 537 2658 596 Mense
2689 554 2842 618 vero
2872 539 3214 618 Septembri
3247 541 3543 617 proximo
3565 587 3580 614 ,
3613 561 3760 603 cum

482 620 879 698 Augustinus
907 616 1075 696 apud
1109 616 1737 698 Juliam'Caasareani
1765 623 2154 698 versaretur,
2182 617 2501 698 Emeritus
2530 633 2701 698 aegre
2721 616 3062 698 admodum
3087 637 3122 678 e
3155 616 3415 680 latebris
3447 622 3580 682 suis
3607 623 3760 683 edu-

480 695 620 760 ctus
652 707 748 758 est
779 697 858 759 ad
891 695 1236 758 iucundam
1268 715 1411 758 cum
1449 702 1672 756 sancto
1710 697 1980 756 Doctore
2017 695 2512 773 disputationem
2548 715 2562 753 :
2596 695 2703 756 sed
2735 695 2873 774 ejus
2907 699 3244 774 praesentia
3277 699 3363 760 ita
3392 699 3759 762 debilitatus

479 784 542 837 et
570 777 808 838 fractus
839 777 1056 837 animo
1085 786 1202 848 est,
1235 785 1305 836 ut
1337 793 1417 836 ne
1445 776 1678 835 mutire
1715 775 1971 851 quidem
2007 781 2121 835 aut
2150 775 2398 835 hiscere
2429 791 2628 836 ausus
2666 773 2877 836 fuerit.
2910 773 3261 853 Aliquanto
3295 785 3443 838 ante
3478 780 3759 841 ediderat

481 857 883 935 Augustinus
916 857 1172 928 librum,
1207 857 1308 916 cui
1338 855 1586 924 titulus,
1617 877 1650 935 «7
1677 854 1769 935 Ad
1797 854 2146 914 Emeritum
2178 854 2657 914 Donatistarum
2684 854 3055 933 episcopum
3085 862 3227 932 post
3255 855 3699 929 Collationem,
3729 882 3757 914 ιι

479 933 1010 1075 quotrelsbqueibus
1043 935 1532 1092 illljﬁviincuntur,
1561 933 1660 994 vel
1691 934 1837 996 victi
1865 950 2005 994 esse
2034 939 2500 1006 monstrantur,
2533 935 2809 994 breviter
2831 935 3422 1012 complectebantur
3451 936 3614 1016 (Id.,
3643 939 3761 999 Re-

509 1033 1068 1092 rac..i.,cap.
1208 1059 1223 1073 .
1462 1091 1469 1092 7
1760 1090 1770 1092 _
1915 1091 1919 1092 7
2044 1091 2049 1092 7
2332 1091 2335 1092 7
2548 1091 2551 1092 7

481 1023 667 1074 tract.
702 1016 811 1075 lib.
841 1016 900 1087 2,
932 1033 1068 1087 cap.
1095 1016 1223 1087 Isti).

561 1034 1421 1155 gitrclilgrji’ncggmngdmdem
1451 1091 1570 1152 Ιι18
1607 1096 1719 1152 aut
1753 1090 1871 1151 Ιι19
1908 1091 2164 1152 habitus
2193 1095 2290 1152 est
2326 1091 2809 1152 Donatistarum
2839 1098 3192 1153 conventus
3215 1138 3231 1164 ,
3270 1095 3370 1155 cui
3405 1095 3758 1156 Petilianus

480 1189 624 1231 cum
652 1173 793 1232 aliis
825 1174 966 1248 plus
991 1190 1186 1251 quam
1219 1173 1477 1252 triginta
1505 1172 1822 1249 episcopis
1855 1170 2181 1230 interfuit:
2208 1187 2247 1231 a
2271 1171 2507 1247 quibus
2537 1171 2598 1252 id
2623 1177 2956 1252 statutum,
2985 1178 3055 1233 ut
3078 1173 3188 1249 qui
3215 1172 3560 1234 Catholicis
3588 1193 3760 1236 com-

481 1252 1011 1322 municaverunt,
1044 1251 1496 1331 episcopbrum
1530 1252 1627 1311 vel
1672 1253 2230 1331 presbyterorum,
2267 1255 2513 1331 tantum
2535 1251 3027 1331 7si_sacriticium
3066 1268 3193 1311 non
3225 1253 3612 1326 obtulerint,
3645 1259 3760 1315 aut

482 1332 544 1387 in
575 1332 812 1412 populo
839 1348 967 1412 non
1000 1328 1436 1412 tractaverint,
1466 1331 1544 1392 ad
1574 1332 1825 1391 veniam
1853 1328 2238 1407 pertineant,
2266 1333 2330 1389 et
2354 1329 2418 1388 in
2447 1330 2580 1390 suis
2609 1328 2963 1391 honoribus
2990 1331 3387 1409 recipiantur
3410 1331 3561 1412 (Id.,
3590 1331 3760 1394 Con-

480 1417 581 1490 trq
607 1408 1044 1478 Gaudentium,
1077 1430 1210 1489 cap.
1238 1411 1364 1490 3'7).

557 1487 808 1550 Interea
838 1487 1160 1551 Dulcitius
1184 1487 1527 1569 exsecutor
1556 1488 1980 1565 imperialium
2008 1487 2374 1569 jussionum
2404 1490 2627 1569 contra
2661 1487 3078 1569 Donatistas,
3120 1488 3546 1550 Gaudentium
3577 1489 3756 1569 ejus-

478 1565 622 1626 dem
649 1575 836 1629 sectae
862 1571 1227 1646 episc0pum
1259 1567 1488 1628 litteris
1523 1569 1812 1628 hortatus
1840 1573 1938 1628 est
1961 1568 2038 1628 ad
2060 1568 2399 1646 unitatem,
2428 1567 2802 1646 dissuadens
2834 1567 3221 1641 incendium,
3250 1587 3382 1645 quo
3411 1587 3480 1629 se
3506 1586 3582 1630 ac
3602 1565 3757 1631 suos

476 1662 625 1705 cum
654 1647 793 1726 ipsa
825 1644 1050 1726 iniqua
1077 1644 1219 1710 erat
1242 1648 1512 1709 ecclesia
1536 1664 1916 1726 consumere
1949 1646 2338 1726 minabatur.
2369 1644 2764 1726 Gaudentius
2800 1646 3128 1725 respondit
3169 1647 3246 1708 ad
3275 1644 3534 1708 Dulcitii
3582 1649 3758 1710 litte-

481 1737 587 1785 ras
622 1744 637 1784 :
671 1725 854 1818 cujus
889 1732 1117 1806 rogatu
1148 1727 1546 1807 Augustinus
1577 1726 1782 1788 eidem
1815 1725 2176 1786 Gaudentio
2205 1725 2494 1802 reposuit
2525 1725 2693 1786 edito
2721 1725 2912 1801 libro,
2943 1726 3046 1787 cui
3077 1727 3277 1788 alium
3305 1727 3386 1788 ad
3417 1726 3755 1788 Gaudentii

481 1820 967 1866 resnonsmnem
997 1807 1247 1866 adiecit.

478 1807 967 1868 resnonsionem
997 1807 1247 1868 adiecit.

558 1821 582 1863 s
632 1821 816 1866 onsm
867 1824 967 1866 em
1039 1821 1073 1866 α
1105 1826 1138 1867 e
1180 1821 1247 1867 it.

558 1821 672 1944 lyre
698 1825 861 1944 sunt:
895 1823 1232 1962 posﬁr'enfaa
1273 1885 1477 1946 sancti
1525 1885 1818 1946 Doctoris
1866 1883 2348 1944 lucubrationes
2389 1883 2454 1943 in
2498 1883 2894 1954 Donatistas,
2925 1901 3207 1962 quorum
3253 1902 3562 1946 numerus
3607 1903 3754 1946 cum

475 1960 772 2024 deficeret
802 1965 864 2024 in
893 1960 1049 2034 dies,
1083 1965 1574 2026 invictissimum
1599 1964 1974 2041 scriptorem
1994 1962 2588 2041 tandemquiescere
2620 1963 2788 2023 sivit.
2821 1960 3187 2024 Nec'tamen
3214 1963 3308 2024 sic
3335 1971 3467 2024 tum
3497 1965 3756 2025 exstin-

477 2045 577 2102 cta
614 2041 732 2102 fuit
763 2045 1284 2122 pestilentissima
1315 2050 1511 2115 secta,
1542 2050 1612 2104 ut
1640 2043 1778 2121 ejus
1816 2042 2121 2122 reliquiae
2142 2042 2332 2121 longe
2366 2048 2510 2119 post
2543 2043 2878 2120 Augustini
2911 2049 3196 2120 tempora
3235 2060 3364 2102 non
3407 2043 3757 2122 superfue-

478 2121 631 2203 rint,
665 2123 773 2182 sed
807 2124 1000 2183 veluti
1032 2123 1398 2203 languentis
1425 2123 1713 2203 corporis
1740 2127 1804 2183 et
1832 2122 1910 2184 ad
1947 2121 2269 2183 excidium
2299 2123 2702 2199 properantis
2731 2122 3173 2193 simulacrum,
3202 2127 3316 2182 aut
3343 2123 3511 2183 sicut
3539 2121 3757 2185 favilla

477 2197 774 2282 fumusve
806 2221 887 2262 ex
915 2197 1446 2282 ingentivrelictus
1473 2197 1791 2262 incendio.

557 2279 868 2341 Creterum
897 2283 972 2343 ad
992 2279 1250 2342 'calcem
1279 2282 1512 2341 horum
1543 2297 1811 2358 Operum
1841 2279 2180 2358 rejecimus
2214 2297 2578 2341 sermonem
2609 2279 2718 2357 qui
2746 2279 2978 2340 dubius
3011 2280 3196 2340 nobis
3241 2280 3420 2340 visus
3461 2285 3577 2352 est,
3617 2281 3758 2341 Au-

479 2359 742 2434 gustino
791 2360 1208 2438 adscriptum,
1262 2384 1290 2417 α
1331 2360 1408 2421 de
1461 2360 1831 2421 Rusticiano
1871 2359 2267 2420 subdiacono
2300 2377 2339 2421 a
2374 2359 2724 2420 Donatistis
2768 2361 3168 2436 rebaptizato
3202 2365 3265 2419 et
3307 2359 3372 2418 in
3411 2359 3755 2420 diaconum

476 2439 797 2499 ordinato.
834 2462 862 2493 ››
901 2441 1065 2501 Huic
1095 2440 1378 2501 sermoni
1415 2440 1806 2517 subjecimus
1844 2439 2117 2498 indicem
2160 2455 2430 2515 Operum
2467 2439 2668 2499 sancti
2707 2439 2998 2498 Doctoris
3027 2446 3251 2500 contra
3286 2439 3654 2500 Donatistas
3685 2439 3755 2499 in

476 2518 982 2596 praecedentibus
1014 2520 1205 2579 tomis
1237 2519 1510 2596 sparsim
1537 2518 1875 2586 editorum,
1906 2534 2037 2578 una
2068 2535 2213 2577 cum
2247 2517 2412 2578 serie
2443 2525 2508 2578 et
2549 2519 2946 2596 argumentis
2978 2519 3401 2596 epistolarum
3442 2536 3586 2595 quas
3631 2535 3757 2579 ea-

473 2594 615 2656 dem
661 2600 1002 2658 occasione
1049 2594 1300 2675 scriptte
1344 2602 1516 2657 sunt.
1548 2598 1743 2657 Nobis
1775 2598 1968 2657 etiam
2001 2614 2214 2673 Operae
2244 2597 2519 2673 pretium
2551 2594 2761 2657 visum
2805 2605 2901 2658 est
2931 2597 2995 2656 in
3023 2594 3393 2674 Appendice
3423 2594 3566 2674 post
3593 2615 3758 2674 sup-

472 2675 828 2755 posititium
873 2678 1108 2738 librum
1154 2687 1379 2738 contra
1423 2677 1832 2755 Fulgentium
1876 2676 2294 2755 donatistam;
2335 2676 2522 2736 edere
2553 2677 2734 2755 varia
2778 2675 3018 2752 scripta
3047 2685 3108 2737 et
3141 2682 3578 2755 monumenta,
3609 2693 3756 2753 quas

473 2754 553 2814 ad
594 2755 1076 2816 Donatistarum
1123 2755 1456 2816 historiam
1499 2753 1845 2832 pertinent,
1896 2754 2212 2816 nonnulla
2257 2755 2514 2832 quidem
2545 2754 2820 2833 integra,
2851 2755 3130 2815 aliorum
3158 2772 3310 2815 vero
3359 2753 3751 2833 fragmenta;

474 2833 798 2910 praecipue
827 2853 978 2895 vero
1007 2853 1091 2894 ex
1129 2835 1486 2896 Collatione
1523 2833 2044 2912 Carthaginensi,
2084 2834 2435 2893 Exordium
2467 2834 2784 2912 cujusque
2829 2834 3124 2900 actionis.
3177 2836 3567 2910 Praeceptum
3616 2834 3757 2894 lm-

474 2852 798 2910 praecipne
827 2853 978 2895 vero
1007 2853 1091 2894 ex
1129 2852 1486 2896 uouauone
1523 2852 2044 2971 uartnagmensi,
2085 2852 2435 2893 exoratum
2467 2852 2784 2912 cujusque
2829 2852 3124 2900 acuoms.
3178 2852 3567 2910 rrteceptum
3616 2852 3756 2894 im-

474 2913 795 2987 peratoris
839 2913 915 2978 de
965 2914 1256 2974 habenda
1299 2913 1678 2984 Collatione,
1710 2913 1759 2971 E
1809 2913 2000 2973 ictum
2039 2912 2393 2972 Marcellini
2430 2913 2710 2988 primum
2746 2930 2822 2974 ac
2851 2914 3227 2984 secundum,
3267 2913 3595 2974 Notoriam
3629 2914 3756 2972 Do-

473 2992 859 3070 natistarum
889 2992 1094 3054 edicto
1128 2993 1678 3070 respondentium,
1711 2991 2083 3052 Mandatum
2110 2991 2587 3053 Catholicorum
2611 3009 2743 3069 quo
2769 2997 2902 3053 tota
2929 3010 3124 3053 causa
3147 2993 3607 3069 comprehensa
3632 2998 3751 3063 est,

472 3068 803 3131 Notoriam
851 3068 1335 3133 Donatistarum
1383 3073 1694 3141 alteram,
1738 3071 2222 3132 Donatistarum
2273 3071 2517 3132 litteras
2548 3068 2786 3132 contra
2833 3068 3310 3132 Catholicorum
3355 3071 3752 3143 Mandatum,

472 3147 729 3209 tandem
757 3149 1150 3211 Sententiam
1172 3151 1442 3230 judicis;
1491 3151 1998 3288 haudquaquam
2029 3150 2105 3210 iis
2136 3150 2390 3212 omissis
2417 3168 2562 3228 quas
2587 3152 2670 3211 ab
2692 3151 3050 3228 Augustino
3073 3151 3139 3210 in
3165 3150 3386 3212 eadem
3409 3151 3754 3210 collatione

473 3227 642 3288 dicta
678 3234 852 3288 sunt.
901 3231 1108 3288 Huius
1155 3231 1329 3288 enim
1367 3230 1727 3288 collationis
1761 3229 1817 3288 fe
1848 3230 1914 3288 ix
1951 3247 2026 3288 ac
2055 3231 2374 3288 secundus
2406 3248 2743 3288 successus
2778 3229 3117 3288 Augustini
3159 3230 3439 3288 maxime
3479 3229 3650 3288 curis
3694 3233 3754 3288 et

473 3227 642 3308 dicta
678 3234 852 3289 sunt.
901 3231 1108 3308 Hujus
1155 3227 1329 3292 enim
1367 3230 1727 3292 collationis
1761 3227 1914 3290 felix
1951 3247 2026 3290 ac
2055 3231 2374 3290 secundus
2406 3227 2743 3291 successus
2778 3227 3117 3308 Augustini
3159 3230 3439 3291 maxime
3479 3229 3650 3290 curis
3694 3233 3758 3289 et

475 3307 812 3388 industrize
843 3307 1144 3387 acceptus
1175 3309 1546 3370 referendus
1579 3315 1697 3378 est,
1733 3333 1760 3364 α
1792 3309 2099 3386 Quisquis
2132 3327 2309 3388 ergo,
2337 3332 2365 3365 »
2396 3310 2606 3386 inquit
2630 3307 2980 3381 Possidius,
3008 3309 3118 3386 qui
3152 3316 3210 3368 et
3243 3311 3381 3386 ipse
3412 3307 3755 3369 Collationi

472 3386 783 3467 interfuit,
817 3407 985 3448 unus
1005 3386 1103 3449 ex
1129 3395 1371 3467 septem
1394 3389 1708 3466 episcOpis
1735 3389 1814 3447 ad
1845 3386 2297 3463 disputandum
2330 3388 2705 3466 designatis,
2740 3412 2768 3444 ‹‹
2794 3388 3187 3466 diligentiam
3216 3395 3277 3448 et
3315 3405 3579 3465 operam
3607 3389 3756 3467 bea-

475 3489 504 3519 «
538 3466 798 3528 tissimus
822 3468 1148 3529 memorias
1176 3466 1518 3548 Augustini
1559 3486 1675 3545 pro
1706 3469 2006 3528 Ecclesia:
2039 3469 2150 3528 Dei
2189 3473 2360 3528 statu
2391 3485 2781 3548 cognoscere
2812 3467 3063 3548 plenius
3086 3467 3386 3548 voluerit,
3419 3466 3758 3548 etiamilla

477 3567 506 3599 α
542 3552 877 3626 percurrat
905 3553 1108 3626 gesta.
1138 3570 1166 3602 υ
1197 3546 1446 3626 Quippe
1476 3571 1505 3603 ‹‹
1529 3553 1730 3606 totum
1765 3548 1916 3608 illud
1951 3549 2191 3608 bonum
2233 3565 2348 3624 per
2387 3553 2678 3607 sanctum
2718 3547 2902 3626 illum
2946 3546 3307 3626 hominem,
3349 3547 3757 3626 consentien-

477 3625 713 3708 «__t_ibus
745 3623 979 3708 nostris
998 3623 1427 3708 episcopiset
1443 3627 1686 3708 pariter
1713 3628 2155 3705 satagentibus
2182 3671 2199 3699 ,
2237 3623 2297 3687 et
2323 3631 2598 3704 emptum
2628 3631 2690 3686 et
2719 3625 3069 3704 perfectum
3103 3630 3202 3687 est
3222 3648 3250 3682 »
3283 3623 3659 3708 (Possidius,
3689 3624 3758 3685 in

493 3703 637 3764 Vita
665 3705 1030 3785 Augustini,
1053 3703 1245 3786 capp.
1270 3704 1368 3778 ιιι,
1409 3705 1533 3786 13).

1434 3805 1501 3860 ΙΝ
1540 3803 1862 3860 PSALMUM
1901 3802 2174 3860 CONTRA
2215 3805 2496 3860 PARTEM
2536 3803 2811 3869 DONATI,

561 3894 852 3976 Videlib.
893 3897 951 3966 1,
987 3915 1124 3976 cap.
1161 3895 1263 3968 20,
1307 3896 1884 3976 Retractationum,
1929 3903 2074 3956 tom.
2120 3897 2178 3968 1,
2225 3895 2343 3956 col.
2377 3896 2518 3962 617.
2557 3915 2596 3954 a
2628 3893 2853 3976 verbis,
2898 3894 3138 3955 Volens
3178 3895 3396 3976 etiam,
3439 3893 3760 3976 usquead

471 3973 676 4056 verba,
696 3973 1147 4056 71lypopsalma
1178 3979 1296 4049 est,
1319 3975 1428 4037 ubi
1453 3977 1738 4056 loquitur
1770 3977 2158 4056 Augustinus
2187 3975 2260 4036 de
2286 3977 2552 4056 quodam
2574 3973 2894 4056 7Procemio
2915 3990 3169 4056 causa,
3217 3975 3386 4054 quod
3431 3974 3586 4056 PP:
3607 3975 3752 4056 _Be-

471 4054 707 4115 Mdicti
729 4051 949 4116 dicunt
977 4055 1050 4116 ab
1080 4051 1545 4136 hypopsatmaté
1571 4075 1694 4115 esse
1719 4051 1903 4134 plane
1931 4055 2262 4124 diversum,
2295 4051 2350 4114 Et
2371 4055 2537 4134 quod
2563 4055 2862 4114 hactenus
2891 4051 3302 4114 desideratur.
3566 4053 3655 4113 M.

501 4249 504 4251 λ
522 4246 538 4253 ε
546 4245 567 4253 ο
573 4245 1098 4256 “--_—_.———

1093 4341 1236 4456 S.
1323 4343 2086 4456 AUBELII
2141 4339 3146 4455 AUGUSTINI

1671 4532 2187 4596 HIPPONENSIS
2219 4531 2564 4594 EPISCOPI

620 4716 1328 4824 PSALMUS
1413 4712 2045 4819 CONTRA
2116 4709 2752 4813 PARTEM
2822 4708 3409 4813 DONATI
3469 4705 3543 4780 (⁸)
3589 4775 3630 4814 ο

1833 4929 2413 4985 ιθίθῦεςοβθρἓθ-ὶθι

472 5068 672 5124 Omnes
716 5071 805 5140 qui
857 5069 1099 5141 gaudetis
1145 5067 1215 5124 de
1262 5080 1424 5136 pace,
1475 5063 1636 5119 modo
1683 5077 1868 5119 verum
1911 5061 2059 5131 judi-
2175 5056 2511 5113 Abundantia
2540 5065 2874 5124 peccatorum
2903 5055 3041 5110 solet
3068 5054 3259 5111 fratres
3283 5055 3649 5112 conturbare:

551 5171 688 5217 cale.
2178 5151 2402 5220 PrOpter
2423 5149 2523 5202 lioc
2547 5149 2799 5203 Dominus
2825 5158 3008 5203 noster
3034 5149 3201 5204 voluit
3223 5165 3321 5206 nos
3345 5165 3699 5220 prmmonere,

1663 5302 1948 5342 ADIONI‘I‘IO
1987 5302 2068 5339 PP.
2111 5298 2590 5340 BENEDICTINOMJI.

539 5407 751 5457 Psalmus
775 5408 1098 5458 aliecedarius
1119 5412 1282 5468 contra
1311 5412 1498 5468 partem
1521 5401 1686 5468 Donati
1705 5400 1989 5468 recognitus
2004 5405 2091 5468 est
2104 5397 2271 5468 denuo
2295 5393 2364 5468 ad
2377 5397 2677 5468 antiquiores
2695 5395 3150 5468 editienesaoannis
3175 5395 3662 5468 amerbachii.7besid
3673 5410 3760 5468 ert:

481 5476 656 5518 Erasmt
683 5482 739 5518 ac
752 5471 1116 5519 bovaniensium
1132 5457 1484 5529 'rheoltigorum
1501 5499 1517 5524 ,
1547 5473 1599 5514 et
1616 5464 1678 5513 ad
1719 5457 1963 5512 variantes
2003 5459 2244 5509 lectiones
2288 5457 2514 5507 veterum
2557 5458 2774 5508 codicum
2823 5457 3124 5521 Belgicorum
3169 5458 3539 5508 cambronensis
3571 5471 3627 5508 ac
3670 5467 3762 5508 En-

476 5530 742 5580 dovieusis.

547 5611 1057 5690 Comparavimus
1078 5616 1376 5691 praterea
1403 5625 1502 5668 eas
1533 5624 1737 5666 omnes
1763 5603 2065 5665 editiones
2099 5601 2286 5663 initio
2313 5603 2486 5665 Retr.
2508 5616 2562 5667 et
2583 5606 2896 5681 Confess.,
2921 5609 2968 5661 τ.
2999 5601 3059 5675 1,
3084 5609 3473 5664 memoratas.
3558 5602 3646 5664 M.

563 5733 616 5795 α)
637 5731 848 5795 Scriptus
862 5733 1052 5795 circiter
1067 5730 1213 5795 tinem
1235 5731 1344 5795 anui
1367 5727 1661 5795 Cliristi5973,
1695 5725 2084 5795 quandoquidem
2119 5724 2184 5795 in
2204 5727 2638 5776 netracuitionibus
2690 5726 2882 5788 ponitur
2925 5724 3143 5775 secundo
3179 5725 3286 5776 loco
3327 5732 3436 5790 post
3470 5725 3647 5777 librum
3691 5724 3760 5777 do

480 5788 609 5846 l'lde’
638 5800 691 5843 et
711 5788 928 5857 s'ymbolo
962 5795 1009 5843 in
1033 5793 1321 5858 ltipponeusi
1347 5789 1547 5842 concilio
1581 5788 1800 5852 ejusdem
1827 5789 1936 5837 anni
1959 5788 2290 5850 compositum.
