4054 6478
297 380 364 433 ω
1336 388 1641 447 PSALMUS
1675 390 1946 448 CONTRA
1988 397 2261 460 PARTEM
2302 409 2568 468 DONATI.
3483 439 3552 495 26

297 493 627 567 Comparans
648 511 867 569 regnum
900 499 1155 554 caelorum
1186 500 1408 555 reticulo
1435 504 1599 558 misso
1626 506 1677 558 in
1708 520 1873 565 mare.

299 584 655 655 Congreganti
687 594 701 619 ¹
748 589 943 644 multos
983 590 1188 659 pisces,
1221 606 1379 648 omne
1424 608 1608 663 genus,
1660 596 1781 650 hinc
1824 607 1876 650 et

367 675 509 729 inde.

297 763 438 830 Quos
464 780 588 819 cum
623 768 906 823 traxissent
944 768 1008 823 ad
1038 768 1210 836 littus,
1236 779 1361 826 tunc
1401 784 1677 843 cmperunt
1713 789 1871 844 sepa-

1988 508 2240 611 Pixernnt
2270 523 2496 589 majores
2522 528 2707 594 nostri,
2735 540 2786 584 et
2812 530 2974 589 libros
3002 536 3237 596 fecerunt
3257 543 3377 599 inde
3395 588 3409 611 ,

1981 601 2078 667 Qui
2117 614 2239 662 tunc
2265 625 2476 667 causam
2511 631 2897 693 cognoverunt,
2929 627 3069 696 quod
3109 646 3294 690 recens
3335 649 3546 706 possent

2053 696 2293 763 probare.

362 869 482 909 rare
509 873 522 908 Ζ

292 943 468 1000 Bonos
496 948 547 1001 in
580 963 706 1003 vasa
732 950 1021 1015 miserunt;
1048 950 1280 1021 reliquos
1308 954 1495 1016 malos,
1528 954 1580 1009 in
1612 970 1779 1010 mare.

288 1035 539 1105 Quisquis
585 1040 736 1092 novit
777 1040 798 1071 ³
840 1041 1217 1110 Evangelium,
1261 1054 1605 1113 recognoscat
1648 1060 1768 1100 cum
1799 1046 1869 1099 ti-

355 1140 526 1180 more.

285 1215 439 1271 Videt
456 1218 736 1274 reticulum
760 1220 1049 1276 Ecclesiam
1073 1264 1088 1287 ,
1112 1223 1254 1277 videt
1290 1226 1389 1278 hoc
1406 1229 1653 1280 saeculum
1695 1243 1861 1283 mare.

282 1308 464 1363 Genus
498 1321 677 1366 autem
707 1314 927 1367 mixtum
967 1315 1155 1384 piscis,
1195 1316 1372 1385 justus
1398 1327 1479 1371 est
1513 1332 1633 1372 cum
1674 1335 1861 1389 pecca-

350 1412 487 1456 tore.

279 1490 467 1547 Surculi
500 1494 618 1548 ﬁnis
639 1504 719 1550 est
741 1495 887 1551 littus
918 1514 931 1549 :
962 1507 1084 1552 tunc
1111 1508 1195 1553 est
1224 1506 1434 1568 tempus
1468 1516 1736 1571 separare.

278 1582 505 1647 Quando
534 1586 669 1639 retia
702 1599 989 1655 ruperunt,
1023 1588 1242 1642 multum
1273 1590 1572 1645 dilexerunt
1598 1609 1761 1647 mare.

277 1674 413 1728 Vasa
445 1686 569 1729 sunt
597 1678 755 1731 sedes
775 1690 1097 1744 sanctorum,
1121 1696 1225 1751 quo
1240 1697 1351 1749 non
1386 1693 1609 1751 possunt
1626 1684 1647 1716 ⁸
1667 1701 1857 1754 perve-

342 1767 459 1821 nire
482 1768 692 1839 (Matth.
720 1785 833 1834 xm,
857 1772 923 1825 47
958 1772 1070 1839 50).

271 1859 471 1914 Omnes
500 1862 589 1931 qui
617 1862 855 1932 gaudetis
881 1864 949 1919 de
969 1880 1114 1934 pace,
1149 1866 1305 1920 modo
1327 1883 1507 1922 verum
1526 1869 1781 1939 judicate.

274 1998 453 2053 Bonus
481 2000 693 2055 auditor
720 2002 944 2059 fortasse
969 2005 1180 2073 quaerit,
1208 2006 1309 2074 Qui
1338 2018 1594 2077 ruperunt
1614 2011 1764 2066 rete?

268 2090 530 2147 llomincs
553 2095 777 2148 multum
814 2098 1023 2164 superbi
1046 2137 1060 2160 ,
1092 2098 1180 2166 qui
1218 2099 1392 2166 justas
1419 2114 1477 2155 se
1503 2101 1685 2156 dicunt
1708 2117 1848 2159 esse.

266 2182 355 2236 Sic
386 2183 629 2239 fecerunt
654 2187 961 2250 scissuram,
987 2196 1040 2240 et
1061 2187 1227 2241 altare
1255 2196 1439 2243 contra
1463 2190 1653 2246 altare.

269 2274 493 2329 Diabolo
520 2290 580 2330 se
610 2275 960 2340 tradiderunt,
992 2293 1112 2331 cum
1141 2287 1375 2348 pugnant
1394 2279 1462 2334 de
1489 2281 1788 2346 traditione,

267 2365 333 2419 Et
359 2367 566 2420 crimen
598 2366 742 2436 quod
785 2368 1197 2433 commiserunt,
1223 2369 1273 2422 in
1302 2369 1434 2423 alios
1457 2370 1640 2425 volunt
1673 2380 1849 2427 trans-

330 2457 473 2512 ferre
502 2475 518 2510 :

261 2547 360 2615 Ipsi
391 2548 726 2603 tradiderunt
751 2549 958 2616 Libros,
985 2558 1040 2604 et
1066 2564 1161 2604 nos
1181 2549 1376 2604 audent
1393 2565 1666 2615 accusare,

261 2638 329 2694 Ut
368 2641 525 2710 pejus
549 2641 885 2695 committant
928 2642 1136 2706 scelus,
1177 2657 1335 2711 quam
1374 2642 1753 2699 commiserunt
1792 2654 1847 2701 et

324 2740 470 2785 ante.

263 2820 409 2888 Quod
467 2830 688 2891 possent
743 2836 956 2876 causam
1020 2820 1300 2876 Librorum
1348 2837 1605 2880 excusare
1648 2824 1719 2879 de
1770 2824 1840 2881 ti-

326 2930 501 2980 more,

260 3005 407 3074 Quod
454 3006 646 3060 Petrus
679 3003 949 3060 Christum
991 3006 1201 3076 negavit
1238 3004 1350 3074 (Id.
1387 3020 1543 3073 xxw,
1581 3004 1690 3077 70),
1713 3005 1840 3064 dum

327 3106 624 3151 terreretur
652 3096 717 3149 de
745 3104 916 3150 morte
947 3112 961 3148 :

257 3188 413 3243 Modo
437 3204 545 3257 quo
568 3197 721 3257 pacto
746 3189 1075 3243 excusabunt
1116 3188 1310 3243 factum
1340 3188 1509 3244 altare
1535 3197 1720 3244 contra
1755 3188 1839 3243 al-

327 3281 483 3333 tare?

261 3370 326 3424 Et
346 3384 477 3439 pace
507 3369 701 3423 Christi
728 3370 995 3424 conscissa
1016 3384 1165 3440 spem
1191 3381 1393 3438 ponunt
1418 3372 1468 3425 in
1500 3372 1752 3427 homine?

255 3462 405 3531 Quod
436 3462 737 3533 persecutio
761 3461 780 3495 ³
809 3478 912 3518 non
945 3462 1083 3525 fecit,
1113 3462 1211 3531 ipsi
1235 3462 1474 3517 fecerunt
1496 3465 1545 3517 in
1590 3480 1736 3531 pace.

256 3557 455 3609 Omnes
509 3556 597 3624 qui
634 3555 875 3625 gaudetis
929 3556 995 3609 de
1027 3572 1170 3624 pace,
1199 3553 1358 3610 modo
1381 3571 1562 3612 verum
1583 3555 1831 3629 judicate.

252 3672 445 3725 Custos
475 3677 678 3735 noster,
708 3670 847 3723 Dens
877 3684 1084 3737 magne,
1117 3680 1169 3723 ttt
1198 3686 1295 3723 nos
1318 3681 1466 3740 potes
1496 3672 1719 3726 liberare

252 3765 295 3819 Δ
340 3761 827 3833 pseudoprOphetis
878 3763 1020 3826 istis,
1077 3762 1167 3832 qui
1220 3778 1319 3818 nos
1374 3774 1617 3833 quzeruut
1668 3764 1832 3820 devo-

317 3872 459 3910 rare.

251 3947 589 4001 Maledictum
617 3960 711 3999 cor
738 3944 976 4013 lupinum
1007 3952 1296 4013 contegunt
1316 3946 1468 3998 ovina
1496 3946 1632 4013 pelle
1652 3946 1674 3978 '
1708 3963 1721 3999 :

249 4040 342 4104 Qui
376 4039 397 4070 ⁸
430 4046 689 4091 noverunt
717 4036 1033 4105 Scripturas,
1065 4038 1159 4088 hos
1188 4038 1359 4090 Solent
1391 4038 1792 4093 circumvenire.

248 4130 485 4184 Audiunt
513 4130 652 4182 enim
682 4128 988 4192 traditores,
1015 4138 1067 4183 et
1096 4129 1336 4182 nesciunt
1357 4130 1495 4199 quod
1523 4142 1725 4199 gestum
1749 4140 1830 4185 est

314 4231 457 4274 ante.

251 4311 454 4379 Quibus
482 4310 527 4365 si
555 4310 726 4364 dicam
746 4351 762 4376 ,
792 4309 1019 4364 Probate
1038 4350 1053 4376 ,
1084 4325 1185 4363 non
1218 4311 1414 4367 habent
1450 4313 1574 4383 quid
1602 4329 1827 4385 respon-

315 4404 465 4456 dere.

142 4472 153 4483 λ
249 4494 367 4550 Suis
389 4511 447 4548 se
473 4494 654 4547 dicunt
679 4491 993 4550 credidisse:
1023 4491 1140 4545 dico
1168 4508 1266 4561 ego
1290 4494 1536 4547 mentitos
1556 4511 1674 4550 esse
1701 4512 1715 4550 :

250 4585 379 4654 Quia
404 4596 455 4638 et
499 4601 596 4638 nos
620 4585 885 4638 credimus
933 4584 1149 4649 nostris,
1191 4585 1279 4654 qui
1322 4600 1416 4640 eos
1454 4585 1635 4640 dicunt
1663 4589 1828 4643 tradi-

248 4676 531 4819 VigIISIZZSc
560 4764 649 4835 qui
693 4764 871 4818 dicant
913 4762 1143 4818 falsum?
1169 4763 1267 4831 Qui
1308 4778 1413 4819 non
1455 4776 1575 4820 sunt
1619 4767 1671 4821 in
1705 4769 1824 4821 uni-

316 4867 442 4911 tate.

250 4948 389 5003 Olim
432 4950 540 5018 jam
580 4964 739 5004 causa
784 4948 928 5003 ﬁnita
975 4956 1084 5011 est,
1127 4947 1267 5018 quod
1306 4964 1399 5004 vos
1442 4966 1547 5004 non
1585 4951 1734 5006 statis
1770 4954 1821 5007 in

351 5060 465 5097 ace.

351 5061 465 5097 aee.

239 5061 440 5192 Oufnes
464 5135 553 5205 qui
580 5133 820 5205 gaudetis
839 5132 905 5187 de
932 5147 1087 5201 pace,
1111 5132 1270 5187 modo
1295 5149 1475 5187 verum
1496 5133 1747 5204 judicatc.

308 5252 324 5315 ξ
358 5257 460 5315 μη.
488 5254 540 5297 et
579 5253 673 5304 Fax,
698 5243 1023 5315 gangrenam.
1176 5304 1206 5315 υ

305 5312 325 5340 ²
357 5312 429 5358 sic
452 5316 558 5356 Mss.
586 5315 640 5355 Al.
664 5304 1036 5367 editifouisqnis
1060 5304 1241 5367 recolit.

305 5373 326 5402 ³
357 5374 440 5418 Hic
460 5369 587 5429 apud
606 5378 703 5416 Am.
729 5373 802 5415 Er.
824 5375 875 5416 et
900 5365 1002 5415 MSS.
1026 5366 1232 5426 additur,
1256 5365 1388 5418 mali.

305 5433 327 5462 ⁸
357 5434 429 5479 sic
452 5438 556 5478 Mss.
584 5429 699 5478 Editi
718 5438 908 5485 autem,
925 5439 1216 5490 persecutor.

304 5495 325 5545 β
361 5493 491 5555 Apud
515 5491 779 5555 plerosque
801 5488 954 5555 editos
975 5488 1153 5555 aliquid
1183 5489 1260 5555 hic
1278 5489 1456 5555 deesse
1473 5489 1681 5538 videtur.
1707 5498 1818 5539 Nam

304 5504 325 5545 9
361 5504 491 5555 Αιιυσ
515 5504 595 5553 pte
711 5504 774 5538 ue
801 5504 954 5538 eath
975 5504 1151 5551 anqma
1184 5504 1260 5537 tne
1278 5504 1456 5537 deesse
1473 5504 1681 5538 videtur.
1709 5504 1818 5539 nam

242 5562 432 5603 caetera:
450 5504 782 5614 huiusI-Sami
796 5552 1006 5612 stropha:
1028 5550 1282 5614 duodecim
1304 5549 1688 5614 complectuntur
1709 5566 1819 5599 ver-

243 5614 435 5670 siculos,
460 5610 631 5663 W
650 5626 766 5682 vero
788 5610 962 5682 decem
985 5610 1454 5682 solumtnodo‘..Apud
1482 5617 1552 5682 Er.
1575 5620 1646 5679 _et
1663 5614 1813 5682 .l.ugd.

242 5676 427 5743 additur
444 5690 465 5743 _:
494 5672 830 5743 Nogttetgjttstt'
851 5673 987 5722 atina
1008 5671 1175 5736 pellis,
1219 5671 1425 5743 schisma
1456 5678 1524 5743 est
1566 5670 1617 5720 in
1653 5670 1818 5743 fupiuo

242 5739 421 5797 corde;
444 5735 575 5785 haud
596 5730 918 5794 sulliéienter;
942 5730 1173 5783 numerus
1196 5735 1326 5784 enim
1350 5746 1442 5781 non
1472 5733 1543 5782 sic
1563 5730 1815 5784 recte'cx-

291 5806 416 5847 etur.
488 5806 541 5846 Μ.

242 5799 416 5857 pletur.
488 5806 541 5846 Μ.

302 5859 321 5891 ⁸
344 5868 533 5912 ncesse
558 5858 746 5909 videtur
770 5858 981 5918 negatio,
1005 5869 1112 5907 non.

1982 781 2146 886 Erant
2169 790 2379 857 quidam
2409 795 2685 853 traditores
2711 801 2983 859 Librorum
3007 807 3074 863 de
3094 823 3273 866 sancta
3302 815 3417 886 lege
3439 859 3454 882 ,

1979 874 2222 971 [Episcopi
2248 881 2313 936 de
2342 883 2603 950 Numidia,
2635 900 2688 944 et
2715 909 2816 946 non
2841 897 3058 965 quilibet
3078 900 3142 954 de
3172 902 3325 971 plebe

1973 966 2107 1064 ilum
2135 970 2501 1046 Carthaginem
2529 985 2796 1039 venissent
2825 991 3127 1061 episcopum
3156 966 3434 1064 ordinare,

1973 1058 2290 1121 Invenerunt
2316 1072 2653 1128 (Itecilianum
2679 1078 2785 1145 jam
2808 1082 3105 1139 ordinatum
3134 1087 3185 1140 in
3214 1104 3309 1144 sua
3336 1093 3464 1147 sede

1973 1149 2091 1207 irati
2123 1166 2244 1210 sunt
2264 1160 2383 1228 quia
2414 1163 2507 1231 ipsi
2538 1181 2639 1219 non
2671 1180 2947 1235 potuerunt
2977 1176 3246 1233 ordinare.

1971 1245 2134 1300 Erant
2164 1248 2351 1304 Botrus
2377 1262 2430 1305 et
2455 1254 2714 1311 Celestius
2738 1258 2813 1329 (a)
2842 1261 3019 1318 hostes
3047 1264 3325 1322 Cteciliano
3354 1271 3536 1338 valde,

1982 1333 2127 1403 lmpii
2146 1380 2158 1400 ,
2183 1336 2323 1392 fures
2339 1381 2353 1406 ,
2373 1345 2582 1410 superbi
2606 1389 2620 1409 ,
2647 1347 2712 1400 de
2732 1349 2919 1416 quibus
2945 1352 3154 1423 longum
3181 1368 3262 1411 est
3292 1359 3491 1415 referre
3510 1401 3527 1426 ,

1965 1424 2258 1483 Junxernnt
2286 1446 2342 1485 se
2369 1434 2524 1487 simul
2552 1452 2737 1491 omnes
2762 1440 2959 1495 crimen
2990 1442 3038 1496 in
3070 1445 3214 1500 illum
3242 1449 3494 1504 conflare.

1968 1515 2156 1571 Dicunt
2183 1521 2541 1579 ordinatorem
2569 1528 2683 1595 ejus
2711 1540 2923 1585 sanctos
2946 1533 3107 1588 libros
3131 1537 3429 1594 tradidisse.

1965 1607 2053 1661 Sic
2082 1611 2223 1677 pacis
2251 1614 2380 1668 retia
2409 1628 2682 1686 ruperunt,
2712 1629 2764 1674 et
2784 1632 2964 1678 errant
2988 1627 3144 1679 modo
3170 1643 3263 1697 per
3284 1646 3449 1687 mare.

1960 1696 2158 1755 Omnes
2183 1703 2271 1770 qui
2296 1706 2535 1773 gaudetis
2560 1707 2625 1762 de
2655 1724 2801 1778 pace,
2833 1714 2991 1768 modo
3022 1696 3200 1770 verum
3220 1718 3475 1788 judicate.

1960 1871 2093 1927 Ecce
2119 1891 2265 1943 quam
2289 1879 2469 1931 bonum
2489 1890 2537 1934 et
2560 1899 2707 1950 quam
2732 1884 3019 1952 jucundum
3036 1928 3050 1955 ,
3083 1888 3264 1957 fratres
3290 1888 3343 1942 in
3372 1906 3523 1945 unum

2029 1964 2249 2019 habitare
2267 1966 2434 2041 (Psal.
2464 1986 2679 2036 cxxxtn,
2716 1973 2790 2044 l).

1957 2097 2147 2154 Audite
2174 2116 2355 2155 vocem
2382 2103 2680 2174 Prophettc,
2710 2117 2768 2162 ut
2796 2108 2913 2163 sitis
2942 2110 2992 2164 in
3015 2110 3234 2166 unitate.

1954 2189 2164 2246 Crimen
2209 2194 2361 2250 nobis
2407 2198 2422 2227 ¹
2470 2199 2590 2267 quis
2632 2200 2870 2269 probavit
2914 2205 3192 2272 antiquum
3240 2203 3307 2258 de
3355 2204 3520 2259 tradi-

2026 2286 2167 2339 tione
2183 2285 2205 2338 ?

1951 2372 2081 2440 Quis
2108 2376 2303 2444 oltjecit
2331 2378 2380 2432 in
2403 2379 2638 2446 judicio?
2663 2380 2760 2447 Qtti
2790 2383 3042 2438 sederunt
3064 2383 3343 2453 judicare?

1951 2466 2152 2534 Quibus
2182 2470 2402 2524 testibus
2424 2472 2692 2525 convicit?
2715 2473 2843 2539 Quis
2867 2489 3028 2529 ausus
3052 2485 3131 2529 est
3155 2475 3458 2529 afﬁrmare?

1950 2556 2053 2613 Sed
2100 2559 2200 2612 hoc
2242 2559 2468 2614 libenter
2514 2562 2811 2628 ﬁnxerunt,
2855 2563 2993 2632 quod
3039 2579 3097 2619 se
3141 2572 3401 2618 noverunt
3437 2563 3518 2619 fc-

2018 2647 2155 2700 cisse
2185 2664 2199 2699 :

1949 2736 2078 2803 Quia
2112 2739 2245 2791 fama
2273 2738 2380 2806 jam
2408 2739 2719 2810 loquebatur
2743 2742 2808 2796 de
2829 2742 3103 2797 Librorum
3128 2744 3443 2811 traditione;
3492 2782 3497 2791 -

1949 2827 2055 2883 Sed
2084 2830 2172 2899 qui
2200 2830 2432 2885 fecerant
2463 2833 2693 2887 latebant
2720 2835 2769 2887 itt
2799 2835 2884 2887 illa
2917 2836 3231 2903 perditione.

1948 2920 2076 2976 Inde
2127 2923 2259 2978 alios
2308 2923 2725 2991 iufamaverunt,
2772 2937 2828 2981 ut
2868 2942 2926 2983 se
2976 2928 3120 2997 ipsos
3162 2939 3379 2998 possent
3420 2944 3516 2985 ce-

2016 3011 2147 3066 lare.

1945 3102 2046 3157 Per
2076 3104 2194 3157 illos
2215 3104 2393 3158 cazteri
2415 3116 2724 3163 erraverunt
2754 3107 3017 3176 principes
3045 3122 3110 3161 ex
3146 3107 3256 3176 ipsa
3282 3118 3430 3177 parte
3461 3125 3477 3163 :

1942 3193 2073 3260 Quia
2095 3210 2198 3247 non
2228 3195 2444 3249 credere
2463 3196 2676 3265 collegis
2702 3208 3011 3265 putaverunt
3033 3198 3129 3251 sibi
3163 3208 3333 3267 turpe.

1944 3284 2083 3347 Jatn.
2115 3285 2323 3350 fratres,
2358 3286 2538 3341 ﬁnitur
2557 3290 2577 3319 ²
2597 3304 2766 3352 error,
2798 3301 2851 3343 et
2874 3291 3040 3343 simus
3066 3291 3117 3342 in
3146 3290 3365 3345 unitate.

1943 3376 2141 3432 Omnes
2170 3379 2256 3447 qui
2306 3379 2547 3448 gaudetis
2569 3380 2634 3434 de
2659 3395 2787 3450 pace
2808 3423 2821 3445 ,
2846 3381 3004 3435 modo
3030 3397 3209 3435 verum
3251 3382 3508 3452 judicate.

1944 3538 2211 3597 Fecerunt
2236 3540 2376 3614 quod
2400 3541 2675 3600 voluerunt
2702 3550 2824 3600 tunc
2856 3544 2902 3599 ir.
2931 3543 3020 3601 illa
3046 3546 3285 3604 caez-itnte
3316 3565 3332 3603 :

1940 3631 2054 3686 Non
2073 3633 2280 3702 judices
2307 3635 2580 3700 sederunt,
2612 3652 2715 3691 non
2738 3638 3039 3693 sacerdotes
3060 3640 3126 3693 de
3147 3654 3296 3693 more
3313 3679 3331 3705 ,

1938 3724 2088 3790 Quod
2116 3727 2287 3780 solent
2314 3728 2364 3780 in
2396 3730 2600 3797 magnis
2627 3730 2820 3795 causis,
2848 3732 3148 3801 congregati
3176 3730 3435 3798 judicare.

1936 3818 2051 3872 Non
2076 3831 2352 3873 accusator
2375 3829 2427 3872 et
2453 3836 2574 3872 reus
2602 3829 2861 3873 steterunt
2889 3823 2940 3873 in
2961 3822 3281 3889 quastione;

1936 3908 2052 3963 Non
2084 3918 2281 3973 testes,
2312 3926 2418 3964 non
2460 3911 2865 3975 documentum,
2900 3927 3007 3980 quo
3048 3920 3263 3981 possent
3302 3911 3504 3967 crimen

2043 4000 2227 4053 rebare
2251 4018 2264 4050 :

2043 4016 2264 4053 ronare:

1936 4016 2039 4142 Sci;
2063 4087 2229 4153 furor,
2262 4088 2434 4155 dolus,
2460 4089 2731 4153 tumultus,
2763 4091 2849 4158 qni
2878 4101 3098 4157 regnant
3126 4092 3175 4144 in
3217 4090 3466 4147 falsitate.

1934 4176 2275 4231 Proferanlur
2297 4179 2446 4232 nobis
2471 4178 2626 4234 Gesta
2657 4196 2773 4248 qua:
2796 4182 2848 4233 in
2875 4181 3097 4233 concilio
3124 4181 3297 4235 solent
3324 4197 3464 4248 esse,

1934 4268 2219 4323 Videamus
2248 4286 2366 4339 qua:
2395 4286 2479 4325 res
2504 4272 2675 4341 coegit
2704 4274 2814 4325 ﬁeri
2841 4272 3004 4326 altare
3028 4284 3211 4327 contra
3241 4277 3427 4327 allnl‘t'.

1932 4360 1987 4415 Si
2016 4360 2186 4414 malus
2214 4370 2329 4415 erat
2354 4362 2622 4427 sacerdos,
2650 4362 2993 4429 deponendus
3017 4370 3134 4418 erat
3159 4372 3281 4419 ante
3306 4382 3320 4417 :

1932 4451 1986 4505 Si
2016 4469 2116 4505 non
2145 4462 2345 4522 poterat
2373 4453 2585 4523 deponi,
2617 4454 2918 4507 tolerandus
2948 4455 3081 4508 intra
3104 4464 3218 4508 rete
3243 4472 3256 4509 :

1930 4543 2076 4599 Sicut
2100 4544 2257 4598 modo
2288 4546 2520 4599 toleratis
2545 4556 2648 4599 tam
2679 4549 2873 4601 multos
2896 4548 3061 4602 malos
3089 4560 3270 4615 aperte
3299 4571 3312 4607 :

1930 4633 1999 4688 Et
2024 4634 2113 4704 qui
2139 4634 2287 4689 fertis
2314 4651 2408 4703 pro
2430 4634 2626 4700 furore,
2658 4637 2862 4691 ferretis
2892 4652 3051 4690 unum
3085 4653 3177 4707 pro
3208 4654 3357 4707 pace.

1929 4727 2126 4781 Omnes
2172 4728 2259 4797 qui
2309 4727 2548 4797 gaudetis
2594 4726 2660 4782 de
2714 4727 2876 4797 pacd',
2925 4727 3083 4783 modo
3128 4744 3309 4784 verum
3351 4730 3498 4801 judi-

1999 4828 2136 4873 cate.

1928 4971 2185 5027 Gaudium
2229 4986 2474 5039 magnum
2514 4982 2658 5027 esset
2707 4971 2890 5038 nobis,
2924 4974 2966 5027 si
3011 4983 3134 5030 tunc
3173 4976 3383 5032 nolletis
3405 4993 3486 5033 er-

1998 5078 2115 5117 rare
2144 5080 2156 5114 Ξ

1928 5154 2033 5209 Sed
2068 5154 2109 5207 si
2139 5163 2260 5208 tunc
2287 5169 2389 5208 non
2436 5154 2603 5209 visum
2645 5163 2726 5209 est
2754 5171 2937 5211 verum
2958 5197 2973 5222 ,
3009 5156 3093 5211 vel
3124 5172 3263 5212 nunc
3288 5159 3495 5227 experti

1997 5248 2168 5302 videte
2197 5248 2239 5301 ⁸.

1927 5341 2115 5395 Illultos
2160 5356 2299 5396 nunc
2341 5340 2549 5397 habetis
2602 5357 2825 5412 pravos,
2886 5342 2972 5412 qui
3020 5342 3168 5396 vobis
3211 5342 3496 5413 displicent

1995 5433 2148 5487 valde
2173 5450 2186 5488 :

1987 5611 2003 5643 ι
2038 5608 2258 5666 Quaedam
2283 5607 2451 5665 editio,
2476 5606 2618 5657 vobis.

1984 5674 2005 5703 ²
2037 5677 2196 5725 Forte,
2221 5668 2436 5731 ﬁniatur.

1986 5734 2006 5764 ³
2028 5738 2125 5779 Am.
2141 5737 2200 5793 et
2220 5728 2355 5793 fatu,
2379 5733 2651 5793 expertum.
2675 5734 2769 5793 Lor
2793 5762 2808 5789 ,
2841 5740 2905 5793 ea;
2926 5733 3063 5793 parte
3081 5739 3099 5778 :
3116 5728 3372 5780 mendose.

1982 5793 2054 5853 (a)
2075 5790 2291 5854 Celesius
2322 5792 2383 5840 ab
2403 5788 2571 5854 optato
2594 5790 2860 5842 nominatur
2891 5788 2940 5840 in
2964 5788 3085 5841 libro
3111 5797 3276 5842 contra
3309 5799 3497 5843 Parme-

1920 5856 2111 5905 nianum
2133 5853 2303 5915 primo.
