4054 6472
507 367 573 423 27
1729 359 1788 415 s.
1827 352 2193 415 AUGUSTINI
2233 352 2535 412 EPISCOPI
3695 362 3768 420 εδ

499 477 603 532 Nec
632 486 804 532 tamen
837 474 934 531 ltus
959 475 1216 546 separatis
1243 487 1272 528 a
1303 482 1474 528 vestra
1504 474 1897 528 communione.

499 567 610 623 Non
641 566 762 622 dico
787 567 856 623 de
887 566 990 622 illis
1010 567 1263 637 peccatis,
1293 581 1411 636 quae
1438 565 1661 635 potestis
1687 573 1740 618 et
1769 579 1962 634 negare
1991 581 2006 616 :

501 653 706 720 Fustes,
739 652 905 724 ignes,
937 663 1134 708 mortes
1161 652 1302 719 dico,
1329 667 1449 722 qum
1475 652 1814 707 committunt
1842 650 2002 706 vestri
2027 650 2079 704 in

570 747 704 802 luce.

501 839 567 892 Et
595 848 770 894 tamen
802 836 1031 892 sutl'ertis
1055 835 1192 900 illos,
1223 835 1306 890 vel
1332 849 1544 899 errore,
1576 833 1658 889 vel
1691 833 1903 888 timore.

498 930 762 998 Quantqu
793 937 942 994 erat,
971 929 1171 984 ferrent
1210 943 1372 983 unum
1416 937 1594 998 patres
1626 929 1787 981 vestri
1832 941 1928 996 pro
1966 923 2085 978 uni-

575 1030 700 1082 tate.

502 1112 557 1165 Si
588 1121 764 1166 tantus
785 1120 897 1166 erat
924 1109 1195 1172 tumultus,
1221 1118 1278 1164 ut
1303 1126 1404 1164 non
1437 1119 1652 1178 possent
1676 1106 1986 1178 degradare.

505 1203 654 1257 Addo
675 1203 812 1272 quod
847 1205 1101 1258 innocens
1121 1213 1258 1270 erat,
1286 1213 1340 1256 et
1370 1203 1442 1256 nil
1473 1207 1716 1270 poterant
1745 1199 1991 1269 probare.

505 1295 608 1348 Sed
641 1311 706 1351 ne
731 1296 931 1349 crimen
955 1304 1298 1364 quaereretur,
1332 1295 1416 1348 ubi
1445 1310 1502 1348 se
1525 1293 1773 1349 videbant
1792 1307 1940 1356 esse;

504 1375 802 1441 'Finxeruut
822 1401 880 1442 se
906 1387 1061 1440 nimis
1082 1386 1275 1456 justos,
1299 1401 1421 1441 cum
1454 1393 1618 1440 totum
1647 1384 1843 1438 vellent
1875 1390 2086 1452 pertur-

576 1478 718 1532 bare.

504 1568 700 1623 Omnes
761 1569 849 1639 qui
888 1569 1128 1641 gaudetis
1156 1569 1222 1625 de
1255 1585 1403 1639 pace,
1432 1568 1594 1624 modo
1619 1583 1800 1623 verum
1824 1566 2079 1637 judicate.

504 1729 746 1785 Honores
775 1746 937 1785 vanos
959 1731 1047 1801 qui
1073 1732 1262 1800 qumrit
1284 1773 1296 1795 ,
1330 1731 1434 1784 bon
1461 1730 1570 1784 vult
1599 1745 1719 1784 cum
1757 1727 1968 1783 Christo
1998 1742 2088 1780 re-

580 1834 741 1888 gnare
766 1838 777 1872 :

503 1909 654 1964 Sicut
674 1912 917 1978 princeps
945 1909 1099 1980 hujus
1127 1911 1270 1977 mali,
1298 1911 1364 1964 de
1383 1909 1533 1980 cujus
1560 1919 1816 1964 vocantur
1847 1917 2012 1977 parte.

509 2000 638 2054 Nam
666 2003 898 2056 Donatus
926 2017 1046 2056 cum
1080 2002 1294 2056 volebat
1321 2001 1553 2056 Africam
1584 2010 1745 2053 totam
1773 1999 2016 2054 obtinere
2037 2040 2053 2064 ,

509 2093 659 2147 Tunc
677 2093 884 2162 jntlices
913 2093 1297 2148 transmarinos
1321 2093 1473 2163 petiit
1498 2092 1564 2146 ab
1584 2091 1907 2160 Imperatore
1935 2107 1948 2142 :

508 2182 616 2237 Sed
649 2183 762 2238 hmc
783 2193 886 2237 tam
918 2184 1109 2252 injusta
1132 2184 1314 2252 petitio
1339 2199 1446 2238 non
1472 2192 1585 2236 erat
1604 2182 1674 2236 de
1691 2181 1970 2235 charitate.

510 2274 621 2327 IIoc
645 2274 756 2344 ipsa
775 2276 973 2330 veritas
999 2275 1214 2341 clamat,
1237 2290 1394 2345 quam
1421 2274 1542 2327 volo
1569 2272 1727 2327 modo
1755 2269 1979 2326 referre.

512 2364 644 2418 Nam
671 2367 941 2420 consensit
969 2365 1281 2434 Imperator,
1315 2366 1460 2419 misit
1487 2367 1574 2434 qui
1597 2363 1847 2417 sederent
1877 2363 2062 2417 Romae

511 2457 850 2524 Sacerdotes,
896 2459 986 2528 qui
1029 2466 1154 2514 tunc
1203 2466 1422 2527 possent
1462 2456 1803 2511 Caecilianum
1843 2469 1962 2509 cum
2005 2454 2098 2508 illo

581 2547 785 2601 audire.
1245 2564 1248 2566 '

515 2636 662 2691 Dicta
691 2647 974 2700 causaest,
1000 2639 1070 2691 nil
1100 2637 1378 2707 probatum
1405 2647 1486 2692 est
1510 2655 1523 2691 :
1545 2652 1706 2692 ausus
1731 2644 1816 2691 est
1843 2644 1895 2690 et
1919 2650 2100 2704 appet-

585 2728 694 2782 lare
715 2745 728 2792 ;

516 2817 584 2871 Et
608 2827 728 2887 post
757 2818 1074 2889 collegarum
1104 2819 1317 2884 sedem,
1345 2819 1534 2873 audire
1553 2817 1620 2871 ab
1649 2819 1992 2886 Imperatorc.

515 2907 612 2962 IIic
634 2909 816 2976 petitio
841 2910 925 2963 illa
954 2911 1205 2978 probatur
1231 2925 1335 2964 non
1363 2925 1483 2965 esse
1502 2910 1570 2964 de
1594 2909 1872 2964 cbaritate.

519 2999 717 3054 Deinde
761 3001 952 3069 ubique
984 3001 1152 3056 victus
1179 3003 1340 3071 etrapit
1376 3001 1708 3056 Christianos
1745 3000 2098 3071 rebaptizare.

514 3092 712 3145 Omnes
746 3095 835 3162 qui
873 3093 1114 3162 gaudetis
1137 3093 1204 3148 de
1247 3107 1375 3162 pace
1396 3135 1412 3159 ,
1444 3101 1604 3146 modo
1633 3108 1815 3147 verum
1838 3091 2094 3161 judicate.

514 3253 783 3307 Justitiam
814 3253 963 3322 sequi
985 3255 1030 3308 si
1061 3255 1238 3319 vultis,
1269 3263 1432 3308 totam
1462 3269 1677 3309 causam
1707 3253 1955 3323 cogitate.

515 3343 668 3410 Quod
700 3354 879 3413 postea
909 3343 1051 3411 fecit,
1079 3361 1245 3414 quare
1271 3345 1466 3400 factum
1495 3361 1600 3399 non
1631 3354 1713 3400 est
1735 3345 1900 3400 ante?

518 3436 908 3490 Dissenticbant
934 3439 1236 3492 sacerdotes
1264 3438 1314 3491 iu
1347 3447 1451 3491 tota
1471 3437 1716 3491 Africana
1747 3447 1920 3506 parte;

519 3526 834 3580 Sacerdotes
861 3528 1193 3580 transmarini
1223 3538 1439 3596 possent
1469 3528 1590 3581 inde
1611 3527 1851 3596 judicare
1881 3547 1893 3581 :

515 3617 652 3682 Quid
684 3620 896 3672 curritis
923 3620 987 3672 ad
1019 3619 1268 3682 schisma,
1300 3631 1351 3674 et
1381 3622 1544 3674 altare
1564 3630 1745 3674 contra
1771 3620 1972 3674 altare?

523 3705 588 3760 Ut
614 3707 755 3775 quod
807 3719 985 3776 postea
1011 3709 1303 3777 judicatmn
1339 3721 1420 3764 est
1440 3752 1454 3777 ,
1481 3711 1588 3777 jam
1620 3727 1726 3765 non
1754 3711 1979 3780 possetis
2003 3725 2100 3764 au-

587 3797 729 3861 dire,

516 3888 585 3942 Et
610 3905 636 3941 a
663 3889 928 3958 jndicibus
952 3893 1140 3945 vestris
1167 3895 1487 3962 cogeremini
1512 3895 1808 3965 appellare,

530 3980 678 4120 Du?
714 3980 875 4035 vultis
919 3984 1119 4036 erroris
1167 4000 1388 4054 regnum
1438 4001 1652 4056 quoquo
1695 3985 1855 4039 modo
1903 3985 2102 4039 contir-

593 4085 758 4120 nare.

593 4085 758 4124 mare.

521 4160 586 4216 Et
612 4175 751 4213 nunc
779 4170 832 4215 et
860 4177 953 4216 vos
976 4171 1142 4217 totum
1172 4165 1405 4228 nescitis,
1437 4175 1488 4220 et
1515 4165 1710 4236 fingitis
1735 4182 1829 4221 vos
1858 4169 2065 4222 ncscirc
2083 4189 2099 4222 ε

527 4251 591 4306 Et
617 4267 737 4305 cum
767 4267 858 4308 vos
882 4257 1078 4310 veritas
1110 4266 1280 4325 urget,
1310 4268 1488 4327 patres
1518 4245 1926 4314 dicitiserrasse
1945 4302 1960 4326 ,

519 4342 677 4406 Quasi
709 4357 801 4397 vos
829 4344 1020 4413 aliquis
1049 4355 1191 4401 vetet
1214 4347 1321 4415 jam
1350 4348 1600 4403 recedere
1627 4350 1693 4403 ab
1720 4366 1922 4404 errore.

520 4432 625 4486 Sed
655 4436 899 4504 superbia
926 4453 1018 4489 vos
1047 4438 1224 4507 ligavit
1246 4439 1294 4491 in
1318 4439 1570 4494 cathedra
1603 4441 1933 4508 pestilentiae.

519 4524 720 4580 Omnes
769 4527 858 4597 qui
910 4528 1148 4598 gaudetis
1197 4529 1264 4584 de
1313 4545 1474 4599 pace,
1523 4530 1682 4584 modo
1731 4547 1912 4585 verum
1962 4530 2102 4600 judi-

586 4631 649 4672 .ca
656 4625 725 4672 te.

519 4748 809 4808 Karitatcm
876 4749 1073 4805 Christi
1133 4751 1222 4820 qui
1278 4751 1470 4819 habet,
1531 4769 1712 4822 pacem
1765 4768 1869 4807 non
1931 4762 2104 4824 potest

588 4840 786 4894 odisse.

525 4953 615 5009 Vel
659 4970 755 5008 vos
787 4955 897 5026 jam
946 4957 1160 5027 populi,
1204 4957 1416 5022 audite,
1461 4966 1515 5012 et
1553 4956 1826 5011 nobiscum
1874 4972 2102 5013 concor-

591 5045 712 5100 datc
745 5047 785 5107 ⁸,

518 5159 616 5227 Qui
643 5175 747 5214 non
779 5161 971 5215 tenetis
1007 5160 1345 5227 cathedram,
1377 5176 1472 5232 pro
1519 5179 1622 5232 qua
1668 5163 1914 5232 pugnetis
1957 5163 2100 5234 inju-

590 5264 690 5308 510.

518 5344 574 5400 Si
605 5347 764 5399 modo
791 5346 1022 5418 episcopi
1047 5347 1204 5399 vestri
1232 5362 1296 5401 ex
1322 5362 1421 5401 una
1454 5348 1626 5417 aliqua
1653 5347 1869 5418 regione

520 5434 786 5490 IIabcrent
808 5435 944 5492 inter
972 5451 1031 5490 se
1059 5435 1231 5500 litem;
1255 5452 1390 5506 quos
1415 5437 1622 5492 velletis
1648 5437 1885 5505 judicare
1905 5479 1921 5505 ,

518 5523 632 5580 Nisi
683 5526 972 5581 alterarum
1019 5527 1328 5598 regionum,
1372 5528 1462 5599 qui
1503 5544 1608 5584 non
1651 5537 1833 5585 essent
1875 5529 1942 5585 de
1987 5530 2098 5602 ipsa

589 5617 680 5672 lite
698 5660 713 5683 ,

586 5787 602 5821 ⁸
628 5788 762 5849 Editi,
791 5792 1043 5841 recordata
1070 5793 1276 5863 {minus
1288 5791 1436 5844 bene.

2187 469 2292 526 Sed
2334 485 2455 526 cum
2501 471 2878 527 discussisscnt
2921 487 3167 541 causam,
3214 477 3620 546 pronuntiarent
3668 494 3765 551 pro

2258 576 2358 616 una
2391 572 2540 631 parte
2567 581 2580 617 :

2185 651 2466 723 Nunquam
2506 656 2968 712 communicarctis
3008 660 3096 728 qui
3136 658 3241 714 illis
3284 660 3489 716 nollent
3531 677 3760 718 consen-

2259 744 2378 800 tire.

2187 833 2364 899 Quare
2390 850 2518 906 ergo
2546 838 2894 894 consensistis
2935 838 3052 894 istis
3079 841 3168 910 qut
3197 839 3298 896 hoc
3329 841 3568 898 fecerunt
3605 847 3767 902 ante?

2186 923 2320 980 Nam
2354 935 2408 980 et
2433 927 2531 996 ipsi
2566 941 2674 983 non
2701 941 3090 987 consenserunt
3124 935 3600 991 transmarinorum
3637 953 3768 994 sen-

2261 1018 2438 1071 tentia:
2453 1057 2470 1084 ,

2189 1105 2286 1172 Qui
2316 1123 2410 1176 pro
2434 1109 2584 1162 nobis
2604 1109 2908 1178 judiearunt
2928 1129 3076 1167 :nam
3100 1117 3252 1171 nobis
3273 1117 3566 1187 junguntur
3582 1119 3760 1174 hodie.

2190 1197 2244 1251 Si
2284 1198 2446 1266 judex
2485 1199 2731 1256 Christus
2770 1203 2872 1259 hoc
2909 1203 3079 1272 dicat,
3125 1208 3250 1276 quid
3293 1208 3501 1265 habetis
3543 1225 3771 1281 respon-

2258 1289 2420 1344 dere?

2188 1377 2388 1434 Omnes
2420 1381 2508 1451 qui
2535 1383 2778 1452 gaudetis
2804 1384 2870 1440 de
2911 1402 3068 1456 pace,
3095 1389 3254 1444 modo
3300 1407 3482 1446 verum
3512 1394 3770 1464 judicate.

2190 1537 2393 1594 Lumen
2422 1541 2598 1596 cordis
2627 1543 2672 1598 si
2702 1553 2786 1599 est
2811 1544 2862 1598 in
2889 1547 3039 1600 vobis
3058 1588 3076 1616 ,
3104 1564 3285 1604 verum
3317 1553 3535 1620 potestis
3562 1553 3764 1610 videre.

2192 1632 2327 1687 Sunt
2352 1633 2542 1689 Preces
2582 1637 2764 1691 Donati
2797 1647 2853 1692 et
2879 1641 3010 1694 Acta
3029 1681 3045 1706 ,
3075 1642 3268 1711 quibus
3294 1645 3435 1714 quod
3461 1645 3768 1720 dictumest

2266 1725 2504 1790 probate.

2193 1817 2323 1884 Quae
2348 1819 2392 1872 si
2419 1817 2639 1875 credere
2660 1836 2766 1876 non
2790 1823 2968 1888 vultis,
2994 1839 3089 1878 vos
3119 1825 3219 1880 huc
3239 1827 3411 1895 aliqua
3435 1827 3666 1896 proferte
3683 1868 3700 1894 ,

2195 1908 2398 1975 Quibus
2425 1910 2468 1963 si
2495 1921 2548 1965 et
2572 1927 2668 1965 nos
2695 1929 2803 1967 non
2829 1916 3117 1983 credimus,
3153 1918 3254 1971 erit
3281 1919 3391 1972 rixa
3418 1919 3535 1974 sine
3563 1922 3686 1975 fine.

2194 1999 2594 2068 Amplectamur
2613 2017 2739 2073 ergo
2762 2019 2943 2073 pacem
2967 2007 2983 2038 ¹
3015 2023 3028 2058 :
3053 2008 3179 2077 quid
3200 2008 3264 2062 ad
3292 2025 3388 2064 nos
3413 2011 3551 2080 quod
3569 2023 3777 2082 gestum

2267 2100 2349 2145 est
2376 2094 2539 2147 ante?

2197 2181 2438 2252 Objicitis
2462 2185 2800 2240 traditionem
2827 2204 2840 2239 :
2873 2188 3262 2256 respondemus
3290 2205 3384 2243 vos
3415 2190 3622 2245 fecisse.

2198 2273 2452 2330 Clamatis
2477 2292 2573 2330 vos
2595 2275 2666 2331 de'
2689 2277 2938 2344 Macario,
2970 2289 3023 2334 et
3045 2297 3141 2335 nos
3169 2282 3233 2335 de
3260 2282 3718 2338 Circumcellione.

2202 2367 2335 2422 Illud
2377 2378 2616 2423 nostrum
2660 2370 2770 2439 jam
2815 2380 3137 2428 transactum
3168 2392 3182 2429 :
3219 2375 3380 2430 vcstri
3425 2390 3529 2429 non
3569 2384 3782 2430 cessant

2273 2475 2439 2531 usque
2467 2460 2646 2518 hodie.

2203 2553 2407 2608 Habeat
2431 2555 2606 2624 paleas
2633 2570 2752 2610 area
2776 2565 2972 2619 vestra,
3002 2573 3096 2612 vos
3125 2558 3224 2612 hoc
3246 2559 3417 2612 solum
3439 2559 3595 2614 vultis
3613 2574 3733 2614 esse
3761 2577 3774 2612 :

2205 2645 2311 2700 Vos
2335 2648 2474 2701 cnim
2506 2663 2611 2700 non
2634 2649 2793 2702 vultis
2819 2665 2998 2718 pacem
3021 2668 3035 2715 ;
3069 2651 3140 2704 illi
3169 2654 3437 2706 minantur
3455 2652 3521 2705 de
3549 2654 3704 2706 fuste.

2205 2737 2273 2791 Et
2298 2737 2497 2791 utinam
2527 2738 2883 2803 minarentur,
2913 2750 2966 2795 et
2995 2756 3099 2794 non
3130 2742 3411 2796 tunderent
3439 2745 3460 2774 ²
3487 2743 3744 2812 quotidie.

2179 2825 2313 2900 ‘Hos
2343 2829 2386 2880 si
2416 2829 2690 2897 expellunt
2715 2830 2822 2894 isti,
2851 2831 3010 2886 vestri
3039 2846 3142 2886 non
3181 2831 3380 2887 habent
3405 2849 3499 2902 per
3535 2849 3667 2903 quos
3692 2849 3782 2888 re-

2313 2935 2457 2974 nare.

2313 2935 2457 2974 nare.

2203 2935 2402 3066 Otgnes
2425 3010 2512 3082 qui
2539 3011 2778 3082 gaudetis
2803 3010 2869 3066 de
2895 3027 3040 3080 pace,
3073 3013 3231 3068 modo
3259 3030 3441 3068 verum
3459 3013 3712 3084 judicate.

2204 3166 2417 3221 Modum
2442 3168 2486 3222 si
2513 3169 2740 3223 excessit
2759 3167 3015 3222 Macarius
3043 3169 3398 3238 conscriptum
3422 3171 3474 3223 in
3499 3169 3783 3224 christiana

2277 3259 2389 3328 lege
2406 3301 2421 3324 ,

2210 3349 2299 3404 Vel
2324 3351 2492 3419 legem
2528 3351 2669 3420 rogis
2693 3349 2977 3415 referebat,
3011 3361 3068 3405 ut
3097 3360 3356 3420 pugnaret
3381 3366 3476 3420 pro
3501 3352 3702 3405 unitate
3733 3367 3745 3403 :

2204 3442 2320 3496 Non
2346 3443 2465 3497 dico
2511 3443 2669 3496 istum
2717 3444 2847 3496 nihil
2889 3459 3169 3514 peccasse,
3202 3445 3294 3498 sed
3323 3455 3530 3497 vestros
3572 3441 3787 3513 pejores

2277 3548 2416 3588 esse.

2205 3627 2336 3694 Quis
2359 3627 2498 3682 enim
2530 3627 2778 3695 praecepit
2805 3627 2909 3681 illis
2938 3642 3032 3695 per
3052 3625 3286 3681 Africam
3315 3627 3392 3680 sic
3413 3625 3645 3680 Stevire?

2205 3721 2323 3776 Non
2365 3720 2632 3786 Christus,
2676 3735 2784 3773 non
2822 3719 3119 3788 Imperator
3161 3719 3414 3788 probatur
3455 3718 3555 3772 hoc
3596 3717 3791 3786 peruti-

2276 3813 2431 3876 sisse,

2207 3903 2419 3968 Fustes,
2449 3911 2503 3956 et
2532 3902 2680 3972 ignes
2710 3901 2962 3970 privatos,
2993 3909 3048 3954 et
3075 3899 3332 3953 insaniam
3363 3912 3480 3952 stne
3509 3897 3648 3966 lege.

2206 3997 2337 4063 Quia
2367 3995 2620 4064 scriptum
2641 4003 2742 4057 est,
2772 3992 3007 4046 Recondc
3020 3991 3250 4062 gladium
3271 3991 3480 4062 (Matth.
3505 4007 3648 4054 xxvt,
3672 3990 3786 4058 52),

2279 4088 2450 4142 scelus
2477 4102 2582 4139 non
2615 4095 2798 4153 putant
2821 4085 2873 4137 in
2903 4083 3060 4152 fuste.

2206 4179 2322 4233 Non
2352 4188 2411 4232 ut
2430 4177 2590 4231 homo
2615 4178 2894 4242 moriatur,
2923 4177 3014 4230 sed
3038 4185 3096 4229 ut
3123 4182 3512 4243 conquassetnr
3537 4173 3692 4228 valde

2208 4271 2275 4324 Et
2301 4278 2481 4338 postea
2513 4268 2785 4330 moriatur,
2817 4265 2940 4321 inde
2962 4268 3068 4335 jam
3094 4267 3360 4320 cruciatus
3389 4265 3664 4334 languore.

2207 4361 2315 4415 Sed
2343 4372 2516 4414 tamen
2544 4360 2589 4412 si
2618 4359 2958 4421 miserentur,
2982 4357 3231 4411 occidunt
3259 4368 3314 4411 et
3340 4372 3444 4408 uno
3472 4355 3630 4409 fuste.

2208 4453 2398 4508 Fustes
2423 4450 2643 4505 Israeles
2664 4458 2874 4513 vocant,
2902 4448 3044 4518 quod
3075 4444 3323 4502 dixerunt
3346 4461 3466 4499 cum
3490 4444 3716 4498 honoret

2211 4544 2278 4600 Ut
2299 4544 2415 4614 plus
2442 4552 2651 4599 vastent
2672 4542 2844 4612 ipsum
2868 4556 3082 4607 nomen,
3109 4556 3266 4611 quam
3287 4554 3479 4609 corpus
3504 4536 3644 4606 quod
3670 4551 3780 4592 (.m-

2280 4637 2583 4692 duntiude.

2208 4731 2408 4788 Omnes
2434 4731 2522 4800 qui
2549 4729 2790 4800 gaudetis
2817 4727 2884 4784 de
2907 4743 3059 4798 pace,
3087 4725 3244 4781 modo
3274 4741 3456 4780 verum
3471 4723 3729 4793 judicate.

2208 4872 2384 4928 Nolite
2412 4873 2564 4927 nobis
2585 4870 2716 4940 jam,
2746 4870 2957 4931 fratres,
2987 4877 3195 4935 tempus
3217 4865 3425 4920 Macarii
3457 4865 3742 4933 imputare.

2209 4965 2262 5019 Si
2292 4963 2535 5018 crudeles
2564 4973 2716 5017 erant
2741 4961 2835 5024 illi,
2863 4969 2916 5014 et
2939 4958 3092 5012 nobis
3116 4957 3400 5025 displicent
3429 4955 3582 5008 valde
3610 4973 3623 5010 :

2207 5055 2262 5111 Si
2288 5065 2465 5111 autem
2499 5055 2625 5109 falsa
2653 5053 2721 5107 de
2751 5053 2853 5106 illis
2873 5052 3076 5114 dicun.,
3105 5050 3242 5104 Deus
3273 5047 3720 5118 potestjudicare.

2207 5148 2315 5203 Nos
2341 5163 2576 5201 amemus
2608 5161 2788 5213 pacem
2812 5143 2832 5174 ³
2852 5141 3068 5208 Christi,
3101 5142 3424 5210 gaudeamus
3453 5143 3503 5195 in
3531 5141 3756 5196 unitate.

2207 5239 2263 5295 Si
2285 5239 2371 5309 qui
2394 5237 2516 5290 tnali
2546 5245 2668 5290 sunt
2698 5235 2749 5288 iu
2775 5235 3031 5300 Ecclesia,
3060 5235 3128 5288 nil
3162 5234 3313 5288 nobis
3336 5241 3554 5302 possunt
3573 5245 3798 5292 nocere.

2209 5331 2265 5386 Si
2310 5347 2413 5384 non
2457 5338 2678 5399 possunt
2722 5329 2996 5384 nobiscum
3044 5344 3194 5392 esse,
3243 5325 3593 5382 excludantur
3640 5325 3788 5379 salva

2279 5439 2407 5493 pace
2432 5439 2445 5475 :
2850 5481 2859 5490 ,

2209 5517 2267 5572 Si
2295 5532 2399 5570 non
2424 5525 2674 5586 poterunt
2700 5515 2930 5580 excludi,
2963 5513 3312 5569 excludantur
3340 5512 3417 5567 vel
3444 5510 3512 5566 de
3531 5505 3721 5568 cordo.

2273 5668 2290 5733 ἦ
2319 5679 2417 5718 Αω.
2439 5675 2491 5720 et
2501 5675 2601 5730 En,
2623 5681 2791 5733 pacem
2816 5666 3009 5733 Christi.

2273 5732 2295 5795 ξ
2317 5738 2412 5780 Am.
2441 5738 2493 5781 et
2512 5737 2608 5791 En,
2626 5729 2835 5795 puderet
2862 5741 2879 5779 :
2905 5729 3038 5778 nullo
3059 5742 3225 5780 sensu.

2277 5794 2300 5826 ⁸
2326 5800 2422 5845 tm.
2443 5799 2517 5844 Er.
2538 5799 2590 5844 et
2612 5794 2738 5854 Mss,
2760 5797 3052 5855 potestatem.
