4054 6488
252 395 319 454 ἵ)
1242 390 1364 447 PSA
1374 387 1552 447 LWS
1588 385 1829 442 CONTR.

1944 384 2177 442 ARTESI
2218 377 2489 445 OONA'I‘I.
3454 398 3528 454 δυ

256 505 393 561 Dixit
421 501 674 559 Ezechiel
702 510 936 570 sanctus,
966 500 1223 573 quosdam
1251 502 1590 572 consignatos
1611 515 1757 565 esse,

254 598 350 668 Qui
378 606 597 665 gemunt
626 604 845 667 peccata
866 596 1111 663 fratrum,
1136 602 1191 649 et
1219 610 1325 649 non
1343 608 1403 649 se
1428 602 1678 662 separant
1708 589 1832 646 inde

324 684 536 758 (Ezech.
561 702 638 748 Ix,
668 686 748 757 4).
1277 676 1290 689 ’

254 781 336 836 Sic
378 795 478 834 nos
505 789 723 848 promer
748 777 916 832 malos
943 776 1133 832 fratres
1154 817 1169 843 ,
1200 792 1305 831 non
1332 790 1641 846 separemur
1665 790 1693 827 a
1720 788 1833 828 ma-

323 882 429 924 tre.

252 960 400 1027 Quod
430 969 558 1014 tunc
589 958 734 1029 impii
763 959 1024 1022 fecerunt,
1054 966 1204 1014 extra
1236 959 1476 1015 levantes
1494 958 1686 1023 altare,

253 1050 318 1106 lJt
346 1051 560 1121 pejores
588 1064 731 1106 nunc
755 1049 1037 1115 haberent,
1072 1066 1230 1121 quam
1257 1065 1390 1121 quos
1423 1066 1481 1105 se
1518 1049 1722 1119 ﬁngunt
1746 1046 1831 1102 fu-

318 1144 484 1211 gisse.

256 1233 453 1288 Omnes
475 1234 564 1304 qui
592 1232 836 1304 gaudetis
862 1232 931 1290 de
958 1247 1107 1303 pace,
1142 1233 1300 1289 modo
1328 1247 1511 1288 verum
1536 1231 1789 1301 judicate.

252 1394 437 1450 Omnis
480 1395 568 1465 qui
613 1395 915 1465 Scriptttras
946 1395 1097 1465 legit,
1118 1395 1267 1449 novit
1284 1393 1422 1464 quod
1451 1395 1572 1447 volo
1594 1393 1820 1463 aperire.

252 1488 482 1540 Joannes
508 1486 744 1556 Baptista
775 1487 907 1540 dixit
935 1496 1059 1541 tunc
1085 1488 1149 1540 ad
1179 1486 1392 1541 Judwos
1419 1495 1599 1554 aperte
1617 1527 1633 1549 ,

252 1577 400 1645 Quod
432 1578 554 1631 illos
576 1587 822 1647 tanquam
852 1593 1028 1631 aream
1052 1593 1201 1631 suam
1231 1576 1470 1633 Christus
1498 1584 1674 1645 posset
1701 1590 1833 1628 ven-

319 1671 476 1724 tilare
500 1670 711 1740 (Matth.
744 1687 819 1734 ιιι,
852 1670 960 1741 12).

254 1758 388 1812 Misit
422 1760 476 1812 in
508 1774 735 1814 messem
775 1761 1046 1830 operarios
1075 1760 1359 1831 discipulos
1401 1759 1689 1829 prmdicarc
1720 1756 1828 1826 (Id.

315 1866 392 1914 ιι,
418 1850 509 1920 57)
545 1867 558 1902 :

252 1939 349 1993 Per
372 1955 510 2009 quos
542 1955 666 1993 arca
688 1941 909 1995 collecta
940 1949 1041 2006 est,
1072 1949 1125 1996 et
1148 1942 1398 1997 ventilata
1423 1942 1488 1995 de
1509 1956 1686 1995 cruce.

250 2030 398 2085 Tunc
436 2030 567 2101 justi
609 2040 857 2103 tauquam
903 2032 1225 2087 frumentum
1270 2034 1534 2088 Ecclesias
1579 2034 1835 2103 impleve-

312 2131 439 2176 runt
462 2133 627 2188 caste,

250 2212 553 2271 Vendentes
582 2230 700 2284 quae
722 2215 1086 2285 possidebant,
1117 2226 1172 2272 et
1200 2217 1397 2271 mundo
1426 2216 1665 2271 dicentes
1689 2217 1826 2270 vale.

249 2304 321 2359 llli
358 2315 611 2373 tauquam
652 2322 835 2362 semen
884 2318 1055 2372 erant,
1096 2308 1236 2378 quod
1276 2318 1387 2363 toto
1416 2307 1714 2378 dispersum
1746 2317 1829 2363 est

312 2398 463 2462 orbe,

248 2486 313 2542 Ut
337 2488 440 2542 alia
463 2498 705 2558 surgeret
726 2490 937 2557 messis,
966 2506 1084 2561 qua:
1110 2490 1413 2545 ventilanda
1443 2499 1525 2544 est
1554 2490 1604 2543 iu
1629 2489 1755 2543 ﬁne.

252 2578 375 2633 llatc
395 2580 591 2634 crescit
621 2580 757 2633 inter
782 2581 1001 2644 zizania,
1034 2580 1154 2651 quia
1177 2590 1298 2634 sunt
1330 2583 1561 2634 hmreses
1590 2580 1783 2647 ubique
1810 2597 1824 2633 :

252 2667 414 2736 llujus
442 2669 592 2737 palea
615 2679 739 2724 sunt
766 2670 983 2737 injusti,
1007 2671 1094 2741 qui
1124 2687 1228 2725 non
1252 2678 1376 2725 sunt
1397 2672 1446 2725 iu
1479 2670 1677 2724 unitate
1708 2669 1823 2741 (Id.

314 2774 426 2821 xm,
460 2759 652 2825 24-50,
681 2759 891 2832 57-43).

254 2848 321 2902 Ex
340 2850 534 2919 quibus
551 2851 593 2904 si
615 2864 728 2904 erat
748 2852 1006 2905 Macarius
1023 2895 1037 2916 ,
1058 2868 1153 2906 nos
1174 2853 1297 2923 quid
1338 2854 1415 2907 vis
1460 2852 1822 2921 rebaptizare?

250 2938 441 2995 Omnes
470 2942 558 3008 qui
588 2943 827 3011 gaudetis
851 2944 918 2998 de
949 2960 1097 3014 pace,
1126 2945 1283 2999 modo
1310 2961 1491 3000 verum
1514 2946 1769 3015 judicate.

248 3078 387 3135 Pone
434 3081 487 3134 in
520 3081 679 3136 corde
726 3097 878 3138 areas
918 3083 1076 3147 duas,
1120 3095 1178 3139 ut
1211 3086 1383 3155 possis
1421 3086 1559 3155 quod
1603 3085 1723 3140 dico
1751 3086 1829 3140 vi-

312 3171 440 3225 dere
467 3173 508 3225 ⁸.

248 3260 399 3316 Certe
444 3258 507 3318 et
544 3265 748 3334 priores
784 3265 1051 3322 habebant
1088 3277 1321 3333 sanctos,
1366 3268 1503 3322 sicut
1541 3269 1828 3325 ostendunt

313 3352 622 3421 Scripturaa.

251 3441 373 3495 Nam
417 3454 469 3498 et
495 3455 698 3513 septem
744 3447 907 3502 millia
957 3449 1189 3502 virorum
1240 3451 1378 3503 Deus
1420 3466 1478 3505 se
1524 3452 1660 3506 dixit
1701 3453 1828 3508 reli-

315 3537 492 3604 quisse
519 3537 606 3605 (ΙΙΙ
632 3536 757 3607 Reg.
792 3555 903 3603 nx,
936 3540 1033 3603 18;
1061 3540 1213 3594 Rom.
1247 3557 1319 3605 χι,
1347 3542 1425 3611 4).

253 3629 314 3681 Et
341 3630 649 3683 sacerdotes
678 3641 731 3685 et
757 3647 929 3702 reges,
961 3634 1253 3702 multijusti
1286 3644 1408 3690 Sunt
1432 3637 1481 3690 in
1517 3638 1650 3707 lege.

253 3719 319 3773 llii
373 3722 539 3776 habes
601 3732 773 3778 tantos
830 3725 1157 3794 PrOphetas,
1209 3727 1373 3782 habes
1419 3729 1616 3783 multos
1661 3738 1716 3784 et
1758 3730 1824 3784 de

318 3813 491 3881 plebe.

257 3903 341 3957 Dic
372 3905 505 3958 mihi
528 3905 648 3975 quis
672 3914 796 3959 tunc
817 3904 1081 3973 iustorum
1113 3909 1379 3977 separabit
1404 3910 1504 3963 sibi
1535 3911 1738 3966 altare?

252 3995 408 4049 llulta
434 3996 639 4050 scelera
660 3996 974 4051 admittebat
1002 3998 1211 4068 iniquus
1242 4000 1468 4068 populus
1500 4001 1585 4055 ille
1604 4044 1619 4067 ,

253 4082 404 4139 ldolis
429 4086 788 4139 sacrificatum
815 4094 916 4150 est,
943 4095 1019 4141 tot
1047 4089 1068 4119 ¹
1095 4088 1253 4142 occisi
1283 4099 1406 4143 sunt
1432 4090 1723 4159 prophetae.

256 4176 314 4229 Et
338 4192 499 4230 nemo
528 4186 704 4231 tamen
724 4178 988 4245 justorum
1016 4180 1237 4233 recessit
1266 4181 1333 4234 ab
1364 4182 1584 4238 unitate.

254 4265 380 4319 Justi
404 4266 633 4335 injustus
656 4266 1000 4331 sull'crebant,
1034 4278 1257 4323 venturo
1284 4272 1618 4327 ventilatore.

254 4358 366 4413 Uno
389 4360 593 4428 templo
619 4360 1007 4428 miscebantur,
1040 4362 1133 4417 sed
1162 4364 1310 4418 mixti
1337 4380 1441 4419 non
1471 4378 1625 4421 erant
1649 4368 1832 4424 corde.

254 4453 507 4509 Dicebant
536 4454 587 4508 in
614 4455 731 4509 illos
755 4464 915 4519 tanta,
946 4464 1000 4510 et
1030 4472 1191 4511 unum
1217 4457 1480 4513 habebant
1504 4460 1695 4516 altare.

252 4548 448 4603 Omnes
468 4547 561 4617 qui
586 4547 826 4617 gaudetis
856 4547 923 4602 de
943 4562 1093 4617 pace,
1119 4548 1280 4603 modo
1304 4566 1487 4608 verum
1508 4551 1762 4620 judicate.

258 4702 393 4770 Quid
441 4704 597 4759 vobis
632 4703 698 4773 ad
743 4702 860 4759 hate
907 4703 1157 4759 videtur?
1204 4706 1450 4761 Secunda
1499 4707 1691 4761 messis
1737 4707 1841 4762 Ec-

326 4795 530 4859 etesiae,

260 4885 389 4949 Quae
419 4902 517 4955 per
554 4895 721 4940 totum
744 4885 928 4941 orbem
952 4887 1177 4953 crescit,
1203 4887 1350 4957 plura
1375 4886 1533 4942 debet
1554 4890 1837 4944 sustinere.

259 4979 433 5034 liabet
472 4981 617 5034 enim
649 4981 857 5035 Domini
899 4980 1232 5051 exemplum,
1254 4992 1307 5036 et
1330 4981 1384 5036 in
1408 4979 1543 5037 Juda
1586 4981 1843 5039 traditore

328 5071 541 5142 (Matth.
574 5087 631 5137 χ,
656 5071 737 5138 4).

258 5161 413 5216 Ilunc
438 5162 578 5217 inter
603 5163 771 5217 bonos
797 5161 1017 5227 ferebat,
1041 5161 1184 5217 hunc
1208 5162 1353 5218 misit
1377 5173 1433 5219 et
1457 5163 1768 5233 praedicare.

256 5251 426 5307 Maius
453 5269 647 5308 servus
672 5254 1011 5323 prredicabat,
1042 5253 1135 5308 sed
1160 5253 1403 5309 Christus
1426 5266 1541 5310 erat
1566 5257 1617 5310 in
1646 5257 1769 5312 fide.

264 5345 393 5408 Quia
438 5346 528 5413 qui
566 5344 735 5414 judici
773 5344 1095 5408 credebant,
1146 5360 1248 5398 non
1297 5346 1554 5400 curabant
1590 5345 1657 5401 de
1702 5362 1841 5416 prce.-

328 5451 461 5490 eone
468 5476 481 5489 ο

262 5526 485 5590 Quando
515 5525 663 5580 dedit
688 5534 923 5579 sanctam
947 5540 1176 5592 cauam,
1201 5540 1299 5581 nec
1330 5538 1453 5581 tunc
1494 5527 1637 5582 illum
1664 5528 1845 5584 exclu-

335 5619 401 5672 sit
419 5616 542 5673 inde
566 5615 679 5690 (Id.
707 5632 853 5687 xxvi,
883 5616 974 5687 25)
1004 5635 1019 5672 :

327 5788 344 5820 ⁸
370 5798 466 5841 Am.
492 5797 567 5840 Er.
594 5798 648 5841 et
665 5797 794 5850 Mss,
816 5802 866 5840 m
889 5788 1034 5841 corde
1049 5789 1230 5840 videre.

326 5854 348 5884 '
364 5858 528 5916 Deest,
549 5860 634 5915 tot,
660 5853 709 5902 in
735 5853 928 5903 excusis
950 5862 1045 5903 Am.
1075 5859 1125 5902 et
1148 5859 1224 5905 tt.

1941 498 2003 552 Et
2034 508 2214 569 posset
2241 517 2333 570 per
2362 502 2507 555 illum
2538 501 2694 568 tradi,
2719 502 2881 558 etiam
2905 504 2949 559 si
2970 504 3171 561 exisset
3196 515 3343 563 ante.

1939 590 2043 645 Sed
2071 592 2221 644 nobis
2260 592 2560 662 exemplum
2604 593 2784 647 datum
2825 604 2907 649 est
2946 596 3115 651 malos
3156 597 3344 653 fratres
3386 601 3519 656 Iole-

2012 696 2152 746 rare,

1940 768 2008 825 Ut
2056 769 2269 839 quando
2315 786 2418 824 non
2470 773 2997 841 possuntexcludi,
3042 777 3159 832 solo
3209 793 3521 850 separemur

2008 858 2171 915 corde
2196 862 2232 912 ³.

1936 948 2132 1005 Omnes
2160 950 2244 1019 qui
2269 950 2511 1020 gaudetis
2535 952 2603 1007 de
2633 968 2778 1024 pace,
2804 956 2963 1012 modo
2987 974 3169 1014 verum
3194 961 3448 1031 judicate.

1938 1109 2108 1179 Rogo,
2138 1112 2455 1180 respondete
2476 1113 2651 1179 nobis,
2680 1116 2804 1185 quid
2830 1119 2986 1173 vultis
3008 1120 3380 1191 rebaptizare?

1938 1202 2140 1271 Lapsus
2162 1205 2465 1259 sacerdotes
2493 1214 2697 1260 vestros
2727 1208 2918 1277 pellitis
2940 1226 2967 1262 a
2994 1215 3366 1268 communione
3398 1232 3415 1269 :

1939 1292 2006 1346 Et
2037 1309 2194 1347 nemo
2216 1303 2388 1349 tamen
2419 1306 2531 1363 post
2559 1296 2677 1350 illos
2703 1312 2862 1352 ausus
2888 1308 2970 1353 est
2995 1302 3353 1371 rebaptizare;

1938 1382 2008 1437 Et
2068 1398 2430 1451 quoscumque
2489 1386 2858 1455 baptizaruut,
2919 1391 3069 1445 vobis
3124 1394 3524 1449 communicant

2010 1473 2187 1527 hodie.

1937 1564 2073 1630 Quid
2101 1567 2169 1620 ab
2196 1568 2260 1620 iis
2288 1578 2633 1636 acceperunt,
2666 1571 2708 1624 si
2742 1587 2846 1625 non
2890 1572 3155 1629 habebant
3192 1577 3316 1645 quid
3348 1577 3476 1633 dare
3497 1578 3523 1631 τ

1938 1656 2121 1727 Legite
2147 1660 2413 1728 quomodo
2443 1660 2668 1716 adulteri
2704 1663 2987 1731 puniantur
3013 1666 3061 1718 iu
3087 1677 3267 1721 sancta
3297 1668 3432 1734 lege.

1935 1748 2052 1803 Non
2078 1751 2219 1804 enim
2251 1751 2428 1806 dicere
2456 1762 2676 1821 possunt
2703 1756 2842 1823 quod
2866 1767 3149 1824 peccarttut
3174 1773 3201 1809 a
3231 1758 3442 1811 timore.

1937 1844 1991 1897 Si
2022 1845 2189 1897 sancti
2221 1844 2319 1898 soli
2352 1846 2639 1914 baptizaut,
2661 1858 2783 1918 post
2810 1850 2940 1903 istos
2962 1851 3305 1919 rebsptizate.

1936 1934 2069 1998 Quid
2098 1936 2491 1990 calumniamini
2523 1939 2696 2002 nobis,
2725 1940 2847 2009 quia
2871 1956 3055 1994 sumus
3080 1942 3129 1994 iu
3155 1942 3376 2005 unitate,

1934 2025 2034 2093 Qui
2059 2028 2291 2081 nondum
2317 2045 2528 2084 eramus
2560 2032 2662 2084 uati
2690 2033 2741 2085 in
2774 2033 2860 2085 illa
2890 2034 3293 2101 persecutione?

1934 2114 2197 2185 Scriptum
2227 2128 2308 2173 est
2328 2161 2342 2182 ,
2374 2132 2587 2188 peccata
2618 2132 2825 2191 patrum
2852 2124 2917 2177 ad
2949 2124 3085 2179 filios
3112 2140 3217 2179 non
3255 2127 3521 2196 pertinere

2012 2209 2184 2280 (Deut.
2215 2227 2359 2276 mv,
2388 2212 2498 2282 16).

1935 2294 2039 2355 Sed
2061 2318 2216 2356 nemo
2237 2303 2327 2357 dat
2347 2304 2575 2358 fructum
2596 2304 2815 2367 bonum.
2859 2308 2900 2360 si
2924 2307 3175 2375 prmcisus
3195 2309 3359 2364 estde
3389 2309 3515 2366 vite.

1934 2393 2133 2449 Omnes
2158 2397 2244 2465 qui
2270 2398 2511 2466 gaudetis
2534 2397 2601 2451 de
2651 2413 2781 2467 pace
2808 2439 2822 2462 ,
2844 2399 3004 2453 modo
3047 2415 3230 2455 verum
3255 2400 3515 2469 judicate.

1933 2533 2091 2588 Scitis
2120 2534 2388 2588 Catholica
2417 2536 2539 2605 quid
2570 2537 2658 2599 sit,
2693 2545 2746 2591 et
2766 2537 2887 2607 quid
2915 2538 2984 2591 sit
3012 2539 3286 2606 pravcisnm
3309 2555 3338 2593 a
3368 2540 3469 2592 vite
3501 2557 3514 2592 :

1932 2623 1985 2678 Si
2009 2624 2094 2692 qui
2126 2633 2249 2677 sunt
2272 2626 2409 2679 inter
2432 2642 2524 2678 vos
2549 2626 2711 2691 cauti,
2742 2628 2973 2689 veniant,
3007 2628 3185 2680 vivant
3216 2629 3264 2680 in
3297 2629 3474 2681 radice
3500 2646 3515 2694 ;

1934 2715 2228 2785 Antequam
2255 2718 2413 2770 nimis
2435 2730 2694 2778 arescant,
2715 2717 2822 2787 jam
2854 2720 3142 2773 liberentur
3167 2719 3234 2773 ah
3261 2721 3398 2788 igne.

1935 2807 2059 2861 Ideo
2100 2826 2203 2863 non
2241 2810 2665 2880 rebaptizamus,
2709 2810 2847 2879 quod
2890 2828 3050 2864 unum
3093 2813 3298 2880 signum
3339 2820 3419 2865 est
3467 2788 3520 2867 in

2004 2900 2103 2954 tide
2128 2916 2146 2955 :

1932 2992 2048 3047 Non
2074 2993 2192 3063 quia
2213 3009 2306 3049 vos
2331 3003 2543 3049 sanctos
2574 2994 2834 3061 videmus,
2863 2994 2955 3049 sed
2983 2995 3152 3050 solam
3184 2994 3408 3050 formam
3439 3004 3522 3051 te,-

2007 3102 2156 3141 nere.

1934 3176 2066 3243 Quia
2099 3176 2264 3246 ipsam
2310 3177 2530 3231 formam
2579 3175 2738 3231 habet
2778 3187 3126 3242 sarmentum,
3161 3177 3300 3246 quod
3330 3178 3521 3247 ρι’ωεί-

2005 3284 2121 3322 sum
2148 3276 2229 3321 est
2250 3268 2315 3321 de
2342 3268 2466 3321 vite.

1935 3359 2038 3414 Sed
2069 3360 2192 3429 quid
2218 3359 2289 3413 illi
2320 3359 2535 3427 prodest
2558 3359 2758 3421 forma,
2780 3360 2830 3413 si
2860 3375 2963 3413 non
2995 3360 3121 3412 vivit
3142 3359 3206 3412 de
3237 3354 3447 3414 radice?

1937 3451 2143 3509 Venite.
2178 3450 2389 3515 fratres,
2418 3451 2459 3503 si
2483 3451 2640 3505 vultis
2663 3460 2719 3503 ut
2747 3450 3054 3503 inseramini
3088 3452 3137 3501 iu
3160 3452 3284 3503 vite.

1939 3542 2099 3596 Dolor
2128 3553 2209 3595 est
2229 3558 2347 3595 cum
2380 3557 2474 3595 vos
2503 3542 2744 3596 videmus
2774 3542 3027 3611 praecisos
3053 3542 3119 3593 ita
3142 3540 3340 3608 jacere.

1936 3634 2220 3688 Numerate
2246 3634 2551 3689 sacerdotes
2580 3634 2660 3688 vel
2681 3633 2749 3687 ab
2778 3634 2889 3702 ipsa
2913 3633 3053 3687 Petri
3078 3633 3235 3694 sede,

1938 3726 2007 3780 Et
2032 3728 2081 3779 in
2109 3726 2296 3780 ordine
2319 3726 2410 3781 illo
2435 3736 2641 3794 patrum
2667 3726 2786 3795 quis
2814 3726 2895 3779 cui
2924 3725 3197 3783 successit,
3227 3722 3404 3777 videte
3432 3741 3446 3776 :

1938 3817 2053 3886 lpsa
2084 3827 2165 3870 est
2192 3826 2361 3885 petra,
2394 3831 2552 3886 quam
2584 3832 2689 3869 non
2715 3813 3200 3884 vincuut'superba:
3231 3814 3521 3871 iuit-mrum

2009 3919 2171 3977 porta!
2197 3908 2403 3979 (Matth.
2436 3925 2542 3973 xvt,
2576 3911 2593 3961 Ι
2606 3908 2686 3977 8).

1937 3999 2136 4056 Omnes
2167 4000 2255 4071 qui
2282 4002 2524 4071 gaudetis
2547 4002 2614 4056 de
2638 4017 2788 4071 pace,
2822 4001 2980 4055 modo
3004 4017 3186 4056 verum
3211 4000 3467 4071 judicate.

1941 4135 2084 4189 Talis
2112 4135 2154 4188 si
2182 4136 2299 4205 quis
2320 4135 2385 4189 ad
2417 4144 2467 4190 te
2498 4136 2670 4189 veniat
2699 4138 2721 4169 '
2744 4137 2931 4207 plenus
2951 4136 3207 4190 catholica
3239 4136 3363 4200 lide,

1938 4228 2134 4295 Quales
2152 4228 2273 4281 illos
2297 4237 2511 4283 sanctos
2538 4231 2681 4283 viros
2706 4244 2892 4283 omnes
2909 4229 3142 4282 solemus
3167 4229 3381 4289 audire:

1943 4318 2007 4373 Et
2032 4323 2074 4372 si
2108 4319 2199 4374 tibi
2226 4318 2388 4383 dicat,
2418 4319 2624 4385 Frater,
2650 4319 2776 4390 quid
2807 4335 2891 4374 me
2916 4321 2993 4373 vis
3020 4317 3385 4388 rebaptizare?

1940 4410 2077 4476 Quid
2107 4410 2176 4464 sit
2199 4419 2320 4464 ante
2350 4409 2542 4465 factum
2566 4412 2766 4477 nescio,
2798 4427 2935 4465 nunc
2954 4421 3129 4465 autem
3153 4427 3269 4465 sum
3300 4411 3351 4465 in
3373 4409 3523 4467 Chri-

2012 4503 2077 4557 su
2114 4501 2234 4556 ﬁde.

1942 4594 1998 4650 Si
2026 4611 2110 4650 me
2137 4578 2368 4650 maculat
2388 4594 2531 4666 quod
2558 4596 2740 4650 nescio
2756 4636 2771 4660 ,
2803 4604 2859 4649 tu
2880 4596 3053 4665 qualis
3078 4596 3152 4651 sis
3176 4610 3319 4650 nunc
3344 4604 3515 4651 osten-

2013 4685 2100 4739 de.
2860 4724 2879 4735 η

1942 4775 2130 4831 Vultus
2157 4785 2275 4831 tuos
2299 4792 2424 4831 ecce
2446 4776 2683 4843 attendo,
2714 4777 2899 4847 ignoro
2923 4777 3045 4847 quid
3068 4777 3137 4832 sit
3164 4778 3217 4832 in
3240 4779 3420 4833 corde.

1943 4868 1997 4921 Si
2027 4884 2111 4921 me
2140 4868 2370 4922 maculat
2395 4868 2533 4937 quod
2566 4869 2767 4931 nescio,
2799 4878 2850 4922 tu
2870 4884 2957 4923 me
2986 4869 3220 4923 maculas
3248 4868 3491 4925 fortasse.

1947 4958 2015 5012 Et
2039 4959 2081 5011 si
2113 4958 2274 5013 credo
2298 4975 2416 5013 esse
2439 4968 2705 5023 sanctum,
2735 4959 2931 5028 quibus
2954 4961 3317 5016 communicas
3344 4961 3481 5014 vide.

1945 5046 1999 5103 Si
2029 5049 2261 5103 maculat
2302 5049 2445 5118 quod
2487 5050 2790 5116 nescimus,
2827 5049 2940 5119 jam
2976 5066 3080 5105 non
3126 5058 3276 5119 potes
3319 5062 3534 5106 sanctus

2015 5156 2156 5204 8558,

1945 5232 2113 5298 Quem
2142 5232 2410 5286 maculant
2452 5240 2529 5286 tot
2568 5242 2783 5301 peccata
2804 5274 2819 5298 ,
2851 5249 2969 5303 qua:
3004 5233 3344 5288 committunt
3369 5238 3531 5288 vestri

2016 5325 2242 5379 occulte.

1947 5416 2003 5471 Si
2032 5426 2207 5471 autem
2232 5415 2373 5486 quod
2392 5417 2565 5472 nescis
2595 5432 2698 5470 non
2720 5432 2896 5481 curas,
2922 5432 3019 5471 nec
3040 5431 3139 5486 ego
3168 5414 3308 5487 quod
3334 5415 3532 5475 factum

2019 5518 2103 5563 CSl
2129 5519 2273 5562 ante.

1948 5600 2016 5655 Et
2046 5608 2221 5654 tamen
2249 5598 2594 5653 christianum
2623 5600 2780 5655 talem
2801 5598 2964 5653 audes
2992 5593 3341 5669 rebaptizare.

2010 5733 2028 5764 ί
2051 5732 2187 5789 aditi,
2210 5730 2310 5805 solo
2332 5736 2615 5795 separantur
2652 5729 2814 5781 corde.
2857 5732 3021 5792 Aptius
3060 5739 3164 5782 Mss.
3190 5767 3206 5793 ,
3244 5731 3344 5783 sata
3399 5743 3536 5805 cepa:

1948 5805 2111 5843 remur
2134 5793 2297 5842 corde.

2011 5857 2032 5888 ⁸
2054 5861 2128 5905 Er.
2152 5855 2296 5918 wgd.
2322 5861 2461 5915 νειι..
2489 5851 2609 5904 Talis
2628 5852 2674 5904 si
2689 5852 2793 5916 quis
2814 5853 3051 5907 adveniat.
3107 5862 3162 5907 ﬂ.
