4054 6472
359 401 370 412 ⁸
476 398 538 455 ³1
1146 386 1468 446 ΑΜΟΝΠἸΟ
1505 383 1570 439 IN
1609 379 1852 438 LIBROS
1886 375 2161 436 CONTRA
2203 372 2580 429 EPISTULA}!
2620 367 3066 428 PARMENIANI.
3677 361 3751 422 59

479 511 680 566 Omnes
703 508 792 579 qui
818 505 1058 578 gaudetis
1083 504 1149 560 de
1175 517 1318 574 pace,
1351 501 1510 555 modo
1537 515 1716 554 verum
1739 497 1992 567 judicate.
2169 488 2350 545 Dicitis
2375 503 2579 543 mecum
2608 503 2699 540 vos
2718 501 2856 546 esse.
2890 485 2980 540 sed
3011 483 3196 579 falsum
3228 481 3417 579 videtis
3443 495 3582 537 esse.

2169 581 2279 648 Ego
2306 579 2574 634 Catholica
2601 577 2770 648 dicor,
2802 585 2856 631 et
2881 589 2976 628 vos
3003 574 3070 629 de
3101 573 3290 627 Donati
3321 581 3490 642 parte.

2167 644 2332 726 Jussit
2379 686 2463 724 me
2525 644 2810 738 Apostolus
2867 682 2964 737 pro
3013 665 3225 736 regibus
3269 663 3448 717 mundi
3489 677 3643 718 orare
3683 663 3750 727 (t

2241 761 2372 815 Tim.
2399 777 2455 824 tt,
2484 764 2532 824 1,
2565 760 2623 832 2)
2655 779 2668 813 :

2170 853 2280 906 Vos
2305 851 2550 905 invidetis
2573 851 2711 920 quod
2740 864 2890 918 reges
2905 848 3013 918 jam
3041 855 3163 900 sunt
3206 846 3257 900 in
3295 845 3584 899 christiana
3618 844 3748 897 title.

2171 941 2228 998 Si
2257 939 2348 995 lilii
2380 941 2509 994 estis
2535 981 2550 1006 ,
2579 939 2704 1008 quid
2735 938 2980 993 invidetis
3008 937 3128 1008 quia
3154 934 3348 990 audita:
3395 944 3519 990 sunt
3565 949 3750 1004 preces

2244 1032 2418 1087 meat?

2173 1123 2394 1192 Quando
2414 1123 2554 1178 enim
2584 1122 2720 1176 dona
2751 1122 3028 1181 miserunt,
3057 1118 3302 1173 noluistis
3327 1127 3624 1185 acceptare.

2175 1215 2242 1270 Et
2267 1215 2412 1268 obliti
2444 1213 2574 1268 estis
2599 1212 2915 1280 Prophetas,
2943 1209 3030 1279 qui
3060 1207 3187 1261 illud
3214 1207 3572 1277 pra‘dim‘runt
3593 1213 3716 1256 ante
3738 1245 3752 1265 ,

2174 1307 2324 1376 Quod
2341 1307 2576 1376 gentium
2598 1318 2749 1374 reges
2765 1303 2939 1372 magni
2967 1300 3178 1354 missuri
3209 1307 3390 1353 essent
3407 1297 3546 1351 dona
3571 1295 3756 1348 Eccle-

2245 1401 2376 1468 εἰω(
2403 1399 2544 1453 Prol.
2578 1413 2717 1461 um,
2752 1395 2858 1462 10)
2893 1413 2907 1450 :

2175 1495 2304 1562 Qum
2331 1493 2469 1547 dona
2509 1507 2629 1545 cum
2669 1489 2966 1557 respuis-tis,
3011 1483 3316 1539 ostendistis
3339 1497 3432 1536 vos
3457 1498 3562 1535 non
3593 1495 3711 1534 csse
3739 1497 3756 1533 :

2178 1585 2244 1640 Et
2271 1583 2555 1638 Macarium
2581 1583 2828 1651 coegistis
2854 1595 3006 1634 suum
3034 1579 3273 1633 dolorem
3301 1576 3566 1630 vindicare
3587 1574 3686 1645 (α).

2179 1677 2283 1729 Sed
2310 1692 2407 1745 ego
2431 1675 2555 1744 quid
2583 1673 2735 1727 vobis
2756 1672 2877 1736 feci,
2909 1680 3082 1726 vestra
3106 1680 3276 1724 mater
3303 1670 3352 1721 in
3378 1678 3487 1721 toto
3511 1666 3640 1720 orbe
3665 1667 3688 1718 ἲ

2179 1766 2402 1835 Expello
2433 1765 2599 1819 malos
2623 1779 2755 1834 quos
2784 1777 3001 1833 possum
3025 1778 3039 1816 :
3065 1774 3197 1830 quos
3227 1774 3330 1813 non
3362 1773 3576 1828 possum
3601 1770 3761 1826 cogor

2253 1856 2389 1911 ferre
2405 1873 2420 1919 ;

483 649 596 712 Vae,
627 649 718 718 qui
747 662 842 716 pro
866 645 1131 700 cathedris
1158 643 1346 696 vestris
1368 642 1443 694 sic
1471 638 1790 694 contenditis
1813 637 2006 704 injuste
2041 634 2055 686 ι

487 738 742 794 Clamatis
769 751 862 790 vos
887 737 1029 788 solos
1050 744 1282 795 sanctos,
1313 730 1452 784 aliud
1489 730 1666 783 dicitis
1692 729 1741 782 in
1765 727 1962 787 corde;

489 829 621 895 Quia
648 827 836 883 videtis
855 836 908 880 et
936 840 1050 890 vos,
1082 824 1276 877 multos
1319 821 1489 874 malos
1515 819 1783 891 abundare
1824 817 2017 885 ubique
2046 831 2060 867 :

487 917 746 984 Numquid
778 918 953 970 dicere
976 915 1218 984 potestis,
1249 912 1393 965 Mixti
1418 926 1600 965 sumus
1629 910 1763 962 intra
1797 919 1909 961 rete
1934 906 1957 958 ?

489 1005 858 1075 Respondetur
877 1003 1017 1058 enim
1050 1003 1219 1065 vobis,
1246 1001 1356 1071 jam
1380 1017 1475 1053 vos
1496 999 1624 1053 illud
1654 999 1964 1066 disrupisse.

486 1097 669 1167 Neque
694 1098 872 1152 dicere
899 1096 1138 1164 potestis.
1164 1094 1344 1163 paleas
1371 1107 1465 1145 vos
1489 1093 1753 1145 sustinere
1785 1107 1800 1143 :

489 1189 680 1242 lterum
708 1187 848 1240 enim
872 1185 1276 1256 respondemus.
1307 1183 1417 1236 Hoc
1444 1182 1702 1237 fecissetis
1731 1182 1746 1212 ¹
1774 1189 1828 1234 et
1848 1189 1994 1234 ante.

486 1280 601 1335 Non
627 1280 767 1334 enim
795 1279 1003 1348 pejores
1023 1286 1175 1332 erant
1203 1278 1292 1329 illo
1317 1275 1451 1330 Juda
1483 1274 1738 1328 traditore
1768 1288 1784 1337 ;

487 1376 619 1430 Cum
646 1388 752 1443 quo
785 1372 1020 1441 Apostoli
1051 1377 1373 1440 acceperunt
1400 1368 1629 1438 primum
1665 1367 2068 1421 Sacramentum

559 1479 724 1519 cinna:
750 1462 971 1534 (Matth.
1004 1477 1152 1526 xxvi,
1183 1461 1252 1514 ‘35
1272 1477 1286 1524 ;
1309 1469 1355 1513 et
1379 1459 1535 1512 Joan.
1561 1473 1674 1520 xm,
1700 1456 1772 1510 26
1793 1459 1812 1525 )
1833 1497 1848 1522 ,

489 1557 624 1612 Cum
657 1557 786 1609 tanti
817 1555 1034 1609 sceleris
1063 1569 1210 1608 reum
1235 1553 1375 1606 inter
1397 1566 1456 1604 se
1479 1551 1587 1620 jam
1617 1549 1815 1604 scirent
1837 1563 1956 1602 esse
1983 1565 1996 1600 :

490 1646 600 1702 Nec
627 1659 799 1701 tamen
831 1644 930 1699 hos
959 1643 1302 1714 inquinabant
1329 1641 1514 1696 sordes
1544 1641 1594 1694 in
1620 1639 1796 1694 alieno
1818 1636 1998 1693 corde.

497 1737 561 1790 Et
590 1746 764 1790 tamen
792 1735 1108 1800 christianos
1137 1732 1328 1786 fratres
1356 1731 1561 1784 audetis
1587 1731 1934 1798 rebaptizare.

492 1826 690 1879 Omnes
718 1826 806 1894 qui
832 1823 1071 1894 gaudetis
1089 1825 1159 1878 de
1184 1837 1331 1892 pace,
1357 1821 1516 1876 modo
1538 1836 1720 1876 verum
1743 1821 1997 1892 iudicate.

493 1953 706 2019 Audite,
732 1954 941 2018 fratres,
969 1952 1110 2022 quod
1135 1952 1274 2017 dico,
1307 1961 1360 2006 et
1388 1953 1515 2006 mihi
1545 1953 1698 2006 irasci
1729 1951 1888 2006 nolite
1917 1969 1929 2005 :
2181 1947 2318 2001 Fero
2348 1946 2464 2000 illos
2485 1945 2656 1998 donec
2677 1952 2950 2007 sanentur,
2978 1950 3065 1997 aut
3094 1948 3408 2010 separentur
3441 1938 3492 1992 in
3522 1937 3644 1991 line.

493 2044 627 2111 Quia
661 2059 764 2097 non
790 2053 913 2098 sunt
933 2045 1058 2097 falsa
1086 2059 1204 2113 quae
1233 2043 1445 2108 auditis,
1489 2043 1708 2113 potestis
1737 2051 1792 2098 et
1824 2043 2071 2098 conside-
2181 2036 2289 2089 Vos
2318 2051 2402 2088 me
2426 2051 2590 2104 quare
2617 2033 2913 2095 dimisistis,
2941 2042 2995 2086 et
3022 2031 3234 2087 crucior
3258 2031 3323 2082 de
3347 2039 3520 2083 vestra
3552 2025 3763 2080 morte?

571 2149 710 2189 rare.
2184 2127 2242 2180 Si
2273 2127 2494 2179 mttltum
2526 2126 2694 2178 malos
2727 2124 2935 2186 odistis,
2969 2123 3148 2191 quales
3183 2121 3385 2176 habetis
3416 2117 3610 2173 videte.

495 2227 654 2294 Quid,
683 2227 726 2280 si
755 2227 864 2296 ipsa
894 2242 1031 2280 nunc
1059 2227 1290 2280 Ecclesia
1310 2241 1404 2280 vos
1423 2227 1720 2295 alloquatur
1745 2243 1864 2280 cum
1911 2243 2060 2295 pace,
2184 2217 2239 2270 Si
2271 2227 2321 2270 Cl
2345 2231 2438 2269 VUS
2465 2215 2700 2269 ῑίιῑθτίιῑίε
2732 2215 2916 2278 111³105,
2944 2228 3108 2283 Quare
3135 2227 3240 2266 ιιοη
3268 2212 3318 2265 ίη
3349 2211 3568 2275 “nitate.

506 2320 573 2374 Et
597 2321 738 2374 dicat
763 2338 774 2373 ε
803 2320 846 2374 0
875 2319 965 2373 ﬁlii
998 2320 1122 2382 mei,
1153 2319 1274 2388 quid
1301 2319 1578 2387 querimini
1610 2319 1677 2372 de
1709 2317 1913 2372 matre?
2186 2308 2282 2362 llhi
2311 2323 2466 2361 nemo
2497 2307 2806 2375 rchaptizat,
2840 2322 2937 2360 nec
2961 2307 3126 2359 altare
3147 2315 3330 2360 contra
3359 2302 3569 2358 altare?

497 2408 674 2477 Quare
700 2426 784 2462 tne
808 2409 1118 2463 deseruistis
1139 2410 1246 2478 jam
1277 2410 1396 2463 volo
1425 2425 1453 2462 a
1477 2409 1628 2462 vobis
1655 2409 1863 2464 audire.
2184 2399 2346 2454 Malos
2373 2407 2547 2453 tantos
2577 2399 2833 2462 toleratis,
2858 2397 2950 2452 sed
2982 2397 3122 2450 nulla
3154 2396 3289 2451 bona
3322 2394 3569 2449 mercede
3603 2411 3615 2446 :

498 2501 774 2555 Accusatis
802 2499 961 2555 frates
990 2509 1213 2562 VCall'OS,
1240 2513 1293 2555 et
1319 2517 1418 2570 ego
1444 2502 1649 2556 laceror
1671 2503 1842 2557 valde.

2185 2490 2317 2558 Quia
2363 2489 2503 2558 quod
2550 2488 2753 2542 debetis
2799 2503 2895 2558 pro
2943 2487 3173 2552 Christo,
3218 2501 3316 2555 pro
3363 2485 3566 2538 Donato
3611 2482 3770 2538 vultis

499 2591 722 2655 Quando
739 2605 823 2644 me
863 2590 1173 2659 premebant
1191 2589 1410 2652 Gentes.
1426 2592 1588 2646 multa
1613 2593 1705 2645 tuli
1726 2607 1846 2646 cum
1868 2593 2074 2662 dolore,
2260 2579 2417 2634 Γοιτθο

500 2681 643 2736 Mulli
663 2697 748 2736 me
769 2681 1138 2746 deseruerunt,
1164 2683 1256 2736 sed
1279 2681 1514 2736 fecerunt
1544 2684 1595 2736 in
1620 2685 1808 2738 ιίιηοιορ
1836 2702 1848 2737 ε
2187 2671 2475 2724 Cantanms
2505 2669 2671 2734 vobis,
2706 2667 2916 2731 fratres,
2945 2681 3127 2737 pacem
3153 2666 3194 2720 si
3228 2665 3386 2718 vultis
3409 2665 3609 2718 audire.

507 2772 614 2826 Vos
633 2789 760 2826 vero
780 2773 954 2828 nullus
982 2777 1151 2842 coegit
1175 2775 1252 2828 sic
1279 2784 1463 2828 contra
1496 2790 1579 2828 me
1606 2776 1882 2830 rebellare,
2189 2759 2453 2814 Venturus
2474 2770 2557 2814 est
2579 2760 2742 2830 jttdex
2775 2770 2955 2814 uoster
2984 2776 2996 2821 ;
3023 2773 3120 2811 nos
3145 2757 3353 2821 damus,
3382 2756 3537 2826 exigit
3570 2757 3674 2810 ille.

578 2885 596 2914 ⁸
617 2883 766 2932 Editio
787 2891 915 2944 Iov.,
939 2883 1135 2946 fecistis.
1153 2886 1418 2947 castigatur
1441 2898 1504 2934 ex
1529 2884 1636 2935 aliis
1659 2885 1814 2936 libris.
2253 2887 2330 2952 (α)
2355 2888 2470 2938 vide
2492 2895 2732 2952 Optatum,
2757 2889 2840 2938 ιιι).
2856 2890 2903 2938 3.

517 3021 3771 3071 mw

1586 3157 2646 3273 ADMONITIO

1233 3347 1315 3408 IN
1355 3346 1634 3408 LIBROS
1675 3345 1995 3409 CONTRA
2036 3346 2488 3408 EPISTOLAM
2529 3347 3048 3429 PARMENIANI.

1897 3509 2371 3563 4&6.—

592 3635 1023 3714 Subsequitur
1072 3651 1235 3712 opus
1287 3634 1508 3715 contra
1539 3629 1945 3715 Parmeniani
1995 3631 2395 3715 Epistolam,
2450 3629 2516 3690 in
2549 3630 2743 3715 cujus
2797 3631 3010 3715 operis
3066 3633 3334 3715 exordio
3374 3635 3774 3715 Augustinus

516 3717 720 3776 multa
751 3709 1042 3776 se'antea
1073 3709 1295 3774 contra
1324 3709 1717 3777 Donatistas,
1751 3709 1981 3788 partim
2017 3711 2271 3787 scriptis
2299 3711 2654 3786 opusculis,
2685 3711 2919 3788 partim
2951 3713 3329 3773 tractatibus
3366 3709 3509 3774 sive
3533 3729 3779 3775 sermo-

523 3795 714 3856 nibus
742 3794 820 3856 ad
850 3795 1097 3871 plebem
1129 3789 1780 3871 habitis,disseruisse
1809 3787 2251 3871 dicit._Netnpe
2275 3789 2407 3867 jam
2438 3787 3123 3871 scripseratepistolas
3157 3792 3219 3851 in
3251 3809 3471 3853 eorum
3489 3795 3770 3858 schisma

523 3867 940 3952 quamplures
981 3893 995 3931 :
1032 3872 1276 3952 scilicet
1321 3867 1660 3952 (διῄει-23,
1695 3867 1785 3952 ad
1826 3867 2248 3952 Maximinum
2279 3867 2538 3952 ;_e_pist_.
2585 3869 2694 3938 33,
2737 3869 2815 3952 ad
2848 3871 3378 3952 Proculeianum;
3425 3873 3636 3952 epistt.
3691 3873 3770 3933 3h

516 3945 580 4012 et
607 3953 706 4022 35,
728 3945 821 4013 'ad
857 3951 1198 4011 Eusebium
1224 3970 1239 4018 ;
1288 3945 1495 4026 ep’istt.
1526 3945 1605 4005 143
1639 3953 1700 4006 et
1727 3945 1827 4024 Ut,
1861 3946 1944 4026 ad
1969 3947 2284 4026 Gloriuﬁm,
2317 3946 2648 4008 Eleusium
2679 3952 2741 4009 et
2770 3948 3051 4020 Felices;
3097 3950 3284 4026 epist.
3313 3948 3412 4019 Ιιξ),
3445 3945 3523 4009 ad
3552 3952 3776 4012 Hono-

522 4037 754 4103 ratum,
788 4038 848 4091 et
879 4030 1038 4090 alias
1095 4025 1406 4106 quasdam
1461 4034 1610 4087 ante
1641 4044 1884 4086 annum
1915 4025 2147 4106 Christi
2180 4025 2300 4085 hOO
2333 4027 2540 4095 datas,
2573 4045 2720 4104 qua:
2749 4027 2812 4086 in
2846 4034 3016 4086 tomo
3049 4025 3330 4088 secundo
3360 4029 3770 4091 exhibentur.

523 4111 744 4170 Libros
766 4110 953 4169 etiam
985 4105 1255 4184 aliquot,
1284 4125 1483 4166 unum
1513 4106 1822 4185 adversus
1850 4105 2202 4185 Epistolam
2230 4107 2460 4166 Donati
2493 4106 3018 4185 Carthaginensis
3050 4108 3329 4185 episcopi
3363 4109 3776 4181 schismatici,

519 4196 582 4248 et
607 4190 767 4249 alios
802 4187 1108 4266 adversus
1135 4189 1382 4266 Partem
1411 4185 1649 4266 Donati
1670 4184 1827 4266 duos
1860 4184 2163 4266 ediderat.
2193 4186 2406 4266 Liber.
2437 4203 2629 4266 quem
2657 4184 2880 4266 contra
2905 4186 3255 4264 Epistolam
3277 4184 3516 4248 Donati
3547 4192 3774 4266 appel-

521 4269 632 4336 lat,
665 4267 742 4328 ad
773 4285 1014 4327 annum
1041 4265 1274 4325 Christi
1305 4263 1558 4323 circiter
1586 4263 1704 4322 393
1735 4263 2095 4340 pertinebat
2125 4285 2138 4323 :
2173 4263 2695 4341 quandoquidem
2727 4265 2901 4324 hunc
2931 4263 2992 4325 in
3030 4266 3195 4325 libro
3225 4263 3774 4328 Retractationum

525 4347 727 4424 primo
759 4346 1048 4423 proxime
1085 4348 1226 4421 post
1253 4342 1574 4402 Psalmum
1612 4349 1838 4424 contra
1869 4343 2117 4424 Partem
2152 4344 2390 4424 iDohati
2451 4344 2656 4420 ponit,
2689 4349 3090 4421 testaturque
3143 4362 3181 4406 a
3234 4365 3302 4406 se
3330 4345 3525 4406 fuisse
3551 4345 3774 4408 eodem

524 4421 901 4504 presbyterii
932 4424 1028 4504 sui
1065 4429 1348 4499 tempore
1375 4421 1824 4504 compositum.
1857 4423 1935 4480 At
1960 4423 2294 4504 verolibri
2325 4421 2452 4484 duo
2484 4429 2708 4504 contra
2739 4425 2989 4484 Partem
3016 4425 3275 4504 Donati,
3307 4425 3541 4501 quibus
3566 4425 3640 4504 in
3693 4425 3778 4483 li--

527 4499 641 4566 bro
667 4499 1208 4580 Retractationum
1241 4499 1541 4580 secundo,
1572 4501 1679 4560 ubi
1707 4502 2018 4578 opuscula
2043 4502 2449 4579 episcopatus
2470 4503 2569 4562 sui
2602 4507 2885 4578 tempore
2915 4503 3198 4563 confecta
3222 4499 3530 4573 recenset,
3564 4503 3773 4564 locum

523 4579 883 4662 assignavit
916 4580 1200 4662 medium
1226 4581 1392 4662 inter
1439 4579 1638 4662 libros
1670 4580 1745 4662 de
1762 4581 2092 4662 ‘Doctrina
2143 4581 2512 4662 Christiana
2569 4587 2631 4640 et
2661 4583 2857 4662 libros
2890 4581 3379 4662 Confessionum
3402 4626 3420 4662 ,
3441 4581 3774 4662 referendi

527 4658 714 4723 erant
757 4661 833 4721 ad
864 4658 1368 4738 annumiChristi
1399 4659 1650 4719 circiter
1676 4658 1814 4718 398.
1847 4659 1957 4719 His
1991 4677 2185 4736 porro
2211 4659 2459 4721 duobus
2491 4661 2844 4735 opusculis,
2875 4677 3021 4738 qua
3051 4660 3260 4721 adhuc
3283 4659 3730 4720 desiderantur
3757 4705 3773 4731 ,

531 4740 997 4819 praetermissis,
1030 4737 1308 4819 offerunt
1335 4755 1476 4819 sese
1503 4739 1624 4798 hoc
1652 4738 1794 4798 loco
1823 4739 1964 4799 libri
1998 4746 2125 4800 tres
2158 4745 2383 4800 contra
2413 4739 2765 4817 Epistolam
2789 4737 3221 4811 Parmeniani,
3255 4740 3499 4800 caeteris
3535 4743 3774 4819 Augu—

529 4817 704 4890 stini,
739 4819 847 4896 qui
883 4817 1189 4878 adversus
1225 4817 1589 4878 Donatistas
1621 4823 1901 4889 exstant,
1935 4819 2114 4878 libris
2150 4819 2417 4896 priores.

605 4899 1067 4959 Parmenianus
1098 4896 1577 4956 Donatistarum
1609 4897 1776 4974 apud
1806 4897 2258 4976 Carthaginem
2286 4897 2650 4974 episcopus,
2677 4896 2980 4958 Primiani
3015 4914 3389 4975 praecessor,
3412 4916 3779 4959 successor-

527 4996 657 5056 que
685 4977 938 5046 Donati,
972 4982 1160 5036 notus
1196 4979 1292 5036 est
1326 4993 1409 5034 ex
1439 4976 1641 5054 ipsius
1695 4977 1951 5054 aequali,
1983 4977 2215 5054 Optato
2245 4976 2616 5037 Milevitano
2646 4979 2946 5054 episcopo
2978 4976 3317 5056 catholico,
3367 4978 3476 5054 qui
3536 4978 3776 5055 grande

527 5055 752 5118 contra
784 5056 1276 5116 Parmenianum
1306 5071 1467 5132 opus
1501 5057 1810 5134 vulgavit.
1839 5057 1911 5116 In
1945 5073 2020 5116 eo
2054 5063 2266 5118 tamen
2297 5057 2511 5134 Optati
2537 5074 2736 5132 opere
2768 5057 2946 5115 nulla
2975 5056 3043 5113 lit
3070 5055 3242 5116 illius
3274 5057 3560 5133 epistola:
3593 5075 3779 5114 men--

527 5136 641 5206 tio,
671 5152 815 5214 quae
842 5136 923 5195 ab
955 5135 1314 5213 Augustino
1363 5134 1706 5196 refellenda
1757 5139 2175 5213 sequentibus
2209 5136 2390 5214 libris
2426 5136 2796 5214 suscipitur.
2831 5135 3146 5194 'l‘ichonio
3175 5134 3510 5196 donatistas
3537 5135 3775 5212 scripta

529 5215 665 5276 haec
694 5213 832 5276 erat
858 5230 894 5274 a
923 5214 1348 5274 Parmeniano
1376 5215 1669 5292 epistola,
1701 5219 1774 5275 ut
1806 5233 1938 5276 sua:
1968 5213 2436 5275 communionis
2468 5213 2791 5292 hominem
2824 5214 3132 5291 praeclara
3161 5215 3452 5290 quendam
3481 5232 3559 5274 ex
3613 5214 3782 5274 Scri-

530 5295 739 5433 plturis
771 5293 1139 5386 testimonia
1168 5299 1229 5353 et
1260 5291 1638 5386 argumenta
1675 5312 1790 5372 pro
1825 5294 2108 5385 Ecclesia
2141 5293 2458 5383 catholica
2508 5291 2760 5383 scriptis
2807 5293 2937 5353 suis
2990 5292 3376 5354 inserentem
3424 5294 3775 5385 cohiberet.

593 5393 695 5433 Inc
730 5377 1126 5433 Augustinus
1157 5372 1233 5433 ad
1265 5375 1670 5433 Vincentium
1722 5375 2115 5433 Rogattstam
2169 5374 2490 5433 scribens.
2526 5372 2722 5433 Entst.
2755 5373 2854 5433 93.
2892 5391 2955 5433 n.
2987 5370 3066 5431 Ιώ
3099 5393 3113 5428 τ
3148 5374 3306 5432 «Ille
3342 5377 3500 5433 est.»
3540 5378 3775 5433 mautt.

593 5373 1126 5465 irtc_Augustinus
1157 5370 1692 5465 adni’incenlium‘
1722 5371 2115 5465 Rogatistam
2169 5372 2722 5465 scribens,‘Epist.
2892 5391 2955 5433 n.
2986 5370 3066 5465 {th
3099 5393 3113 5428 τ
3148 5374 3306 5465 alltc
3342 5377 3500 5465 θεῖε.»
3540 5373 3776 5465 inquit,

535 5476 563 5506 α
596 5451 970 5521 'l‘ichonius,
1005 5471 1194 5529 quem
1222 5453 1680 5514 Parmenianus
1711 5452 2047 5513 scribendo
2075 5451 2439 5528 compescit,
2463 5457 2526 5512 et
2555 5470 2704 5512 eum
2729 5452 3006 5513 deterret
3036 5471 3113 5511 ne
3151 5452 3302 5512 talia
3333 5451 3572 5511 scribat
3601 5470 3614 5507 :
3647 5468 3780 5510 non

437 5548 443 5554 ·
532 5553 560 5586 ‹‹
599 5534 809 5611 tamen
840 5531 1068 5592 refellit
1096 5550 1171 5593 ea
1205 5533 1343 5610 ipsa
1369 5550 1512 5611 qua:
1539 5533 1797 5611 scribit;
1832 5531 1938 5591 sed
1977 5531 2324 5611 uno,_sicut
2357 5548 2554 5608 supra
2585 5531 2742 5598 dixi,
2771 5550 2920 5591 eum
2949 5532 3198 5606 prcutit,
3227 5529 3400 5611 quod
3442 5547 3588 5589 cum
3611 5530 3780 5611 talia

535 5633 564 5665 α
595 5609 832 5669 diceret
857 5611 932 5672 de
960 5609 1245 5674 Ecclesia
1272 5609 1406 5672 toto
1438 5613 1592 5672 orbe
1621 5610 1880 5679 diffusa,
1908 5615 1968 5670 et
1997 5609 2170 5686 quod
2196 5611 2516 5672 neminem
2553 5612 2618 5670 in
2670 5611 2808 5688 ejus
2839 5611 3086 5670 unitate
3125 5610 3524 5670 macularent
3567 5609 3782 5670 aliena

539 5712 569 5743 α
597 5693 868 5770 peccata
892 5734 909 5762 ,
960 5693 1043 5752 ab
1076 5691 1376 5753 Afrorum
1403 5709 1473 5752 se
1502 5700 1722 5770 tamen
1751 5689 1938 5767 quasi
1971 5689 2351 5770 traditurum
2380 5691 2782 5770 contagione
2801 5689 3197 5770 removebat,
3243 5693 3306 5770 et
3334 5693 3475 5770 erat
3508 5689 3571 5748 in
3599 5692 3784 5766 parte

535 5791 564 5822 α
597 5767 851 5849 Donati.
900 5792 927 5824 »
963 5770 1041 5830 Et
1073 5771 1139 5830 in
1187 5771 1460 5849 epistola
1487 5768 1605 5830 2&9
1635 5770 2016 5830 Restitutum
2053 5767 2349 5849 hortatur
2381 5775 2452 5830 ut
2481 5767 2652 5848 legat
2692 5767 3097 5849 _Tichomum
3127 5812 3144 5840 ,
3199 5767 3310 5844 qui
3345 5767 3522 5849 illam
3551 5789 3580 5824 α
3608 5784 3784 5846 quaa-

534 5870 581 5918 ις
598 5846 890 5924 stionem,
925 5845 1248 5929 quomodo
1278 5851 1343 5912 in
1370 5850 1658 5914 Ecclesia
1685 5849 1824 5927 Dei,
1849 5849 1902 5912 si
1934 5864 2064 5944 qua
2092 5847 2252 5910 forte
2279 5845 2586 5928 perversa
2612 5847 2711 5909 vel
2742 5847 2933 5910 etiam
2971 5846 3286 5911 scelerata
3321 5845 3650 5920 corrigere
3669 5851 3784 5910 aut
