4054 6478
249 426 316 483 33
769 424 1039 479 CONTRA
1081 422 1458 479 EPISTOLAM
1501 423 1941 491 PARMENUNI,
1984 425 2041 479 Β.
2085 426 2447 483 AUCUSTINI
2490 428 2693 483 LIBER
2736 428 3002 487 PRIMUS.

3440 430 3511 489 3|

248 567 275 597 ι
307 540 726 617 exstinguere
754 556 882 597 non
924 538 1230 608 valemus,
1264 537 1445 597 salvo
1476 537 1737 597 unitatis
1771 537 2027 599 vinculo
2063 540 2391 603 toleranda
2424 544 2549 602 sint
2582 587 2596 616 ,
2636 552 2896 604 strenue
2929 542 3220 606 videatur
3265 548 3503 609 tracta-

247 645 273 677 ¢
320 620 484 679 risse
518 626 714 694 atque
743 618 1036 678 solvisse.
1076 638 1102 667 ››

319 693 729 758 Parmeniani
762 696 1109 777 Epistolam
1141 695 1343 753 tribus
1366 693 1955 777 _l_ihris_ag_greditur
1980 698 2410 777 Augustinus.
2444 700 2513 758 In
2543 702 2772 777 primo,
2802 702 3359 765 criminationibus
3388 722 3504 767 oc—

244 779 442 858 currit
477 782 541 858 et
572 770 832 858 injustis
856 773 1137 851 querelis
1169 790 1340 858 quas
1363 772 1470 858 ille
1492 770 1721 858 effudit
1747 774 1810 833 in
1856 770 2240 858 Catholicos.
2270 776 2341 836 ln
2371 770 2651 839 secundo
2688 770 2988 851 ettertio,
3021 782 3364 858 Scriptura
3392 790 3499 844 te-

242 854 572 925 stimonia,
602 851 837 931 quibus
870 868 1203 933 perperam
1240 851 1539 933 adhibitis
1572 851 1863 933 decipere
1888 854 2215 933 imperitos
2248 900 2262 923 ,
2296 863 2356 915 et
2398 860 2873 933 separationem
2926 879 2965 921 a
3012 851 3195 921 malis
3228 861 3500 921 suadere

240 929 707 997 Parmenian‘ns
745 929 1123 998 conabatur,
1157 931 1482 1006 expendit,
1516 929 1682 1009 etpad
1728 931 2081 1009 legitimum
2119 929 2509 994 intellectum
2546 937 2810 997 reducit.

317 1010 1064 1093 Adscribendividentur
1093 1010 1155 1068 hi
1187 1009 1331 1068 libri
1368 1026 1539 1093 anno
1571 1007 2211 1093 Christi'propehOO.
2248 1014 2402 1093 Nam
2436 1015 2497 1072 in
2530 1016 3109 1077 Retractationibus
3141 1018 3262 1077 sub
3294 1034 3493 1093 opere

237 1091 313 1152 de
340 1090 684 1151 Consensu
714 1089 1294 1167 Evangelistarnm,
1327 1089 1497 1164 quod
1523 1087 1599 1147 ad
1632 1105 1875 1148 annum
1908 1090 2158 1149 circiter
2190 1089 2309 1150 1:00
2355 1096 2820 1162 revocavimus,
2867 1097 3288 1156 collocantur.
3326 1087 3499 1156 Prte-

238 1176 413 1252 te‘rea
448 1170 705 1252 quoties
738 1170 840 1252 hic
867 1169 954 1252 de‘
975 1167 1207 1243 Optato
1256 1167 1639 1252 Gildoniano
1676 1168 1965 1252 loquitur
1995 1171 2447 1252 Augustinus,
2464 1173 2727 1252 scilicet
2760 1174 2871 1233 lib.
2930 1173 2991 1243 2,
3028 1192 3214 1252 capp.
3247 1176 3304 1243 1,
3340 1172 3401 1244 ιι,
3432 1175 3494 1241 9,

238 1248 332 1337 te,
370 1248 746 1337 ip‘suﬁmnvita
767 1248 901 1337 jam
929 1246 1381 1337 functurnesse
1400 1246 1833 1337 satis_innuit;
1865 1246 2132 1337 eiusque
2156 1250 2474 1337 tyrannidi
2500 1250 3078 1337 ﬁnemigtpositum
3108 1246 3301 1337 (quod
3321 1268 3497 1312 anno

234 1324 471 1409 Christi
505 1325 624 1409 39_8
653 1325 1020 1409 contigisse,
1053 1343 1134 1409 ex
1166 1325 1329 1409 libro
1352 1324 1631 1409 secundo
1658 1330 1880 1409 contra
1908 1324 2195 1409 Petiliani
2230 1328 2497 1409 Litteras
2530 1348 2669 1406 cap.
2700 1324 3053 1407 92fpostea
3086 1324 3441 1391 videbimus
3474 1336 3494 1409 )

235 1405 552 1484 significat
578 1406 643 1485 in
673 1404 893 1485 eodem
930 1408 1151 1485 contra
1182 1404 1675 1485 Parmenianum
1704 1404 1867 1485 libro
1903 1406 2205 1485 secundo,
2239 1424 2377 1482 cap.
2408 1406 2469 1471 2,
2508 1404 2627 1467 ubi
2651 1431 2679 1463 ‹‹
2711 1404 3013 1485 Optatum
3041 1404 3497 1470 Gildonianum

240 1509 267 1540 ε
298 1482 724 1564 decennalem
759 1483 948 1541 totius
982 1482 1209 1564 Africae
1244 1482 1547 1564 gemitum
1588 1504 1614 1564 :3
1652 1482 1953 1564 appellat.
2006 1484 2287 1543 Tandem
2345 1485 2407 1543 in
2442 1486 2605 1545 libro
2638 1482 2867 1563 primo,
2904 1505 3045 1564 cap.
3077 1489 3137 1557 9,
3171 1488 3323 1548 dicit
3352 1488 3501 1547 deo-

235 1582 378 1623 rum
413 1585 442 1617 «
478 1562 831 1644 simulacra
860 1560 1057 1644 everti
1085 1559 1614 1644 atqueconfringi
1644 1560 1825 1637 jussa
1855 1579 1996 1644 esse
2030 1565 2392 1624 recentibus
2442 1559 2713 1642 legibus.
2752 1588 2780 1621 ››
2813 1566 2943 1625 Has
2983 1559 3134 1627 vero
3162 1567 3332 1644 leges
3369 1582 3497 1625 non

232 1647 379 1703 ante
410 1657 657 1700 annum
689 1640 805 1699 399
831 1642 913 1699 ab
946 1640 1235 1697 Honorio
1260 1638 1441 1698 datas
1476 1656 1663 1697 nemo
1698 1640 1920 1698 nescit.

308 1720 659 1780 Pollicetur
684 1719 748 1799 in
776 1718 997 1777 eodem
1023 1719 1147 1799 hoc
1170 1734 1365 1799 opere
1382 1734 1451 1777 se
1466 1718 1640 1799 alias
1670 1722 2093 1799 tractaturum
2124 1718 2387 1799 uberius
2415 1722 2834 1797 quaestionem
2864 1722 2941 1781 de
2969 1722 3320 1799 Baptismo.
3347 1723 3502 1783 Pro-

130 1812 143 1819 '
233 1800 503 1859 missum
531 1798 940 1878 continenter
968 1797 1323 1878 exsolvisse
1349 1814 1437 1878 ex
1466 1796 2012 1878 Retractationum
2032 1798 2210 1878 serie
2244 1796 2853 1878 facileintelligitur,
2892 1801 3001 1860 ubi
3033 1796 3233 1862 libros
3262 1801 3341 1861 de
3367 1802 3499 1862 Ba-

232 1880 464 1955 ptismo
498 1876 898 1953 conscriptos
929 1876 1221 1953 proxime
1252 1875 1401 1935 huic
1427 1875 1606 1952 operi
1642 1874 2121 1953 subjungendos
2155 1879 2428 1936 curavit.

313 2002 396 2062 In
441 1998 876 2078 subsequentes
905 1998 1154 2078 iLibros
1203 2002 1424 2078 contra
1454 1996 1821 2078 Epistolam
1860 1997 2291 2067 Parmeniani,
2340 1998 2477 2078 pide
2527 1998 2631 2061 lib.
2665 1999 2726 2070 2,
2760 2017 2894 2078 cap.
2944 2000 3041 2068 17.
3069 2001 3499 2062 Retraclatio-

230 2098 399 2152 num,
431 2087 581 2138 tam.
610 2074 666 2145 1⁷,
704 2077 822 2138 col.
851 2077 992 2148 637,
1024 2096 1063 2135 α
1090 2074 1313 2143 verbis,
1342 2076 1410 2135 ln
1441 2078 1648 2135 tribus
1679 2075 1881 2148 libris,
1912 2093 2102 2154 usque
2127 2078 2207 2137 ad
2226 2076 2429 2145 verba,
2459 2078 2783 2139 Adversus
2812 2074 3206 2140 Donatistas.
3278 2080 3363 2140 M.

272 2274 600 2284 —.—_———_

1214 2594 1972 2680 HIPPONENSIS
2025 2592 2552 2678 EPISCOPI

1658 2752 1985 2815 CONTRA

209 2934 216 2965 ι

363 2911 1748 3085 EPISTOLAM

1913 2907 3331 3073 ?ARMENIANI

1545 3174 1810 3267 πίβτί
1851 3160 2150 3271 tres“).

1377 3360 1808 3396 ,ἦ

1278 3372 1369 3387 Ψ

1872 3360 2409 3393 =———————

1300 3467 1768 3583 LIBER
1840 3467 2484 3576 PRIMUS.

223 3674 422 3719 accurrit
437 3661 862 3715 mminationibus
884 3666 936 3707 et
960 3657 1149 3719 iniustis
1170 3652 1466 3719 Parmeniani
1492 3658 1657 3719 contra
1674 3647 1939 3719 catholicos
1958 3648 2212 3719 querelis;
2238 3650 2551 3719 ostenditque
2575 3650 2859 3699 christianos
2897 3649 3139 3711 principes
3162 3660 3248 3708 pro
3268 3644 3422 3697 ofﬁcio
3441 3656 3495 3695 ν

710 3725 821 3786 jure
844 3733 933 3771 suo
951 3712 1117 3783 peetus
1138 3717 1198 3766 ad
1221 3714 1518 3766 coercendos
1534 3714 1790 3763 hereticos
1808 3718 1859 3761 et
1875 3712 2203 3760 schismaticos
2219 3719 2357 3761 recte
2379 3714 2695 3761 constituere.

1658 3833 2079 3887 “Eme-0

281 3973 510 4030 CAPUT
540 3960 826 4026 PRIMUM.
854 3996 923 4006 —
949 3964 997 4019 l.
1030 3963 1189 4018 Multa
1217 3959 1428 4031 quidem
1457 3958 1587 4011 alias
1612 3954 1805 4008 adver-

218 4083 302 4122 sus
325 4065 658 4124 Donatistas,
692 4076 788 4130 pro
815 4057 1013 4111 viribus
1037 4069 1169 4124 quas
1198 4054 1335 4105 Deus
1368 4048 1583 4119 praebet,
1615 4043 1807 4116 partim

229 4158 529 4217 scribendo,
556 4155 750 4224 partim
773 4152 931 4204 etiam
965 4144 1239 4201 tractando
1269 4140 1496 4197 disserui
1523 4152 1694 4192 :nunc
1715 4153 1809 4189 au-

220 4258 319 4305 tem
360 4248 620 4319 quoniam
674 4241 859 4297 incidit
889 4241 939 4293 in
988 4252 1175 4292 manus
1221 4244 1428 4289 nostras
1474 4228 1807 4285 Parmeniani

219 4345 482 4411 quondam
508 4336 746 4407 episcopi
775 4348 959 4388 eorum
991 4329 1232 4401 quaedam
1264 4326 1507 4397 epistola,
1531 4340 1649 4395 qua:
1677 4323 1809 4377 scri-

218 4432 354 4487 bitur
374 4432 442 4485 ad
464 4429 808 4489 Tichonium,
840 4424 1109 4477 hominem
1136 4420 1348 4491 quidem
1376 4427 1429 4473 et
1455 4417 1565 4472 acri
1599 4415 1808 4485 ingenio

217 4525 606 4595 prmditum,et
646 4519 793 4573 uberi
843 4515 1080 4585 eloquio,
1126 4511 1220 4567 sed
1243 4520 1416 4564 tamen
1462 4508 1803 4571 denatistam,

216 4634 334 4673 cum
360 4632 488 4671 eum
513 4615 867 4667 arbitraretur
894 4610 945 4663 in
977 4608 1079 4661 hoc
1103 4621 1305 4666 errare.
1334 4602 1474 4673 quod
1508 4603 1598 4657 ille
1622 4616 1804 4655 verum

217 4718 435 4763 coaetus
458 4716 543 4761 est
563 4702 844 4766 conﬁteri;
874 4695 1418 4769 placuitpetentibus,
1448 4691 1805 4761 imojubenti-

216 4800 311 4857 bus
353 4798 645 4860 fratribus,
695 4804 750 4848 ut
774 4793 896 4847 huic
946 4791 1118 4846 eidem
1168 4785 1503 4843 Parmeniani
1566 4782 1807 4852 epistola:

216 4890 624 4962 responderem,
657 4895 875 4956 prOpter
901 4881 1141 4954 qumdam
1174 4880 1401 4933 maxime
1432 4893 1548 4947 qua:
1570 4874 1637 4929 de
1659 4874 1805 4927 Seri-

219 4986 391 5052 pturis
421 4979 730 5035 testimonia
771 4991 874 5031 non
905 4976 1043 5029 sicut
1071 4968 1376 5040 accipienda
1406 4976 1548 5031 sunt,
1593 4963 1802 5034 accipit.

216 5074 512 5130 Tichonius
556 5072 699 5127 enim
741 5068 1018 5123 omnibns‘
1047 5074 1349 5120 sanctarum
1382 5062 1687 5131 paginarum
1715 5073 1808 5111 vo-

216 5166 364 5220 cibus
396 5166 760 5219 circumtusus
780 5162 800 5190 '
829 5158 1112 5227 evigilavit,
1147 5164 1201 5209 et
1226 5154 1357 5207 vidit
1383 5152 1672 5207 Ecclesiam
1713 5148 1804 5202 Dei

216 5266 325 5312 toto
348 5258 485 5313 orbe
524 5254 791 5314 diffusam,
818 5252 957 5304 sicut
984 5250 1050 5304 de
1078 5249 1163 5303 illa
1194 5258 1342 5301 tanto
1365 5254 1487 5300 ante
1517 5260 1611 5314 per
1637 5241 1796 5297 corda

1912 3963 1965 4009 et
1989 3969 2079 4008 ora
2111 3966 2413 4010 sanctorum
2442 3955 2721 4026 przevisum
2748 3964 2905 4024 atque
2928 3954 3233 4023 praedictum
3256 3961 3357 4007 est.
3374 3952 3491 4020 Quo

1915 4056 2182 4115 percepto,
2233 4047 2467 4115 suscepit
2498 4046 2763 4101 adversus
2805 4047 2948 4115 ipsos
2974 4061 3099 4099 suos
3124 4046 3495 4099 demonstrare

1910 4147 1965 4192 et
2015 4154 2281 4204 asserere,
2338 4140 2531 4193 nullius
2569 4139 2798 4193 hominis
2827 4139 3068 4209 quamvis
3097 4138 3414 4193 sceleratum
3441 4147 3496 4192 et

1913 4230 2142 4283 immane
2172 4239 2443 4299 peccatum
2470 4230 2815 4299 praescribere
2847 4231 3122 4299 promissis
3173 4230 3283 4293 Dei,
3318 4246 3416 4286 nec
3442 4231 3493 4284 id

1912 4336 2070 4391 agere
2130 4322 2485 4390 quorumlibet
2541 4322 2675 4375 intra
2727 4321 3016 4376 Ecclesiam
3086 4323 3495 4376 constitutorum

1911 4412 2203 4481 quamlibet
2234 4412 2581 4481 impietatem,
2612 4419 2668 4465 ut
2700 4411 2829 4465 fides
2855 4412 2947 4466 Dei
2974 4413 3042 4467 de
3066 4412 3299 4466 Ecclesia
3328 4414 3497 4468 futura

1914 4490 1967 4555 et
1991 4501 2333 4555 diﬂuudenda
2361 4518 2526 4572 usque
2553 4503 2617 4555 ad
2650 4505 2903 4557 terminos
2925 4504 3070 4557 orbis
3094 4512 3269 4565 terrae,
3298 4520 3417 4574 qum
3444 4505 3497 4559 in

1915 4595 2190 4663 promissis
2219 4605 2424 4663 patrum
2466 4605 2670 4649 retenta
2698 4604 2752 4649 et
2782 4610 2919 4649 nunc
2946 4595 3177 4649 exhibita
3206 4604 3307 4659 est,
3363 4610 3494 4649 eva-

1912 4694 2102 4739 cuetur
2122 4687 2160 4737 ¹.
2194 4684 2303 4739 Hoc
2326 4702 2454 4753 ergo
2480 4684 2768 4739 Tichonius
2801 4701 2920 4739 cum
2949 4687 3294 4740 vehementer
3318 4687 3498 4754 conio-

1914 4790 2076 4845 seque
2122 4776 2427 4839 dissereret,
2481 4786 2535 4830 et
2560 4791 2652 4829 ora
2700 4776 3177 4830 contradicentium
3215 4776 3393 4829 multis
3436 4786 3491 4830 et

1913 4870 2120 4939 magnis
2161 4884 2223 4923 ac
2263 4868 2553 4923 manifestis
2579 4878 2881 4923 sanctarum
2913 4868 3305 4939 Scripturarum
3348 4868 3487 4923 testi-

1912 4963 2115 5021 moniis,
2134 4961 2426 5033 Oppilaret;
2451 4978 2555 5015 non
2583 4962 2711 5016 vidit
2731 4962 2869 5031 quod
2894 4972 3285 5031 consequenter
3312 4963 3497 5016 viden-

1912 5054 2037 5109 dum
2071 5054 2184 5119 fuit,
2214 5056 2330 5108 illos
2359 5055 2597 5109 videlicet
2628 5056 2679 5109 in
2704 5054 2879 5109 Africa
2909 5056 3229 5111 christianos
3260 5055 3496 5123 pertine-

1914 5162 1971 5201 re
1997 5145 2061 5200 ad
2095 5145 2385 5199 Ecclesium
2421 5154 2529 5199 toto
2558 5146 2687 5199 orbe
2732 5144 2998 5209 diﬂ'usam,
3048 5147 3136 5215 qui
3181 5147 3358 5214 utique
3388 5160 3494 5199 non

1916 5238 2030 5291 istis
2058 5237 2124 5290 ab
2154 5236 2392 5304 ejusdem
2416 5236 2560 5290 orbis
2588 5237 2962 5291 communione
2989 5244 3147 5305 atque
3179 5237 3379 5290 unitate
3404 5250 3491 5288 se-

1388 5349 1666 5389 ADMONITIO
1706 5349 1786 5386 PP.
1829 5344 2279 5385 BENEDIC‘I’INORUM
2291 5366 2304 5379 .

269 5446 443 5489 cutura
468 5433 725 5500 Epistolam
762 5430 1056 5500 Parmeniani
1094 5428 1611 5500 liliros_castigavimus
1648 5421 2283 5500 iuvantibus.manuscript'is
2301 5418 2540 5500 .vaticaniks
2569 5417 2783 5500 duobus:
2823 5418 3069 5468 Gallicanis
3092 5423 3326 5500 qua‘t'nor,
3364 5425 3501 5496 casa-

214 5478 999 5563 ᾕαῖιξῖέοίέξῆᾗξ-Μίοῖιῂειὶύὸ
1024 5498 1078 5540 et
1100 5489 1380 5539 Matellensi
1396 5478 1422 5545 ζ’
1437 5478 1788 5548 quatuor'item
1811 5484 2109 5546 Belgioorum
2133 5478 2277 5529 variis
2300 5480 2588 5529 lectionibus
2623 5482 2746 5543 apud
2770 5488 2879 5530 Iov.
2908 5492 3096 5527 necnon
3114 5478 3303 5529 collatis
3325 5482 3500 5542 priori-

214 5561 306 5612 bus
322 5561 621 5614 editionibus
646 5567 745 5605 Am.
772 5563 845 5603 l-Lr.
870 5562 976 5603 Lov.

292 5640 804 5723 Comparavimus
830 5646 1126 5715 praeterea
1156 5652 1253 5694 eas
1285 5648 1484 5693 omnes
1517 5629 1814 5691 editiones
1843 5628 2029 5690 initio
2061 5628 2231 5687 Retr.
2257 5634 2311 5685 et
2330 5626 2644 5699 Confess.,
2670 5634 2715 5684 t.
2752 5628 2807 5695 1,
2843 5636 3237 5686 memoratas.
3326 5628 3413 5687 Μ.

276 5748 295 5778 ⁸
322 5746 471 5795 mitto
486 5750 622 5799 t.ov.,
647 5738 873 5791 omnimn.

275 5810 295 5839 ¹¹
316 5813 371 5856 tn
391 5814 518 5863 uss,
537 5802 905 5853 circumlatrans.

271 5891 351 5953 (ιι)
384 5890 553 5953 scripti
576 5887 771 5938 circiter
793 5895 972 5933 annum
990 5881 1160 5930 Christi
1181 5879 1286 5928 400.

1984 5730 1999 5759 ⁸
2024 5727 2158 5783 Editi,
2204 5732 2330 5787 post,
2352 5730 2397 5773 (ιι
2437 5737 2560 5772 nunc
2584 5724 2796 5775 exhibita
2820 5732 2905 5785 οδε,
2932 5725 3132 5781 habent.
3166 5735 3478 5779 ventilaretur.

1917 5788 2081 5838 melius
2106 5796 2230 5848 δίει,
2254 5792 2523 5835 evacuatur.
