4054 6464
1863 313 1936 322 ο-η.

461 409 530 467 πε
1265 392 1535 452 CONTRA
1577 390 1962 450 EPISTULA.“
2005 389 2440 461 PARMENIANl,
2481 395 2538 452 S.
2581 394 2944 454 AUGUSTINI
3659 406 3728 466 ω

460 522 678 595 iunctis,
727 516 823 574 sed
875 513 974 586 ipsi
1022 512 1138 568 orbi
1185 521 1447 568 terrarum
1487 527 1580 581 per
1607 507 2036 564 communionem

459 620 924 675 connectercntur.
977 605 1358 662 Parmenianus
1403 615 1580 658 autem
1627 601 1912 670 cmterique
1937 598 2042 652 Do-

461 709 672 766 natistre
691 703 939 760 viderunt
965 700 1067 755 hoc
1092 713 1211 754 esse
1239 711 1593 766 consequens,
1642 704 1696 750 et
1739 693 2041 748 maluerunt

462 800 735 870 suscipere
760 792 1232 850 obstinatissimum
1248 789 1482 843 animum
1503 786 1758 841 adversus
1773 781 2018 855 apertissi
2033 810 2048 819 -

462 909 606 949 mam
630 891 905 946 veritatem
932 901 1090 956 quant
1121 883 1410 938 Tichouius
1447 879 1738 943 asserebat,
1779 891 1934 948 quam
1983 891 2046 930 ea

461 996 718 1039 concessa
757 978 996 1050 superari
1045 975 1114 1030 ab
1143 974 1409 1029 Africanis
1438 971 1716 1036 Ecclesiis,
1763 985 1879 1037 qua:
1906 969 2048 1021 illius

463 1074 686 1129 unitatis
708 1086 866 1143 quam
887 1067 1178 1124 'l‘ichonius
1203 1065 1494 1128 asserebat,
1525 1061 1898 1118 communione
1919 1075 2050 1126 gau-

464 1167 674 1229 derent,
725 1161 866 1216 unde
911 1175 969 1214 se
1017 1158 1102 1214 isti
1149 1164 1508 1226 separassent.
1554 1153 1625 1209 Et
1665 1151 2051 1207 Parmenianus

465 1255 682 1328 quidem
713 1253 886 1323 primo
916 1266 1037 1305 eum
1081 1264 1180 1319 per
1204 1247 1481 1318 epistolam
1508 1246 1654 1300 velut
1677 1241 2048 1311 corrigendum

467 1348 677 1419 putavit
723 1365 736 1402 :
787 1353 970 1416 postea
997 1356 1128 1397 vero
1172 1357 1236 1395 ex
1292 1339 1518 1394 concilio
1571 1351 1756 1391 eorum
1810 1332 2054 1403 perbibet

467 1438 796 1493 damnatum.
831 1433 1080 1504 Epistolas
1107 1431 1285 1500 itaque
1343 1426 1693 1489 Parmcuiani,
1735 1439 1890 1493 quam
1917 1420 2052 1476 scri-

467 1530 649 1600 psitad
669 1527 1009 1591 Ticbonium,
1024 1521 1420 1593 reprehendens
1440 1535 1582 1584 eum,
1602 1517 1742 1585 quod
1766 1516 2052 1571 Ecclesiam

468 1620 785 1690 pra-dicaret
809 1627 918 1671 toto
944 1617 1078 1670 orbe
1107 1615 1376 1676 diffusam,
1407 1622 1459 1666 et
1485 1611 1778 1665 a’lmoncns
1809 1624 1872 1663 ne
1913 1607 2055 1661 face-

469 1729 532 1769 re
549 1712 799 1775 auderet,
829 1711 930 1765 hoc
958 1723 1122 1777 Opere
1149 1707 1430 1760 statuimus
1459 1702 1806 1773 respondere.

544 1804 774 1860 CAPUT
814 1803 877 1856 ll.
905 1831 976 1842 ——-
1000 1803 1053 1856 2.
1101 1798 1232 1854 Illud
1269 1799 1444 1867 itaque
1480 1797 1712 1868 primum
1761 1792 2052 1858 videmnus,

471 1901 629 1972 quale
659 1901 743 1965 sit,
776 1899 917 1968 quod
952 1918 970 1951 ι
1018 1897 1200 1953 Gallos
1221 1905 1275 1951 ct
1306 1896 1571 1964 llispanos
1601 1902 1654 1947 ct
1699 1891 1860 1945 ltalos
1883 1901 1934 1945 et
1963 1906 2056 1943 eo-

472 2005 590 2046 rum
616 1990 813 2050 socius,
853 2007 872 2040 ι
902 2003 1040 2057 quos
1067 1987 1246 2056 utique
1273 1995 1440 2040 totum
1466 1984 1652 2037 orbem
1681 1981 1793 2034 vult
1816 1979 2055 2048 intelligi,

478 2099 500 2134 ί
527 2080 868 2135 traditorihus
915 2077 1178 2132 Africanis
1205 2075 1528 2130 commercio
1569 2073 1830 2128 scelerum
1861 2079 1914 2124 et
1966 2084 2059 2123 so-

470 2171 662 2226 cietate
687 2169 968 2226 criminum
1003 2187 1022 2220 i
1066 2167 1194 2222 dicit
1227 2184 1246 2217 ι
1276 2180 1395 2220 esse
1431 2163 1755 2218 consimiles.
1793 2181 1810 2214 ι
1847 2159 2060 2215 Homini

476 2264 618 2316 enim
649 2261 715 2315 de
754 2259 1046 2330 Scripturis
1085 2258 1284 2312 sanctis
1322 2255 1612 2328 proferenti
1664 2263 1769 2307 tam
1820 2253 1982 2306 multa
2008 2261 2062 2305 et

478 2363 587 2407 tam
616 2351 845 2422 ingentia
875 2351 1213 2410 documenta.
1247 2349 1360 2418 ipse
1391 2348 1506 2402 sine
1535 2344 1868 2401 documentis
1897 2343 2062 2413 loqui-

477 2455 564 2499 tur
587 2453 642 2499 et
668 2444 783 2498 vult
812 2443 942 2498 nihil
972 2443 1206 2511 probans
1233 2440 1376 2494 credi
1404 2440 1502 2494 sibi
1530 2455 1551 2504 ;.
1574 2439 1800 2492 iuvit-aus
1837 2451 1958 2492 eum
1987 2435 2068 2489 vi—

480 2536 668 2591 delicet
702 2534 769 2589 ad
813 2534 1161 2588 imitationem
1210 2533 1312 2596 sui,
1345 2531 1468 2598 quia
1493 2541 1546 2584 et
1586 2530 1701 2598 ipse
1746 2527 2062 2600 quibusdam

477 2626 808 2696 coepisc0pis
835 2625 944 2680 suis
966 2630 1147 2679 contra
1181 2632 1256 2676 tot
1283 2621 1553 2676 Ecclesias
1578 2635 1670 2689 per
1711 2626 1914 2672 tantam
1939 2616 2061 2670 lati-

479 2715 714 2771 tudinem
746 2725 1006 2770 terrarnm
1036 2714 1272 2767 omnium
1321 2711 1658 2773 constitutas,
1697 2725 1801 2762 non
1850 2707 1953 2761 nisi
1981 2707 2062 2761 lo-

479 2808 764 2876 quentibus
791 2806 1038 2860 credidit.
1063 2805 1175 2871 Qua
1203 2803 1516 2857 credulitate
1549 2800 1672 2869 quid
1705 2799 1870 2868 magis
1894 2806 2063 2851 terno-

478 2899 676 2952 rarium
699 2896 918 2966 reperiri
947 2895 1159 2964 potest?
1191 2894 1327 2948 Dicit
1351 2892 1490 2946 enim
1515 2908 1532 2942 ι
1563 2889 1827 2959 legatione
1857 2887 2065 2942 functos

479 2988 758 3058 quosdam,
797 3004 816 3039 ι
855 2988 988 3040 sicut
1033 2986 1146 3054 ipse
1192 2984 1407 3044 asserit.
1445 3000 1464 3034 ο
1501 2979 1845 3035 fidelissimos
1875 2986 2058 3044 testes,

479 3079 546 3133 ad
572 3077 785 3133 easdem
833 3076 1047 3130 venisse
1079 3073 1398 3144 provincias,
1439 3091 1457 3123 ›
1507 3069 1697 3124 deinde
1745 3087 1763 3120 ι
1798 3068 2066 3138 geminato

480 3169 710 3224 adventu
741 3166 1214 3228 sanctissimorum,
1251 3183 1269 3216 ι
1317 3163 1454 3216 sicut
1478 3162 1592 3230 ipse
1617 3161 1765 3227 dicit,
1805 3179 1824 3213 ‹
1858 3158 2066 3214 Domini

480 3260 854 3324 sacerdotum,
905 3257 1167 3318 dilucide,
1215 3254 1425 3325 plenius
1463 3268 1525 3306 ac
1569 3251 1747 3305 verius
1801 3249 2064 3320 publicata

478 3365 600 3404 esse
634 3367 652 3402 ι
703 3364 820 3417 qurc
849 3346 1144 3415 objiciunt;
1179 3344 1337 3397 homo
1356 3351 1548 3413 putans
1579 3341 1680 3395 sibi
1721 3341 1890 3410 magis
1919 3338 2065 3393 credi

479 3439 677 3495 debere
693 3453 850 3508 quam
875 3439 999 3490 Deo.
1027 3434 1230 3490 Profert
1250 3433 1536 3489 Tichouius
1555 3432 1719 3486 divini
1739 3430 2066 3484 'l‘estamenti

481 3529 733 3590 tonitrua,
751 3527 889 3598 quod
917 3525 1109 3580 factum
1123 3535 1204 3579 est
1236 3525 1285 3577 in
1311 3522 1662 3592 promissione
1689 3522 1914 3575 Abrahae
1943 3520 2064 3573 etin

483 3619 838 3690 promissione
868 3618 1012 3674 lsaac
1031 3627 1085 3671 et
1106 3616 1292 3679 Jacob,
1319 3628 1542 3683 quorum
1565 3627 1623 3666 se
1659 3612 1824 3666 Deum
1848 3619 2068 3664 testatur

481 3712 666 3767 dicens
691 3729 703 3764 :
731 3709 838 3782 Ego
867 3726 980 3763 sum
1025 3708 1156 3762 Deus
1178 3706 1452 3771 Abraham,
1485 3704 1620 3757 Deus
1664 3702 1831 3766 Isaac,
1862 3712 1907 3755 et
1934 3701 2069 3756 Deus

480 3803 666 3867 Jacob;
685 3803 777 3855 ltoc
799 3817 978 3854 nomen
1000 3809 1071 3854 est
1085 3799 1207 3851 milii
1227 3799 1279 3850 in
1299 3807 1536 3850 cateruam
1552 3793 1742 3865 (Exod.
1773 3810 1846 3856 ut,
1876 3793 1925 3855 6,
1951 3793 2065 3860 l5).

485 3894 553 3948 Et
593 3896 691 3948 iSIc
718 3891 936 3962 Opponit
976 3889 1310 3943 narrationes
1351 3884 1786 3939 consacertlotutu
1825 3897 2064 3935 suorum.

481 3983 619 4051 Quid
645 3983 841 4036 dictqu
867 3990 948 4035 est
969 3981 1035 4033 ad
1067 3977 1330 4032 Abraham
1357 3976 1380 4029 ?
1429 3974 1495 4027 In
1521 3974 1708 4026 semine
1747 3985 1829 4025 tuo
1870 3971 2070 4024 benedi-

481 4084 661 4128 centur
687 4089 857 4126 omnes
887 4084 1054 4143 gentes
1086 4069 1236 4139 (Gen.
1270 4083 1395 4132 χχιι,
1433 4067 1543 4137 i8).
1587 4064 1724 4133 Quid
1755 4064 1953 4118 dictum
1986 4072 2069 4118 est

482 4165 551 4220 ad
574 4163 760 4218 Isaac?
789 4161 855 4215 Et
884 4161 1235 4216 benedicentur
1263 4159 1314 4212 in
1355 4158 1542 4210 semine
1578 4166 1663 4209 tuo
1706 4172 1877 4208 omnes
1899 4165 2068 4225 gentes

483 4265 651 4320 terrae,
681 4270 772 4325 pro
800 4269 858 4306 eo
887 4252 1020 4320 quod
1049 4252 1064 4282 ¹
1097 4250 1290 4302 audivit
1319 4247 1571 4301 Abraham
1595 4256 1736 4316 pater
1758 4255 1872 4298 tuus
1902 4260 2069 4297 vocem

485 4363 648 4400 meam
673 4344 784 4413 (Id.
832 4360 974 4408 xxvr,
1021 4343 1076 4409 4,
1108 4343 1182 4412 5).
1231 4339 1366 4407 Quid
1412 4339 1610 4394 dictum
1652 4346 1734 4392 cst
1771 4337 1835 4391 ad
1865 4336 2069 4391 lacoh?

486 4435 598 4510 Ego
618 4453 730 4490 sum
785 4435 918 4490 Deus
961 4433 1177 4487 Abi-alue
1205 4433 1364 4502 patris
1403 4431 1494 4494 tui,
1526 4440 1572 4483 et
1612 4428 1754 4484 Deus
1780 4427 1954 4490 Isaae,
2008 4441 2070 4478 ne

483 4527 683 4581 timeas.
716 4524 926 4581 Terram
954 4525 1084 4577 enim
1108 4539 1264 4594 supra
1308 4538 1460 4592 quam
1499 4532 1552 4574 tu
1587 4520 1798 4586 dormis,
1823 4518 1910 4571 tibi
1940 4517 2068 4570 dabo

483 4629 533 4672 et
555 4619 731 4673 semini
760 4627 843 4670 tuo
865 4634 883 4671 :
906 4627 951 4669 et
976 4616 1068 4669 erit
1089 4631 1252 4668 semen
1281 4623 1420 4667 tuum
1456 4613 1582 4667 sicut
1610 4629 1765 4665 arena
1787 4609 1990 4674 terrte’,
2021 4616 2067 4660 et

486 4712 758 4784 replebitur
793 4714 846 4765 in
878 4726 1014 4763 mare
1039 4702 1161 4762 etin
1207 4707 1422 4776 africum
1460 4715 1506 4759 et
1535 4707 1587 4758 in
1625 4704 1911 4775 aquilonem
1950 4711 1993 4753 et
2017 4700 2070 4753 in

485 4806 764 4868 orientem;
791 4813 836 4856 et
878 4801 1226 4855 benedicentur
1267 4800 1318 4852 in
1349 4810 1395 4852 te
1424 4815 1594 4852 omnes
1648 4797 1804 4850 tribus
1831 4805 1996 4862 terrae,
2022 4803 2070 4847 et

486 4897 542 4948 in
563 4895 748 4949 semine
777 4903 859 4946 tuo
888 4891 996 4966 (Id.
1031 4908 1216 4956 xxviii,
1241 4891 1327 4955 15,
1362 4889 1467 4960 Η).
1488 4889 1561 4943 Ne
1584 4897 1756 4941 autem
1786 4885 1851 4939 de
1874 4884 2072 4940 iudicis

486 4987 687 5040 dictum
709 4993 892 5054 putent
915 5000 930 5047 ;
955 4982 1076 5053 quid
1104 4983 1174 5036 sit
1191 4997 1370 5035 semen
1397 4979 1644 5042 Abrahar,
1670 4977 1722 5031 in
1745 4992 1850 5046 quo
1872 4975 2071 5029 dictum

487 5090 571 5132 est
603 5075 991 5132 benedicendas
1025 5090 1213 5130 omnes
1253 5084 1462 5143 gentes,
1507 5080 1737 5141 exponat
1765 5069 2070 5138 Apostolus.

491 5169 728 5234 Abt-alue,
759 5167 949 5238 inquit,
980 5168 1126 5221 dicta'
1145 5174 1258 5220 sunt
1275 5162 1628 5236 promissiones
1656 5172 1701 5214 et
1729 5161 1907 5214 semini
1927 5160 2035 5231 ejus
2054 5175 2074 5214 :

491 5281 592 5317 non
621 5263 763 5328 dicit,
816 5260 884 5314 Et
909 5260 1200 5323 seminibus,
1253 5270 1489 5326 tanquam
1518 5255 1569 5308 in
1597 5254 1800 5315 multis;
1826 5253 1914 5305 sed
1957 5260 2072 5302 tan-

491 5373 643 5425 quam
666 5357 716 5407 in
739 5371 860 5415 uno,
891 5352 957 5406 Et
978 5352 1154 5406 semini
1183 5359 1289 5415 tuo,
1317 5347 1452 5416 quod
1497 5356 1568 5400 est
1602 5344 1828 5399 Christus
1878 5341 2069 5412 (Calai.

403 5494 410 5499 .
497 5462 573 5509 tu,
605 5443 714 5516 ib“).
747 5444 803 5499 In
823 5443 1038 5499 Christo
1061 5455 1187 5510 ergo
1215 5454 1401 5493 omnes
1431 5449 1618 5508 gentes
1645 5435 2073 5490 benedictionem

495 5536 790 5602 habituras,
815 5545 956 5588 tanta
996 5531 1307 5587 auctoritate
1338 5529 1652 5598 promissum
1675 5537 1776 5588 est,
1807 5535 1946 5578 tanta
1977 5539 2072 5588 ex-

496 5628 716 5687 hibitum
748 5629 1008 5688 veritate;
1052 5633 1106 5681 et
1143 5623 1515 5679 contradicunt
1543 5621 1634 5691 qui
1664 5635 1724 5674 se
1752 5618 2073 5674 christianos

561 5829 576 5858 ⁸
603 5835 652 5874 tu
677 5833 802 5886 stas,
825 5829 1018 5886 propter
1035 5822 1179 5886 quod.

2151 506 2252 563 dici
2279 509 2491 564 volunt!
2521 511 2584 566 Et
2608 521 2793 568 contra
2820 513 2922 569 hoc
2941 513 3065 585 quid
3087 519 3398 586 opponunt?
3430 539 3449 573 ι
3479 521 3732 596 Legatio-

2151 614 2238 663 nc,
2278 618 2298 652 ι
2327 602 2420 668 ait,
2455 621 2473 654 ι
2500 601 2662 658 functi
2680 603 2891 674 quidam
2921 606 3210 662 fidelissimi
3235 619 3396 665 testes
3421 613 3484 666 ad
3511 616 3727 673 easdem

2151 690 2454 760 provincias
2477 705 2740 750 venerunt
2771 713 2784 749 :
2807 696 2929 750 dein
2951 699 3224 767 geminato
3244 701 3470 756 adventu
3499 706 3726 762 sanctis-

2153 779 2409 835 simorum
2453 783 2660 838 Domini
2706 786 3070 852 sacerdotum,
3113 789 3370 856 dilucide,
3420 793 3626 861 plenius
3667 811 3724 852 ac

2153 871 2330 926 verius
2357 881 2440 926 cst
2484 875 2829 943 publicatum.
2866 895 2886 930 ι
2934 876 3090 944 Quid,
3136 896 3317 948 qumso
3369 893 3439 948 te,
3487 886 3610 953 quid
3635 897 3727 957 ,et

2155 959 2302 1029 ipsos
2331 962 2514 1018 fideles
2536 974 2722 1032 testes,
2766 982 2903 1036 quos
2946 970 3102 1024 vultis
3128 970 3238 1025 Deo
3282 988 3403 1028 esse
3440 975 3727 1043 fideliores,

2155 1053 2279 1122 quid
2317 1055 2641 1124 publicatum
2690 1059 2810 1113 est?
2853 1061 2934 1114 An
2979 1063 3098 1131 quia
3129 1077 3224 1132 per
3253 1065 3411 1120 Afros
3453 1069 3732 1124 traditores

2156 1160 2337 1200 semen
2357 1147 2604 1212 Abrahzc,
2633 1150 2774 1218 quod
2795 1160 2874 1204 est
2891 1149 3157 1218 Christus,
3180 1169 3285 1208 non
3312 1165 3393 1209 est
3414 1160 3731 1226 permissum

2160 1239 2442 1305 pervenire
2480 1255 2646 1310 usque
2668 1241 2733 1294 ad
2777 1257 2962 1296 omnes
2987 1253 3191 1312 gentes,
3221 1256 3275 1300 et
3296 1247 3364 1301 ibi
3393 1250 3599 1303 exaruit
3627 1267 3734 1320 quo

2159 1331 2514 1397 pervenerat?
2540 1333 2707 1387 Dicite
2725 1333 2832 1402 jam
2862 1335 3078 1408 collegis
3109 1339 3298 1393 vestris
3325 1342 3491 1411 magis
3516 1344 3737 1398 creden-

2158 1417 2282 1470 dum
2332 1434 2451 1474 esse
2499 1438 2654 1490 quam
2698 1422 3038 1479 Testamento
3084 1427 3172 1482 Dei
3211 1439 3310 1484 :et
3339 1431 3440 1485 hoc
3477 1433 3736 1503 dicentes,

2159 1507 2330 1576 ipsum
2348 1510 2744 1566 Testamentum
2776 1530 2868 1568 vos
2889 1530 2917 1566 a
2937 1515 3146 1571 ﬂamma
3171 1533 3518 1580 conservasse
3539 1525 3737 1594 gloria-

2159 1597 2311 1665 mini,
2337 1599 2475 1666 quod
2496 1600 2668 1669 lingua
2695 1603 2872 1657 delere
2886 1607 3171 1660 conamini.

2231 1689 2283 1741 3.
2324 1687 2427 1743 Sed
2480 1690 2639 1760 eligat
2667 1693 2889 1763 quisque
2929 1697 3070 1765 quod
3100 1699 3305 1767 placet;
3353 1711 3408 1756 et
3461 1705 3505 1758 si
3556 1715 3738 1765 contra

2159 1779 2396 1854 caelestia
2428 1779 2630 1850 fulgura
2663 1785 2924 1838 mendacii
2954 1788 3150 1842 terreni
3178 1788 3353 1851 fumus
3373 1793 3571 1864 aliquid
3604 1812 3739 1866 przc-

2162 1869 2319 1932 valet,
2348 1870 2566 1925 dimisso
2595 1874 2732 1928 caelo
2757 1886 3038 1931 evanescat
3063 1878 3113 1932 in
3139 1891 3340 1936 ventos.
3373 1883 3425 1938 Si
3447 1886 3586 1939 enim
3611 1887 3741 1942 Par-

2161 1962 2438 2017 menianus
2477 1965 2744 2021 cathedrae
2782 1982 2896 2022 sua:
2932 1986 3036 2024 non
3084 1971 3304 2038 faveret,
3335 1978 3502 2048 magis
3521 1980 3742 2048 eligeret

2161 2050 2449 2123 Scriptura:
2477 2057 2566 2109 Dei
2592 2058 2813 2114 credere
2854 2076 3011 2131 quam
3037 2065 3252 2134 collegis
3279 2070 3408 2125 suis.
3436 2071 3574 2126 Deus
3599 2074 3742 2129 enim

2163 2143 2293 2198 dicit
2320 2145 2385 2200 ad
2428 2147 2630 2205 Jacob:
2667 2149 2789 2204 Non
2808 2154 3090 2224 relinquam
3131 2167 3199 2225 te,
3243 2160 3400 2214 donec
3421 2164 3607 2234 faciam
3633 2183 3744 2236 qua

2165 2239 2361 2293 locutus
2384 2257 2494 2294 sum
2521 2252 2680 2296 tecum
2703 2242 2852 2316 (Gen.
2873 2263 3055 2315 xxvul,
3081 2251 3188 2320 15).
3215 2252 3350 2306 Istos
3376 2266 3551 2310 autem
3576 2260 3745 2313 multo

2165 2339 2247 2385 est
2273 2331 2452 2401 utique
2492 2333 2815 2401 credibilius,
2844 2338 2968 2409 quia
2991 2339 3100 2408 jam
3125 2340 3271 2411 justo
3311 2343 3512 2410 judicio
3538 2347 3746 2403 fuerant

2165 2420 2470 2490 improbati,
2505 2424 2573 2478 ad
2600 2427 2907 2481 sociaudum
2939 2433 3366 2488 communionem
3398 2435 3448 2490 in
3497 2438 3596 2491 illis
3627 2455 3746 2508 par-

2168 2510 2327 2576 tibus,
2360 2513 2447 2568 ubi
2466 2515 2575 2583 jam
2601 2516 2739 2571 Deus
2763 2519 3066 2587 complebat
3087 2523 3226 2591 quod
3257 2526 3571 2592 promiserat
3593 2530 3746 2598 patri-

2166 2600 2287 2667 bus,
2331 2619 2432 2656 non
2463 2619 2583 2659 esse
2625 2606 2904 2671 admissos,
2933 2619 2987 2664 et
3012 2624 3291 2680 propterea
3338 2615 3404 2670 de
3433 2620 3627 2672 sanctis
3655 2634 3745 2674 sa-

2167 2691 2474 2748 cerdotibus
2540 2695 2662 2760 Dei,
2725 2713 2756 2750 a
2804 2698 2996 2767 quibus
3039 2702 3201 2771 recipi
3255 2720 3359 2758 non
3403 2692 3743 2777 meruerant,

2164 2780 2395 2850 jactasse
2412 2784 2556 2852 talia,
2573 2785 2762 2856 quibus
2790 2787 3028 2846 infirmos
3047 2793 3252 2849 animos
3267 2794 3602 2866 deccptarum
3629 2815 3658 2854 a
3684 2817 3746 2856 se

2171 2873 2402 2941 plebium
2418 2875 2563 2931 falsis
2586 2879 2885 2935 rumoribus
2907 2883 3188 2951 agitarent,
3205 2894 3262 2940 et
3287 2895 3489 2943 temere
3503 2890 3748 2947 credulas

2170 2974 2378 3020 mentes
2406 2967 2651 3036 superbia
2677 2970 2761 3024 sui
2785 2972 3020 3036 nominis
3060 2974 3305 3042 irretitas,
3337 2979 3404 3033 ab
3426 2980 3571 3035 orbis
3590 2989 3749 3037 terra.

2170 3071 2289 3110 rum
2320 3071 2448 3125 pace
2485 3058 2890 3130 disrumperent.
2923 3065 3059 3131 Quid
3093 3067 3191 3123 hac
3216 3071 3457 3139 stultitia,
3489 3074 3595 3127 imo
3624 3091 3749 3130 vero

2171 3147 2436 3204 dementia
2477 3153 2740 3220 reperitur
2790 3154 3066 3212 insanius?
3117 3158 3173 3213 In
3218 3169 3295 3216 tot
3332 3163 3577 3232 gentibus
3602 3166 3748 3220 orbis

2173 3247 2430 3294 terrarum
2456 3250 2511 3296 et
2534 3257 2598 3297 ex
2636 3259 2823 3314 magna
2852 3257 2999 3316 parte
3023 3252 3308 3320 complevit
3336 3255 3473 3311 Deus
3495 3265 3549 3312 et
3576 3257 3750 3314 adhuc

2171 3330 2422 3398 complet,
2451 3331 2622 3387 donec
2642 3334 2709 3388 ad
2749 3350 2938 3390 omnes
2971 3341 3188 3395 omnino
3223 3345 3426 3410 veniat,
3459 3347 3600 3416 quod
3629 3363 3752 3418 pro-

2173 3420 2337 3484 misit,
2361 3422 2448 3492 qui
2476 3424 2629 3489 dixit,
2669 3424 2791 3479 Non
2823 3429 3100 3500 relinquam
3133 3442 3198 3500 te,
3225 3435 3383 3490 donec
3407 3438 3594 3507 faciam
3636 3456 3751 3510 qua:

2173 3513 2489 3568 locutussum
2506 3519 2770 3573 tecum.Et
2799 3521 2881 3575 isti
2893 3521 3001 3592 jam
3019 3526 3241 3582 credunt
3257 3531 3620 3588 nuntiantibus
3644 3550 3750 3589 non

2173 3604 2383 3674 impleri
2416 3623 2534 3677 qua:
2561 3612 2803 3679 promisit
2831 3615 2990 3680 Deus,
3020 3628 3074 3674 et
3099 3619 3220 3675 ideo
3249 3637 3314 3676 ex
3339 3625 3573 3690 partibus
3593 3635 3753 3682 terra-

2173 3713 2288 3752 rum
2322 3699 2372 3753 in
2403 3701 2594 3770 quibus
2613 3701 2725 3772 jam
2773 3705 3046 3778 impletum
3094 3721 3229 3776 erat,
3275 3716 3499 3782 periisse
3524 3719 3753 3775 Abraha:

2173 3802 2380 3855 semen,
2410 3792 2550 3860 quod
2587 3803 2670 3848 est
2687 3794 2948 3862 Christus,
2983 3810 3035 3854 et
3067 3813 3351 3860 evacuatas
3378 3810 3753 3876 promissiones

2175 3877 2291 3946 Dei,
2323 3881 2442 3949 quia
2468 3883 2565 3950 ipsi
2598 3901 2702 3939 non
2730 3898 2852 3942 sunt
2879 3890 3094 3946 admissi
3118 3894 3183 3948 ad
3203 3910 3386 3952 eorum
3415 3903 3752 3957 communio-

2174 3985 2319 4033 nem,
2349 3973 2487 4042 apud
2516 3990 2649 4044 quos
2681 3975 2784 4032 hoc
2817 3979 2924 4046 jam
2961 3983 3221 4039 retinebat
3267 3988 3411 4043 orbis
3458 3990 3751 4060 impletum.

2174 4060 2238 4116 Et
2260 4078 2362 4116 non
2386 4065 2464 4118 eis
2491 4065 2705 4134 dicitur,
2739 4070 2892 4124 Solus
2917 4071 3055 4128 Deus
3080 4090 3248 4142 verax,
3281 4080 3441 4134 omnis
3466 4092 3632 4135 autem
3657 4085 3752 4146 Ιιοτ

2174 4169 2255 4206 mo
2281 4156 2499 4210 mendax
2539 4158 2714 4226 (Rom.
2735 4177 2810 4225 Ill,
2836 4162 2892 4234 ιι)
2926 4181 2938 4216 :
2968 4165 3036 4219 de
3057 4178 3233 4221 vestro
3259 4169 3355 4224 ista
3405 4173 3595 4240 dicitis,
3655 4177 3754 4242 Qui

2175 4243 2394 4313 loquitur
2436 4249 2770 4318 mendacium,
2813 4254 2878 4307 de
2919 4272 3012 4312 suo
3043 4256 3260 4328 loquitur
3281 4261 3456 4331 (Joan.
3487 4283 3596 4331 vnt,
3624 4270 3749 4340 44):

2174 4351 2259 4391 vos
2281 4355 2397 4409 ergo
2434 4341 2449 4370 ί
2472 4341 2609 4394 sicut
2645 4342 2886 4401 homines
2919 4351 3236 4419 mentimini,
3266 4357 3386 4425 quia
3414 4358 3550 4412 sicut
3581 4360 3754 4415 homi-

2177 4442 2271 4480 nes
2301 4427 2609 4485 irascimini.
2641 4432 2752 4486 Non
2783 4434 2861 4489 eis
2885 4436 2987 4493 hoc
3013 4439 3223 4509 dicitur,
3254 4445 3345 4499 sed
3377 4447 3591 4516 insuper
3634 4465 3755 4505 cre-

2175 4518 2318 4575 ditur
2344 4520 2442 4586 eis,
2466 4522 2532 4576 de
2553 4523 2683 4579 orbe
2713 4535 3000 4598 terrarum,
3027 4549 3183 4600 quem
3214 4537 3484 4604 possidere
3504 4540 3612 4609 jam
3641 4557 3754 4596 ca:-

2177 4625 2349 4683 pcrat,
2401 4617 2625 4686 periisse
2664 4619 2953 4678 Christum.
3005 4625 3073 4680 Et
3119 4628 3208 4697 qui
3238 4627 3337 4685 hoc
3358 4631 3602 4700 credunt,
3635 4650 3758 4691 cum

2177 4704 2512 4775 impudenter
2541 4708 2838 4779 dicerent”,
2869 4712 3157 4772 Christiani
3195 4734 3378 4776 sumus
3404 4739 3418 4788 ;
3445 4725 3644 4779 audent
3672 4727 3758 4781 di-

2177 4811 2318 4862 cere,
2341 4797 2448 4853 Nos
2486 4799 2584 4854 soli
2613 4817 2814 4857 sumus.

2249 4907 2475 4964 CAPUT
2502 4909 2588 4964 Ill.
2619 4941 2688 4952 --
2721 4913 2774 4967 4.
2819 4913 2955 4970 Dicit
2991 4917 3149 4971 etiam
3182 4919 3566 4980 Parmeniauus
3591 4966 3606 4991 ,
3642 4927 3760 4982 hinc

2181 4999 2383 5068 probari
2407 5002 2794 5056 consceleratum
2817 5006 2972 5074 {uisse
2996 5007 3164 5062 orbem
3191 5020 3438 5068 terrarum
3465 5018 3763 5072 criminibus

2181 5089 2482 5156 traditionis,
2498 5101 2542 5143 et
2557 5091 3179 5166 aliorumsacrilegiorunt;
3195 5103 3310 5171 quia
3329 5121 3441 5159 cum
3462 5109 3619 5161 multa
3637 5111 3761 5164 talia

2182 5183 2367 5250 fuerint
2398 5193 2622 5252 tempore
2648 5189 3004 5254 persecutionis
3031 5191 3278 5261 admissa,
3308 5197 3451 5252 nulla
3494 5214 3760 5271 prapterea

2184 5273 2318 5341 {acta
2348 5281 2417 5324 est
2443 5274 2494 5324 in
2520 5273 2641 5340 ipsis
2669 5276 2937 5343 provinciis
2961 5283 3226 5348 separatio
3251 5287 3574 5354 populorum.
3597 5291 3759 5357 Quasi

2184 5362 2297 5416 ﬁeri
2344 5379 2448 5416 non
2495 5367 2724 5432 potuerit
2760 5377 2816 5423 ut
2851 5372 3040 5438 partim
3087 5373 3338 5431 latuerint
3378 5380 3537 5446 mali,
3587 5399 3761 5452 neque

2183 5452 2379 5506 fuerint
2419 5458 2654 5510 accusati
2675 5498 2691 5522 ,
2725 5468 2780 5512 ut
2806 5472 3026 5529 possent
3053 5464 3168 5518 sine
3197 5467 3299 5519 ulla
3341 5473 3636 5528 temeritate
3662 5471 3786 5527 da;

2183 5545 2388 5608 muari;
2418 5548 2608 5616 partim
2649 5551 2806 5604 etiam
2837 5549 3032 5606 fuerint
3074 5557 3263 5624 proditi
3307 5569 3465 5632 atque
3491 5563 3758 5632 damnati,

2247 5701 2423 5774 fruiti,
2449 5701 2569 5761 Quia
2590 5715 2673 5774 qui
2691 5702 2899 5774 loquitur
2934 5707 3361 5774 mendacium.....,
3402 5727 3481 5765 eos
3501 5720 3678 5766 autem

2186 5767 2321 5832 Mss,
2339 5776 2532 5832 utilisse,
2555 5766 2691 5826 Quia,
2711 5766 3004 5832 habent,__eos
3017 5783 3147 5832 ergo.

2247 5825 2270 5854 ³
2292 5824 2430 5885 t-Jditi,
2453 5826 2632 5874 dicant.
2656 5824 2708 5877 At
2730 5835 2858 5888 Mss,
2883 5824 3110 5882 dicendi.
