4054 6474
2735 375 2814 382 ,η’

247 391 314 446 ω
1638 399 1836 456 uasa
1880 402 2145 463 pontus.
2501 373 2527 379 ”
2607 372 2610 373 ν
3451 440 3522 499 tn

241 513 291 557 et
320 503 440 572 quia
470 502 636 559 rebus
666 502 958 560 manifestis
987 519 1090 561 non
1128 509 1503 578 arguebantur,
1536 510 1603 566 ab
1632 512 1821 569 Eccle-

243 595 336 647 siis
362 594 742 662 perturbandis
768 595 1172 667 dividendisque
1195 603 1522 656 cessaverint
1541 620 1556 657 :
1575 612 1731 673 atque
1754 606 1824 660 ita

238 686 434 742 factum
462 689 534 742 sit
564 697 622 742 ut
645 704 764 743 cum
794 690 1004 759 quidam
1033 706 1136 745 non
1158 705 1554 755 accusarentur.
1581 697 1821 766 quaedam

236 795 362 833 vero
406 780 611 834 incerta
652 781 872 835 erimina
898 782 914 813 ⁸
945 797 1040 850 pro
1081 793 1226 839 certa
1270 799 1399 854 pace
1436 787 1545 842 Deo
1582 787 1821 843 dimitte-

237 879 458 932 rentur;
489 871 734 939 qumdaut
779 880 956 926 autem
1001 876 1069 926 ita
1115 873 1451 931 manifestata
1486 887 1542 934 et
1582 880 1821 934 convicta

233 959 643 1024 damnarentur,
676 972 730 1015 ut
753 963 930 1017 nullus
956 962 1239 1021 damnatus
1260 978 1438 1036 posset
1465 969 1709 1025 simulata
1738 973 1820 1026 iu-

236 1050 482 1105 nocentia
514 1051 765 1120 decipere
794 1054 1022 1122 populos
1044 1094 1058 1118 ,
1092 1071 1424 1128 nequaquam
1453 1061 1669 1114 unitatis
1700 1063 1820 1116 viu-

232 1143 410 1198 culum
439 1155 796 1212 rumperetur.
826 1145 1006 1216 Neque
1025 1147 1167 1203 enim
1189 1159 1244 1204 et
1269 1151 1320 1204 in
1341 1152 1520 1208 Africa
1546 1154 1696 1209 fieret
1718 1156 1819 1213 hoc

233 1242 335 1288 tam
381 1235 618 1289 immane
659 1237 987 1304 praecisionis
1034 1240 1230 1295 malum
1257 1283 1271 1306 ,
1303 1243 1401 1298 nisi
1446 1247 1612 1316 magis
1657 1246 1817 1304 factio

232 1322 355 1376 falsa
383 1323 719 1393 ﬁngentium,
748 1342 905 1396 quam
933 1330 1070 1384 ratio
1087 1346 1208 1387 vera
1230 1336 1657 1394 convincentium
1681 1354 1819 1408 prte-

231 1413 451 1467 valeret.

294 1504 350 1559 5.
391 1503 600 1574 Legant
628 1506 718 1575 qui
748 1506 929 1562 volunt
954 1524 1072 1578 quae
1099 1522 1298 1579 narret,
1331 1523 1385 1569 et
1411 1516 1604 1585 quibus
1645 1519 1813 1576 docu-

230 1595 420 1648 mentis
449 1611 611 1664 quam
654 1598 815 1651 multa
848 1601 1165 1668 persuadeat
1194 1607 1511 1664 venerabilis
1539 1615 1812 1669 memoriae

229 1685 558 1740 Milevitauus
585 1689 871 1760 episcopus
913 1692 1188 1750 catholicze
1216 1701 1610 1757 communionis
1649 1705 1813 1773 Opta-

153 1822 156 1826 .
229 1787 306 1829 tus
335 1775 553 1849 (Contra
589 1778 1001 1849 Parmenianum,
1033 1785 1122 1839 lib.
1153 1789 1204 1858 1)
1225 1829 1238 1852 ,
1269 1790 1382 1846 sive
1409 1791 1476 1847 de
1496 1793 1692 1851 Lucilla
1721 1814 1814 1866 pe-

223 1870 594 1925 cauiosissima
627 1881 754 1928 tunc
779 1885 834 1928 et
854 1875 1227 1934 factiosissima
1262 1880 1488 1951 femina,
1517 1901 1672 1956 quam
1718 1906 1813 1958 pro

225 1959 478 2015 Ecclesiae
505 1962 785 2033 disciplina
827 1977 1045 2022 sanctus
1075 1971 1387 2028 Cinciliauus
1413 1976 1590 2033 adhuc
1618 1979 1806 2035 diaco-

222 2066 318 2104 nus
348 2051 598 2118 Iaserat;
645 2055 726 2110 vel
753 2055 820 2111 de
843 2060 1051 2114 caneris
1093 2061 1336 2118 factionis
1379 2066 1492 2135 ejus
1539 2074 1806 2127 consorti-

220 2141 334 2206 bus,
364 2145 484 2213 sive
513 2143 718 2201 furibus
742 2149 1084 2206 ecclesiastici
1109 2157 1330 2222 argenti,
1359 2159 1472 2212 sive
1496 2160 1567 2214 ad
1596 2163 1808 2230 episco-

215 2243 395 2302 patum
424 2251 484 2291 se
512 2241 952 2310 noqpervenisse
972 2243 1292 2310 dolentibus,
1318 2256 1372 2302 et
1396 2250 1495 2304 sibi
1527 2253 1805 2320 praelatum

218 2323 564 2383 Cecilianutn
611 2331 814 2386 insidiis
858 2333 1052 2402 quibus
1089 2345 1340 2405 poterant
1386 2341 1802 2411 insectantibus;

216 2417 322 2472 sive
347 2417 422 2472 de
446 2418 692 2475 Numidis
718 2423 981 2493 episcopis
1001 2441 1136 2496 quos
1165 2430 1260 2483 ista
1291 2428 1452 2485 factio
1471 2447 1803 2491 convocave-

215 2517 292 2562 rat
312 2508 384 2562 ad
413 2511 706 2579 perniciem
735 2513 1026 2580 Caeciliani,
1051 2527 1108 2572 ut
1145 2518 1237 2573 illo
1280 2520 1522 2589 deposito
1560 2525 1696 2580 alter
1722 2527 1802 2584 eis

216 2598 574 2655 ordinaretur.
625 2601 724 2669 Qui
769 2604 1041 2660 venientes
1087 2622 1222 2663 cum.
1262 2610 1485 2679 primate
1528 2629 1628 2668 suo
1677 2625 1804 2674 tunc

216 2688 466 2744 Secundo
511 2692 838 2762 Tigisitano,
897 2705 952 2751 et
978 2697 1098 2751 aliis
1125 2699 1316 2766 quibus
1343 2702 1640 2760 traditionis
1667 2721 1802 2761 con-

217 2777 345 2834 fessa
381 2781 615 2838 crimina
655 2784 933 2840 Secundus
982 2787 1094 2856 ipse
1142 2789 1454 2859 donaverat,
1483 2795 1646 2850 veluti
1685 2799 1804 2869 paci

215 2875 509 2929 consulens
526 2917 542 2941 ,
575 2876 714 2931 sicut
733 2877 1092 2933 ecclesiastica
1116 2882 1276 2936 Gesta
1299 2892 1582 2953 testantur,
1613 2889 1805 2945 absen-

217 2972 314 3019 tem
341 2965 690 3022 Cmeilianum
713 2968 829 3023 sine
855 2969 960 3023 ulla
987 2970 1237 3026 dilatione
1253 2973 1605 3042 diligentioris
1631 2979 1805 3050 inqui—

212 3057 440 3122 sitionis,
483 3059 634 3113 nullo
666 3061 1031 3130 responsionis
1065 3062 1180 3118 loco
1212 3074 1443 3130 servato,
1495 3069 1801 3127 traditorem

213 3163 327 3205 esse
371 3159 702 3206 censuerunt
747 3169 762 3206 :
803 3163 862 3207 ut
902 3153 951 3208 ei
1002 3154 1246 3212 videlicet
1288 3156 1540 3213 obessent
1588 3161 1801 3218 absenti

212 3243 513 3298 traditionis
545 3243 768 3298 crimina
810 3246 1176 3301 tantummodo
1204 3247 1444 3316 objecta,
1502 3265 1622 3306 cum
1674 3255 1802 3310 sibi-

213 3337 452 3407 metipsis
483 3347 776 3408 praesentes
811 3338 1056 3394 confessa
1098 3340 1430 3396 donaverint.
1490 3343 1564 3398 Ita
1611 3357 1798 3402 contra

211 3427 487 3483 sedentem
518 3429 569 3483 in
597 3429 872 3498 cathedra,
898 3431 982 3485 cui
1031 3442 1174 3487 totus
1201 3433 1346 3489 orbis
1389 3436 1710 3492 christianos
1748 3441 1799 3494 in

212 3519 584 3574 transmarinis
613 3529 667 3574 et
694 3521 848 3590 longe
878 3523 1096 3578 remotis
1129 3528 1304 3589 terris,
1333 3534 1388 3579 et
1416 3526 1468 3579 in
1497 3527 1624 3596 ipsis
1651 3530 1790 3584 Afri-

211 3611 355 3666 canis
381 3612 727 3681 gravioribus
768 3621 821 3668 et
857 3611 1114 3668 adversus
1145 3617 1409 3684 ejusmodi
1441 3617 1674 3674 fallacias
1713 3638 1802 3676 ro-

127 3701 150 3726 ‘
213 3704 539 3759 hustioribus
563 3707 1632 3781 communicaret'Ecclesiis,episcopum
1663 3713 1798 3768 alte-

212 3811 320 3850 rum
347 3797 740 3852 ordinaverunt
767 3798 844 3870 (a)
864 3838 881 3865 ,
911 3807 968 3852 ut
993 3811 1208 3867 possent
1235 3817 1331 3870 pro
1357 3818 1456 3856 suo
1489 3803 1633 3860 facto
1666 3820 1800 3860 con-

213 3890 478 3944 tradicere
502 3889 948 3960 promissionibus
990 3891 1081 3944 Dei
1106 3932 1122 3956 ,
1152 3907 1218 3947 ne
1243 3892 1294 3947 in
1339 3895 1542 3950 semine
1571 3896 1798 3953 Abrahae

214 3980 660 4037 benedicereutur
703 3997 892 4036 omnes
935 3993 1156 4053 gentes;
1189 3993 1245 4038 ιιι
1287 4000 1380 4040 eas
1421 3989 1580 4042 etiam
1623 4001 1798 4057 partes

213 4073 349 4129 orbis
379 4083 644 4129 terrarum
673 4087 703 4127 a
744 4073 1086 4131 traditoribus
1129 4073 1272 4131 Afris
1313 4077 1614 4147 inquinatas
1646 4079 1796 4136 dice-

213 4173 344 4229 reut,
372 4181 498 4235 qua:
546 4180 647 4220 nec
689 4165 959 4221 theiliani
1002 4182 1196 4223 nomen
1243 4169 1536 4225 audissent.
1571 4171 1798 4241 Insuper

211 4254 364 4310 etiam
395 4264 585 4310 contra
606 4255 790 4312 orbem
813 4265 1094 4323 terrarum,
1117 4257 1400 4323 dicentem,
1425 4260 1576 4329 Quod
1595 4261 1797 4318 civibus

212 4347 307 4400 tuis
333 4346 526 4416 objieis
547 4388 563 4414 ,
594 4361 694 4401 nec
727 4361 1051 4417 cognoscere
1092 4349 1237 4418 potui
1257 4391 1272 4412 ,
1303 4365 1402 4404 nec
1429 4350 1682 4407 damnare
1711 4353 1797 4407 in-

210 4439 477 4508 cognitum
515 4438 672 4493 debui
703 4440 818 4509 (aut
863 4448 1010 4494 certe
1039 4441 1306 4510 quomodo
1347 4457 1406 4496 se
1439 4443 1655 4498 haberet
1680 4443 1796 4514 ejus

211 4529 332 4596 vita,
361 4545 524 4601 quam
557 4539 733 4585 tamen
762 4530 848 4585 isti
890 4530 958 4586 de
986 4530 1130 4585 nullo
1167 4530 1390 4586 crimine
1415 4533 1760 4588 convicernut
1779 4576 1794 4598 ,

210 4621 293 4676 ille
323 4632 577 4692 tanquam
621 4621 874 4677 innocens
916 4621 1205 4693 audisset),
1241 4621 1518 4692 proferunt
1559 4625 1797 4680 testimo-

210 4713 351 4767 nium
383 4713 630 4783 Apostoli
659 4713 907 4777 dicentis,
936 4713 1060 4768 Non
1083 4719 1245 4769 solum
1269 4717 1355 4786 qui
1378 4717 1570 4786 faciunt
1594 4735 1674 4783 ea,
1705 4719 1794 4773 sed

208 4807 357 4859 etiam
402 4807 491 4876 qui
539 4811 854 4861 consentiunt
902 4809 1198 4878 facientibus
1245 4809 1422 4878 (Rom.
1455 4826 1506 4876 ι,
1536 4811 1651 4881 52).
1697 4813 1799 4867 Pa-

207 4912 398 4952 rumne
439 4898 522 4951 eis
554 4897 654 4951 fuit
682 4906 760 4952 tot
797 4907 852 4953 et
891 4907 1064 4954 tantos
1097 4899 1418 4955 christianos
1449 4903 1673 4970 populos
1703 4903 1798 4958 da-

208 5007 394 5044 mnare
421 4990 712 5058 inauditos,
747 4990 847 5046 nisi
873 4993 1033 5048 etiam
1063 4999 1250 5046 contra
1276 4993 1590 5064 Apostolum
1623 4994 1795 5062 ipsum

208 5083 318 5152 ejus
344 5083 570 5155 quidem
600 5084 756 5139 verba
777 5125 793 5152 ,
822 5084 916 5140 sed
955 5101 1060 5140 non
1089 5085 1203 5156 ejus
1248 5085 1576 5141 intellectum
1605 5085 1800 5156 depro-

208 5192 356 5233 mere
385 5178 689 5233 auderent?
713 5179 770 5234 Si
808 5180 949 5234 cnim
995 5181 1095 5235 hoc
1137 5191 1214 5236 est
1247 5183 1551 5237 consentire
1577 5183 1792 5238 malefa-

209 5269 505 5335 cientibus,
552 5284 672 5326 esse
718 5287 840 5326 cum
885 5271 962 5326 cis
1005 5272 1058 5326 in
1107 5273 1381 5340 Ecclesia,
1430 5275 1797 5330 consentiebat

212 5363 368 5416 etiam
401 5363 520 5434 ipse
563 5361 712 5418 falsis
754 5363 1025 5430 fratribus,
1066 5367 1205 5420 inter
1233 5381 1368 5436 quos
1409 5381 1467 5421 se
1513 5367 1796 5436 periclitari

209 5454 612 5511 contestabatur
637 5454 703 5524 (ll
730 5455 846 5510 Cor.
875 5472 950 5521 ιι,
977 5453 1070 5529 26)
1090 5497 1106 5523 ,
1133 5465 1188 5510 et
1215 5471 1346 5526 quos
1371 5472 1475 5510 non
1505 5467 1670 5523 caste,
1702 5458 1797 5514 sed

214 5557 309 5611 per
339 5544 597 5599 invidiam
625 5547 741 5600 sine
764 5546 1021 5602 charitate
1047 5547 1396 5618 prmdicantes
1429 5549 1794 5618 Evangelium,

216 5635 506 5700 praedicare
553 5644 730 5691 tamen
773 5636 1030 5706 permittit
1073 5637 1329 5708 (Philipp.
1365 5637 1527 5704 1,15,
1560 5638 1648 5703 l7,
1683 5638 1791 5708 l8).

278 5745 297 5809 ξ
320 5753 422 5794 Am.
447 5751 504 5796 et
531 5745 755 5809 plerique
776 5753 906 5807 κει,
931 5753 1062 5799 certa
1082 5746 1302 5797 crimina.

276 5805 300 5837 ι
327 5811 490 5868 mne,
511 5805 904 5860 manu.

1940 517 1994 571 Si
2024 531 2200 576 autem
2231 524 2359 580 nihil
2388 535 2468 583 est
2511 529 2652 587 aliud
2681 537 2986 595 consentire
3030 543 3514 620 malefacicntibus,

1938 613 2038 668 nisi
2089 617 2225 671 mala
2271 618 2404 674 facta
2455 637 2639 680 eorum
2691 631 2986 698 approbare
3045 646 3204 707 atque
3259 613 3514 712 laudare;

1936 705 2182 774 exemplo
2226 711 2494 777 Apostoli,
2535 715 2680 770 orbis
2723 726 2983 777 terrarum
3027 705 3134 781 non
3191 705 3517 792 consentiret

1934 792 2245 892 criminibus
2291 801 2574 870 Afrorum,
2606 806 2766 862 etiam
2809 810 2853 864 si
2895 827 2956 867 ea
3000 818 3206 886 cognita
3249 835 3348 890 pro
3389 839 3518 892 paco

1934 880 2190 940 Ecclesize
2232 889 2516 959 toleraret;
2554 912 2710 964 quem
2755 908 2930 957 tamen
2960 920 3022 959 ea
3066 880 3402 972 cognovisse.
3427 915 3514 970 isti

1935 988 2040 1029 non
2073 977 2316 1046 probant,
2341 981 2502 1037 etiam
2533 985 2577 1039 si
2608 1002 2732 1044 vera
2759 989 2918 1047 fuisse
2944 995 3167 1063 probare
3195 1002 3511 1069 potuissent.

2000 1109 2227 1169 CAPUT
2255 1113 2342 1169 lV.
2367 1147 2437 1157 —
2463 1117 2514 1173 6.
2564 1119 2781 1177 Frustra
2826 1123 3003 1197 itaque
3047 1129 3173 1186 dicit
3204 1131 3508 1190 Parmenia-

1933 1217 2059 1270 nus,
2091 1206 2354 1262 damnatos
2391 1211 2445 1264 in
2489 1213 2664 1283 Africa
2689 1217 2956 1274 traditores
2980 1221 3032 1276 in
3073 1227 3378 1281 consortium
3406 1230 3503 1282 da-

1931 1298 2200 1353 mnationis
2224 1312 2453 1369 acceptos
2480 1322 2511 1357 a
2537 1307 2803 1373 provinciis
2824 1316 3192 1370 transmarinis.
3219 1318 3328 1374 lloc
3353 1323 3496 1380 enim

1928 1397 2011 1442 est
2032 1389 2172 1458 quod
2203 1393 2425 1448 credere
2453 1411 2560 1450 non
2592 1396 2879 1464 debemus,
2924 1418 2991 1456 ne
3018 1408 3312 1465 temeritate
3341 1415 3506 1467 sacri-

1927 1476 2040 1547 lega
2073 1489 2239 1534 totum
2272 1483 2456 1538 orbem
2491 1496 2748 1543 terrarum
2777 1489 2827 1544 in
2856 1491 3053 1548 Christi
3082 1497 3282 1553 unitate
3313 1501 3504 1556 funda-

1929 1579 2069 1636 tum,
2094 1587 2155 1626 ex
2189 1573 2410 1629 istorum
2435 1576 2560 1630 falsa
2588 1581 2953 1638 criminatione
2977 1585 3309 1654 damnemus,
3332 1593 3504 1660 potius

1925 1677 2080 1730 quam
2107 1679 2170 1717 ex
2199 1681 2319 1718 vera
2352 1667 2444 1722 Dei
2491 1671 2844 1738 promissione
2867 1673 3169 1745 diligamus.
3197 1680 3331 1746 Quid
3358 1684 3501 1740 enim

1925 1753 2090 1821 magis
2117 1755 2442 1812 credendum
2473 1772 2574 1825 est,
2607 1762 2746 1830 quod
2772 1763 2905 1818 dixit
2932 1766 3090 1832 Deus,
3113 1767 3181 1822 In
3206 1772 3391 1827 sentina
3414 1783 3500 1828 tuo

1921 1841 2272 1898 benedicentur
2295 1865 2465 1902 omnes
2490 1861 2696 1918 gentes;
2719 1869 2784 1906 an
2813 1857 2951 1923 quod
2983 1857 3068 1912 isti
3098 1859 3299 1925 dicunt,
3333 1862 3388 1917 In
3416 1879 3503 1919 se-

1922 1935 2062 1990 mine
2096 1937 2407 1994 tradilorum
2436 1942 2680 1997 Afrorum
2727 1947 3116 2005 maledicuntur
3143 1968 3330 2010 omnes
3371 1970 3503 2025 gen-

1921 2034 2038 2080 tes:
2065 2037 2121 2082 ut
2165 2027 2282 2097 plus
2314 2031 2481 2085 valeat
2525 2033 2665 2102 quod
2709 2039 2975 2092 commisit
3023 2041 3269 2110 iniquitas
3295 2087 3308 2108 ,
3340 2062 3499 2115 quam

1918 2116 2060 2186 quod
2105 2119 2336 2187 pollicita
2379 2131 2459 2175 est
2487 2123 2723 2178 veritas?
2750 2126 2856 2181 Cur
2880 2144 3006 2198 ergo
3049 2147 3153 2186 non
3186 2135 3356 2202 potius
3383 2152 3500 2191 cre-

1917 2207 2093 2264 dimus
2122 2211 2242 2282 quia
2273 2212 2345 2267 illi
2387 2215 2475 2284 qui
2522 2217 2722 2288 recepti
2753 2229 2876 2274 sunt
2923 2222 2974 2276 in
3005 2228 3433 2284 communionem
3462 2246 3494 2285 a

1921 2303 2205 2369 provmciis
2233 2306 2596 2361 transmarinis
2617 2350 2630 2371 ,
2661 2317 2750 2363 aut
2791 2311 3102 2370 innocentes
3129 2319 3356 2386 opprimi
3387 2336 3494 2376 non

1919 2402 2202 2460 potuerunt
2229 2411 2257 2449 a
2284 2397 2772 2467 calumniatoribus,
2797 2406 2936 2473 quod
2960 2407 3140 2463 multis
3159 2410 3495 2473 documentis

1917 2483 2242 2551 probabilius
2266 2489 2572 2555 persuaderi
2597 2502 2801 2560 potest;
2831 2504 2923 2550 aut
2946 2507 3091 2552 certe
3112 2515 3230 2554 eum
3253 2505 3496 2561 convinci

1917 2589 2021 2628 non
2055 2587 2302 2644 possent,
2331 2579 2492 2633 etiam
2523 2581 2568 2634 si
2612 2585 2734 2638 mali
2764 2583 2976 2642 fuerunt
2996 2627 3012 2652 ,
3041 2588 3351 2648 innocentes
3380 2610 3497 2650 cre-

1917 2663 2011 2719 diti
2039 2706 2054 2732 ,
2084 2666 2202 2722 sine
2232 2668 2335 2722 ulla
2358 2672 2759 2740 suscipientium
2786 2679 3235 2738 contaminatione
3264 2688 3494 2754 Suscepti

1915 2757 2071 2811 sunt?
2101 2756 2256 2825 Quid,
2287 2760 2425 2828 quod
2456 2762 2614 2816 etiam
2655 2763 2699 2817 si
2729 2779 2823 2833 per
2856 2767 3023 2822 malos
3053 2769 3242 2827 fratres
3266 2815 3280 2838 ,
3310 2776 3496 2844 quales

1915 2847 2200 2914 Apostolus
2228 2849 2277 2902 in
2304 2851 2552 2906 Ecclesia:
2575 2855 2776 2909 unitate
2799 2858 3061 2925 toleravit,
3085 2863 3267 2930 quales
3295 2876 3496 2936 martyr

1913 2935 2208 3010 Cyprianus
2239 2941 2290 2995 in
2333 2941 2571 3012 Epistula
2601 2945 2668 2998 de
2713 2946 2900 3016 Lapsis
2930 2951 3128 3019 gemit;
3162 2952 3203 3006 si
3241 2969 3370 3023 ergo
3401 2935 3498 3024 per

1914 3029 2047 3081 tales
2091 3027 2283 3084 fratres
2325 3033 2482 3086 etiam
2515 3033 2566 3088 in
2604 3033 2841 3102 judicum
2885 3053 3109 3093 numero
3137 3043 3489 3107 constitutos,

1912 3128 2086 3173 actum
2132 3130 2276 3176 esset
2320 3123 2494 3193 aliqua
2541 3125 2839 3194 pravitate,
2884 3137 2940 3182 ιιι
2971 3131 3253 3186 traditores
3283 3133 3493 3188 excludi

1911 3209 2259 3280 convincique
2289 3227 2390 3266 non
2422 3216 2700 3282 possent‘,
2745 3225 2798 3270 et
2823 3216 3140 3274 christianos
3165 3221 3308 3278 orbis
3333 3223 3495 3278 simu-

1913 3300 2015 3355 lata
2060 3318 2242 3356 eorum
2289 3303 2589 3360 innocentia
2635 3307 2929 3374 falleretur,
2966 3312 3109 3366 nullo
3138 3315 3295 3369 modo
3333 3331 3487 3371 suam

1912 3391 2271 3448 innocentiam
2299 3396 2634 3463 perdidisset.

1980 3485 2033 3538 7.
2074 3483 2227 3550 Quod
2258 3488 2398 3541 enim
2423 3489 2489 3544 de
2513 3489 2640 3545 Osio
2663 3491 2842 3546 dicunt
2870 3493 3196 3552 Cordubensi
3221 3500 3491 3568 quondam

1909 3575 2171 3629 catholico
2197 3577 2476 3647 episcopo,
2511 3581 2853 3650 ﬂagitandum
2887 3594 2969 3639 est
3004 3596 3061 3640 ut
3091 3589 3343 3657 probent,
3381 3608 3486 3647 non

1908 3667 2076 3720 solum
2122 3670 2277 3723 talem
2324 3671 2470 3726 illum
2503 3673 2665 3728 fuisse
2705 3677 2913 3745 qualem
2941 3677 3165 3745 dicunt,
3209 3682 3301 3736 sed
3344 3687 3492 3753 quod

1911 3757 2028 3811 talis
2059 3757 2217 3814 fuerit
2241 3762 2578 3819 manifestum
2625 3766 2730 3820 illis
2776 3766 2939 3823 fuisse
2967 3770 3156 3838 quibus
3183 3789 3304 3827 eum
3349 3791 3492 3830 com-

1906 3853 2208 3908 manicasse
2270 3866 2533 3909 asserunt.
2585 3857 2698 3912 lloc
2755 3860 2895 3914 enim
2944 3862 3040 3915 nisi
3107 3865 3484 3934 probaverint,

1908 3941 2101 3995 frustra
2129 3944 2310 3999 dicunt
2337 3961 2396 4000 se
2437 3948 2603 4022 scisse
2629 3949 2800 4018 qualis
2832 3950 2986 4006 fuerit
3012 3972 3025 4006 :
3049 3957 3168 4023 quia
3201 3960 3485 4014 nescienti-

1907 4033 2004 4088 bus
2032 4035 2222 4090 obesse
2253 4052 2360 4091 non
2402 4039 2603 4107 potuit,
2637 4056 2666 4094 a
2697 4042 2887 4110 quibus
2916 4059 2973 4098 se
3002 4045 3086 4099 isti
3115 4047 3485 4106 innocentibus

1906 4127 2220 4195 separando,
2248 4139 2463 4200 propter
2489 4132 2654 4201 ipsam
2678 4135 3025 4202 separationis
3047 4140 3357 4210 sacrilegam
3387 4143 3485 4196 ini-

1907 4218 2163 4284 quitatem
2223 4221 2533 4276 innocentes
2579 4237 2698 4278 esse
2751 4241 2854 4278 non
2903 4240 3143 4295 possunt.
3186 4229 3297 4286 Hoc
3343 4234 3483 4288 cuitu

1905 4310 2072 4378 magis
2100 4310 2354 4366 credibile
2383 4321 2466 4367 est
2511 4312 2576 4384 (si
2611 4323 2784 4369 tamen
2822 4315 2975 4371 OalllS
3015 4318 3082 4372 ab
3114 4319 3359 4390 llispauis
3396 4324 3484 4377 da-

1906 4412 2139 4467 mnatus,
2171 4417 2201 4455 a
2229 4403 2392 4458 Gallis
2417 4414 2500 4459 est
2527 4406 2823 4478 absolutus)
2845 4450 2858 4469 ,
2891 4409 2968 4464 sic
2998 4410 3110 4464 fieri
3136 4414 3396 4480 potuisse,
3428 4425 3488 4468 ut:

1905 4492 2050 4545 falsis
2079 4493 2533 4550 criminationibus
2559 4497 2775 4566 llispaui
2803 4499 3178 4564 circumventi,
3212 4512 3264 4557 et
3288 4505 3477 4558 callida

1905 4587 2209 4640 insidiarum
2237 4587 2420 4644 fraude
2440 4588 2644 4659 decepti
2665 4631 2681 4654 ,
2707 4600 2890 4646 contra
2920 4592 3252 4650 innocentem
3283 4595 3483 4652 ferrent

1902 4678 2238 4743 sententiam,
2262 4688 2316 4733 et
2345 4688 2526 4748 postea
2555 4680 2769 4750 pacifice
2798 4683 2850 4736 in
2879 4682 3175 4739 humilitate
3195 4685 3486 4741 christiana

1903 4770 2154 4826 cederent
2179 4773 2458 4827 sententias
2483 4773 2828 4842 collegarum,
2851 4774 3042 4844 quibus
3063 4776 3202 4830 illius
3228 4777 3482 4833 innocen-

1904 4864 1971 4917 tia
1998 4864 2337 4932 comprobata
2365 4874 2465 4929 est,
2497 4881 2564 4920 ne
2585 4868 2841 4935 pervicaci
2869 4877 2921 4942 et
2945 4867 3180 4922 animosa
3209 4872 3477 4939 perversi-

1902 4964 2010 5010 tate
2041 4955 2242 5024 priores
2259 4972 2394 5012 .suas
2435 4959 2727 5012 sententias
2771 4958 3140 5024 defendendo,
3167 4959 3223 5014 in
3264 4963 3484 5016 sacrile-

1900 5047 2043 5117 gium
2072 5047 2394 5109 sehismatis,
2423 5049 2564 5118 quod
2593 5049 2769 5103 omnia
2814 5051 3013 5104 scelera
3055 5053 3478 5121 supergreditur,

1903 5141 2141 5196 excitate
2187 5141 2471 5210 impietatis
2511 5143 2812 5196 irruerent:
2843 5143 2982 5198 sicut
3025 5144 3107 5198 isti
3143 5143 3318 5197 miseri
3351 5147 3477 5198 lece-

1901 5239 2027 5286 ruut
2049 5274 2064 5296 ,
2097 5241 2148 5285 et
2180 5247 2276 5285 nec
2321 5246 2442 5286 sero
2477 5233 2666 5288 saltem
2711 5235 2866 5289 toties
2892 5233 3045 5288 divisi
3092 5244 3254 5304 atque
3280 5235 3482 5288 concisi

1901 5325 2136 5378 sentiunt
2163 5324 2301 5394 quod
2328 5323 2584 5379 fecerunt.

1974 5415 2026 5471 8.
2067 5415 2208 5470 Satis
2231 5415 2404 5485 igitur,
2433 5417 2666 5484 satisque
2691 5414 2959 5470 declarant
2987 5414 3125 5468 unde
3156 5414 3480 5469 insanabiles

1903 5501 2026 5560 facti
2054 5515 2209 5572 sunt,
2238 5506 2484 5560 videlicet
2533 5524 2598 5559 ne
2628 5507 2916 5560 sententias
2955 5521 3076 5559 suas
3098 5547 3110 5569 ,
3138 5520 3267 5574 quas
3314 5507 3363 5558 in
3394 5507 3480 5560 ah-

1901 5609 2108 5653 sentem
2143 5595 2476 5652 Caecilianum
2504 5605 2701 5652 temere
2741 5597 3092 5664 protulerunt,
3124 5597 3480 5651 condemnare

1901 5695 2237 5758 cogerentur,
2283 5687 2327 5742 si
2359 5688 2710 5741 transmarino
2746 5687 2966 5755 judicio,
3011 5688 3096 5741 ubi
3137 5702 3164 5740 a
3194 5687 3481 5743 Cayeiliano

1970 5873 1986 5902 ι
2012 5870 2080 5918 sic
2105 5878 2212 5918 Mss.
2258 5877 2304 5917 tn
2349 5867 2508 5920 editis.
2554 5863 2860 5915 excluditur
2880 5864 3090 5914 comitari
3113 5877 3316 5923 metu.
