4054 6466
532 418 602 474 39
1342 399 1612 457 CONTRA
1655 385 2034 451 EPISTULA.“
2077 384 2108 439 Ρ

2219 382 2516 449 ΜΕΝΙΛΝΙ,
2565 387 2622 443 S.
2677 381 3039 443 AUGUSTINI
3723 382 3795 438 ιο

532 543 792 610 pra-senta
807 531 1038 601 superati
1056 521 1628 591 sunt,consideratione
1648 513 1883 571 veritatis
1893 507 2106 607 et'pacis

533 607 962 698 acquiescerent;
993 619 1246 688 majorem
1265 609 1581 683 reportaturi
1602 607 1897 666 victoriam,
1923 615 1966 653 si
1986 611 2106 698 ani:

533 697 831 774 mositatem
861 715 1143 767 humanam
1170 707 1356 762 saltem
1396 711 1517 774 post
1551 697 1804 776 judicium
1828 735 1842 756 ,
1870 705 2030 762 quam
2061 697 2106 740 st

531 809 800 864 hominem
828 806 880 861 in
907 805 1020 873 ipso
1042 799 1240 869 judicio
1264 801 1598 862 superarent.
1626 789 1755 843 Nam
1779 787 1864 840 illa
1888 780 2106 836 victoria

531 897 834 970 pra'celsior
869 903 984 959 est,
1016 901 1069 946 et
1114 885 1380 955 triumpho
1423 882 1646 937 celsiore
1693 876 1915 948 plenior,
1947 885 2104 941 quam

529 965 576 1045 si
598 990 615 1022 ¹
646 1004 750 1043 non
776 986 946 1042 solum
971 982 1037 1036 de
1065 980 1279 1034 homine
1312 991 1418 1030 uno
1447 975 1606 1033 victo,
1636 969 1729 1025 sed
1755 969 1822 1022 de
1862 965 2104 1019 universa

531 1079 806 1148 subjugata
828 1075 1039 1128 civitate
1066 1071 1344 1133 referatur,
1363 1067 1575 1120 dicente
1599 1061 1893 1129 Scriptura,
1922 1053 2108 1108 Melior

530 1180 606 1225 est
629 1171 714 1240 qui
735 1169 884 1222 vincit
904 1168 1054 1228 iram,
1081 1179 1232 1235 quant
1250 1161 1334 1229 qui
1356 1159 1491 1226 capit
1512 1157 1758 1210 civitatein
1786 1150 1964 1220 (Prov.
1990 1162 2104 1211 xvr,

531 1238 650 1332 32);
687 1260 764 1313 llli
799 1273 927 1328 ergo
972 1256 1239 1310 hominem
1270 1252 1480 1304 vincere
1517 1245 1836 1315 cupiebant,
1867 1253 2001 1310 quos
2030 1238 2106 1290 ira

530 1354 795 1409 vincebat.
838 1351 905 1404 Et
931 1350 1052 1419 quia
1093 1347 1360 1401 hominem
1395 1341 1606 1394 vincere
1633 1335 2023 1404 nequiverunt,
2053 1339 2107 1419 et

530 1445 599 1500 ab
628 1443 840 1496 homine
869 1447 922 1494 et
951 1418 1018 1491 ab
1047 1437 1124 1490 ira
1169 1431 1400 1503 superati
1433 1437 1556 1483 sunt
1579 1445 1592 1480 :
1617 1426 1682 1479 ab
1713 1423 1924 1475 homine
1943 1459 1959 1485 ,
1986 1418 2107 1487 quia

531 1537 586 1589 in
628 1533 826 1604 judicio
855 1530 978 1584 victi
1017 1535 1170 1591 sunt;
1203 1525 1268 1578 ab
1297 1524 1408 1588 ira,
1440 1521 1559 1590 quia
1601 1531 1700 1570 nec
1727 1513 1848 1567 victi
1890 1512 2107 1580 quieve-

531 1637 689 1689 runt,
737 1623 1047 1694 pravissimo
1090 1618 1251 1673 corde
1296 1615 1377 1668 vel
1424 1612 1697 1666 audientes
1746 1607 1824 1660 vel
1873 1605 2108 1674 legentes

531 1691 768 1786 Apostoli
794 1711 1107 1767 sententiam
1150 1705 1372 1761 dicentis
1395 1745 1407 1766 ,
1439 1702 1501 1757 Si
1538 1699 1669 1754 enim
1696 1712 1808 1768 qua:
1840 1691 2065 1748 destruxi
2089 1733 2103 1756 ,

533 1808 640 1862 ha'c
662 1807 841 1860 iterum
867 1803 1086 1870 (edi/ica,
1115 1799 1548 1871 prwvarieatorem
1574 1809 1650 1845 me
1677 1792 1840 1860 ipsum
1861 1786 2108 1840 constituo

533 1897 738 1968 (Galat.
769 1913 826 1960 ιι,
863 1895 981 1966 l8).
1026 1893 1155 1960 Qua:
1198 1889 1356 1943 verba
1409 1886 1610 1941 scilicet
1651 1885 1694 1936 si
1742 1891 1847 1935 tam
1891 1878 2108 1933 sinistro

531 1989 709 2043 animo
736 1988 847 2056 ipse
875 1983 1156 2054 Apostolus
1179 1979 1513 2048 intelligeret,
1545 1989 1643 2028 nec
1664 1971 1981 2027 christianns
2011 1980 2110 2020 nec

530 2080 804 2151 apostolus
833 2079 1006 2140 ﬁeret,
1039 2091 1135 2130 nec
1167 2071 1479 2142 praedicator
1506 2066 1794 2121 mdilicaret
1822 2059 2106 2151 Ecclesias,

532 2146 664 2241 quas
689 2176 999 2240 persecutor
1021 2175 1145 2219 ante
1170 2159 1496 2217 destruebat.
1530 2157 1797 2224 Nusquam
1823 2152 1998 2241 itaque
2023 2146 2108 2202 isti

532 2239 592 2318 se
619 2239 722 2315 tam
752 2267 933 2329 aperte
962 2256 1278 2313 iudicarunt.
1301 2266 1396 2304 cur
1419 2263 1516 2303 nec
1528 2243 1786 2314 superati
1801 2239 1991 2329 corrigi
2017 2253 2110 2291 vo-

531 2352 763 2415 luerunt,
789 2328 954 2419 quam
979 2361 1100 2401 cum
1126 2343 1462 2398 detestantur
1491 2337 1750 2405 llispanos
1769 2373 1786 2398 ,
1816 2328 1956 2401 quod
1989 2336 2110 2419 post

529 2415 829 2497 sententias
851 2450 974 2492 suas
1013 2435 1166 2488 aliter
1201 2430 1430 2501 prolatas
1467 2425 1788 2494 collegarum
1830 2415 2109 2490 posteriori

529 2531 846 2588 discussioni
881 2528 1186 2598 judicioque
1215 2529 1508 2578 cesserunt.
1539 2518 1707 2584 Quam
1733 2514 1875 2568 enim
1901 2511 2002 2564 hoc
2033 2503 2111 2563 fa-

527 2635 672 2680 ctum
710 2633 790 2678 est
825 2622 894 2676 de
938 2615 1344 2673 mansuetudine
1380 2610 1708 2694 christiana,
1739 2613 1844 2660 tam
1891 2601 2017 2658 illud
2043 2601 2110 2656 de

528 2717 871 2772 contentione
897 2711 1157 2768 diabolica
1185 2728 1197 2762 :
1223 2717 1277 2762 et
1308 2705 1427 2760 idco
1453 2718 1557 2757 non
1599 2693 1794 2754 mirum
1838 2693 1979 2766 quod
2011 2695 2108 2746 ista

533 2808 832 2862 humilitate
856 2821 955 2875 pax
978 2801 1242 2858 custodita
1268 2807 1371 2862 est,
1399 2805 1452 2850 et
1482 2795 1570 2848 illa
1595 2791 1827 2847 elatione
1849 2787 2106 2854 disrupta.

528 2899 760 2958 Proinde
791 2897 894 2952 illis
925 2905 1075 2950 recte
1094 2890 1331 2948 redditur
1354 2887 1493 2958 quod
1516 2885 1756 2940 fecerunt
1779 2898 1792 2933 :
1814 2879 2112 2936 docuerunt

532 2993 675 3049 enim
709 2991 830 3044 talia
861 2997 1101 3058 posteros
1129 2998 1273 3039 suos.
1322 2980 1453 3036 Nam
1494 2987 1548 3032 et
1577 2974 1974 3031 Maximianista:
2003 2984 2108 3024 non

530 3084 601 3138 ob
620 3079 760 3135 aliud
788 3086 1143 3134 trecentorum
1170 3083 1224 3128 et
1250 3072 1435 3128 decem
1459 3068 1783 3138 collegarum
1810 3079 2050 3126 suorum,
2078 3076 2110 3116 a

529 3172 721 3243 quibus
747 3168 1044 3225 Primianus
1069 3165 1142 3236 (a)
1162 3207 1178 3232 ,
1201 3178 1356 3232 quem
1379 3162 1548 3232 primo
1574 3159 1674 3229 ipsi
1701 3158 2106 3218 dan‘maverunt,

530 3266 786 3320 innocens
801 3260 1064 3331 judicatus
1085 3268 1187 3321 est,
1205 3253 1402 3325 judicio
1424 3251 1615 3307 cedere
1637 3247 1979 3309 noluerunt’,
2008 3245 2110 3300 nisi

532 3354 1153 3427 prodicta’contumacia
1180 3349 1493 3404 sententiam
1525 3342 1867 3414 apostolicam
1897 3338 2112 3408 imperi-

531 3450 600 3502 tis
628 3445 966 3517 opponendo,
993 3451 1049 3498 et
1075 3439 1323 3504 dicendo,
1352 3439 1413 3493 Si
1433 3439 1564 3491 enim
1583 3450 1696 3505 qua:
1718 3431 1944 3486 destruxi
1963 3472 1976 3496 ,
2001 3429 2109 3483 Iure

530 3540 708 3592 iterum
754 3536 970 3603 (ediﬁce,
1019 3531 1455 3605 pra'varicatorem
1505 3542 1585 3579 me
1629 3525 1796 3594 ipsum
1838 3520 2106 3575 constituo.

531 3629 909 3683 Destrnxerant
945 3625 1085 3680 enim
1127 3631 1340 3678 centum
1383 3618 1602 3687 collega:
1642 3614 2000 3676 Primianum,
2055 3620 2112 3666 et

530 3734 650 3774 cum
685 3725 961 3788 prOpterea
989 3729 1109 3769 cum
1138 3711 1388 3767 trecentis
1413 3723 1598 3763 rursus
1623 3706 1887 3761 mdilicare
1927 3703 2110 3758 nolue-

531 3821 674 3865 runt.
705 3808 778 3862 lta
803 3825 922 3863 cum
950 3822 1008 3862 se
1031 3819 1220 3860 cavere
1244 3804 1444 3872 lingunt
1465 3816 1532 3855 ne
1553 3799 1820 3853 hominem
1847 3794 2110 3850 :edilicent

530 3918 688 3971 quem
718 3900 1109 3962 destruxerant,
1133 3912 1191 3952 se
1217 3897 1360 3966 ipsos
1381 3893 1521 3948 malo
1544 3888 1843 3945 schismatis
1867 3885 2110 3956 sacrilegi

529 3993 903 4048 destruxerunt
925 3989 970 4044 ⁸.

601 4083 655 4136 9.
686 4083 789 4137 Sed
821 4090 994 4134 tamen
1017 4079 1062 4134 si
1086 4078 1294 4132 viveret
1322 4072 1727 4134 Parmenianus,
1752 4085 1857 4125 non
1887 4066 2109 4123 auderet

529 4175 636 4244 jam
663 4171 1052 4242 reprehendere
1081 4169 1364 4237 llispanos,
1395 4173 1448 4220 et
1476 4179 1570 4219 eos
1599 4161 1870 4232 appellare
1898 4175 2107 4230 praeva-

531 4267 784 4321 ricatores
807 4263 894 4334 qui
932 4278 962 4316 a
1005 4261 1266 4316 sententia
1305 4273 1400 4312 sua
1440 4258 1491 4311 in
1529 4256 1850 4325 collegarum
1891 4263 2108 4309 senten-

533 4356 658 4409 tiam
687 4354 1034 4418 deﬂexerunt,
1059 4367 1126 4405 ne
1173 4348 1285 4418 ipse
1331 4346 1625 4402 ollenderet
1645 4346 1665 4377 ⁸
1699 4345 1931 4414 collegas
1960 4358 2106 4410 suos,

531 4450 620 4517 qui
651 4446 799 4501 inulti
831 4444 1095 4500 Priniiano
1115 4441 1224 4512 jam
1255 4457 1284 4494 a
1315 4455 1372 4494 se
1410 4439 1659 4494 damnato
1687 4438 1738 4494 in
1774 4437 1962 4491 melius
1987 4451 2107 4490 cor-

530 4539 660 4594 recti
701 4537 767 4592 ad
813 4543 1168 4592 trecentorum
1213 4531 1492 4586 concilium
1538 4530 1894 4593 transierunt,
1940 4527 2109 4597 magis

595 4653 610 4683 ι
638 4659 738 4700 Am.
758 4655 916 4709 etEr.,
939 4645 1075 4712 quasi
1097 4659 1207 4699 non.
1233 4652 1361 4706 ιον..
1395 4657 1504 4710 quia
1524 4643 1567 4696 si
1582 4657 1694 4695 non.
1717 4643 2020 4706 castigantur
2044 4655 2110 4693 ex

530 4712 876 4764 manuscrintis.

593 4727 1039 4836 |'"t‘lldbii‘i.{fluidam
1046 4778 1138 4821 Mss
1160 4805 1175 4830 ,
1201 4778 1319 4836 Nam
1340 4773 1387 4818 et
1408 4766 1778 4819 Maximianist
1793 4765 1958 4836 nauali
1972 4765 2108 4817 aliud

529 4833 581 4884 in
601 4827 918 4896 trecentorum
939 4827 1173 4885 etdecem'
1194 4830 1488 4896 collegarum
1507 4843 1765 4881 suorum...
1785 4827 1979 4891 judicio
1995 4841 2110 4879 con-

531 4896 703 4948 cedere
724 4894 988 4946 uoluerunt.

594 4961 616 5032 τ
637 4964 803 5032 ferte,
827 4957 1036 5032 Ρΐράίίαν
1056 4955 1106 5032 it!
1243 4952 1508 5032 resres:

591 5023 614 5051 δ
637 5012 842 5068 Vaticani
867 5027 992 5078 Mss,
1016 5012 1066 5068 se
1087 5012 1223 5082 ipsos
1244 5012 1660 5067 malo'scltismatis
1680 5013 1864 5077 maiore
1886 5012 2111 5078 sacrilegi

532 5082 910 5214 ‘1'??in
928 5137 1182 5214 ξςηεςηιία.
1198 5135 1379 5214 eain,
1705 5135 2109 5214 .“FWWJ‘?

528 5203 688 5314 (luxit,
710 5199 769 5254 ne
787 5199 880 5265 ipsi
893 5202 1200 5266 offenderent.
1222 5200 1387 5250 Melius
1411 5199 1616 5250 Vaticani
1634 5205 1760 5257 Mss,
1785 5212 1844 5250 ne
1865 5199 1966 5262 ipse
1994 5199 2110 5259 (sci-

551 5267 646 5314 icet
685 5265 1040 5314 Parmeuiauusl
1065 5262 1342 5314 on'enderet.
1389 5262 1480 5311 sed
1519 5262 1568 5310 in
1603 5260 1917 5314 praecedente
1943 5273 2106 5314 versu,

551 5267 646 5316 icet
676 5260 1040 5326 'Parrrieuiaiius)
1065 5262 1342 5326 offenderet.
1389 5262 1480 5311 sed
1504 5262 1568 5326 in
1603 5260 1917 5326 praecedente
1943 5273 2106 5318 versu,

530 5341 634 5388 pro,
677 5326 790 5390 quia
811 5321 1348 5390 sententia..."d_efluxit,
1387 5323 1516 5390 quod
1552 5321 2108 5390 nianifestum_erratum

531 5381 652 5451 erat.
669 5381 982 5451 donin
1000 5381 1463 5451 ρηιθηόεὶιημενξιιιῑίιξ
1790 5381 2106 5451 98W???-

530 5443 675 5498 Paulo
697 5443 804 5512 post
827 5449 951 5506 loco,
966 5446 1192 5512 eligentes
1213 5487 1227 5509 ,
1251 5443 1432 5510 legitur
1449 5449 1499 5496 in
1521 5445 1693 5495 iisdem
1717 5443 1952 5493 Vaticanis
1972 5443 2108 5494 libris

529 5517 581 5560 et
603 5509 727 5573 apud
751 5519 849 5558 Am.
875 5518 928 5560 et
949 5509 1050 5570 En,"
1066 5509 1262 5574 eligens.

593 5591 668 5654 (a)
712 5593 972 5641 Primianus
1015 5591 1311 5641 Parmeniani
1349 5589 1736 5654 Carthaglnensis
1757 5589 2109 5654 Donatistarum

531 5649 742 5715 episcopi
764 5666 1015 5704 successor
1029 5654 1282 5715 damnatus
1305 5651 1458 5715 primo
1488 5649 1577 5698 fuit
1597 5657 1846 5715 acentum
1870 5652 2112 5714 episcOpis

529 5710 581 5783 in
597 5710 984 5783 tgzaliarsussitano
1020 5710 1466 5783 donatiauze'partis
1493 5710 1724 5782 concilio;
1752 5710 1921 5783 postea
1943 5710 2108 5783 autem

525 5776 763 5838 judicatus
786 5777 1016 5838 innocens
1038 5787 1065 5823 a
1088 5774 1329 5824 trecentis
1347 5774 1529 5838 decem
1550 5774 1802 5838 episcopis
1826 5774 1876 5822 in
1908 5775 2112 5838 concilio

528 5833 795 5902 iugatam.
817 5837 987 5887 muter
1009 5844 1170 5886 Enarr.
1195 5839 1245 5887 in
1263 5834 1492 5887 Psalmum
1506 5833 1752 5898 56,'serni.
1775 5833 1821 5898 2,
1841 5848 1892 5886 n.
1914 5835 1990 5899 l9,
2013 5844 2108 5888 etc.

2217 504 2471 574 eligentes
2511 515 2695 560 contra
2738 517 2864 560 suas
2900 503 3158 576 .prOprias
3182 499 3200 533 ⁸
3237 500 3420 556 venire
3461 500 3790 567 sententias,

2211 610 2368 664 quam
2397 605 2580 650 contra
2609 611 2792 665 pacem
2837 594 3051 648 unitatis
3074 634 3090 658 ,
3119 593 3278 647 etiam
3306 591 3358 648 in
3389 603 3540 661 parte
3569 591 3788 646 Donati.

2211 686 2279 742 Et
2305 688 2531 741 maxime
2560 687 2878 741 Przntextato
2923 686 3236 740 Assuritano
3281 694 3334 741 et
3365 683 3635 739 Feliciano
3677 683 3796 738 Mn-

2210 781 2404 834 stitano
2421 790 2659 849 parceret
2673 779 3074 844 Parmenianus,
3095 778 3184 848 qui
3205 778 3363 832 etiam
3381 777 3614 830 damnati
3633 792 3660 830 a
3687 787 3794 830 tre-

2209 872 2379 926 centis
2405 881 2458 926 et
2497 871 2682 926 decem
2711 872 3041 942 coepiscopis
3069 871 3180 924 suis
3198 910 3210 934 ,
3241 869 3307 922 ad
3333 868 3548 923 eosdem
3591 870 3734 937 ipsos
3760 882 3792 922 ι

2209 963 2401 1030 quibus
2427 962 2659 1018 damnati
2691 963 2917 1028 fuerant,
2949 961 3124 1016 studio
3153 962 3453 1017 concordia:
3493 961 3790 1023 redierunt,

2210 1063 2265 1107 ct
2289 1069 2318 1108 a
2345 1055 2454 1110 suis
2475 1055 2872 1111 damnatoribus
2895 1056 3082 1110 eodem
3108 1055 3284 1110 studio
3307 1056 3424 1111 sine
3450 1057 3557 1110 ullo
3586 1057 3669 1110 sui
3697 1055 3794 1109 ho-

2211 1145 2358 1199 noris
2397 1145 2718 1200 detrimento
2737 1188 2752 1212 ,
2781 1162 2877 1216 pro
2903 1162 3030 1215 pace
3060 1147 3290 1215 suscepti
3331 1155 3455 1200 sunt
3481 1163 3494 1200 :
3517 1161 3618 1201 nec
3643 1147 3794 1215 quis-

2210 1252 2366 1305 quam
2396 1236 2798 1306 rebaptizandos
2827 1239 3045 1308 putavit,
3076 1238 3166 1307 qui
3210 1239 3422 1292 fuerant
3447 1237 3515 1292 ab
3551 1238 3632 1291 eis
3662 1236 3792 1290 foris

2211 1326 2264 1381 in
2291 1326 2578 1382 schismate
2605 1329 2876 1401 baptizati.
2904 1329 2986 1383 An
3019 1329 3152 1382 forte
3189 1328 3312 1398 quia
3350 1327 3576 1381 multum
3603 1327 3790 1396 displi-

2210 1429 2333 1473 cent
2359 1419 2708 1474 Parmeniano
2736 1420 2826 1490 qui
2847 1421 3118 1489 corrigunt
3136 1419 3427 1474 sententias
3453 1433 3599 1482 suas,
3621 1428 3674 1473 et
3699 1433 3793 1473 eos

2213 1527 2315 1566 non
2346 1512 2646 1579 intelligens
2673 1528 2807 1581 quos
2833 1513 3118 1581 Apostolus
3149 1511 3576 1580 prazvaricatores
3603 1519 3791 1575 vocat,

2210 1602 2563 1657 detestaretur
2591 1605 2740 1669 istos,
2769 1604 2891 1673 quia
2921 1604 3059 1657 intro
3089 1603 3262 1657 redire
3281 1617 3438 1671 quam
3470 1601 3599 1656 foris
3619 1616 3794 1655 rema-

2212 1709 2338 1748 nere
2368 1694 2686 1760 maluerunt,
2717 1704 2772 1749 et
2791 1694 3052 1763 adjunctis
3086 1693 3185 1748 sibi
3217 1693 3490 1746 nonnullis
3529 1692 3793 1747 similibus

2211 1783 2390 1848 sociis,
2421 1785 2578 1838 etiam
2615 1783 3062 1839 Parmenianistas
3082 1792 3312 1846 crearet,
3339 1783 3476 1836 sicut
3494 1781 3604 1852 jam
3625 1783 3792 1835 multa

2213 1873 2376 1928 frusta
2401 1874 2468 1928 de
2495 1874 2596 1929 isto
2625 1875 2793 1928 I'rusto
2821 1890 2915 1944 per
2945 1883 3109 1928 totam
3151 1873 3382 1927 Africam
3424 1873 3558 1927 facta
3587 1883 3711 1927 sunt
3731 1871 3796 1924 ’Υ

2210 1965 2320 2032 Sic,
2361 1967 2438 2020 sic
2479 1980 2698 2022 necesse
2741 1975 2824 2021 est
2872 1976 2932 2020 ut
2978 1965 3274 2020 minutatim
3315 1964 3447 2018 secti
3486 1964 3796 2033 concisique

2210 2055 2535 2126 dispereant,
2568 2058 2657 2127 qui
2697 2067 2958 2112 tumorem
3001 2056 3356 2111 animositatis
3380 2070 3492 2110 sua;
3517 2055 3798 2110 catholicae

2213 2148 2356 2217 pacis
2394 2149 2734 2204 sanctissimo
2776 2149 2987 2203 vinculo
3017 2147 3383 2218 przetulerunt.
3423 2146 3608 2216 Neque
3649 2146 3794 2200 enim

2213 2249 2320 2294 tam
2363 2241 2597 2296 timenda
2639 2253 2765 2296 sunt
2815 2257 2936 2312 qua:
2980 2240 3338 2296 comminatur
3370 2239 3792 2302 Parmenianus,

2211 2349 2369 2404 quam
2396 2335 2649 2390 intuenda
2675 2351 2795 2405 qua:
2819 2335 3118 2389 conﬁtetur.

2280 2425 2508 2481 CAPUT
2548 2425 2611 2481 V.
2641 2456 2714 2466 -—
2743 2427 2828 2480 10.
2876 2425 3007 2480 Cum
3053 2425 3196 2480 enim
3236 2423 3475 2489 diceret,
3498 2438 3588 2493 per
3616 2421 3797 2476 Osirim

2215 2518 2504 2589 Hispanum
2532 2520 2842 2590 adjutorium
2884 2519 3166 2588 prastitum
3202 2517 3474 2573 Ceciliano
3495 2556 3512 2582 ,
3539 2523 3592 2567 ut
3619 2515 3687 2568 ad
3711 2529 3800 2568 eo-

2210 2627 2328 2664 rum
2369 2611 2771 2664 communionem
2811 2620 3106 2664 sanctorum
3136 2617 3184 2662 et
3209 2606 3520 2661 i.libatorum
3558 2621 3799 2659 numerus

2212 2709 2468 2772 cogeretur
2490 2741 2507 2768 ,
2532 2709 2579 2754 et
2606 2700 2724 2754 huic
2761 2700 3008 2771 impietati
3037 2699 3190 2768 ﬁdem
3229 2714 3486 2753 servorum
3533 2696 3628 2749 Dei
3661 2698 3798 2749 inte-

2212 2810 2356 2864 gram
2393 2793 2672 2857 restitisse;
2723 2794 2865 2848 ultro
2905 2791 3079 2847 fassus
3118 2801 3201 2847 est
3240 2806 3366 2846 suos
3406 2792 3551 2860 ipsos
3595 2789 3798 2844 adiisse

2212 2884 2372 2939 etiam
2393 2885 2821 2948 Constantinum,
2854 2893 2909 2939 ct
2936 2883 3158 2938 arbitrio
3185 2883 3303 2952 ejus
3331 2897 3360 2936 a
3381 2881 3652 2952 judicihus
3673 2881 3798 2950 epi-

2213 2976 2389 3046 scopis
2416 2991 2630 3031 causam
2645 2978 2933 3047 cognitam,
2957 2977 3149 3047 quibus
3176 2975 3381 3047 pratfuit
3409 2975 3732 3030 Melchiades
3771 2975 3796 3006 ⁸

2214 3066 2467 3121 Romana:
2491 3068 2636 3123 urbis
2661 3069 2966 3139 episcopus.
2994 3067 3050 3122 ln
3078 3083 3186 3138 quo
3209 3066 3430 3136 judicio,
3455 3067 3593 3121 sicut
3615 3065 3797 3121 eccle-

2213 3158 2423 3213 siastica
2449 3157 2608 3213 Gesta
2637 3168 2898 3214 testantur
2916 3202 2930 3224 ,
2954 3160 3076 3230 quia
3109 3160 3231 3214 victi
3271 3169 3395 3213 sunt
3422 3159 3530 3221 isti,
3554 3167 3608 3213 et
3638 3158 3799 3212 inno-

2213 3264 2341 3304 cens
2373 3249 2687 3305 Cascilianus
2719 3250 2962 3306 inventus
2997 3261 3112 3317 est,
3158 3250 3405 3305 eumdem
3446 3248 3797 3304 llclcliiadem

2212 3342 2438 3398 crimine
2481 3343 2780 3398 traditionis
2810 3353 3081 3400 accusant.
3118 3343 3270 3412 Quod
3298 3359 3482 3413 qner
3527 3341 3802 3413 quomodo

2213 3437 2596 3508 cognoverint?
2623 3437 2678 3491 Si
2706 3437 2848 3492 enim
2878 3446 3002 3492 ante
3023 3437 3279 3504 judicium
3301 3480 3316 3502 ,
3341 3453 3445 3490 non
3472 3436 3572 3490 sibi
3604 3435 3801 3506 pra-ju-

2212 3527 2392 3582 dicare
2437 3526 2772 3593 debuerunt,
2823 3538 2878 3584 ut
2919 3528 3058 3598 apud
3105 3529 3261 3582 talem
3301 3527 3535 3597 judicem
3578 3543 3799 3586 causam

2212 3634 2370 3689 agere
2390 3619 2706 3689 inciperent,
2725 3621 2886 3675 etiam
2908 3635 2972 3675 ex
2997 3628 3262 3690 praecepto
3283 3621 3619 3690 Imperatoris
3634 3637 3796 3692 quem

2214 3713 2314 3784 ipsi
2353 3711 2623 3776 adierant,
2653 3713 2756 3768 tale
2791 3713 2970 3768 subire
3002 3713 3256 3782 judicium
3281 3712 3322 3766 ⁸.
3361 3714 3417 3768 Si
3458 3724 3635 3768 autem
3677 3727 3800 3784 post

2213 3804 2405 3859 dictam
2436 3819 2648 3858 causam
2673 3805 3039 3875 prolatamque
3065 3806 3384 3861 sententiam
3415 3822 3537 3861 eum
3568 3808 3795 3861 tradito-

2213 3910 2325 3950 rem
2350 3894 2598 3950 didicisse
2625 3895 2939 3966 perhibent,
2969 3912 3136 3965 usque
3170 3897 3306 3951 adeo
3349 3897 3627 3953 dementes
3669 3909 3795 3954 sunt

2214 3985 2459 4041 homines
2482 4029 2496 4050 ,
2519 3995 2580 4040 ut
2608 3997 2793 4041 contra
2821 3987 3028 4056 judices
3053 3987 3193 4056 apud
3220 4004 3358 4057 quos
3377 3989 3502 4043 victi
3530 4000 3687 4053 sunt,
3717 3993 3801 4045 vi-

2213 4082 2313 4136 ctis
2340 4081 2697 4150 litigatoribus
2742 4081 2963 4136 credant
2987 4081 3042 4133 '?
3066 4082 3130 4135 Et
3153 4090 3327 4136 tamen
3359 4080 3411 4136 in
3441 4082 3522 4137 his
3549 4085 3799 4139 omnibus

2215 4173 2476 4245 (quamvis
2498 4191 2682 4242 magna
2713 4175 3030 4240 temeritate,
3055 4173 3246 4236 Italos,
3279 4174 3495 4241 Gallos,
3529 4186 3582 4231 et
3605 4175 3798 4246 llispa-

2213 4280 2312 4320 nos
2337 4275 2620 4329 accusant,
2646 4265 2847 4320 relictis
2887 4266 3094 4318 ett-teris
3139 4274 3243 4318 tam
3291 4267 3470 4322 multis
3511 4267 3799 4336 provinciis

2213 4364 2370 4425 atque
2396 4357 2671 4426 gentibus,
2699 4371 2728 4408 a
2757 4356 2949 4426 quibus
2993 4355 3222 4411 nefando
3259 4358 3540 4426 sacrilegio
3565 4361 3797 4427 separati

2214 4456 2357 4513 sunt,
2389 4447 2582 4517 quibus
2616 4447 2796 4518 utique
2835 4447 3024 4502 obesse
3061 4464 3165 4501 non
3198 4457 3412 4516 possent
3439 4449 3658 4504 crimina
3699 4450 3801 4505 lta-

2215 4537 2416 4600 lorum,
2445 4538 2826 4607 Hispanorum,
2854 4549 3013 4608 atque
3055 4537 3328 4594 Gallorum
3349 4581 3365 4606 ,
3395 4541 3556 4594 etiam
3597 4541 3642 4595 si
3674 4556 3800 4599 vera

2213 4628 2574 4701 dicerentur),
2599 4631 2708 4699 jam
2750 4639 2974 4685 cwtcras
3021 4641 3191 4685 terras
3217 4647 3361 4686 czeco
3399 4647 3578 4698 more,
3603 4634 3686 4688 vel
3715 4649 3803 4704 βα

2217 4723 2320 4776 tius
2345 4723 2523 4776 lurore
2544 4733 2770 4792 arguunt
2796 4765 2811 4788 ,
2840 4732 2895 4778 et
2923 4723 3002 4778 eis
3033 4724 3372 4778 irascuntur:
3396 4725 3516 4793 quia
3545 4741 3659 4778 cum
3685 4725 3806 4779 dua:

2215 4822 2384 4884 partes
2429 4825 2588 4868 essent
2614 4815 2666 4866 in
2695 4814 2871 4886 Africa
2894 4855 2908 4878 ,
2934 4831 3053 4879 una,
3085 4814 3318 4884 inquiunt
3345 4855 3361 4880 ,
3385 4816 3682 4870 traditorstm
3707 4859 3721 4883 ,
3752 4828 3806 4872 et

2280 4974 2294 5004 ³
2316 4978 2366 5022 tn
2388 4973 2623 5036 Vaticanis
2644 4981 2768 5033 Mss,
2799 4985 3151 5036 praepropera.

2279 5036 2298 5066 ²
2317 5035 2511 5093 Quidam
2532 5044 2655 5092 Mss,
2678 5035 2836 5096 fracta
2855 5035 2982 5084 sunt.

2279 5097 2708 5166 {variosa-imum
2733 5097 2942 5166 occurrit
2964 5097 3012 5166 in
3036 5097 3248 5160 antiquis
3262 5098 3531 5166 codicibus,
3553 5113 3664 5150 raro
3677 5101 3804 5166 trel-

2215 5155 2430 5268 322m,
2454 5155 2762 5219 frequentius
2793 5155 3050 5218 Miltiades,
3075 5155 3445 5222 aut’xeltiudu,
3479 5155 3571 5212 seu
3594 5164 3808 5215 Miletia-

2249 5232 2318 5270 εδ.

2278 5280 2300 5353 .‘
2322 5278 2691 5353 εάἓὲίνειίφπβφ
2712 5285 2952 5353 mare
2973 5281 3277 5353 ιηψεϊςιιονίδ
3291 5296 3432 5353 «eam
3444 5283 3541 5353 ipsi
3561 5282 3804 5353 alierum,

2215 5341 2310 5391 tale
2323 5341 2508 5410 subiere
2517 5340 2778 5410 judicium.
2803 5340 3087 5410 mpeinnius
3103 5351 3228 5410 Itss_.,
3253 5340 3413 5396 subire
3432 5340 3690 5406 iudicium.
3711 5340 3806 5399 sed

2216 5416 2320 5465 pro,
2342 5402 2484 5466 etiam
2506 5402 2525 5463 ,7
2547 5402 2812 5466 legendqu
2835 5404 3046 5464 videtur,
3069 5412 3114 5455 et
3133 5402 3294 5456 etiam.

2279 5465 2301 5497 ⁸
2327 5465 2399 5537 sic
2422 5464 2546 5513 alter
2569 5464 2860 5537 eyaticanis
2893 5473 3082 5537 bisszgst
3117 5474 3248 5537 wv_.,
3273 5476 3324 5518 ut
3347 5468 3574 5537 ducentos
3587 5469 3806 5532 Iudices,

2215 5526 2348 5588 apud
2385 5539 2502 5596 quos
2535 5526 2646 5596 uicti
2665 5527 2946 5596 sunt,_ijictis
2971 5526 3286 5596 litigatoribus
3313 5531 3514 5596 credant
3549 5526 3652 5583 esse
3675 5526 3806 5596 post;

2216 5591 2607 5668 pertendas.t‘{1_iti
2618 5605 2748 5668 vero
2767 5591 3061 5668 aliiiet
3081 5595 3271 5668 tametsi
3295 5591 3808 5668 qnii‘ttunt,_e§sejw5t-

2216 5651 2488 5718 ponendos;
2515 5653 2695 5718 habent
2711 5661 2893 5718 tamen,
2918 5659 2964 5700 ut
2983 5654 3229 5718 ducentos,
3248 5654 3346 5713 vel,
3363 5655 3558 5706 ducenti
3571 5651 3804 5718 judices:

2216 5712 2372 5782 male;
2398 5727 2508 5782 nam
2531 5717 2688 5777 agitur
2709 5715 2775 5764 de
2811 5721 3015 5764 Romano
3032 5712 3229 5782 judicio,
3273 5719 3321 5766 in
3343 5731 3464 5782 quo,
3483 5726 3538 5768 ut
3559 5712 3624 5770 ex
3645 5728 3807 5782 Optat:

2219 5775 2341 5839 libro
2366 5778 2520 5839 primo
2543 5775 2748 5839 constat,
2791 5783 2972 5839 praeter
2997 5775 3308 5829 Melcbiadcm
3329 5775 3600 5831 octodecim
3619 5775 3808 5834 teritum

2219 5836 2477 5888 adfuerunt
2500 5837 2728 5901 episcopi.
