4054 6474
247 383 312 439 η
1633 373 1832 428 LIBER
1875 373 2143 431 PRIMUS.
3442 381 3523 453 Its

244 494 406 550 altera
430 493 796 559 innocentium,
829 491 1095 546 traditore:
1123 493 1217 546 sibi
1245 508 1396 561 quam
1415 492 1701 545 innocentes
1728 488 1826 541 ad-

240 589 460 659 iungere
500 589 807 642 maluerunt.
844 586 973 655 Qua:
1012 601 1115 640 una
1150 585 1448 640 criminatio
1472 586 1488 615 ‘
1518 580 1834 638 brevissime

245 688 406 748 atque
448 679 737 735 verissime
774 678 845 733 ita
886 677 1179 745 refellitur,
1201 678 1323 748 quia
1349 692 1468 732 cum
1495 675 1628 731 duas
1658 683 1835 745 partes

244 772 530 826 audissent
556 785 679 827 esse
705 772 758 825 in
788 770 967 825 Africa
991 813 1007 837 ,
1038 786 1199 825 unam
1226 770 1543 825 traditarum
1563 810 1577 832 ,
1614 768 1834 823 alteram

248 862 650 928 innocentium,
674 876 792 918 eam
820 862 1159 918 innocentem
1184 876 1304 917 esse
1320 861 1683 924 crediderunt,
1712 874 1831 929 quae

246 966 467 1006 causam
499 966 652 1007 suam
673 952 811 1023 apud
832 952 1035 1015 vicinos
1054 952 1450 1007 ecclesiasticos
1473 951 1681 1021 judices
1709 951 1839 1005 obti-

247 1056 459 1100 nuerat.
489 1046 827 1116 Quapropter
846 1046 921 1100 illi
941 1060 1154 1115 semper
1174 1045 1483 1101 innocentes
1500 1051 1834 1111 manserunt;

245 1139 334 1207 qui
386 1137 692 1193 nescientes
742 1135 1189 1207 quemadmodum
1230 1136 1329 1190 ista
1370 1135 1423 1189 in
1468 1133 1647 1189 Africa
1688 1141 1836 1203 gesta

245 1229 374 1293 sint,
410 1228 466 1282 id
500 1239 675 1284 tamen
700 1227 1042 1282 crediderunt
1083 1226 1225 1297 quod
1252 1226 1473 1297 pacitice
1506 1240 1569 1280 ac
1589 1223 1839 1294 religiose

246 1320 474 1375 credere
494 1319 824 1383 debuerunt,
852 1333 882 1372 a
922 1319 1115 1389 quibus
1154 1317 1527 1373 innocentibus
1572 1315 1839 1385 separatio

248 1411 396 1465 nullo
427 1410 593 1466 modo
616 1410 872 1466 innocens
899 1424 1020 1466 esse
1049 1410 1237 1480 potuit.

240 1560 243 1563 ν
322 1521 556 1579 CAPUT
594 1520 685 1576 Vl.
712 1551 784 1562 —
810 1522 898 1576 ll.
928 1523 1146 1577 Fatetur
1168 1522 1329 1578 etiam
1367 1520 1753 1576 Parmenianus
1772 1517 1840 1573 ad

253 1612 575 1668 Arelatense
601 1611 857 1682 oppidum
881 1618 937 1667 et
958 1612 1239 1681 episcopos
1261 1611 1469 1682 judices
1492 1620 1549 1666 et
1578 1618 1754 1681 partes
1774 1624 1841 1665 cx

255 1702 434 1759 Africa
453 1704 773 1759 convenisse
790 1745 805 1770 ,
831 1704 1176 1759 Caecilianum
1209 1704 1415 1760 scilicet
1437 1713 1599 1774 atque
1628 1702 1843 1757 Donati-

254 1804 393 1853 stas:
428 1795 520 1851 ubi
545 1796 725 1851 omnia
750 1796 863 1851 suis
880 1796 1126 1865 credidit,
1149 1796 1237 1851 cui
1258 1796 1390 1851 nihil
1411 1796 1537 1851 victi
1557 1804 1845 1866 potuerunt

256 1889 356 1942 nisi
388 1887 747 1957 dejudicibus
771 1888 1027 1958 conqueri
1048 1889 1109 1942 ἐ
1142 1902 1243 1944 nec
1265 1897 1441 1943 tamen
1473 1895 1629 1958 negat
1657 1902 1843 1943 rursus

255 1996 349 2036 eos
371 1980 442 2035 ad
462 1981 872 2037 Constantinum
884 1982 1115 2047 venisse;
1130 1990 1185 2037 et
1199 1982 1321 2052 quia
1337 1981 1406 2037 ibi
1426 1995 1639 2051 quoque
1658 1980 1847 2034 ultimo

253 2073 459 2141 judicio
488 2074 727 2143 superati
753 2081 898 2139 sunt,
926 2074 1085 2129 etiam
1128 2074 1300 2143 ipsum
1335 2074 1504 2145 gratia
1534 2081 1846 2141 corruptum

258 2180 379 2221 esse
418 2165 754 2220 criminatur.
801 2165 1004 2232 Quibus
1047 2165 1296 2221 omnibus
1339 2165 1725 2229 consideratis,
1756 2166 1847 2234 qui

258 2255 378 2311 sine
424 2255 607 2311 studio
652 2257 884 2326 partium
938 2256 1175 2326 judicat,
1205 2257 1366 2327 eligat
1390 2257 1583 2327 quibus
1634 2257 1845 2321 credat;

260 2358 439 2403 utrum
463 2347 737 2419 judicibus
765 2348 1057 2404 sententias
1084 2348 1499 2418 proferentibus,
1528 2363 1595 2402 an
1621 2348 1851 2419 litigatoo

261 2439 411 2495 ribus
436 2447 624 2493 contra
653 2454 788 2510 quos
812 2440 1035 2509 prolatae
1059 2447 1219 2505 sunt,
1250 2438 1398 2493 litem
1430 2438 1583 2493 linire
1616 2438 1848 2493 nolenti-

263 2532 385 2587 bus.
444 2532 606 2588 Certe
646 2532 792 2588 orbis
831 2541 1094 2587 terrarum
1138 2530 1405 2602 judicibus
1456 2530 1703 2587 credidit.
1750 2529 1850 2598 Qui

261 2633 442 2678 autem
464 2623 757 2677 Donatistis
784 2622 1149 2688 consentiunt,
1179 2635 1379 2691 eosque
1400 2620 1701 2677 defendunt
1722 2662 1738 2686 ,
1768 2621 1851 2675 fa-

263 2722 444 2769 tentur
472 2728 533 2767 se
551 2714 657 2768 illis
684 2713 907 2769 credere
932 2714 1023 2784 qui
1062 2727 1281 2769 causam
1318 2728 1467 2768 suam
1488 2753 1503 2778 ,
1532 2713 1852 2783 qualiscum-

264 2822 367 2876 que
396 2806 490 2860 illa
516 2806 674 2861 fuerit
697 2847 711 2870 ,
750 2821 855 2861 non
885 2814 1173 2877 potuerunt
1201 2805 1221 2837 ³
1250 2814 1427 2861 tamen
1454 2806 1508 2860 in
1542 2805 1853 2861 transmari-

265 2898 348 2951 nis
367 2906 450 2952 tot
477 2897 954 2969 disceptationibus
982 2898 1225 2954 obtinere
1244 2939 1260 2964 ,
1291 2908 1347 2955 et
1378 2913 1565 2954 eorum
1593 2897 1852 2954 adversus

262 2988 474 3058 judices
504 3005 779 3045 murmura
804 2997 860 3045 et
893 2990 1119 3045 crimina
1159 2990 1377 3045 credula
1407 2990 1645 3045 vanitate
1689 2990 1851 3045 suscio

266 3082 435 3150 piunt.
464 3081 584 3149 Qua
612 3082 667 3135 in
696 3097 755 3137 re
790 3082 836 3136 si
859 3081 1175 3137 innocentes
1199 3096 1259 3137 se
1285 3081 1489 3146 dicunt,
1517 3090 1574 3137 et
1599 3095 1694 3136 eos
1720 3095 1857 3151 quos

266 3180 553 3239 superatos
588 3172 826 3237 scimus;
855 3180 1054 3242 quanto
1090 3171 1485 3227 innocentiores
1526 3180 1651 3226 sunt
1674 3172 1765 3242 qui
1787 3179 1857 3226 te-

268 3279 416 3319 mere
458 3264 663 3334 aliquid
698 3266 824 3319 mali
851 3264 919 3320 de
956 3265 1086 3335 ipsis
1102 3264 1373 3335 judicibus
1397 3264 1619 3320 credere
1643 3264 1854 3333 nolunt,

266 3358 333 3412 de
372 3357 573 3426 quibus
612 3371 834 3412 necesse
878 3365 961 3412 est
986 3357 1158 3426 utqui
1198 3356 1323 3412 victi
1370 3356 1585 3411 fuerant
1628 3370 1859 3427 conque-

267 3448 491 3501 rantur?
513 3446 629 3501 Non
654 3448 827 3502 solum
852 3448 993 3502 enim
1012 3449 1104 3518 qui
1137 3448 1330 3502 bonam
1356 3462 1570 3503 causam
1597 3448 1856 3518 perdidit,

268 3537 333 3593 de
356 3539 544 3609 iniquo
569 3539 653 3594 vel
673 3538 822 3593 tardo
842 3539 925 3593 vel
948 3538 1236 3609 negligenti
1252 3538 1434 3609 judice
1450 3539 1694 3609 queritur
1724 3557 1735 3593 :
1761 3540 1857 3595 sed

269 3632 428 3686 etiam
463 3632 556 3702 qui
579 3631 873 3701 justissime
906 3632 1076 3687 victus
1100 3641 1219 3700 est,
1252 3648 1313 3688 ea
1335 3634 1578 3689 caacitate
1595 3633 1665 3689 de
1702 3634 1856 3690 inno-

269 3731 424 3778 cente
446 3722 629 3792 judice
664 3735 992 3790 murmurat,
1023 3740 1127 3795 qua
1155 3726 1392 3781 caecitate
1424 3741 1547 3782 cum
1579 3727 1860 3783 innocente

271 3817 580 3873 adversario
602 3816 860 3887 litigabat.
901 3817 1235 3889 Quapropter
1266 3819 1352 3873 isti
1378 3834 1485 3874 non
1532 3820 1652 3874 ideo
1686 3820 1859 3875 scele-

272 3908 373 3962 rati
399 3916 559 3972 sunt,
592 3908 715 3979 quia
740 3908 809 3963 de
843 3908 1088 3964 omnibus
1117 3908 1271 3964 victis
1308 3910 1496 3964 nolunt
1530 3919 1730 3965 temere
1756 3910 1858 3965 ali-

272 3998 395 4068 quid
436 3999 663 4055 credere
698 4017 709 4051 :
755 3998 850 4053 sed
891 3998 1013 4054 ideo
1050 3999 1172 4070 quia
1218 4015 1278 4055 se
1329 3999 1509 4056 furore
1558 4001 1859 4057 schismatis

275 4093 632 4161 przeciderunt
651 4093 719 4147 ab
740 4092 819 4148 eis
850 4092 1219 4148 innocentibus
1238 4134 1253 4158 ,
1284 4094 1375 4163 qui
1397 4093 1565 4149 multo
1616 4094 1856 4150 rationa-

272 4184 428 4239 bilius
453 4184 644 4238 nolunt
663 4183 770 4239 tale
785 4183 1060 4254 aliquidde
1076 4184 1206 4255 ipsis
1219 4184 1488 4254 judicibus
1506 4184 1747 4241 credere.

340 4295 573 4353 CAPUT
600 4294 711 4351 VII.
727 4325 799 4337 —
818 4297 906 4351 l2.
934 4295 1139 4352 Existat
1154 4296 1297 4351 enim
1319 4296 1491 4366 aliqua
1509 4296 1715 4351 illarum
1738 4311 1861 4367 par-

275 4389 403 4442 tium
438 4389 495 4443 in
539 4388 755 4443 nomine
776 4387 975 4443 Christi
1013 4387 1342 4443 nobilissima
1371 4388 1606 4444 Ecclesia
1628 4430 1641 4452 ,
1665 4405 1731 4443 ex
1759 4390 1862 4445 illis

244 4516 245 4519 η
274 4492 512 4552 septem,
542 4489 598 4535 et
622 4481 667 4535 si
694 4480 867 4550 placet
910 4480 1242 4550 potissimum
1278 4479 1642 4550 Philadelphia
1676 4481 1859 4551 (Apoc.

274 4589 349 4637 ιιι,
379 4571 435 4643 7)
463 4612 481 4638 ,
512 4585 633 4641 quas
660 4570 728 4626 de
754 4571 980 4643 mystico
1008 4571 1226 4626 nomine
1257 4586 1349 4639 per
1370 4570 1603 4641 linguam
1632 4586 1861 4642 graecam

276 4661 565 4717 fraternam
594 4661 802 4716 intimat
823 4661 1155 4716 charitatem.
1184 4660 1475 4717 Audiamus
1496 4662 1654 4732 igitur
1677 4677 1860 4717 vocem

273 4754 410 4823 ejus,
438 4769 543 4811 nec
565 4755 681 4823 ejus
702 4753 856 4824 palea
878 4752 1141 4823 loquatur,
1170 4752 1265 4808 sed
1295 4752 1636 4809 frumentum.
1660 4752 1713 4809 Si
1736 4768 1864 4825 ergo

272 4844 417 4899 dicat
446 4846 563 4900 istis
584 4844 748 4912 :Quid
770 4843 821 4897 in
842 4858 928 4897 me
951 4843 1169 4913 arguitis
1190 4841 1233 4908 ⁸,
1253 4842 1481 4899 fratres?
1505 4844 1629 4913 quid
1646 4859 1866 4900 accusa-

275 4935 383 4988 tis?
410 4935 624 5003 Quanto
653 4933 935 4990 intervallo
963 4932 1253 4989 secundum
1279 4942 1550 4990 terrenum
1596 4934 1771 4991 locum
1796 4936 1865 4991 ab

275 5025 453 5082 Africa
491 5035 697 5083 remota
722 5026 857 5095 sim,
886 5026 1081 5097 partim
1106 5039 1265 5081 nosse
1285 5068 1301 5095 ,
1330 5026 1523 5097 partim
1558 5026 1742 5084 audire
1765 5042 1865 5099 po-

340 5266 532 5339 ‘AEditi,
580 5266 907 5339 conmzinatjo,
941 5266 1125 5339 Melius
1146 5268 1381 5339 Vaticani!
1404 5266 1533 5339 libri,
1577 5268 1865 5339 criminatio.

277 5334 432 5389 recte.
457 5338 577 5400 .ouev
606 5342 728 5400 me
766 5328 1051 5400 maxim
1102 5336 1271 5400 ιτρβιρι
1308 5337 1477 5400 augeam.
1514 5328 1636 5392 ιοοο,

278 5403 387 5459 me;
424 5390 651 5454 plerique
687 5397 793 5442 Mss.
834 5391 1042 5451 habent,
1081 5390 1324 5442 vilissime.
1362 5392 1512 5442 Editio
1535 5390 1669 5455 AmL,
1696 5394 1869 5457 justis-

279 5465 925 5601 ﬁiaﬂsslitnediulhgd
967 5512 1089 5566 nihil
1110 5513 1239 5577 victi,
1266 5520 1519 5579 potuerunt
1541 5520 1602 5567 de
1616 5517 1868 5579 judicibus

283 5586 539 5640 conqueri;
563 5586 758 5637 omisso,
781 5588 892 5627 tusi.

344 5640 465 5712 {sic
481 5639 731 5712 locumad‘
762 5640 1008 5712 vaticanos
1028 5638 1221 5712 codices
1254 5640 1584 5712 emendamus.
1624 5649 1735 5712 Nam
1758 5657 1866 5712 oor-

284 5709 423 5762 rupte
453 5702 505 5750 in
549 5701 695 5749 editis
718 5700 996 5763 legebatur,
1019 5702 1229 5764 fatentur
1268 5713 1317 5751 se
1338 5700 1470 5752 illius
1496 5716 1597 5753 esse
1619 5704 1866 5768 Ecclesia,

286 5773 464 5814 ωιτη...
482 5774 579 5813 non
599 5767 850 5814 mterunt:
874 5761 970 5814 vel.
996 5775 1203 5814 ante..."
1229 5776 1322 5813 non
1356 5763 1521 5814 notuit.

286 5773 464 5823 φάη...
482 5774 579 5813 non
599 5767 817 5832 poterunt
833 5774 850 5823 ;
874 5767 971 5833 vel,
996 5775 1203 5826 quis"...
1229 5776 1322 5813 non
1356 5767 1521 5826 potuit.

344 5826 491 5873 διον.
532 5824 649 5885 quid
680 5836 755 5874 me
792 5830 1031 5887 arguitis:
1069 5826 1392 5887 praetermissa
1437 5828 1685 5889 particula,
1731 5831 1796 5884 in.

564 5906 789 5972 ὃηοτ.
844 5909 1121 5971 AUGUST.
1160 5908 1273 5970 1X.

1942 489 2115 544 tuistis
2140 506 2152 543 :
2180 491 2304 561 quid
2333 490 2401 547 ibi
2425 501 2547 548 tunc
2572 493 2683 549 sive
2717 492 2995 549 traditorcs
3015 534 3030 559 ,
3057 495 3169 549 sive
3200 494 3514 551 traditurum

1942 579 2027 634 vel
2047 590 2380 636 accusatores
2409 582 2489 637 vel
2520 582 2878 649 damnatores,
2911 584 3023 639 sive
3051 584 3412 640 innocentium
3435 587 3517 645 vel

1944 673 2354 729 calumniatores
2371 675 2451 730 vel
2468 690 2813 746 oppressores
2834 678 3060 747 egerint,
3082 693 3299 748 prorsus
3316 680 3520 750 ignoro.

1944 764 2049 821 Sed
2080 766 2169 821 ille
2192 766 2445 822 Dominus
2466 778 2646 823 noster
2663 771 2755 840 qui
2775 771 2904 826 emit
2929 778 3095 825 totum
3122 772 3376 827 mundum
3404 788 3528 843 pre-

1946 858 2021 913 tio
2061 859 2331 929 sanguinis
2362 860 2481 925 sui,
2509 860 2659 931 cujus
2688 871 2868 916 sancta
2910 864 3229 918 commercia
3271 865 3526 934 propheta

1947 957 2093 1002 tanto
2118 957 2242 1004 ante
2269 950 2463 1004 cecinit
2489 949 2691 1017 dicens,
2718 949 2980 1005 Foderunt
3015 969 3193 1006 manus
3217 970 3353 1009 meas
3371 963 3417 1008 et
3438 972 3499 1025 pe
3518 985 3531 995 -

1948 1042 2035 1095 des
2058 1058 2213 1107 meos,
2246 1043 2687 1098 dinumeraverunt
2718 1046 2887 1098 omnia
2925 1062 3036 1099 ossa
3064 1063 3175 1099 mea
3218 1062 3236 1100 :
3276 1047 3374 1116 ipsi
3417 1063 3533 1100 vero

1948 1134 2388 1187 consideraverunt
2412 1143 2457 1188 et
2485 1145 2849 1206 conspexerunt
2895 1153 2999 1199 me,
3024 1137 3297 1190 diviserunt
3320 1138 3413 1191 sibi
3442 1154 3524 1191 νεα

1947 1227 2177 1282 stimenta
2206 1244 2339 1291 mea;
2366 1237 2412 1282 et
2442 1245 2593 1297 super
2629 1237 2808 1282 vestem
2849 1245 3011 1282 meam
3035 1230 3277 1283 miserunt
3303 1237 3487 1283 sortem
3514 1244 3532 1282 :

1949 1317 2088 1372 inter
2113 1334 2210 1373 nos
2249 1328 2303 1373 et
2331 1333 2426 1374 vos
2456 1334 2559 1374 non
2590 1320 2759 1389 spatia
2805 1320 3075 1374 constituit
3111 1335 3275 1374 vacua
3313 1328 3368 1375 et
3392 1320 3531 1374 nuda

1948 1409 2297 1478 Christianis;
2323 1412 2561 1482 implevit
2585 1412 2699 1467 haec
2723 1414 2897 1466 omnia
2925 1412 3343 1467 sanctificatione
3366 1410 3533 1466 nomi-

1950 1503 2035 1557 nis
2065 1504 2167 1558 sui.
2210 1504 2268 1558 ln
2299 1504 2415 1573 ipso
2440 1505 2633 1575 quippe
2660 1506 2866 1579 psalmo
2898 1506 3156 1573 passionis
3178 1546 3195 1571 ,
3228 1520 3333 1561 non
3361 1504 3531 1560 solum

1950 1595 2166 1665 quanti,
2197 1594 2289 1651 sed
2330 1595 2488 1650 ctiam
2528 1606 2784 1665 quantum
2825 1596 3014 1651 emerit
3040 1594 3365 1649 declaratum
3406 1604 3534 1649 est:

1952 1688 2024 1743 ibi
2045 1688 2185 1742 enim
2220 1688 2378 1757 paulo
2404 1696 2523 1759 post
2559 1687 2752 1743 dicitur
2774 1731 2789 1755 ,
2814 1688 3217 1742 Reminiscentur
3246 1696 3290 1741 et
3327 1702 3535 1740 conver-

1953 1790 2120 1837 tentur
2156 1783 2223 1836 ad
2263 1781 2539 1837 Dominum
2576 1782 2796 1836 universi
2826 1782 2952 1850 ﬁnes
2980 1790 3160 1846 terra,
3184 1789 3229 1833 et
3258 1778 3540 1834 adorabunt

1952 1874 2005 1926 in
2044 1881 2308 1943 conspectu
2337 1874 2447 1942 ejus
2483 1873 2727 1926 universa:
2770 1872 2948 1941 patriae
2991 1872 3253 1941 gentium;
3295 1870 3536 1941 quoniam

1953 1966 2111 2035 ipsius
2148 1974 2220 2018 est
2250 1981 2460 2036 regnum
2479 2006 2495 2031 ,
2525 1972 2569 2019 et
2595 1966 2701 2035 ipse
2738 1962 3079 2017 dominabitur
3108 1962 3333 2032 gentium
3363 1960 3539 2031 (Psal.

1955 2072 2067 2123 ut,
2097 2057 2185 2120 l7,
2214 2055 2302 2121 l8,
2336 2056 2421 2121 l9,
2452 2055 2544 2122 28,
2574 2054 2687 2125 29).
2723 2055 2797 2109 De
2821 2069 2979 2109 causa
3010 2054 3189 2122 itaque
3211 2061 3389 2107 vestra
3412 2061 3541 2106 tunc

1956 2144 2183 2201 fortasse
2209 2161 2429 2216 cogerer
2449 2146 2691 2217 judicare
2716 2188 2730 2207 ,
2756 2145 2799 2198 si
2829 2145 2913 2199 vel
2939 2144 3110 2199 vicina
3135 2158 3333 2209 essem,
3357 2144 3439 2199 vel
3471 2144 3542 2198 ita

1956 2246 2161 2293 remota
2182 2280 2198 2305 ,
2227 2248 2286 2293 ut
2312 2238 2452 2292 inter
2491 2252 2589 2292 nos
2614 2244 2670 2291 et
2697 2251 2791 2291 vos
2821 2251 2924 2289 non
2957 2235 3257 2290 habitarent
3282 2236 3368 2289 alii
3396 2235 3543 2289 chri-

1957 2328 2114 2383 stiani
2159 2328 2347 2384 eodem
2389 2316 2605 2383 nomine
2640 2328 2862 2398 signati,
2894 2328 3081 2381 eadem
3122 2328 3324 2381 unitate
3350 2326 3544 2396 pacati.

1958 2420 2131 2475 Multa:
2153 2420 2466 2490 intcrjacent
2493 2421 2677 2490 patriae
2712 2422 2946 2490 gentium
2974 2458 2990 2485 ,
3012 2419 3169 2474 simul
3195 2433 3402 2473 mecum
3428 2433 3545 2473 em-

1959 2518 2062 2580 ptae
2091 2510 2231 2564 illius
2273 2512 2548 2581 sanguine,
2572 2510 2626 2565 in
2659 2509 2811 2579 cujus
2839 2516 3128 2579 conspectu
3164 2524 3371 2564 mecum
3402 2509 3549 2577 pari-

1961 2611 2041 2659 ter
2069 2603 2308 2657 adorant.
2332 2603 2435 2658 Per
2474 2602 2591 2657 illas
2619 2601 2685 2657 ad
2722 2616 2807 2655 me
2834 2601 3042 2655 transiit
3084 2600 3224 2654 fama
3253 2600 3319 2655 de
3355 2601 3545 2665 vobis;

1961 2696 2091 2765 ipsa:
2118 2695 2186 2750 de
2209 2695 2478 2749 vicinitate
2515 2708 2728 2750 causam
2759 2702 2992 2748 vestram
3022 2693 3330 2748 examinare
3358 2701 3545 2762 potue-

1961 2798 2087 2845 runt
2110 2809 2123 2845 :
2152 2788 2293 2859 quod
2322 2788 2367 2842 si
2396 2804 2500 2841 non
2526 2796 2609 2843 est
2633 2786 2824 2842 factum
2847 2827 2862 2852 ,
2884 2801 2982 2840 vos
3004 2784 3349 2856 neglexistis;
3377 2799 3551 2855 neque

1962 2882 2105 2937 enim
2134 2879 2361 2949 neglecti
2390 2894 2420 2933 a
2446 2878 2655 2934 caneris
2679 2920 2693 2942 ,
2724 2892 2831 2931 non
2853 2891 3024 2947 usque
3047 2876 3113 2931 ad
3148 2890 3245 2931 nos
3270 2876 3432 2931 etiam
3458 2890 3552 2931 ve-

1964 2975 2183 3029 niretis:
2216 2974 2260 3027 si
2286 2981 2464 3028 autem
2494 2972 2693 3042 aliquid
2716 2972 3008 3041 iudicatum
3039 2980 3141 3039 est,
3166 2970 3291 3026 date
3318 2971 3550 3038 veniam,

1964 3082 2071 3122 non
2092 3066 2263 3122 audeo
2292 3066 2442 3122 vobis
2463 3066 2725 3136 superatis
2755 3072 2960 3120 temere
2984 3063 3207 3119 credere
3227 3106 3241 3131 ,
3265 3072 3323 3119 et
3342 3063 3553 3133 judices

1965 3171 2175 3217 vestros
2204 3159 2388 3215 eadem
2417 3158 2716 3214 temeritate
2741 3158 3015 3212 damnare.
3038 3156 3259 3211 Accedit
3280 3156 3383 3212 huc
3409 3156 3552 3210 aliud

1964 3252 2105 3323 quod
2152 3266 2238 3307 me
2272 3250 2559 3321 plurimum
2600 3257 2839 3314 moveat,
2862 3250 2985 3321 quia
3020 3250 3066 3304 si
3106 3264 3201 3303 vos
3240 3249 3554 3304 innocentes

1965 3343 2205 3413 Oppressi
2241 3342 2467 3406 essetis,
2509 3355 2608 3397 nos
2646 3341 2832 3396 saltem
2874 3340 3064 3396 fratres
3105 3340 3195 3411 qui
3243 3340 3374 3394 nihil
3401 3341 3555 3397 vobis
3642 3392 3664 3411 ,
3728 3386 3739 3397 .

1966 3434 2277 3499 nocuimus,
2312 3434 2600 3489 amaretis:
2642 3448 2763 3489 cum
2796 3448 2923 3488 vero
2949 3448 3048 3490 nos
3069 3475 3083 3499 ,
3109 3433 3198 3503 qui
3224 3434 3361 3489 bene
3399 3434 3555 3489 nobis

1966 3524 2167 3580 conscii
2202 3538 2386 3579 sumus
2413 3538 2626 3580 causam
2662 3531 2894 3579 vestram
2937 3522 3125 3578 vicinis
3170 3524 3359 3579 vestris
3388 3534 3556 3585 erecto

1968 3616 2222 3670 Ecclesia:
2256 3615 2378 3685 jure
2416 3614 2758 3670 commissam
2802 3614 2965 3669 fuisse
2994 3616 3031 3679 ¹,
3074 3615 3163 3685 qui
3216 3630 3396 3671 coram
3440 3617 3554 3672 Deo

1966 3707 2145 3762 sciunt
2184 3705 2630 3778 quemadmodum
2665 3705 3050 3776 judicaverint,
3094 3707 3329 3762 lacerare
3374 3716 3552 3763 tamen

1967 3798 2262 3853 maledictis
2289 3806 2343 3851 et
2368 3797 2574 3869 acerbis
2598 3796 2737 3852 odiis
2765 3798 3045 3864 insectari,
3074 3806 3130 3852 et
3152 3798 3303 3867 quasi
3336 3809 3555 3867 propter

1966 3903 2063 3944 vos
2088 3888 2331 3944 Christus
2355 3887 2495 3957 apud
2526 3902 2624 3941 nos
2650 3886 3014 3942 haereditatcm
3050 3902 3199 3941 suam
3226 3888 3552 3957 perdiderit,

1967 3980 2129 4035 etiam
2166 3978 2494 4047 rebaptizare
2530 3977 2975 4047 conamini,quid
3005 3977 3126 4032 boni
3155 3978 3221 4033 de
3258 3978 3343 4033 illa
3374 3987 3554 4035 vestra

1966 4084 2125 4126 causa
2156 4069 2356 4124 sentire
2385 4068 2715 4138 poterimus?
2745 4067 2845 4136 Qui
2870 4068 3012 4122 enim
3059 4069 3214 4139 longe
3255 4071 3555 4127 remotissi-

1967 4176 2085 4217 mos
2108 4159 2615 4216 fratrcstcmerariis
2636 4160 3027 4229 suspicionibus
3054 4160 3308 4217 damnare
3336 4163 3555 4219 minime

1967 4253 2245 4321 dubitatis,
2263 4268 2421 4323 quam
2442 4252 2588 4323 juste
2607 4268 2638 4307 a
2663 4252 2850 4308 vicinis
2868 4254 3060 4308 vestris
3075 4252 3309 4310 damnati
3327 4255 3555 4325 fueritis,

1968 4344 2266 4402 ostenditis.
2280 4343 2389 4400 Cur
2398 4345 2539 4399 enim
2555 4359 2661 4399 non
2672 4344 2884 4400 credam
2902 4353 3047 4401 recte
3065 4345 3304 4403 damnari
3322 4350 3559 4418 potuisse

1969 4452 2000 4492 a
2026 4438 2202 4493 vicino
2234 4436 2413 4507 judice
2450 4436 2687 4491 auditum
2709 4479 2725 4504 ,
2753 4438 2844 4507 qui
2877 4452 2963 4492 me
2996 4436 3211 4493 fratrem
3245 4447 3350 4493 tam
3400 4440 3557 4512 longe

1969 4530 2244 4586 absentem
2274 4528 2529 4583 damnare
2557 4542 2664 4584 non
2688 4527 2894 4583 dubitat
2932 4528 3224 4583 inauditum
3249 4544 3264 4595 ;
3296 4528 3399 4585 hoc
3424 4531 3559 4586 mihi

1970 4622 2227 4693 objiciens
2243 4622 2529 4676 maximum
2547 4622 2748 4677 crimen
2768 4663 2784 4687 ,
2804 4622 3052 4692 quoniam
3070 4622 3158 4692 qui
3179 4638 3414 4692 praesens
3438 4639 3562 4680 esse

1971 4729 2078 4769 non
2106 4712 2285 4784 potui,
2317 4712 2396 4767 eis
2423 4712 2491 4767 ad
2521 4727 2655 4783 quos
2686 4726 2844 4768 causa
2881 4713 3135 4783 perducta
3168 4724 3252 4770 est
3286 4715 3560 4785 judicibus

1970 4805 2169 4878 potius,
2198 4818 2359 4876 quam
2392 4804 2547 4859 victis
2589 4803 2943 4876 litigatoribus
2980 4807 3222 4863 credidi?
3246 4807 3451 4875 Quibus
3470 4810 3559 4881 ju-

1971 4897 2178 4953 dicibus
2227 4896 2274 4952 si
2316 4911 2424 4951 non
2472 4898 2646 4966 potius
2696 4897 3077 4967 credidissem,
3132 4900 3339 4956 etiamsi
3366 4902 3444 4958 illi
3469 4902 3562 4974 qui

1971 4988 2097 5044 victi
2116 4996 2241 5043 sunt
2282 4987 2593 5043 innocentes
2644 4996 2845 5054 essent,
2864 5004 2965 5060 ego
2986 4992 3242 5049 innocens
3285 5008 3405 5050 esse
3452 5008 3558 5050 non

1972 5096 2205 5152 possem.
2252 5080 2438 5151 Magno
2482 5080 2627 5137 enim
2661 5081 2858 5138 delicto
2896 5084 3325 5155 implicaremur,
3356 5088 3402 5142 si
3434 5103 3559 5145 cum

1974 5174 2137 5230 corda
2158 5173 2389 5229 humana
2406 5189 2515 5228 non
2538 5188 2908 5244 cerneremus,
2932 5178 3372 5248 necdisciplinam
3394 5180 3565 5236 eccle-

1974 5268 2243 5324 siasticam
2274 5277 2607 5333 teneremus,
2640 5284 2763 5325 cum
2788 5270 2867 5327 eis
2907 5271 3172 5327 nollemus
3195 5271 3563 5341 judicantibus

1974 5360 2215 5429 credere,
2249 5361 2385 5416 ultra
2407 5376 2544 5431 quos
2568 5376 2673 5416 non
2703 5362 2873 5432 potuit
2900 5377 3061 5419 causa
3088 5362 3350 5431 transire,
3382 5372 3437 5419 et
3467 5378 3564 5435 per

1975 5468 2109 5526 quos
2135 5453 2308 5524 potuit
2340 5452 2409 5507 ad
2439 5468 2537 5508 nos
2565 5454 2701 5508 fama
2743 5469 3074 5524 percurrere.
3122 5453 3206 5509 Ab
3249 5454 3363 5510 istis
3401 5455 3562 5512 inno-

1974 5546 2219 5603 centibus
2246 5545 2404 5616 impia
2428 5554 2482 5601 te
2509 5546 2809 5618 direptione
2836 5545 3111 5611 discindis,
3138 5555 3193 5602 et
3220 5547 3558 5606 innocentem

1978 5647 2029 5694 te
2054 5636 2224 5692 dicis:
2253 5636 2394 5707 quod
2423 5638 2602 5707 utique
2635 5638 2681 5692 si
2718 5649 2865 5692 esses
2886 5677 2899 5703 ,
2932 5649 3054 5689 cum
3090 5636 3300 5693 videres
3333 5639 3385 5693 in
3412 5638 3558 5695 Scri-

2042 5774 2129 5821 ‘tn
2154 5770 2327 5833 editis,
2376 5769 2521 5831 fuisse
2557 5768 2792 5820 dicamus.
2847 5768 3011 5831 Abest,
3058 5767 3296 5832 dicamus,
3334 5782 3555 5822 amanu-

1980 5837 2182 5899 scriptis.

2952 5917 3234 5999 (Deum)
