4054 6470
253 479 324 546 ,5

254 595 420 673 tius",
442 607 707 678 tanquam
734 588 999 661 levissima
1039 603 1187 675 palea
1210 603 1372 659 variis
1401 618 1676 659 rumorum
1706 603 1844 662 ﬂati-

243 685 350 754 'bus
378 701 620 771 separati
664 708 807 753 sunt.
837 697 939 752 Sed
982 685 1399 766 inquiuntzNon
1442 697 1564 754 haec
1599 697 1838 753 fecimus.

244 781 480 846 Videant
523 807 656 862 ergo
681 807 747 845 ex
773 789 871 844 hac
899 789 1190 859 quaestione
1229 804 1286 844 se
1335 790 1576 858 primitus
1615 791 1843 846 liberare

251 877 450 938 debere
470 885 516 949 ',
568 893 623 937 et
651 894 775 937 tunc
815 881 1033 946 audere,
1079 879 1124 936 si
1151 880 1273 950 quid
1318 882 1678 936 molestiarum
1725 883 1839 938 sive

255 994 534 1049 pmoarum
558 993 588 1031 a
614 976 921 1032 christianis
949 975 1363 1044 imperatoribus
1410 975 1710 1043 patiuntur,
1759 975 1842 1031 vel

251 1071 522 1137 deponere
552 1069 606 1122 in
636 1067 1044 1138 querimoniam,
1069 1067 1160 1119 a'ut
1195 1079 1468 1120 assumere
1504 1065 1557 1119 in
1595 1066 1839 1136 gloriam.

244 1149 328 1217 De
347 1178 452 1232 qna
483 1177 565 1225 re,
589 1147 648 1213 id
681 1169 782 1226 est,
808 1159 974 1228 ipsius
1000 1157 1306 1212 schismatis
1331 1159 1645 1226 qumstione,
1688 1157 1734 1212 si
1762 1158 1844 1212 ni-

251 1253 322 1307 hil
347 1241 500 1307 aliud
527 1238 763 1306 dicerem
783 1291 802 1318 ,
847 1265 911 1306 ea
939 1264 1058 1320 quae
1084 1249 1329 1318 superius
1354 1255 1479 1302 sunt
1514 1247 1655 1305 dicta
1687 1247 1840 1303 sufﬁ-

249 1352 451 1400 cerent.
779 1418 782 1420 η
909 1413 918 1426 ⁸
1008 1423 1012 1426 Ι

317 1421 552 1491 CAPUT
595 1421 664 1488 Χ.
692 1462 763 1473 -
789 1431 878 1487 16.
908 1421 988 1485 An
1008 1423 1156 1484 forte
1193 1428 1395 1494 dicent,
1427 1429 1586 1483 etiam
1631 1429 1676 1483 si
1709 1443 1840 1484 con-

248 1529 538 1584 vincuntur
563 1527 615 1579 in
645 1507 900 1593 sacrilega
930 1523 1296 1587 dissensione,
1330 1529 1388 1575 ut
1414 1536 1508 1591 pro
1538 1535 1600 1576 ea
1623 1519 1843 1575 demen-

249 1623 318 1677 tia
348 1622 393 1676 si
420 1620 552 1692 quid
581 1618 719 1688 passi
747 1617 962 1679 fuerint,
1014 1623 1278 1685 martyres
1301 1628 1406 1667 non
1435 1612 1582 1700 sint;
1628 1629 1735 1667 non
1765 1622 1844 1700 ta-

248 1728 370 1767 men
396 1697 465 1765 ad
511 1711 892 1778 imperatorum
925 1713 1243 1775 p0testatem
1292 1702 1407 1758 haec
1435 1697 1729 1758 eoercenda
1755 1697 1842 1757 vel

241 1801 522 1876 punienda
541 1800 825 1870 .pertinere
851 1798 1067 1852 debere.
1105 1795 1220 1863 Qua
1249 1795 1301 1849 in
1330 1810 1389 1850 re
1417 1810 1596 1865 quaero
1612 1794 1734 1863 quid
1756 1793 1841 1848 di-

247 1897 367 1953 cant
402 1913 418 1951 :
448 1910 519 1948 an
549 1893 672 1963 quia
698 1891 766 1946 de
788 1889 1048 1959 religione
1076 1887 1265 1941 vitiosa
1293 1886 1378 1942 vel
1423 1886 1552 1940 falsa
1583 1885 1714 1940 nihil
1743 1901 1839 1940 cu-

245 1973 476 2042 randum
494 1982 780 2038 esttalibus
807 1978 1198 2049 potestatibus?
1227 1973 1333 2033 Sed
1361 1977 1524 2031 multa
1542 1977 1653 2047 jam
1679 1976 1838 2032 etiam

246 2079 311 2136 de
357 2075 593 2147 Pagani‘s
635 2074 886 2138 diximus,
931 2081 982 2126 et
1013 2070 1081 2126 de
1120 2070 1250 2140 ipsis
1278 2067 1634 2136 dtrmonibus,
1699 2061 1840 2139 quod

246 2167 652 2240 persecutiones
677 2163 744 2218 ab
769 2161 1175 2232 imperatoribus
1215 2160 1503 2229 patiantur.
1550 2160 1631 2214 An
1658 2167 1713 2215 et
1741 2158 1842 2214 lto'c

246 2259 526 2332 diSplicet?
577 2258 685 2313 Cur
709 2271 838 2325 ergo
869 2255 970 2324 ipsi
1006 2253 1092 2307 ubi
1120 2261 1344 2322 possunt
1381 2250 1577 2321 templa
1624 2250 1845 2342 subvera

250 2364 386 2418 tunt,
420 2363 474 2406 et
504 2365 601 2420 per
631 2347 840 2403 furores
863 2344 1368 2400 Circumcellionum
1395 2341 1518 2396 talia
1545 2341 1721 2397 facere
1750 2341 1842 2396 aut

246 2444 529 2499 vindicare
561 2457 666 2496 non
697 2438 950 2494 cessant?
983 2439 1062 2490 An
1082 2436 1276 2505 jnstior
1296 2444 1378 2490 est
1406 2435 1609 2504 privata
1640 2435 1842 2488 violen-

246 2536 335 2604 tia,
377 2550 541 2606 quam
588 2533 750 2603 regia’
779 2528 1092 2600 diligentia?
1122 2526 1228 2580 Sed
1281 2526 1396 2580 hare
1435 2526 1654 2590 omitto;
1706 2524 1837 2580 illud

245 2642 447 2699 quaero,
500 2640 623 2680 cum
669 2621 946 2678 manifeste
1000 2625 1283 2675 enumeret
1334 2617 1624 2686 Apostolus
1686 2632 1842 2685 opera

245 2721 431 2786 carnis,
468 2731 585 2788 qua:
619 2724 754 2779 sunt,
807 2713 993 2782 inquit,
1040 2709 1425 2784 fornicationes,
1470 2707 1838 2772 immunditiis,

245 2812 606 2873 contentiones,
649 2805 1013 2869 wnmlutiones,
1066 2799 1423 2864 animositates,
1484 2797 1836 2864 dissensiones,

246 2906 479 2966 hirreses,
520 2900 744 2965 invidiae,
785 2898 1064 2964 ebrietates,
1087 2893 1489 2954 comessationes,
1515 2899 1562 2945 et
1587 2891 1665 2944 his
1694 2891 1840 2944 simi-

248 2999 312 3050 lia
337 2994 356 3067 (
379 2993 559 3049 Galat.
593 3007 647 3058 γ,
678 2989 742 3044 19
772 2989 825 3056 );
870 2987 995 3057 quid
1028 2986 1140 3040 istis
1165 2982 1463 3048 videatur',
1521 2979 1618 3034 ut‘
1640 2981 1841 3036 crimen

244 3087 566 3144 idololatria:
600 3091 786 3154 putent
799 3080 942 3151 juste
986 3079 1052 3132 ab
1092 3075 1504 3146 imperatoribus
1542 3073 1838 3130 vindicari:

243 3190 334 3236 aut
352 3181 398 3235 si
427 3194 532 3234 nec
563 3179 662 3232 hoc
682 3175 886 3239 volunt,
916 3188 1009 3226 cur
1033 3172 1082 3225 in
1107 3170 1372 3224 veneficos
1405 3168 1640 3237 vigorem
1663 3167 1838 3236 legum

243 3273 483 3331 exerceri
524 3271 668 3341 juste
714 3267 1012 3325 fateantur:
1058 3264 1108 3316 in
1141 3263 1422 3316 haereticos
1453 3271 1630 3315 autem
1679 3270 1839 3330 atque

241 3370 433 3438 impias
457 3363 822 3419 dissensiones
852 3359 874 3390 ⁸
906 3358 1079 3412 nolint
1108 3355 1280 3422 fateri,
1303 3370 1422 3408 cum
1452 3355 1502 3408 in
1527 3354 1712 3408 iisdem
1743 3354 1840 3409 ini-

239 3457 462 3529 quitatis
491 3454 751 3508 fructibus
777 3448 1089 3504 auctoritate
1131 3445 1423 3516 apostolica
1464 3453 1836 3499 numerentur.

242 3553 322 3606 An
349 3550 489 3604 forte
509 3562 610 3604 nec
635 3545 756 3598 talia
785 3549 1075 3611 potestates
1097 3540 1210 3592 istze
1232 3537 1479 3591 humana:
1505 3538 1839 3592 constitutio-

241 3644 324 3699 nis
353 3640 740 3712 permittuntur
756 3650 950 3690 curare
973 3633 1035 3684 ’Ἰ
1072 3633 1294 3699 Propter
1314 3630 1438 3699 quid
1462 3646 1586 3698 ergo
1611 3631 1839 3699 gladium

244 3742 430 3806 portat,
475 3731 566 3801 qui
589 3729 762 3784 dictus
787 3737 866 3781 est
897 3725 1119 3777 minister
1162 3721 1257 3774 Dei
1293 3721 1476 3775 vindex
1513 3723 1563 3774 in
1604 3722 1732 3773 iram
1761 3723 1839 3776 eis

243 3831 327 3898 qui
351 3825 494 3880 male
543 3819 751 3892 agunt?
802 3818 909 3872 Nisi
942 3815 1097 3880 forte,
1121 3812 1564 3884 quemadmodum
1601 3814 1838 3868 nonnulli

242 3934 427 3974 eorum
464 3931 597 3970 sane
638 3907 1018 3980 imperitissimi
1063 3906 1163 3959 hoc
1191 3905 1487 3972 intelligere
1521 3905 1716 3970 solent,
1771 3904 1839 3960 de

241 4009 540 4067 honoribus
565 4001 940 4068 ecclesiasticis
961 3999 1158 4053 dictum
1182 4007 1283 4059 est,
1313 4005 1370 4048 ut
1399 3994 1607 4064 gladius
1637 3995 1835 4048 intelli-

242 4113 395 4174 gatur
453 4098 691 4154 vindicta
732 4093 1061 4164 spiritualis,
1117 4087 1836 4158 quiexcommunicationem

242 4203 498 4264 Operatur
522 4191 542 4222 τ
591 4207 606 4244 :
635 4204 758 4242 cum
801 4182 1291 4254 providentissimus
1335 4178 1622 4247 Apostolus
1651 4193 1840 4232 consc-

242 4282 776 4358 quenticontcxtione
798 4276 1039 4332 lectionis
1057 4276 1184 4328 satis
1210 4271 1545 4343 aperiatquid
1569 4273 1834 4339 loquatur.

245 4379 352 4434 Illic
377 4377 580 4448 quippe
605 4371 825 4434 addidit,
849 4368 1063 4437 Propter
1085 4367 1176 4418 hoc
1197 4365 1326 4417 enim
1355 4373 1400 4416 et
1422 4362 1607 4416 tributa
1631 4372 1839 4428 prcesta.

245 4473 308 4526 tis
335 4488 352 4524 :
377 4485 442 4524 ac
479 4465 674 4521 deinde
710 4461 998 4532 subjnnxit,
1029 4458 1240 4511 Reddite
1256 4457 1483 4510 omnibus
1527 4455 1725 4520 debita;
1755 4457 1838 4511 cui

251 4564 518 4625 tributum,
533 4553 908 4617 tributum;cui
935 4549 1164 4620 vectigal,
1191 4549 1402 4618 vectigal
1423 4565 1441 4613 ;
1467 4548 1551 4600 cui
1574 4548 1834 4616 honorem,

245 4655 530 4714 honorem;
555 4649 638 4702 cui
665 4648 910 4706 timorem,
945 4644 1169 4696 timorem
1197 4641 1374 4710 (Rom.
1403 4655 1515 4705 xm,
1550 4640 1694 4709 1-7).
1727 4641 1840 4696 Hoc

245 4761 371 4816 ergo
392 4746 504 4813 jam
541 4748 727 4803 restat,
773 4744 831 4791 ut
868 4735 985 4789 istis
1017 4731 1469 4800 disputationibus
1494 4730 1606 4784 suis
1652 4731 1837 4800 prohi-

245 4841 405 4897 beant
447 4835 786 4891 Christianos
810 4830 1002 4886 tributa
1033 4827 1373 4897 persolvere:
1401 4839 1522 4878 cum
1566 4831 1621 4878 et
1656 4823 1837 4880 Domi-

246 4950 346 4990 nus
371 4932 500 4987 talia
530 4925 880 4984 sentientibus
910 4919 1215 4984 Pharuswis,
1262 4931 1394 4986 quos
1425 4915 1698 4970 imitantur
1727 4916 1834 4983 isti,

248 5041 470 5082 nummo
487 5023 750 5092 inspecto,
778 5015 1012 5078 Reddite,
1039 5020 1130 5076 att,
1151 5009 1339 5064 Caesari
1357 5008 1492 5078 quod
1504 5007 1716 5062 Ctesaris
1743 5016 1833 5076 est,

311 5189 329 5218 ι
364 5179 485 5236 min
500 5218 515 5242 ,
539 5174 586 5242 et
609 5190 718 5228 cum
739 5187 798 5226 ea
819 5171 956 5242 quasi
978 5161 1425 5242 sinmlatajuslitia
1453 5165 1838 5242 ’(Wltt’t'ugt‘tge

249 5225 485 5306 ιηηιὶιῖὲ
500 5225 898 5314 ὶνῐιὶεὶίὲφανέινί
936 5243 994 5304 (ξε
1017 5225 1404 5314 [νιεῐηίίνξίῇἔῖξε

252 5287 790 5360 ξῖέτὲὦῗᾶδῖέᾶιὴεᾶν,
807 5296 925 5347 dum
946 5287 1038 5358 ipsi
1060 5292 1118 5342 ab
1149 5305 1206 5342 ea
1229 5287 1398 5355 potius.
1427 5287 1747 5338 Emendantur
1771 5301 1836 5340 ex

253 5377 697 5482 msngiﬁigisintn
718 5435 868 5479 vero,
896 5414 1323 5482 liberari‘detrerex
1497 5470 1514 5482 ι
1721 5471 1734 5482 .

318 5496 338 5526 ι
449 5470 793 5554 ‘LIIng'Y-enf
817 5470 968 5550 hove
991 5482 1061 5528 sic
1100 5470 1657 5554 legunthl‘l‘ltncnlgfllm
1680 5485 1692 5520 ε

257 5533 850 5628 Miggit‘b‘ifmfniresze
871 5545 1115 5595 maneret
1151 5533 1392 5602 ipostolns
1431 5533 1694 5584 dicens.....
1720 5533 1838 5598 quid

375 5617 584 5692 vi"?""':
603 5620 786 5692 ἐξ---
828 5673 932 5692 -..--κ

322 5675 1029 5798 ἶιῒέἱῗᾚὲῗὲιξὲῖὶςξέίῗῗέὀδ
1074 5723 1221 5798 irnpia
1259 5715 1572 5798 dissensione.
1613 5724 1668 5766 At
1703 5725 1838 5777 Mss,

256 5788 802 5870 “scitissime”?
827 5788 1544 5870 (ruﬁs—*2:1’.‘Tfi’."f’}i€f§lz...m..
1567 5837 1719 5870 -..ης

327 5843 593 5913 Vistiliae;
604 5843 813 5914 codices,
835 5855 951 5906 istas
969 5843 1192 5900 humana:
1209 5843 1544 5897 constitutionis
1567 5843 1842 5905 permittunt

264 5939 586 6043 “$6:an
602 5989 731 6044 Mss,
757 5991 864 6044 qua:
885 5971 1421 6029 excommunicatimm:
1445 5973 1686 6034 operatur.

1621 473 1832 547 "Lmen
1871 476 2141 549 P'RIMUS.
3463 493 3533 572 κδ

1955 615 2001 661 et
2046 603 2156 662 Deo
2183 599 2317 680 quod
2351 595 2450 666 Dei
2482 617 2565 669 'est
2612 607 2822 688 (Matth.
2869 606 3002 689 xxii,
3046 603 3170 692 Eii).
3207 609 3283 679 ’Ἡὶ
3308 639 3433 683 vero
3477 629 3528 686 in

1951 709 2176 770 utroque
2205 693 2570 762 inebedientcs
2614 718 2771 780 atque
2812 712 2980 783 impii,
3027 730 3128 771 nec
3167 717 3277 772 Deo
3304 709 3533 779 reddunt

1951 792 2294 850 christianum
2317 812 2572 863 amorem,
2595 816 2693 857 nec
2714 804 2926 874 regibus
2950 805 3234 863 humanum
3252 809 3530 869 timorem:

1943 879 2024 938 ita
2051 885 2174 940 caeci
2206 895 2258 940 et
2283 887 2473 955 insani,
2526 891 2583 944 u't
2609 907 2729 946 cum
2769 894 3136 953 schismaticos
3183 915 3311 956 suos
3359 903 3531 959 Maxi-

1950 974 2226 1030 mianistas
2268 987 2365 1050 per
2391 989 2681 1048 potestates
2707 993 2748 1036 'a
2792 985 3066 1042 catholicis
3118 990 3530 1062 imperatoribus

1951 1064 2140 1120 missas
2165 1065 2232 1121 de
2265 1063 2509 1124 basilicis
2547 1067 2889 1139 eXcluserlnt,
2938 1087 2992 1131 et
3027 1079 3079 1133 vi
3112 1096 3299 1152 magna
3335 1083 3534 1152 jussio-

1951 1172 2078 1211 num
2106 1169 2160 1212 et
2183 1158 2498 1215 auxiliorum
2538 1164 2731 1220 cedere
2769 1166 2867 1221 sibi
2905 1171 3276 1240 compulerint,
3310 1186 3534 1244 arguant

1949 1246 2298 1333 Catholicam,
2329 1254 2371 1306 si
2403 1269 2585 1339 proca
2615 1258 2862 1314 catholici
2895 1263 3162 1333 principes
3203 1267 3305 1322 tale
3333 1267 3528 1339 aliquid

1939 1329 2064 1395 "ﬁeri
2092 1346 2462 1413 praeceperint.
2501 1337 2616 1416 'lpsi
2647 1365 2772 1403 vero
2803 1329 3204 1410 Masimianistm
3245 1367 3529 1430 antequam

1950 1444 2128 1490 essent
2158 1433 2578 1507 Maximianistm,
2629 1440 2682 1494 id
2726 1451 2826 1509 est,
2866 1459 2986 1498 cum
3007 1445 3179 1502 adhuc
3221 1465 3326 1504 uno
3372 1449 3527 1506 simn‘l

1942 1507 2340 1582 Donatistarum
2377 1533 2648 1585 consortio
2685 1543 3011 1601 tenerentur,
3043 1553 3162 1606 qua:
3205 1539 3272 1592 ab
3291 1540 3380 1595 'eis
3421 1533 3531 1596 Ro-

1948 1626 2100 1687 gatus
2137 1618 2225 1674 ille
2253 1619 2458 1676 Maurus
2502 1637 2597 1692 per
2623 1640 2802 1694 regem
2842 1627 3122 1682 barbarum
3163 1629 3396 1687 Firmum
3430 1633 3526 1705 (o),

1948 1724 2105 1780 quam
2150 1726 2308 1780 smva,
2331 1722 2385 1769 et
2411 1730 2568 1784 quam
2600 1717 2788 1770 acerba
2819 1733 3102 1788 perpessus
3142 1722 3230 1787 sit,
3251 1725 3524 1779 recolant:

1949 1812 2003 1858 et
2043 1811 2268 1868 taceant,
2315 1820 2414 1860 nec
2436 1808 2686 1878 conqueri
2728 1807 2956 1864 au‘deant
3001 1813 3196 1882 siquid
3227 1811 3530 1885 lmjnsmodi

1947 1893 2032 1948 vel
2080 1910 2110 1948 a
2155 1883 2507 1952 Primianistis
2541 1908 2754 1968 prOpter
2805 1916 2958 1956 suum
3006 1903 3257 1972 schisma,
3292 1883 3377 1961 vel
3407 1923 3530 1963 cum

1949 1979 2301 2041 Pri'mianistis
2340 1998 2559 2059 propter
2593 1983 2990 2045 Donatistarum
3022 1994 3061 2060 ί,
3109 2010 3214 2049 non
3263 2012 3356 2065 pro
3401 1990 3530 2053 reli-

1947 2077 2105 2147 gione
2130 2093 2298 2142 sacra,
2328 2079 2421 2134 sed
2450 2095 2543 2150 pro
2564 2082 2902 2137 animositate
2931 2084 3183 2156 sacrilega
3211 2087 3498 2156 patiuntur.

2007 2161 2244 2225 CAPUT
2267 2167 2356 2224 XI.
2387 2200 2458 2211 —
2487 2171 2574 2225 17.
2596 2169 2859 2228 Fortassis
2884 2173 3025 2229 enim
3061 2175 3259 2246 dicunt,
3285 2180 3529 2249 graviora

1947 2273 2005 2313 se
2047 2260 2328 2328 perpessos
2371 2276 2400 2314 a
2443 2257 2716 2318 catholicis
2767 2265 3193 2336 imperatoribus,
3240 2287 3396 2340 quam
3442 2267 3529 2328 isti

1947 2345 2188 2403 fecerunt
2241 2365 2335 2419 per
2375 2367 2526 2422 reges
2570 2353 2920 2410 barbarorum
2959 2356 3274 2428 Rogatistis,
3310 2363 3395 2418 vel
3432 2380 3531 2434 per

1940 2439 2149 2510 judices
2177 2442 2557 2500 catholicorum
2585 2447 2965 2516 imperatorum
2989 2441 3419 2522 'Maximianistis,
3445 2457 3530 2512 vel

1947 2531 2105 2584 etiam
2132 2531 2332 2586 faciunt
2361 2549 2458 2603 per
2494 2533 2732 2590 furorem
2766 2537 3265 2597 Circumcellionum
3308 2548 3528 2615 quibus-

1947 2627 2171 2692 cumque
2207 2635 2448 2693 possunt.
2489 2625 2647 2691 Quasi
2672 2642 2800 2682 vero
2825 2628 2947 2684 inde
2972 2633 3193 2700 quaestio
3234 2634 3323 2704 sit,
3353 2647 3531 2692 utrum

1945 2714 2185 2784 graviora
2215 2716 2480 2784 patiantur
2501 2733 2658 2788 quam
2689 2719 2904 2774 faciunt.
2955 2723 3104 2790 Quod
3131 2725 3348 2794 quidem
3385 2731 3531 2786 nullo

1945 2805 2107 2861 modo
2133 2811 2510 2864 concesserim.
2543 2809 2703 2864 Multa
2724 2812 2864 2867 enim
2895 2827 3078 2868 eorum
3107 2817 3399 2873 saevissima
3427 2837 3530 2876 nu-

1946 2907 2238 2967 merantur,
2283 2899 2391 2954 imo
2411 2901 2677 2956 numerari
2715 2917 2818 2957 non
2867 2914 3120 2973 possunt,
3155 2925 3272 2978 qua:
3303 2911 3349 2965 si
3393 2928 3526 2982 pan-

1946 2991 2090 3046 ciora
2116 3001 2295 3047 essent
2312 2993 2397 3048 vel
2423 3008 2516 3047 eos
2542 2994 2593 3048 in
2627 3010 2760 3064 quos
2799 2995 3152 3054 admittuntur
3191 3001 3366 3057 minus
3392 3005 3531 3060 affli-

1945 3092 2152 3152 gerent,
2179 3099 2243 3136 eo
2267 3084 2382 3152 ipso
2421 3095 2600 3140 essent
2641 3096 2786 3141 certe
2819 3088 3082 3153 graviora,
3114 3091 3254 3160 quod
3303 3110 3408 3148 non
3457 3095 3527 3151 ab

1946 3173 2202 3226 ordinatis
2247 3175 2595 3244 potestatibus
2639 3176 2912 3245 iubentur,
2955 3178 3048 3233 sed
3092 3185 3530 3242 extraordinariis

1945 3262 2214 3318 fm'oribus
2241 3265 2608 3320 admittuntur.
2641 3266 2754 3332 Non
2776 3270 2916 3322 enim
2945 3278 3050 3323 tam
3073 3271 3239 3324 multa
3269 3284 3388 3327 sunt
3409 3292 3531 3345 quae

1945 3358 2201 3413 adversus
2239 3357 2653 3414 Maximianistas
2688 3375 2780 3429 per
2816 3361 3022 3430 judices
3053 3362 3300 3418 btnnanm
3331 3370 3532 3422 consti-

1945 3452 2164 3506 tutionis
2195 3461 2416 3521 egerunt
2443 3453 2462 3483 ²
2491 3451 2564 3522 (in
2604 3467 2669 3507 eo
2695 3468 2888 3522 genere
2928 3455 3194 3508 actionum
3226 3467 3442 3526 ponant,
3485 3460 3530 3514 si

1946 3545 2152 3608 volunt,
2196 3543 2455 3612 quaeque“
2493 3545 2648 3598 etiam
2689 3547 2753 3598 ad
2794 3547 3218 3615 persequendum
3265 3549 3528 3620 [togatum

1943 3636 2183 3690 Maurum
2203 3637 2270 3690 ab
2289 3637 2367 3690 eis
2391 3653 2481 3705 per
2509 3637 2742 3691 Firmum
2769 3639 3044 3692 barbarum
3064 3651 3210 3709 gesta
3238 3654 3383 3709 sunt,
3414 3645 3518 3700 etsi

1943 3728 2114 3793 illum,
2148 3728 2271 3782 licet
2313 3727 2517 3782 hostem
2559 3729 2997 3785 immanissimum
3037 3731 3421 3800 Romanorum,
3468 3737 3521 3792 in

1943 3822 2190 3891 legitimis
2220 3821 2520 3890 numerent)
2550 3840 2562 3873 :
2592 3821 2685 3875 sed
2716 3821 2830 3875 hare
2874 3839 2979 3876 non
3029 3834 3132 3876 tam
3185 3827 3347 3878 multa
3377 3838 3522 3894 sunt,

1942 3928 2098 3981 quam
2131 3911 2292 3964 multa
2312 3911 2546 3980 quotidie
2564 3919 2725 3980 agunt
2770 3927 2860 3980 per
2907 3911 3135 3967 furiosos
3183 3914 3520 3972 ebriosorum

1936 4003 2190 4074 juvennm
2213 4017 2417 4071 greges,
2446 4001 2636 4072 quibus
2677 4001 2940 4072 principes
2979 4005 3376 4074 constituunt‘,
3423 4011 3514 4080 qui

1944 4097 2172 4166 primum
2215 4095 2580 4149 tantummodo
2621 4093 2869 4158 fustibus,
2910 4098 3232 4153 nuncetiam
3278 4098 3420 4155 ferro
3463 4119 3524 4160 se

1943 4203 2151 4242 armare
2193 4197 2507 4257 coeperunt,
2560 4187 2648 4257 qui
2695 4187 3194 4244 Circumcellionum
3239 4191 3520 4250 notissimo

1943 4280 2158 4336 nomine
2187 4297 2279 4350 per
2304 4290 2469 4334 totam
2499 4278 2730 4333 Africam
2757 4288 3037 4349 vagantur,
3087 4289 3142 4336 et
3169 4296 3308 4337 sava
3334 4295 3522 4342 contra

1943 4390 2156 4430 onmem
2186 4373 2425 4428 ordinem
2456 4373 2630 4442 legum
2669 4381 3097 4442 potestatumque
3134 4375 3476 4431 committunt
3506 4395 3523 4432 :

1943 4486 2168 4542 quorum
2209 4468 2409 4524 scelera
2446 4483 2568 4522 cum
2604 4465 2671 4522 ad
2712 4482 2805 4521 eos
2839 4466 3170 4531 deferuntur,
3215 4466 3419 4540 fingunt
3464 4485 3526 4526 se

1943 4562 2186 4633 ignorare
2217 4561 2322 4615 tale
2351 4560 2622 4614 hominum
2649 4574 2836 4629 genus,
2869 4557 2954 4613 vel
2989 4558 3208 4612 omnino
3232 4558 3298 4612 ad
3324 4574 3384 4615 se
3415 4575 3522 4616 non

1943 4654 2208 4723 pertinere
2225 4659 2408 4707 contra
2434 4665 2621 4705 omnes
2651 4649 2892 4704 homines
2919 4663 3013 4703 ore
3057 4648 3522 4719 impudentissimo

1942 4746 2210 4800 afﬁrmant
2237 4760 2251 4798 :
2280 4758 2451 4813 neque
2479 4742 2613 4796 hanc
2637 4741 2825 4795 saltem
2855 4754 3039 4795 vocem
3068 4741 3230 4797 totius
3258 4743 3404 4798 orbis
3425 4760 3522 4800 ac-

1941 4841 2162 4910 cipiunt,
2195 4837 2362 4892 multo
2387 4834 2710 4906 probabilius
2727 4833 3012 4904 veriusque
3037 4832 3284 4902 dicentis,
3315 4837 3524 4895 nescire

1942 4950 2001 4990 se
2028 4932 2153 5003 quid
2195 4931 2246 4984 in
2279 4928 2455 4984 Africa
2480 4935 2687 4998 gestum
2715 4925 2804 4990 sit,
2854 4925 2966 4980 sive
2992 4940 3025 4980 a
3047 4933 3218 4993 parte,
3247 4927 3360 4982 sive
3386 4943 3522 4985 con-

1941 5033 2022 5080 tra
2048 5031 2249 5094 partem
2277 5019 2485 5085 Donati,
2515 5031 2674 5088 quam
2695 5016 2897 5072 scilicet
2918 5016 2969 5070 in
2994 5016 3107 5086 ipsa
3127 5013 3308 5071 Africa
3339 5017 3519 5074 Dona-

1942 5120 2182 5174 tistarum
2212 5115 2490 5185 episcopos
2525 5109 3030 5167 Circumcellionum
3056 5108 3143 5164 vel
3181 5107 3318 5164 facta
3343 5111 3520 5165 nesci-

1941 5229 2019 5277 re,
2053 5209 2138 5265 vel
2166 5209 2344 5264 dicere
2369 5207 2390 5238 '
2421 5205 2488 5259 ad
2514 5219 2573 5259 se
2609 5219 2714 5258 non
2742 5202 3012 5272 pertinere
3035 5199 3079 5253 ⁸.

2017 5301 2100 5357 18.
2128 5298 2254 5366 Sed,
2282 5304 2340 5352 ut
2360 5295 2537 5352 dicere
2549 5307 2843 5364 cmperam,
2860 5291 2961 5348 hoc
2987 5305 3093 5348 non
3117 5291 3372 5361 queritur
3396 5306 3518 5349 mo-

2007 5441 2024 5473 ι
2050 5439 2187 5496 Fditi,
2211 5440 2408 5501 propter
2752 5437 2810 5486 At
2837 5441 2965 5493 ms,
2989 5435 3189 5495 propter
3237 5432 3515 5484 Donatista-

2007 5509 2055 5548 m
2078 5515 2096 5548 :
2119 5499 2292 5548 supple
2308 5534 2324 5548 .
2346 5497 2570 5548 saluum.

2078 5511 2573 5566 :suppte,scmsma.
2631 5557 2661 5566 __
2768 5557 2780 5566 _
3252 5553 3264 5566 ,

1943 5509 2055 5553 rum
2078 5515 2096 5552 :
2119 5509 2292 5561 supple
2308 5534 2324 5557 ,
2346 5509 2570 5549 somnne.
3135 5553 3148 5565 ,
3171 5553 3184 5566 ,
3252 5553 3264 5566 ,

2008 5567 2027 5596 ι
2053 5564 2258 5614 \‘aticaui
2284 5571 2408 5620 mss,
2434 5573 2520 5622 per
2543 5557 2739 5621 judices
2761 5557 2984 5607 humanae
3004 5553 3288 5607 conditionis
3304 5560 3521 5620 egerunt.

2009 5627 2030 5691 ἒ
2053 5627 2187 5691 Editi,
2207 5634 2490 5691 quamquae.
2515 5622 2814 5691 Castigantur
2839 5632 2900 5666 ex
2929 5627 3031 5691 vss.

2008 5688 2030 5720 δ
2055 5679 2260 5738 Vaticani
2284 5679 2387 5733 Mss.
2405 5719 2420 5740 ,
2445 5697 2562 5754 quos
2576 5679 2820 5754 principes
2853 5679 3156 5754 constituunt.
3203 5679 3524 5732 Referendum

1945 5750 2006 5800 ad
2031 5753 2251 5807 verbum,
2275 5753 2436 5813 agunt,
2459 5745 2588 5813 Quod
2605 5745 2831 5813 proxime
2855 5745 3120 5804 praecessit.

2010 5813 2030 5844 ⁸
2055 5814 2123 5860 sic
2149 5805 2249 5858 Mss.
2356 5808 2488 5874 editi,
2517 5805 2662 5874 dicta.
2916 5865 2943 5874 Δ.
3292 5864 3303 5874 .

2011 5872 2032 5904 °
2056 5880 2152 5930 lin,
2175 5870 2363 5931 q_-:::ndo
2381 5867 2450 5916 sci
2471 5866 2662 5915 iuet..."
2688 5877 2782 5913 non
2819 5865 3055 5930 pertinere
3079 5865 3400 5929 pronuntiant.
3467 5872 3524 5914 Μ.

2015 5955 2093 6021 (a)
2114 5964 2182 6008 De
2198 5957 2347 6005 Firmo
2371 5961 2588 6016 tyranno,
2609 5962 2759 6014 quem
2778 5952 3074 6004 Theodosius
3095 5950 3257 6014 magni
3274 5945 3530 6007 Theodosii
