4054 6464
483 418 555 478 ιτ
1275 419 1548 477 CONTRA
1586 415 1968 474 EPISTOLAM
1996 413 2440 484 PARMENIANI,
2467 413 2524 471 S.
2564 411 2933 472 AUGUSTINI
3687 422 3763 482 ιε

486 537 560 595 do
582 577 600 606 ,
648 545 825 592 utrum
873 533 1141 604 patiantur
1187 531 1433 603 graviora
1495 543 1657 601 quam
1704 526 1940 583 faciunt:
1973 524 2066 581 sed

484 638 667 686 utrum
713 626 970 684 adversus
1022 623 1303 679 btereticos
1344 630 1400 678 et
1437 620 1818 677 schismaticos,
1842 617 1948 674 tale
1975 617 2074 672 ali-

485 719 614 792 quid
645 719 758 775 fieri
791 718 970 774 liceat.
1013 716 1071 773 Si
1099 716 1239 772 enim
1267 713 1450 769 dicunt
1492 727 1600 768 non
1625 712 1808 778 licere,
1833 724 1931 765 cur
1969 709 2072 780 ipsi

483 814 718 870 faciunt?
737 813 794 870 Si
822 821 998 867 autem
1025 811 1185 867 licere
1206 808 1456 875 fatentur,
1485 807 1645 864 etiam
1667 805 1745 861 sic
1766 803 2068 871 ostendant,

430 891 434 900 ’
484 907 627 977 quod
649 905 794 961 nullo
823 904 983 959 modo
1020 910 1260 973 possunt,
1291 900 1542 972 graviora
1584 913 1644 954 se
1678 897 1884 970 perpeti
1927 911 1958 951 a
1983 910 2073 951 ca-

485 999 700 1056 tholicis
725 997 1154 1069 imperatoribus,
1180 1010 1339 1066 quam
1369 993 1468 1064 ipsi
1493 1007 1589 1064 per
1610 991 1818 1062 judices
1862 1004 2066 1057 eorum,

484 1093 571 1148 vel
602 1107 698 1163 per
719 1107 900 1164 regem
917 1091 1274 1146 Barbarorum
1297 1084 1654 1143 schismaticis
1673 1084 1784 1139 suis
1805 1083 2062 1150 fecerunt,

485 1183 572 1238 vel
621 1197 716 1252 per
745 1181 1002 1236 insaniam
1053 1177 1559 1234 Circumcellionum
1586 1174 1730 1230 omni
1764 1172 1945 1244 generi
1976 1173 2071 1227 ho-

484 1274 690 1330 minum
717 1273 938 1330 faciunt.
991 1273 1173 1343 Neque
1229 1271 1334 1326 hoc
1378 1258 1676 1326 mirandum
1720 1276 1823 1336 est,
1854 1269 1898 1323 si
1926 1267 2070 1338 'plus

483 1373 708 1437 possunt
727 1366 1010 1437 principes,
1040 1380 1196 1436 quam
1220 1364 1369 1419 missi
1395 1379 1425 1418 a
1455 1362 1779 1434 principibus
1814 1361 2020 1432 judices
2051 1377 2066 1428 ;

485 1458 530 1513 si
551 1457 672 1528 plus
699 1465 925 1528 possunt
972 1456 1199 1512 Romani
1249 1455 1626 1524 imperatores,
1657 1467 1818 1523 quam
1855 1450 2069 1506 barbari

482 1563 678 1620 reges;
710 1555 766 1605 et
791 1548 837 1604 si
881 1548 1073 1603 merito
1111 1546 1354 1619 graviora
1409 1545 1614 1616 legibus
1664 1544 1865 1615 patitur
1906 1543 2064 1610 latro,

483 1656 642 1712 quam
699 1647 883 1694 contra
936 1639 1082 1710 leges
1133 1637 1247 1708 ipse
1311 1636 1639 1692 committit:
1682 1635 1824 1691 unde
1877 1634 2070 1690 merito

482 1731 947 1790 constitutionibus
985 1730 1142 1800 justis
1175 1729 1416 1800 graviora
1454 1729 1724 1799 patiuntur
1747 1727 2070 1783 Circumcel-

483 1824 682 1879 lionum
714 1824 983 1894 mancipes
1013 1823 1052 1886 ί,
1085 1836 1244 1892 quam
1295 1819 1496 1876 faciunt
1547 1818 2018 1876 Circumcelliones
2050 1836 2065 1874 :

482 1926 538 1972 et
575 1924 749 1972 tamen
788 1927 870 1971 est
920 1923 1064 1970 tanta
1118 1912 1470 1970 mansuetudo
1513 1912 1959 1978 Christianorum,
2012 1919 2070 1966 ut

482 2023 668 2078 pmnas
693 2022 878 2063 eorum
905 2006 1390 2078 incomparabiliter
1417 2014 1672 2076 superent
1710 2003 1947 2060 facinora
1970 2018 2069 2059 eo-

482 2117 623 2156 rum.
670 2100 775 2155 Sed
807 2115 933 2156 ecce
977 2099 1365 2156 damnaverunt
1391 2098 1444 2153 in
1472 2098 1700 2154 concilio
1723 2113 1820 2153 suo
1845 2095 1920 2169 (a)
1954 2095 2066 2151 Ma-

479 2190 812 2246 ximianistas
865 2191 1087 2247 trecenti
1132 2190 1317 2246 decem
1367 2189 1611 2260 episcopi
1657 2188 1958 2244 donatistas.
1989 2188 2068 2243 Illi

480 2289 657 2337 autem
691 2281 979 2351 pertinacia
1026 2280 1388 2352 perversitatis
1435 2280 1546 2334 suis
1595 2278 1828 2334 basilicis
1873 2278 2068 2334 cedere

481 2373 756 2429 nolebant.
799 2373 944 2428 Aditi
974 2375 1145 2429 sunt’
1168 2373 1397 2442 judices,
1419 2372 1701 2428 concilium
1731 2386 1912 2427 eorum
1938 2386 2066 2441 pro-

480 2465 853 2519 consularibus
876 2464 1051 2519 Gestis
1077 2464 1350 2520 inductum
1370 2471 1471 2518 est.
1500 2463 1922 2532 Deindcjussum
1948 2461 2066 2517 est'

480 2555 632 2608 utilli
661 2555 750 2625 qui
782 2564 926 2609 tanto
954 2555 1327 2626 episcoporum
1373 2569 1599 2609 numero
1647 2553 1881 2608 damnati
1919 2561 2062 2621 sunt,

478 2645 730 2700 cederent
750 2646 882 2700 locis
915 2662 930 2700 :
979 2646 1068 2716 qui
1103 2646 1254 2700 facile
1295 2655 1592 2710 cesserunt,
1625 2660 1729 2699 non
1756 2644 1920 2699 multa
1949 2658 2067 2712 pas-

479 2737 524 2791 si
555 2745 678 2790 suut
697 2735 752 2800 ‘;
785 2737 875 2806 qui
905 2745 1082 2791 autem
1129 2737 1378 2791 resistere
1406 2744 1759 2801 tcntaverunt,
1808 2734 2066 2805 quemad-

479 2826 695 2880 modum
718 2824 898 2882 aﬂlicti
926 2827 1052 2892 sint,
1089 2826 1210 2896 quis
1238 2826 1493 2896 ignorat?
1533 2825 1639 2881 Sed
1679 2834 1854 2880 tamen
1872 2825 1916 2880 si
1947 2835 2062 2880 tan-

480 2926 532 2972 ta
558 2916 1066 2971 fuissetimmanitas
1093 2918 1478 2982 resistentium,
1503 2928 1557 2972 ut
1582 2917 1649 2972 ad
1679 2917 1901 2988 injurias
1927 2918 2066 2989 judi-

477 3023 600 3064 cum
623 3010 944 3079 perveniret,
971 3024 1149 3064 nonne
1191 3009 1357 3063 multo
1403 3010 1674 3065 acerbiora
1702 3010 1955 3066 Romanis
1983 3011 2063 3066 le-

478 3099 631 3170 gibus
674 3099 1130 3170 paterentur?Sic
1174 3110 1229 3155 et
1277 3107 1402 3155 tunc
1453 3117 1572 3156 cum
1612 3110 1733 3172 post
1776 3103 2064 3158 terminum

479 3205 675 3255 causae,
703 3192 754 3244 in
781 3206 884 3261 qua
912 3206 972 3247 se
1002 3191 1087 3246 isti
1107 3206 1137 3245 a
1177 3191 1446 3247 Catholica
1477 3193 1847 3262 praeciderunt,
1870 3210 2064 3251 conse-

477 3295 704 3355 quenter
721 3285 804 3355 agi
828 3285 1076 3354 coepisset
1109 3294 1166 3339 ut
1187 3284 1434 3340 basilicas
1479 3301 1586 3342 non
1619 3294 1877 3353 tenerent,
1897 3268 1964 3343 oet
1988 3296 2068 3344 te-

444 3419 446 3422 ,
477 3385 670 3431 nerent
699 3375 1060 3444 imperialibus
1086 3375 1384 3431 resistendo
1411 3376 1775 3446 jussionibus;
1806 3379 1877 3433 ita
1907 3386 1964 3434 ut
1987 3380 2064 3435 vis

479 3467 568 3521 illa
596 3466 870 3521 notissima
916 3467 1416 3522 Circumcellionum
1447 3469 1778 3538 prmvaleret,
1819 3470 2065 3525 addendo

478 3557 695 3627 insuper
730 3558 919 3622 etiam,
967 3565 1022 3612 ut
1046 3573 1165 3612 cum
1192 3557 1346 3613 donis
1376 3559 1648 3625 Ecclesize,
1676 3576 1810 3630 quos
1848 3563 2068 3618 miserat

479 3647 792 3717 Imperator,
814 3662 908 3718 per
923 3647 1153 3703 Africam
1179 3657 1364 3704 euntes
1391 3649 1486 3721 (b),
1519 3651 1985 3708 turbulentissimis
2013 3665 2068 3709 et

477 3739 783 3794 suavissimis
831 3738 1178 3795 seditionibus
1230 3741 1526 3811 agitarent:
1552 3742 1687 3798 tales
1718 3744 1770 3797 in
1797 3759 1891 3801 eos
1921 3746 2066 3818 leges

478 3832 839 3902 proferuntur,
868 3840 929 3886 ut
975 3847 1043 3887 ne
1083 3832 1228 3902 ipsas
1272 3832 1487 3903 quidem
1521 3833 1764 3891 basilicas
1813 3853 1932 3909 quae
1960 3854 2064 3895 non

477 3930 630 3977 erant
660 3922 896 3988 unitatis,
919 3922 1013 3977 sed
1039 3938 1069 3977 a
1095 3924 1354 3994 separatis
1378 3933 1538 3996 atque
1562 3927 1617 3981 in
1643 3943 1742 3983 suo
1776 3928 2066 3986 schismate

477 4013 780 4067 constitutis
802 4013 1007 4067 fuerant
1031 4013 1320 4080 fabricatas,
1350 4017 1580 4073 retinere
1597 4018 1920 4076 sinerentur.
1951 4022 2064 4091 Qua

479 4105 534 4157 in
581 4119 642 4159 re
681 4104 789 4174 jam
847 4118 970 4158 suas
1021 4104 1240 4173 injurias
1285 4114 1522 4176 potestas
1574 4111 1716 4180 regia
1754 4111 2062 4167 vindicavit.

475 4194 618 4263 Quid
683 4194 826 4249 enim
899 4194 1077 4250 valent
1119 4195 1264 4267 juste
1315 4198 1588 4266 possidere
1655 4201 1855 4257 inimici
1905 4203 2066 4274 justi-

479 4287 568 4341 tize
589 4285 614 4340 ?

541 4375 769 4434 CAPUT
798 4375 914 4431 ΧΠ.
943 4406 1015 4418 —
1044 4376 1132 4432 l9.
1174 4377 1283 4434 Nec
1323 4393 1421 4450 pro
1463 4379 1542 4436 eis
1585 4381 1784 4452 aliquid
1831 4384 2067 4454 promul-

481 4486 636 4541 gasse
662 4473 781 4542 quis
809 4472 1092 4539 invenitur,
1141 4473 1241 4529 nisi
1283 4483 1522 4544 apostata
1550 4475 1814 4542 Julianus,
1845 4477 1928 4532 cui
1955 4493 2060 4548 pax

480 4572 536 4616 et
573 4565 747 4616 unitas
774 4562 1063 4617 christiana
1095 4564 1315 4618 nimium
1365 4563 1714 4634 displicebat;
1742 4568 2067 4639 quandoqui-

481 4655 602 4709 dem
631 4655 741 4723 ipsa
783 4655 831 4709 ei
862 4654 1004 4711 unde
1035 4655 1194 4726 impie
1221 4655 1491 4711 ceciderat
1527 4656 1712 4726 religio
1739 4657 2062 4730 displiceret.

479 4745 579 4801 Cui
603 4739 816 4816 quidem
838 4745 924 4802 isti
973 4747 1284 4813 Donatistae,
1331 4745 1470 4802 sicut
1514 4746 1751 4817 judicum
1797 4749 1958 4806 Gesta
1985 4760 2066 4807 te-

481 4847 708 4904 stantur,
736 4837 926 4907 quibus
953 4837 1005 4891 hi
1035 4837 1175 4907 quod
1199 4838 1618 4906 impetraverunt
1637 4840 1950 4910 allegaruut,
1986 4851 2066 4899 ta-

482 4928 621 4984 libus
664 4927 842 4983 verbis
870 4927 1319 4997 supplicaverunt,
1349 4937 1405 4983 ut
1433 4929 1484 4983 ei
1531 4929 1754 4986 fortasse
1797 4931 1976 4989 mitius
1999 4935 2066 4989 ad

481 5019 744 5075 idolorum
773 5018 971 5072 cultum
1019 5016 1231 5087 quidam
1257 5018 1446 5073 timore
1474 5021 1862 5089 consenserint,
1905 5039 2064 5094 quam

481 5126 604 5166 eum
636 5109 722 5166 isti
761 5106 947 5162 furiosi
1000 5106 1362 5161 laudaverunt.
1419 5107 1675 5164 Dixerunt
1719 5113 1886 5180 enim,
1933 5115 2068 5184 quod

547 5292 565 5323 ι
590 5289 892 5350 Divionensis
909 5294 1054 5338 vetus
1071 5286 1248 5346 codex,
1270 5286 1550 5350 municipes.

547 5354 566 5382 ²
592 5360 689 5399 Alli.
713 5358 765 5401 et
788 5349 1012 5413 plerique
1034 5357 1157 5413 M_ss_.,
1187 5349 1346 5413 additi
1365 5349 1492 5400 sunt.

549 5413 570 5444 ³
589 5418 653 5460 tta
677 5409 882 5462 vaticani
906 5409 1010 5472 Mss.
1038 5409 1124 5459 Alii
1145 5409 1254 5460 eum
1272 5411 1432 5472 editis,
1456 5411 1607 5464 visum
1629 5421 1715 5465 est.

547 5473 579 5540 κ,
593 5475 711 5540 Editi
729 5508 744 5534 ,
767 5479 837 5540 ett
851 5471 997 5537 facile
1018 5478 1278 5540 cesserunt,
1301 5485 1388 5522 nec
1411 5471 1563 5525 multa
1583 5477 1713 5540 passi
1733 5481 1858 5540 simt.
1898 5477 2068 5530 Melius

487 5535 693 5605 Vaticani
729 5532 962 5595 codices,
1001 5533 1086 5598 qui
1127 5532 1272 5597 facile
1305 5543 1545 5586 cesserunt
1562 5532 1594 5597 ,'
1621 5550 1715 5588 non
1757 5539 1908 5591 multa
1938 5541 2070 5605 passi

484 5603 609 5647 sunt.

482 5677 1022 5754 pater_a_}fal‘enti_niano
1042 5683 1227 5754 majore
1249 5682 1300 5754 in
1310 5679 1530 5754 “Africam
1549 5683 1724 5734 missus
1748 5685 1912 5749 pmlio
1934 5689 2066 5752 vicit,

482 5739 652 5790 Scribit
673 5739 843 5788 Paulus
859 5739 1086 5792 diaconus
1108 5739 1158 5793 in
1180 5742 1265 5792 lib.
1281 5741 1357 5793 12.

571 5803 622 5864 rt)
645 5803 915 5864 Bagaitano.

642 5809 1147 5916 gfiawius.
1162 5867 1278 5917 vide
1301 5873 1537 5932 Optatum,
1555 5867 1640 5920 lib.
1658 5869 1705 5924 3.

2179 524 2317 596 apud
2341 541 2453 578 eum
2467 525 2576 580 sola
2602 525 2620 557 ί
2637 525 2838 596 justitia
2863 530 3026 580 locum
3063 525 3282 604 haberet.
3313 527 3450 596 Quid
3467 543 3594 603 ergo
3613 530 3760 590 aliud

2180 615 2379 672 dixisse
2406 617 2761 688 reperiuntur,
2790 619 2892 673 nisi
2918 617 3260 674 christianam
3282 623 3616 679 sanctitatem
3649 641 3758 683 non

2179 709 2588 779 essejustitiam,
2611 725 2731 781 quze
2755 710 2893 781 apud
2914 709 3062 767 illum
3083 711 3286 767 nullum
3313 711 3532 770 haberet
3544 716 3719 772 locum
3739 734 3756 783 ;

2179 807 2274 857 aut
2320 800 2578 858 honorem
2623 801 2927 858 daemonum
2988 818 3108 860 esse
3156 803 3417 874 justitiam
3441 806 3469 872 2
3512 808 3760 866 Aliorum

2178 899 2355 946 autem
2380 891 2761 962 imperatorum
2789 893 2934 964 leges
2985 909 3106 965 quae
3157 896 3539 952 vehementer'
3566 898 3763 955 adver-

2178 997 2270 1038 sus
2291 996 2384 1038 eos
2403 982 2523 1038 lata:
2564 993 2710 1051 sunt,
2741 984 2863 1056 quis
2889 984 3143 1056 ignorat?
3171 984 3227 1040 ln
3254 981 3445 1056 quibus
3472 1003 3573 1043 una
3593 1004 3764 1060 gene-

2177 1074 2306 1129 ralis
2327 1074 2580 1130 adversus
2605 1090 2794 1131 omnes
2817 1077 2908 1147 qui
2936 1075 3256 1132 christianos
3301 1091 3360 1133 se
3388 1077 3492 1134 dici
3540 1081 3729 1136 volunt
3745 1120 3762 1145 ,

2177 1173 2232 1222 et
2261 1166 2514 1223 Ecclesia:
2533 1165 2807 1222 catholica:
2826 1182 2933 1224 non
2952 1170 3367 1235 communicant,
3397 1171 3493 1226 sed
3522 1172 3578 1228 in
3599 1173 3713 1229 suis
3736 1173 3760 1205 ³

2177 1257 2465 1328 separatim
2515 1259 2895 1315 conventiculis
2945 1270 3352 1332 congregantur,
3393 1261 3448 1317 id
3495 1265 3758 1334 continet,

2177 1347 2249 1406 Ut
2266 1350 2352 1406 vel
2380 1350 2654 1406 ordinator
2696 1351 2899 1417 clerici,
2947 1351 3030 1407 vel
3078 1352 3195 1423 ipse
3221 1353 3496 1410 ordinatus
3522 1355 3677 1412 denis
3697 1356 3764 1412 li-

2175 1442 2287 1500 bris
2311 1443 2428 1499 auri
2473 1444 2796 1500 mulctentur
2825 1461 2841 1501 :
2869 1444 3021 1500 locus
3047 1460 3176 1502 vero
3216 1446 3331 1518 ipse
3357 1463 3462 1518 quo
3490 1448 3650 1519 impia
3677 1465 3765 1505 se-

2175 1538 2381 1608 paratio
2395 1545 2768 1609 eongregatur,
2793 1535 3067 1609 redigatur
3093 1537 3149 1593 in
3171 1538 3379 1594 fiscum.
3405 1539 3540 1595 Sunt
3559 1548 3615 1595 et
3643 1540 3765 1596 alia:

2170 1625 2439 1696 jussiones
2463 1627 2755 1698 generales,
2784 1627 2977 1698 quibus
3001 1628 3082 1684 eis
3100 1628 3184 1683 vel
3214 1627 3442 1685 faciendi
3467 1638 3762 1687 testamen-

2176 1724 2229 1771 ta
2253 1717 2340 1773 vel
2376 1731 2472 1788 per
2496 1717 2810 1772 donationes
2831 1717 3032 1788 aliquid
3060 1717 3374 1775 conferendi
3402 1719 3626 1776 facultas
3645 1721 3763 1777 adi-

2174 1807 2356 1875 mitur,
2389 1807 2474 1862 vel
2514 1823 2582 1863 ex
2632 1808 3008 1865 donationibus
3048 1818 3141 1864 aut
3185 1811 3517 1867 testamentis
3561 1812 3761 1884 aliquid

2174 1899 2438 1971 capiendi.
2462 1899 2595 1956 Nam
2624 1901 2678 1956 in
2720 1901 2948 1972 quadam
2992 1915 3152 1958 causa
3195 1917 3318 1958 cum
3361 1905 3521 1960 homo
3567 1905 3764 1962 nobilis

2173 1990 2589 2065 imperatoribus
2621 1996 3003 2066 supplicasset,
3035 1996 3177 2067 quod
3218 2012 3372 2053 soror
3399 1999 3516 2068 ejus
3547 2014 3666 2069 quas
3691 1999 3762 2056 de

2175 2091 2325 2153 parte
2370 2083 2561 2138 Donati
2606 2085 2800 2151 fuerat,
2846 2101 2967 2141 cum
3015 2085 3414 2158 defungeretur,
3468 2090 3650 2144 nescio
3704 2090 3761 2146 in

2174 2188 2308 2244 quos
2336 2177 2726 2231 communionis
2751 2191 2879 2242 sum,
2912 2185 2968 2231 et
2992 2177 3228 2232 maxime
3256 2178 3307 2231 in
3329 2179 3612 2249 quemdam
3643 2181 3755 2236 Au-

2173 2268 2443 2336 gustinum
2484 2268 2790 2339 episc0pum
2835 2284 3020 2324 eorum
3057 2269 3281 2339 plurima
3329 2272 3661 2340 contulisset,
3693 2288 3761 2328 ex

2173 2357 2262 2412 illa
2288 2359 2525 2428 generali
2556 2359 2673 2428 lege
2711 2368 3033 2430 praeceptum
3085 2368 3167 2414 est
3208 2369 3266 2414 ut
3295 2362 3471 2416 omnia
3499 2361 3645 2416 fratri
3674 2377 3761 2418 re-

2173 2448 2519 2504 stituerentur
2550 2468 2565 2505 :
2600 2450 2686 2505 ubi
2719 2450 2882 2505 etiam
2912 2449 3412 2505 Circumcellionum
3463 2453 3661 2508 mentio
3683 2453 3758 2509 fa-

2172 2547 2255 2593 cta
2275 2547 2378 2606 est,
2402 2541 2445 2594 si
2475 2556 2623 2594 more
2650 2555 2747 2594 suo
2772 2540 3035 2595 violenter
3057 2541 3397 2608 obsisterent,
3421 2558 3527 2612 quo
3554 2559 3756 2612 genere

2172 2632 2487 2686 auxiliorum
2511 2642 2564 2688 et
2587 2633 2923 2688 adminiculis
2937 2634 3346 2703 repel‘lerentur.
3377 2635 3466 2689 Sic
3487 2637 3627 2690 enim
3659 2652 3757 2691 no-

2173 2722 2233 2786 ti,
2263 2721 2339 2776 sic
2365 2722 2542 2776 multis
2566 2724 2762 2793 przeliis
2778 2724 2982 2793 probati
3010 2732 3154 2790 sunt,
3183 2732 3242 2779 ut
3268 2725 3336 2779 de
3366 2725 3447 2781 his
3471 2735 3524 2781 et
3549 2728 3756 2798 suppli-

2173 2815 2315 2868 catio
2365 2813 2678 2884 Imperatori
2723 2815 2913 2885 fieret,
2971 2826 3026 2872 et
3073 2815 3366 2887 imperator
3413 2826 3591 2875 tacere
3647 2834 3756 2876 non

2172 2915 2373 2976 posset.
3541 2948 3550 2955 .

2241 2995 2468 3053 CAPUT
2503 2997 2642 3053 XIII.
2665 2998 2842 3053 —20.
2867 2999 2996 3066 Quae
3041 3015 3160 3055 cum
3189 3000 3259 3056 ita
3289 3001 3414 3069 sint,
3442 3016 3563 3056 cum
3589 3009 3643 3057 et
3668 3001 3756 3057 di-

2172 3087 2308 3143 vinis
2359 3097 2413 3143 et
2453 3089 2698 3144 humanis
2738 3089 2941 3160 legibus
2995 3091 3065 3146 ita
3109 3091 3460 3158 damnentur;
3495 3102 3637 3148 tanta
3676 3103 3761 3149 est

2172 3187 2347 3234 tamen
2396 3182 2752 3237 mansuetudo
2779 3182 3085 3246 christiana,
3114 3190 3173 3238 ut
3200 3199 3307 3239 non
3345 3186 3515 3240 solum
3544 3195 3760 3242 teneant

2172 3271 2440 3336 basilicas,
2487 3287 2619 3342 quas
2662 3271 2771 3342 jam
2803 3274 3010 3342 praecisi
3040 3274 3457 3343 :edificavcrunt,
3511 3277 3606 3332 sed
3652 3294 3752 3333 nec

2171 3375 2263 3417 eas
2291 3377 2477 3418 omnes
2508 3363 2836 3419 reddiderint
2859 3365 3069 3432 unitati,
3115 3381 3248 3435 quas
3275 3366 3343 3421 ab
3381 3368 3602 3422 exordio
3628 3371 3751 3424 uni-

2174 3461 2254 3505 tas
2281 3453 2468 3508 tenuit.
2494 3454 2560 3507 Et
2602 3468 2722 3508 cum
2763 3455 2863 3524 ipsi
2893 3455 3306 3512 Maximianistas
3336 3457 3402 3512 de
3429 3458 3661 3515 basilicis
3690 3461 3759 3516 ad

2171 3553 2378 3614 partem
2409 3545 2596 3599 Donati
2618 3546 3038 3616 pertinentibus,
3067 3563 3162 3617 per
3186 3549 3394 3618 judices
3422 3566 3452 3605 a
3484 3551 3761 3608 catholicis

2173 3635 2582 3706 imperatoribus
2637 3638 2830 3694 missos
2868 3639 3127 3694 instanter
3165 3641 3531 3710 excluserim,
3579 3652 3760 3701 tamen

2172 3741 2203 3781 a
2228 3726 2408 3782 multis
2451 3727 2584 3782 locis
2610 3743 2745 3798 quos
2773 3728 3035 3785 catholica
3090 3739 3216 3786 ante
3267 3733 3443 3788 unitas
3470 3735 3756 3804 retinebat,

2172 3831 2274 3872 nec
2299 3815 2531 3885 ipsorum
2545 3817 2926 3874 catholicorum
2958 3819 3336 3890 imperatorum
3355 3824 3558 3894 legibus
3579 3825 3761 3881 exclu-

2173 3908 2389 3964 duntur.
2416 3909 2729 3977 Postremo,
2757 3910 2802 3966 si
2845 3912 2972 3981 quid
3002 3913 3137 3968 forte
3178 3915 3465 3986 aliquando
3502 3917 3762 3973 immode-

2173 4002 2337 4056 ratius
2364 4001 2416 4056 in
2443 4016 2536 4057 eos
2568 4003 2762 4057 factum
2789 4012 2872 4059 est
2892 4044 2908 4070 ,
2937 4004 3078 4074 quod
3101 4004 3444 4062 christianam
3480 4010 3763 4065 excederet

2173 4092 2466 4157 lenitatem,
2500 4093 2744 4162 displicet
2767 4094 3014 4149 omnibus
3044 4094 3325 4151 frumentis
3366 4099 3558 4152 messis
3598 4099 3764 4154 domi-

2173 4185 2328 4251 nicae,
2361 4183 2413 4237 id
2441 4192 2545 4248 est,
2579 4183 2630 4237 in
2657 4184 2872 4239 Christo
2907 4184 3260 4240 laudabilibus
3299 4185 3638 4256 Christianis,
3670 4192 3760 4260 qui

2172 4274 2285 4329 sive
2328 4274 2678 4340 centenario,
2720 4277 2835 4328 sive
2905 4275 3290 4344 scxagcnario,
3353 4277 3466 4332 sive
3524 4281 3760 4336 tricena-

2171 4365 2254 4419 rio
2305 4363 2479 4418 fructu
2521 4365 2574 4418 in
2616 4362 2876 4420 catholica
2923 4363 3164 4419 Ecclesia
3215 4374 3328 4422 toto
3368 4369 3498 4424 orbe
3541 4385 3761 4428 succre-

2173 4465 2345 4512 scunt.

2243 4547 2468 4604 CAPUT
2508 4547 2646 4603 XIV.
2675 4547 2850 4604 ——21.
2873 4548 3207 4620 Quapropter
3227 4550 3424 4607 zizania
3445 4553 3529 4608 vel
3552 4553 3757 4623 paleam
3790 4605 3793 4609 .

2174 4638 2456 4695 catholicae
2504 4638 2699 4709 segetis
2747 4638 3027 4694 nobiscum
3074 4639 3444 4709 copiosissime
3484 4654 3761 4712 accusent,

2171 4729 2267 4785 sed
2291 4728 2568 4784 nobiscum
2600 4728 2739 4783 ferre
2761 4728 3146 4798 patientissime
3193 4745 3300 4785 non
3342 4741 3609 4788 recusent.
3653 4734 3762 4790 No-

2172 4822 2269 4878 luit
2292 4822 2433 4877 enim
2457 4821 2714 4877 Dominus
2758 4831 2883 4876 ante
2909 4829 3119 4892 tempus
3146 4823 3420 4881 eradicare
3462 4826 3683 4892 zizania,
3710 4837 3765 4883 et
3803 4821 3809 4848 ⁵

2173 4912 2617 4967 afrumentorum
2643 4913 2994 4982 permixtione
3041 4929 3310 4985 separare.
3365 4917 3546 4985 Sinite,
3570 4919 3762 4989 inquit,

2172 5015 2385 5076 utraque
2403 5022 2620 5060 crescere
2639 5023 2795 5070 usque
2817 5007 2886 5061 ad
2911 5024 3138 5062 messem.
3187 5010 3252 5064 Et
3277 5027 3400 5066 cum
3431 5013 3763 5069 involucrum

2173 5095 2409 5166 ejusdem
2426 5096 2787 5152 similitudinis
2818 5099 3180 5168 quaarentibus
3227 5102 3500 5174 discipulis
3525 5104 3765 5175 explica-

2172 5194 2277 5252 ret,
2304 5203 2410 5242 non
2436 5188 2532 5251 ait,
2561 5188 2703 5258 Ager
2741 5195 2825 5243 est
2865 5188 3043 5246 Africa
3073 5209 3087 5259 ;
3128 5193 3223 5248 sed
3257 5193 3350 5259 ait,
3382 5194 3517 5264 Ager
3557 5204 3632 5249 est
3681 5196 3764 5251 hic

2172 5280 2408 5334 mundus.
2439 5281 2540 5336 Per
2559 5289 2727 5336 totum
2749 5297 2878 5354 ergo
2903 5285 3159 5340 mundum
3177 5300 3330 5356 seges
3359 5287 3459 5341 ista
3499 5289 3761 5345 seminata

2173 5381 2274 5439 est,
2308 5387 2407 5443 per
2429 5381 2595 5428 totum
2617 5375 3041 5445 superseminata
3066 5377 3286 5441 zizania,
3313 5392 3410 5448 per
3440 5386 3608 5434 totum
3640 5397 3762 5437 cre-

2240 5510 2257 5540 ί
2284 5516 2384 5577 Am.
2429 5515 2482 5560 et
2519 5509 2751 5577 plerique
2791 5519 2918 5577 MS§.,
2959 5509 3114 5577 solum
3137 5522 3179 5577 _:_
3196 5510 3352 5572 male,
3400 5520 3454 5564 ut
3493 5513 3650 5577 liquet
3695 5531 3763 5570 ex

2173 5576 2337 5641 Enarr.
2361 5573 2413 5621 in
2434 5571 2560 5641 Ρεείί.Δ
2575 5573 2656 5641 git},
2671 5571 2831 5641 scrin.
2853 5572 2901 5641 2,
2920 5585 2976 5641 _n_.
2997 5572 3076 5641 lg.
3099 5571 3215 5641 Vide
3233 5571 3477 5641 prmterea
3502 5571 3645 5641 epist.
3674 5580 3760 5641 93,

2173 5645 2240 5742 gi]
2253 5631 2367 5744 1365
2371 5634 2513 5744 egigsi.
2544 5631 2649 5692 105,
2675 5647 2723 5682 ιι.
2763 5634 2823 5694 9;
2850 5639 2904 5682 et
2920 5631 3008 5680 lib.
3033 5632 3065 5681 2
3093 5631 3258 5682 contra
3273 5636 3477 5686 Litteras
3499 5631 3760 5704 Petiliam;

2175 5706 2257 5742 nn.
2275 5706 2384 5742 Ζυῦ.
2408 5706 2514 5742 224.

2237 5730 2571 5828 ﬁngit;
2594 5755 2730 5828 editi.
2753 5753 3099 5828 imperatorum
3111 5754 3355 5817 justitiam
3375 5758 3597 5828 legesque
3641 5775 3753 5828 qum

2175 5816 2484 5881 wlgmwntes,
2510 5824 2604 5881 etc.
2621 5822 2735 5881 _tuss.
2772 5815 2971 5881 aliquot,
2996 5815 3121 5881 leges
3144 5830 3290 5881 quam
3313 5815 3629 5879 vehementer.

2241 5878 2262 5910 ³
2285 5883 2411 5942 Itss.,
2438 5876 2524 5928 sed
2554 5876 2690 5938 suis;
2717 5876 2890 5928 omissa
2915 5876 3178 5947 particula,
3210 5878 3277 5931 in.
