4054 6524
261 442 327 502 ιθ
1004 394 1008 399 ’
1105 392 1109 396 ”
1296 386 1303 393 ⁸
1596 433 1799 490 LIBER
1836 436 1841 486 :

1949 431 2210 489 IUNDUo.
3464 442 3534 499 50

258 560 354 616 scit
372 567 661 630 utrumque
678 564 847 627 usque
872 551 938 611 ad
959 568 1209 611 messem.
1250 550 1517 624 Numquid
1545 559 1634 606 aut
1661 550 1838 605 Dona-

258 662 339 707 tus
358 650 459 706 fuit
501 649 674 719 major
701 662 927 713 messor,
969 653 1061 702 aut
1087 660 1154 702 eo
1179 655 1422 716 tempore
1457 658 1564 714 quo
1588 656 1649 698 se
1677 640 1766 697 isti
1806 655 1838 697 a

256 745 516 798 terrarum
543 741 676 796 orbe
692 747 1022 809 separarunt,
1058 745 1268 806 tempus
1304 735 1495 791 messis
1512 733 1836 789 advenerat:

254 847 369 887 cum
396 830 541 886 idem
570 829 824 883 Dominus
849 845 915 883 ne
943 827 1101 883 alicui
1126 828 1310 882 liceret
1334 823 1676 895 interpretari
1696 821 1839 894 quod

255 922 434 986 vellet,
463 920 797 991 apertissime
817 918 1031 986 dixerit,
1050 916 1231 973 Messis
1255 926 1424 971 autem
1447 924 1519 970 est
1539 915 1657 985 linis
1674 930 1839 970 sacu-

252 1015 325 1079 li;
353 1029 602 1067 messores
638 1021 805 1066 autem
853 1010 1036 1083 Angeli
1083 1007 1245 1081 sunt(
1278 1008 1465 1063 Matth.
1496 1023 1611 1074 xm,
1640 1006 1836 1073 23-50,

252 1104 416 1159 56-45
442 1101 463 1175 )
485 1103 509 1157 ?
530 1102 688 1159 Tales
725 1102 866 1158 enim
901 1115 1169 1157 messores
1217 1114 1399 1156 errare
1447 1114 1554 1155 non
1591 1106 1834 1170 possunt,

254 1203 307 1249 ut
332 1195 417 1251 vel
468 1194 738 1250 frumenta
780 1208 878 1265 pro
920 1193 1137 1248 zizaniis
1168 1192 1437 1263 colligant,
1468 1192 1558 1247 vel
1601 1206 1699 1262 pro
1724 1188 1838 1245 fru-

252 1289 442 1342 mentis
472 1287 673 1341 zizania
710 1286 951 1357 redigant
978 1287 1019 1339 ⁸.
1046 1285 1138 1341 lsti
1190 1293 1369 1341 autem
1421 1299 1543 1339 cum
1579 1282 1731 1354 quasi
1759 1283 1838 1337 zi-

255 1380 440 1433 rania'
470 1377 711 1449 fugiunt,
741 1394 799 1434 se
828 1379 973 1450 ipsos
998 1392 1118 1434 esse
1147 1378 1347 1433 zizania
1380 1376 1834 1441 demonstrarunt,

254 1472 300 1525 in
330 1471 771 1527 manifestissimo
826 1470 1106 1540 sacrilegio
1146 1477 1335 1525 contra
1382 1468 1702 1524 sententiam
1729 1468 1836 1522 Do-

313 1629 340 1691 *_
357 1633 489 1685 Lov.,
514 1625 733 1691 religent.
760 1625 928 1677 Melius
950 1632 1050 1675 Am.
1092 1630 1146 1675 et
1165 1632 1295 1685 Mss,
1339 1620 1562 1687 redigant
1585 1632 1603 1671 :
1627 1620 1801 1683 supple
1819 1655 1836 1682 ,

146 1748 160 1763 .
253 1687 297 1736 θη
311 1688 568 1763 ,ηοῖνθυζητ

310 1752 329 1781 ²
354 1751 437 1799 Hic
461 1750 612 1823 editio
645 1758 745 1823 sm.
770 1749 917 1809 addit,
1227 1752 1363 1807 Dom,
1397 1742 1681 1809 geminata.
1716 1750 1837 1794 Neu-

253 1819 374 1860 trum
398 1824 519 1861 vero
540 1819 621 1862 est
642 1817 691 1862 in
712 1817 1063 1874 manuscriptis.

1945 548 2075 602 mini
2126 548 2477 618 pradicantes
2510 568 2522 604 :
2555 560 2613 607 ut
2643 566 2767 608 eum
2803 549 2893 607 ille
2928 549 3091 620 dicat,
3129 552 3295 609 Sinite
3321 562 3530 627 utraque

1944 655 2163 697 crescere
2210 657 2368 711 usque
2418 644 2485 697 ad
2534 659 2787 709 messem;
2837 643 2925 699 isti
2969 658 3067 714 per
3114 652 3224 700 tam
3278 661 3528 717 magnum

1944 745 2152 801 agrum,
2171 730 2225 785 id
2254 740 2369 798 est,
2425 742 2595 788 totum
2633 733 2888 788 mundum
2916 734 2959 807 ⁸,
3007 734 3212 790 zizania
3259 751 3527 807 crescere,

1944 818 2208 875 frumenta
2233 836 2362 878 vero
2385 822 2663 889 diminuta,
2685 832 2740 878 et
2759 824 2811 878 in
2841 824 2953 879 sola
2982 823 3161 880 Africa
3201 827 3529 885 remansisse

1943 910 2288 978 contendant,
2325 912 2538 969 Cbnsm
2563 914 2675 984 regi
2702 922 2758 969 et
2806 914 3030 985 principi
3083 925 3269 972 nostro
3313 919 3531 974 sacrile-

1942 1018 2063 1074 gam
2079 1000 2337 1059 facientes
2362 1003 2631 1074 iniuriam.
2684 1004 2953 1076 Scriptum
2998 1016 3082 1062 est
3110 1008 3254 1063 enim
3284 1027 3298 1063 :
3330 1008 3397 1063 In
3425 1010 3521 1065 late

1941 1102 2089 1165 gente
2107 1093 2271 1164 gloria
2294 1095 2427 1167 regis
2450 1113 2470 1161 ;
2490 1095 2545 1150 in
2567 1096 2897 1153 diminutione
2923 1108 3090 1153 autem
3124 1101 3304 1172 pepuli
3342 1106 3525 1156 contri-

1944 1183 2014 1238 tio
2061 1184 2303 1256 principis
2327 1184 2525 1258 (Prov.
2557 1203 2671 1255 xw,
2692 1188 2827 1260 ‘28.).
2874 1190 2981 1246 Sed
3021 1193 3131 1261 jam
3163 1202 3372 1262 tempus
3415 1204 3521 1262 est,
3554 1172 3563 1215 ξ

1942 1282 2197 1343 quantum
2241 1275 2532 1343 existimo,
2579 1278 2692 1349 ipsa
2740 1280 3042 1336 testimonia
3084 1281 3478 1353 Scripturarum
3509 1326 3524 1349 ,

1943 1384 2061 1438 quae
2104 1370 2246 1424 male
2274 1369 2673 1441 interpretando
2696 1374 2718 1405 ⁸
2756 1373 3026 1443 decipiunt
3076 1375 3371 1445 imperitos,
3405 1377 3527 1431 dili-

1942 1468 2129 1529 genter
2160 1460 2456 1526 attendere,
2479 1470 2535 1517 et
2562 1472 2819 1532 quantum
2836 1464 3093 1520 Dominus
3117 1464 3300 1533 donat,
3332 1479 3526 1521 secun-

1942 1549 2069 1605 dum
2099 1550 2428 1607 intellectum
2448 1553 2725 1610 catholicae
2753 1555 2991 1612 veritatis
3026 1556 3255 1625 aperire.

2004 1747 2028 1839 ζ
2583 1755 3443 1839 emungare.

2054 1808 2193 1869 Editi,
2579 1821 2635 1863 At
2658 1818 2984 1881 manuscripti,
3021 1816 3399 1881 interpretando.

1832 1931 2245 1949 -_

1170 2031 1655 2141 LIBER
1741 2026 1921 2134 SE
1934 2032 2025 2132 Ο
2039 2031 2345 2140 UND
2369 2037 2574 2146 US.

386 2224 737 2289 Expenduntur
757 2224 1015 2287 Scriptura:
1035 2220 1326 2281 testimonia,
1350 2228 1557 2280 quorum
1574 2224 1809 2278 perversa
1828 2213 2233 2277 interpretatione
2250 2224 2505 2275 Donatista:
2520 2225 2754 2289 decipere
2776 2228 3030 2290 imperitos
3049 2227 3391 2281 moliebantur.

1692 2334 2064 2392 «WB:

315 2474 545 2533 CAPUT
583 2470 1189 2539 PRIMUM.—1.Qu:e
1227 2466 1437 2523 tandem
1471 2465 1552 2520 vis
1595 2463 1697 2519 nisi
1728 2478 1834 2519 ca:-

252 2569 382 2625 citas
401 2575 458 2623 et
476 2566 687 2621 vanitas
726 2564 890 2619 animi
918 2562 1059 2633 cogit
1082 2560 1358 2615 hominem
1384 2556 1581 2612 clausis
1608 2555 1650 2620 ¹,
1674 2564 1731 2609 ιιι
1752 2553 1836 2608 di—

251 2661 405 2725 citur,
431 2659 600 2715 oculis
627 2667 877 2727 tanquam
906 2655 959 2709 in
988 2654 1213 2708 alterum
1230 2651 1431 2721 jacere,
1458 2646 1601 2718 quod
1632 2646 1686 2700 in
1709 2660 1832 2700 eum

252 2749 336 2820 qui
374 2750 527 2819 jecit,
582 2747 836 2802 continuo
886 2744 1090 2809 redeat,
1133 2756 1363 2811 eumque
1406 2738 1513 2794 ictu
1561 2736 1837 2807 reciproco

252 2841 469 2911 afﬂigat,
498 2840 697 2894 intacto
731 2838 824 2893 illo
861 2851 1019 2907 quem
1056 2833 1337 2889 vulnerare
1381 2830 1664 2897 voluerat;
1695 2826 1838 2882 sicut

252 2932 333 2987 isti
356 2930 647 2986 Donatistae
699 2928 768 2984 de
796 2926 1042 2983 omnibus
1090 2925 1201 2981 fere
1244 2922 1638 2993 Scripturarum
1687 2918 1837 2975 testi-

252 3026 444 3081 moniis
466 3024 669 3080 faciunt
692 3022 863 3090 ?Qua:
889 3035 1011 3076 eum
1050 3033 1109 3075 se
1147 3017 1429 3073 adversum
1472 3030 1570 3070 nos
1599 3012 1839 3084 proferre

251 3118 597 3181 arbitrantur,
622 3114 767 3170 velut
798 3112 1089 3169 admonere
1131 3124 1229 3165 nos
1270 3108 1519 3164 videntur
1542 3105 1725 3176 quales
1744 3118 1839 3160 eos

251 3210 363 3281 ipsa
394 3208 669 3278 Scriptura
694 3205 977 3262 convincat
1002 3218 1141 3259 esse.
1168 3200 1305 3269 Quid
1324 3199 1464 3255 enim
1514 3196 1640 3252 facit
1667 3194 1835 3263 aliud,

251 3300 465 3372 quando
490 3300 573 3355 vel
589 3314 687 3370 pro
708 3313 791 3366 se,
820 3298 907 3353 vel
930 3304 1115 3352 contra
1154 3308 1254 3349 nos
1276 3290 1660 3349 Parmenianus
1686 3294 1841 3359 putat

250 3408 369 3449 esse
385 3390 532 3463 quod
553 3390 808 3460 scriptum
834 3397 963 3444 est:
1014 3385 1104 3442 γω
1143 3385 1221 3439 his
1260 3385 1347 3455 qui
1371 3383 1543 3437 dicunt
1571 3379 1707 3452 quod
1752 3394 1841 3433 ne-

251 3501 405 3555 quam
443 3492 518 3537 est
546 3483 748 3547 bonum,
791 3479 994 3549 etquod
1032 3478 1219 3531 bonum
1247 3483 1318 3530 est
1360 3488 1611 3543 nequam;
1636 3471 1721 3541 qui
1741 3486 1838 3541 po-

251 3586 376 3631 nunt
408 3577 577 3630 lucem
601 3572 846 3634 tenebras,
874 3579 922 3625 et
959 3567 1186 3623 tenebras
1217 3567 1414 3630 lucem;
1448 3564 1535 3635 qui
1574 3570 1764 3633 ponunt
1787 3559 1840 3614 id

250 3666 385 3737 quod
422 3682 656 3719 amarum
690 3672 761 3718 est
792 3662 956 3728 dulce,
986 3669 1031 3715 et
1085 3658 1231 3713 dulce
1257 3655 1393 3728 quod
1424 3670 1655 3709 amarum
1686 3652 1839 3724 (Issi.

254 3774 304 3824 v,
331 3758 405 3813 20
429 3757 448 3828 )
469 3757 494 3810 ?
518 3755 562 3813 Ο
613 3753 983 3810 stultissimam
1028 3748 1361 3805 czeeitatem!
1394 3745 1520 3817 quid
1560 3745 1704 3800 enim
1731 3751 1840 3799 tam

253 3849 451 3905 bontun
479 3858 535 3902 et
556 3855 667 3901 tam
716 3842 1035 3915 jucundum,
1065 3855 1225 3911 quam
1275 3836 1517 3894 habitare
1556 3834 1749 3891 fratres
1787 3835 1841 3890 in

252 3938 461 4008 unum(
490 3936 638 3991 Psal.
674 3950 871 3998 cxxxn,
904 3934 931 3988 1
956 3930 1012 4005 )ἳ
1048 3930 1189 4001 quod
1210 3929 1285 3985 illi
1313 3942 1541 3998 nequam
1571 3926 1757 3982 dicunt
1789 3933 1846 3982 et

253 4045 497 4085 amarum
516 4036 739 4098 ponunt,
769 4025 857 4096 qui
879 4039 939 4079 se
959 4022 1027 4078 ab
1053 4021 1300 4077 omnibus
1329 4019 1583 4075 fratribus
1623 4031 1842 4088 separa-

253 4128 399 4185 runt,
424 4120 553 4173 dum
579 4131 743 4171 vanas
770 4114 1100 4185 suspiciones
1134 4127 1257 4166 suas
1281 4153 1296 4179 ,
1323 4126 1393 4166 ne
1440 4109 1612 4165 dicam
1652 4108 1843 4163 factio-

255 4223 341 4265 sas
367 4208 687 4275 calumnias,
710 4206 796 4262 vel
829 4220 934 4260 non
960 4204 1218 4267 excitare,
1246 4202 1331 4257 vel
1361 4201 1619 4257 excitatas
1652 4200 1842 4255 tollere

255 4302 562 4356 noluerunt.
618 4296 769 4368 Quod
809 4296 856 4353 si
875 4297 1096 4353 veram”
1137 4295 1345 4365 paleam
1371 4294 1631 4359 odissent,
1662 4302 1717 4348 et
1745 4291 1846 4362 ipsi

254 4396 407 4466 palea
440 4408 550 4448 non
567 4399 770 4456 essent,
818 4405 928 4445 non
974 4398 1195 4460 propter
1227 4403 1343 4443 eam
1395 4402 1457 4443 se
1506 4402 1537 4441 a
1575 4385 1844 4442 dominico

255 4487 437 4543 tritico
470 4500 571 4557 per
596 4490 769 4539 totum
808 4496 1015 4553 agrum,
1061 4479 1114 4535 id
1142 4487 1243 4547 est,
1272 4478 1550 4546 mundum,
1584 4476 1847 4532 seminato

255 4588 310 4633 et
335 4583 616 4633 crescente
654 4559 994 4644 seiungerent
1017 4569 1060 4624 ³.

324 4670 381 4723 2.
426 4667 743 4724 Exclament
782 4665 961 4735 itaque
984 4706 1001 4731 ,
1040 4662 1181 4734 quod
1226 4671 1486 4732 possunt,
1519 4660 1610 4716 Va:
1644 4660 1721 4715 his
1760 4659 1848 4731 qui

257 4764 434 4817 dicunt
474 4760 612 4830 quod
654 4774 869 4829 nequam
910 4766 983 4811 est
1029 4756 1231 4820 bonum,
1285 4764 1332 4808 et
1378 4753 1511 4824 quod
1552 4754 1732 4807 bonum
1775 4758 1849 4805 est

258 4869 497 4925 nequam.
539 4848 943 4920 Respondemus
982 4846 1245 4908 breviter,
1274 4844 1385 4899 Hoc
1412 4860 1594 4899 verum
1638 4852 1719 4898 est
1752 4861 1764 4897 :
1796 4850 1848 4897 et

259 4946 507 5001 addimus
537 4940 679 4995 aliud
698 4980 713 5006 ,
758 4938 845 4993 Vw
872 4939 949 4993 his
977 4938 1065 5010 qui
1105 4937 1427 5009 perdiderunt
1472 4935 1843 4999 sustinentium,

258 5038 382 5093 dum
413 5045 612 5105 ponunt
641 5036 805 5088 lucem
851 5032 1074 5087 tenebras
1092 5071 1104 5092 ,
1138 5038 1184 5083 et
1214 5027 1439 5082 tenebras
1469 5028 1627 5081 lucem
1657 5025 1844 5098 (Eccli.
1872 5092 1875 5095 _

261 5143 318 5192 ιι,
352 5126 468 5198 16).
500 5125 639 5194 Quid
679 5126 819 5181 enim
849 5122 1078 5177 lucidius
1119 5119 1395 5190 promissis
1426 5119 1552 5184 Dei,
1585 5120 1675 5189 qui
1714 5128 1851 5173 tem-

259 5219 482 5287 poribus
526 5217 726 5272 nostris
754 5214 1028 5281 exhibuit,
1065 5212 1204 5283 quod
1232 5219 1354 5267 ante
1395 5226 1654 5265 annorum
1686 5210 1846 5265 millia

260 5309 643 5378 prmnuntiavit
663 5351 678 5376 ,
710 5308 761 5362 in
790 5307 992 5361 semine
1013 5304 1240 5360 Abrahze
1261 5345 1274 5369 ,
1305 5302 1445 5373 quod
1474 5311 1557 5358 est
1579 5300 1845 5370 Christus,

166 5456 169 5459 .
261 5399 694 5456 benedictionem
741 5412 931 5453 omnes
977 5404 1163 5468 gentes
1205 5393 1478 5449 habituras
1525 5392 1677 5467 (Gen.
1714 5408 1848 5461 xm,

263 5494 396 5565 i8)?
425 5493 493 5547 Et
520 5491 649 5563 quid
678 5491 1010 5555 tenebrosius
1030 5486 1531 5559 praasumptionibus
1553 5485 1848 5551 hominum,

264 5584 353 5655 qui
380 5592 603 5655 propter
631 5591 832 5638 temere
861 5580 1064 5651 objecta
1085 5620 1102 5647 ,
1129 5587 1185 5635 et
1210 5592 1476 5648 nunquam
1495 5575 1716 5647 probata
1743 5574 1851 5630 cri-

331 5759 350 5791 ²
370 5768 552 5809 Omnes
572 5766 703 5819 Mss,
727 5757 937 5809 homines
958 5755 1152 5808 clausis.

332 5823 353 5853 ²
376 5821 592 5871 vaticani
617 5822 829 5881 codices,
854 5833 978 5871 vere.

330 5882 352 5918 ³
371 5887 443 5937 ιιι
461 5890 572 5934 Mss.
592 5890 651 5933 At
670 5877 1082 5947 editi,'sejzmgere
1104 5877 1390 5930 debuissent.

1944 2460 2085 2516 mina
2116 2465 2429 2524 traditorum
2456 2471 2613 2543 (qua:
2641 2474 2685 2528 si
2711 2490 2836 2531 vera
2865 2486 3079 2545 essent,
3124 2494 3393 2550 nunquam
3419 2481 3532 2538 Deo

1943 2552 2367 2626 prmjudicarent,
2412 2575 2519 2631 quo
2556 2563 2735 2619 minus
2776 2581 2895 2635 qua:
2934 2568 3182 2638 promisit
3221 2570 3527 2643 impleret),

1943 2645 2167 2714 periisse
2195 2647 2378 2705 dicunt
2403 2652 2745 2710 christianum
2782 2672 2977 2712 nomen
3006 2659 3073 2713 de
3098 2667 3177 2713 tot
3202 2661 3447 2730 gentibus
3476 2661 3529 2717 in

1943 2735 2075 2793 orbe
2099 2746 2383 2809 terrarum,
2411 2753 2465 2800 et
2488 2744 2541 2800 in
2571 2747 2683 2802 sola
2702 2746 2880 2802 Africa
2907 2750 3271 2806 remansisse?
3299 2752 3368 2807 Et
3393 2751 3531 2809 hanc

1945 2832 2413 2901 praesumptionem
2454 2851 2606 2892 suam
2646 2837 2818 2893 lucem
2848 2839 3071 2906 dicunt;
3118 2842 3375 2911 promissa
3402 2858 3533 2899 vero

1946 2916 2040 2974 Dei
2072 2919 2184 2990 jam
2212 2922 2328 2993 ipso
2371 2924 2561 2982 effectu
2588 2944 2767 2983 rerum
2806 2929 3097 2985 illuminata
3120 2931 3524 2988 mendaciorum

1945 3013 2179 3070 tenebris
2207 3017 2419 3087 operire
2462 3021 2808 3079 contendunt.
2856 3022 3079 3094 Insuper
3119 3023 3401 3080 adversum
3431 3040 3532 3082 nos

1944 3101 2083 3161 facta
2108 3122 2203 3163 sua
2231 3109 2484 3179 clamant,
2512 3112 2751 3171 dicentes
2768 3156 2783 3180 ,
2818 3113 2909 3171 Var
2930 3116 3010 3171 his
3034 3117 3120 3186 qui
3149 3127 3343 3187 ponunt
3370 3118 3533 3173 lucem

1946 3196 2172 3253 tenebras
2194 3240 2211 3268 ,
2250 3209 2298 3254 et
2325 3202 2553 3258 tenebras
2582 3205 2765 3261 lucem.
2817 3206 2966 3263 Itane
3014 3207 3103 3263 lux
3144 3219 3260 3264 erat
3285 3208 3531 3280 Optatus,

1945 3301 2067 3342 cum
2094 3297 2264 3346 totum
2292 3293 2479 3350 orbem
2498 3296 2747 3354 tenebras
2772 3298 3146 3370 appellabat‘?
3168 3302 3251 3357 An
3280 3316 3404 3357 eum
3436 3318 3534 3373 po-

1946 3377 2051 3433 tius
2079 3395 2199 3436 esse
2227 3384 2474 3441 tenebras
2518 3396 2623 3442 tota
2652 3387 2829 3445 Africa
2859 3390 3121 3446 sentiebat
3140 3431 3155 3455 ,
3198 3401 3255 3448 et
3282 3392 3368 3449 isti
3406 3406 3533 3450 eum

1946 3466 2119 3525 lucem
2145 3473 2437 3543 vocabant,
2468 3477 2555 3549 qui
2579 3488 2769 3549 ponunt
2796 3481 2818 3512 '
2844 3480 3006 3535 lucem
3034 3482 3261 3537 tenebras
3277 3522 3294 3549 ,
3322 3492 3371 3537 et
3398 3492 3536 3539 tene-

1946 3559 2063 3615 bras
2090 3562 2298 3620 lucem?
2331 3585 2352 3619 ι
2376 3566 2482 3624 Sed
2505 3568 2852 3641 displicebat,
2889 3590 2910 3625 ι
2941 3572 3219 3644 inquiunt,
3256 3592 3275 3627 ι
3308 3575 3535 3645 Optatus

1947 3652 2001 3706 in
2048 3656 2423 3714 communione
2466 3669 2651 3716 nostra
2697 3662 2943 3720 omnibus
2987 3662 3163 3721 bonis.
3198 3682 3219 3717 ι
3249 3663 3366 3721 Νοιι
3403 3680 3535 3737 ergo

1948 3758 2070 3799 eum
2100 3745 2271 3802 lucem
2297 3749 2568 3807 voeabatis
2589 3793 2606 3819 ,
2635 3761 2690 3807 et
2718 3760 2893 3810 tamen
2940 3754 2993 3810 ei
3035 3756 3532 3814 communicabatis.

1949 3832 2144 3905 Eligite
2189 3836 2365 3908 itaque
2416 3840 2558 3910 quod
2584 3842 2795 3909 velitis,
2840 3852 2936 3898 aut
2979 3859 3085 3899 non
3128 3844 3319 3900 obesse
3345 3846 3401 3901 in
3428 3861 3534 3901 una

1949 3927 2322 3984 communione
2369 3932 2615 3988 tenebras
2661 3932 2806 4001 luci,
2855 3933 2953 3990 sui
2992 3934 3240 3991 sufficere
3281 3936 3386 3992 luci
3409 3978 3425 4003 ,
3474 3947 3537 3994 ut

1949 4019 2197 4076 tenebras
2242 4020 2542 4092 improbet,
2575 4032 2630 4080 et
2670 4039 2762 4081 eas
2787 4040 2885 4096 pro
2925 4026 3128 4083 unitate
3149 4066 3167 4094 ,
3196 4027 3242 4083 si
3266 4028 3536 4099 expellere

1949 4126 2057 4166 non
2084 4120 2291 4182 potest,
2322 4114 2549 4182 toleret;
2580 4125 2740 4187 atque
2764 4117 2837 4173 ita
2867 4133 2974 4174 non
3002 4117 3170 4175 fuisse
3198 4135 3412 4175 causam
3439 4136 3540 4177 cur

1949 4204 2018 4261 ab
2060 4206 2429 4263 innocentibus
2474 4208 2730 4267 fratribus
2754 4252 2770 4275 ,
2812 4225 2949 4283 quos
2995 4212 3165 4267 malos
3192 4212 3214 4245 ³
3242 4222 3388 4269 certe
3430 4229 3537 4269 non

1952 4295 2198 4364 potuistis
2245 4298 2567 4367 ostendere,
2615 4301 2661 4355 si
2701 4301 2852 4357 vobis
2894 4302 3136 4373 cognitos
3182 4303 3341 4360 etiam
3372 4302 3539 4361 fuisse

1950 4386 2173 4455 dicatis,
2221 4390 2502 4447 tenebroso
2548 4393 2852 4450 sellismatis
2892 4396 3172 4466 sacrilegio
3201 4396 3539 4467 disjungere-

1950 4479 2083 4535 mini
2114 4499 2128 4533 :
2158 4491 2249 4536 aut
2285 4483 2329 4537 si
2372 4498 2480 4539 non
2522 4484 2717 4540 sufﬁcit
2758 4486 2862 4542 luci
2900 4498 2959 4541 ut
2988 4487 3251 4557 improbet
3278 4504 3409 4558 quas
3439 4504 3540 4544 ex-

1950 4573 2153 4643 pellere
2180 4589 2285 4629 non
2330 4585 2505 4644 potest
2550 4577 2830 4647 tenebras,
2862 4579 2913 4634 id
2954 4590 3072 4645 est,
3105 4581 3149 4635 si
3194 4595 3299 4636 non
3340 4580 3540 4637 sufficit

1953 4663 2107 4719 bonis
2136 4675 2194 4720 ut
2220 4668 2521 4737 improbent
2548 4670 2739 4738 malos,
2772 4686 2905 4742 quos
2930 4672 3216 4730 excludere
3240 4676 3326 4731 vel
3349 4691 3540 4732 emen-

1955 4749 2082 4806 dare
2108 4767 2215 4806 non
2249 4762 2508 4823 possunt;
2550 4754 2757 4811 facilius
2783 4773 2922 4813 unus
2946 4757 3169 4828 Optatus
3198 4770 3402 4830 partem
3431 4762 3541 4817 Do-

1952 4844 2063 4897 nati
2092 4846 2144 4898 in
2175 4860 2277 4898 una
2304 4845 2481 4900 Africa
2519 4848 2828 4903 notissimus
2851 4860 2906 4904 et
2944 4853 3311 4921 apertissimus
3354 4870 3540 4909 macu-

1954 4935 2099 4999 lavit,
2124 4952 2281 5006 quam
2303 4938 2522 5007 quilibet
2538 4937 2669 4994 Afer
2690 4941 2911 4996 traditor
2933 4950 3008 4996 tot
3030 4952 3217 5012 gentes
3239 4960 3333 5014 per
3352 4945 3539 4999 orbem

1956 5034 2218 5080 terrarum
2248 5035 2320 5090 et,
2338 5027 2500 5083 sinon
2528 5028 2696 5084 dicam
2726 5030 2869 5084 falsis
2894 5032 3205 5087 criminibus
3233 5044 3535 5102 accusatus,

1955 5128 2134 5174 tamen
2164 5119 2304 5190 quod
2332 5116 2789 5190 impudentissime
2823 5133 3064 5194 negatur,
3093 5125 3322 5195 ignotus.

2026 5212 2079 5267 5.
2120 5212 2454 5281 Aecipientes
2485 5213 2662 5283 itaque
2690 5229 2940 5283 perverso
2983 5215 3145 5271 corde
3166 5215 3190 5248 ⁸
3216 5216 3540 5283 Scripturas,

1955 5318 2065 5357 non
2092 5318 2183 5357 eas
2212 5302 2410 5357 faciunt
2450 5303 2639 5360 obesse
2682 5305 2871 5370 nobis,
2902 5306 2997 5361 sed
3043 5305 3143 5360 sibi
3176 5323 3190 5361 :
3224 5303 3436 5373 quando
3472 5301 3542 5360 ad

1955 5394 2059 5450 hoc
2086 5402 2271 5465 putant
2308 5409 2429 5451 esse
2468 5394 2719 5465 scriptum
2742 5436 2757 5462 ,
2813 5394 2903 5452 Va:
2944 5397 3022 5451 his
3064 5396 3152 5466 qui
3196 5394 3367 5447 dicunt
3407 5397 3542 5466 quod

2020 5508 2037 5580 ξ
2064 5507 2272 5558 vatieani
2294 5506 2505 5564 codices,
2528 5513 2574 5557 et
2596 5520 2705 5578 cum
2722 5507 2992 5617 tMﬁca
3013 5504 3230 5556 tenebras
3250 5504 3544 5570 appellabat.

2020 5570 2043 5617 ιὶ
2074 5577 2201 5617 Mss.
2219 5581 2332 5617 cum
2353 5573 2500 5617 totam
2524 5569 2735 5617 Africam
2888 5583 2967 5617 ras
2988 5566 3279 5617 appellabat.
3305 5568 3447 5617 Paqu
3463 5582 3544 5617 su-

1956 5567 2043 5619 Alii
2057 5577 2201 5640 _Mss.,
2219 5581 2332 5640 eum
2353 5573 2500 5640 totam
2524 5567 2735 5631 Africam
2752 5566 2967 5640 tenebras
2988 5566 3290 5640 appellabat.’
3305 5566 3447 5640 naqu
3463 5582 3544 5640 su-_-

1957 5644 2040 5693 pra
2056 5638 2186 5699 ιρι..
2210 5639 2405 5699 Insuper
2429 5628 2684 5699 adversum
2704 5644 2788 5681 nos
2802 5629 2941 5694 {actis
2961 5628 3061 5679 suis
3078 5628 3301 5680 clamant.
3322 5630 3468 5692 Lugd.
3487 5637 3543 5681 et

1957 5690 2075 5741 'Ven.
2100 5690 2274 5753 legunt
2288 5690 2343 5741 ut
2363 5697 2475 5753 [ιοιζἶ
2539 5698 2596 5740 Μ.

2020 5756 2042 5785 ⁸
2064 5750 2269 5816 Vaticani
2288 5759 2345 5801 et
2383 5750 2607 5816 Gallicani
2631 5760 2757 5816 Mss,
2781 5751 2864 5816 qui
2888 5758 3190 5816 nonpommt.

2022 5815 2043 5881 ξ
2065 5814 2249 5876 Aliquot
2266 5820 2391 5881 Mss.)
2411 5812 2579 5881 quibus
2594 5811 2761 5881 malos.

2021 5876 2044 5908 δ
2066 5881 2116 5925 ιιι
2138 5874 2491 5939 manuscriptis,
2514 5874 2703 5926 ordine.
