4054 6470
573 435 641 494 55
823 425 828 428 ’
882 425 884 427 ’
973 413 976 416 ’
1035 432 1042 444 ’
1389 432 1658 490 CONTRA
1699 431 2082 491 EPISTOLAM
2120 432 2554 505 PARMENIANI,
2597 436 2653 493 S.
2694 387 3080 496 AUGUSTINI'
3753 447 3823 504 se

569 553 878 624 sanguinem
905 550 1096 621 fundit,
1123 551 1213 623 qui
1244 565 1457 618 carnem
1481 528 1760 606 mortalem
1789 550 1873 606 vel
1903 549 2144 604 vulnerat

569 643 655 699 vel
693 644 1020 700 vulneratam
1054 642 1298 714 perimit;
1331 641 1420 698 ille
1459 649 1640 696 autem
1687 655 1794 697 non
1836 639 2010 714 fundit
2050 639 2143 709 qui

569 734 817 790 seductas
857 735 1059 789 animas
1083 732 1358 803 sacrilegio
1397 731 1698 788 schismatis
1726 731 1950 797 occidit;
1977 743 2142 801 quare

567 826 623 881 in
649 827 1015 884 schismaticos
1041 839 1167 881 suos
1194 824 1605 880 Maximianistas
1634 840 1731 894 per
1756 823 1997 880 eamdem
2026 822 2140 893 ple-

569 919 704 974 narii
726 917 934 974 concilii
973 916 1054 972 sui
1099 916 1417 972 sententiam
1458 915 1581 970 talia
1608 914 1889 982 dixerunt,
1934 910 2140 968 Veloces

569 1008 718 1077 pedes
758 1024 929 1061 eorum
953 1007 1022 1061 ad
1061 1005 1418 1072 effundendum
1457 1005 1750 1076 sanguinem
1773 1019 1794 1061 :
1818 1018 1941 1060 cum
1970 1003 2036 1058 ab
2061 1005 2140 1060 eis

564 1106 772 1154 constet
823 1097 1167 1168 corporaliter
1219 1097 1487 1153 neminem
1539 1097 1812 1161 occisum,
1868 1095 2140 1151 neminem

565 1187 895 1242 vulneratum
920 1205 934 1250 :
964 1187 1056 1242 sed
1083 1179 1298 1257 insuper
1315 1201 1408 1242 eos
1425 1185 1493 1242 ab
1512 1186 1626 1240 istis
1644 1186 1806 1240 multa
1834 1199 2135 1254 perpessos,

564 1292 684 1333 cum
710 1276 778 1333 de
817 1277 1046 1333 basilicis
1089 1293 1186 1348 per
1211 1277 1518 1348 judiciarias
1559 1285 1852 1348 potestates
1891 1275 2138 1331 exclude-

565 1378 781 1435 rentur,
815 1369 986 1439 qualia
1011 1377 1133 1424 ante
1172 1369 1559 1439 separationem
1587 1367 2091 1422 Maximianistarum
2117 1407 2135 1434 ,

562 1475 684 1517 cum
711 1462 763 1516 in
795 1476 957 1516 unum
985 1461 1004 1492 ί
1032 1459 1232 1531 pariter
1262 1468 1458 1526 essent,
1489 1458 1656 1514 multa
1681 1457 1922 1514 fecerunt
1942 1457 2021 1512 eis
2047 1457 2139 1526 qui

563 1555 742 1625 priora
767 1568 834 1607 ex
859 1561 1008 1622 parte
1037 1552 1224 1608 Donati
1244 1552 1529 1607 schismata
1556 1547 1834 1605 fecerant?
1856 1547 1954 1603 Cui
1993 1547 2138 1603 enim

565 1659 793 1712 unquam
814 1642 1151 1698 schismatico
1174 1657 1272 1697 suo
1295 1649 1662 1712 pepercerunt,
1685 1640 1774 1710 qui
1800 1639 1899 1694 sibi
1923 1639 1990 1693 ab
2009 1637 2140 1694 orbe

564 1744 826 1790 terrarum
847 1775 862 1801 ,
895 1735 1048 1806 cujus
1085 1735 1185 1805 ipsi
1227 1733 1548 1790 schismatici
1591 1741 1744 1798 sunt,
1777 1732 1935 1788 nimis
1963 1732 2140 1803 impne

563 1826 753 1882 denter
795 1810 935 1896 parci
978 1826 1184 1894 volunt,
1215 1841 1335 1881 cum
1385 1840 1416 1880 a
1459 1824 1570 1880 sola
1620 1824 1733 1895 ipsa
1770 1837 1896 1878 vera
1936 1822 2138 1877 unitate

560 1917 854 1986 iustissime
880 1916 1164 1973 schismata
1192 1917 1475 1987 puniantur
1493 1957 1509 1982 ,
1543 1917 1587 1971 si
1613 1930 1678 1971 eo
1705 1913 1864 1970 modo
1907 1914 2006 1969 ista
2036 1928 2137 1983 pu-

563 2006 756 2062 nienda
789 2007 950 2061 sunt?

632 2098 857 2155 CAPUT
894 2097 982 2154 IV.
1005 2129 1076 2140 —
1099 2099 1152 2154 8.
1193 2097 1259 2152 Et
1285 2095 1411 2152 illud
1440 2095 1580 2166 quod
1607 2095 1861 2164 scriptum
1891 2103 2005 2161 est,
2039 2093 2140 2149 Se-

563 2194 785 2247 cundum
835 2193 1110 2264 principem
1146 2191 1354 2263 populi,
1388 2191 1461 2246 sic
1503 2199 1551 2244 et
1595 2189 1812 2243 ministri
1851 2188 2045 2257 ipsius;
2092 2194 2141 2242 et

562 2285 726 2355 qualis
746 2295 907 2340 rector
926 2297 997 2339 est
1021 2285 1252 2349 civitatis,
1276 2283 1400 2338 tales
1419 2281 1750 2336 inhabitantes
1769 2279 1952 2350 (Eccli.
1975 2295 2031 2345 ι,
2053 2279 2138 2349 2);

565 2377 608 2430 si
640 2376 994 2446 intelligerent
1020 2390 1126 2446 quo
1154 2375 1423 2444 pertinet,
1457 2389 1559 2429 nec
1585 2373 1736 2427 nobis
1760 2371 2053 2441 objiccrent
2079 2371 2138 2437 ³,

566 2483 665 2522 nec
693 2468 789 2537 ipsi
820 2482 952 2522 vana
977 2467 1226 2537 jactantia
1256 2465 1612 2536 superbirent.
1638 2463 1747 2518 Nos
1784 2462 1924 2518 enim
1953 2470 2010 2516 ut
2037 2459 2138 2516 ho-

564 2557 763 2612 minum
789 2571 937 2626 Spem
957 2597 973 2622 ,
999 2572 1118 2626 quae
1151 2556 1207 2610 in
1231 2555 1346 2610 solo
1372 2555 1480 2612 Deo
1523 2564 1633 2608 tuta
1658 2563 1909 2622 recteque
1949 2565 2138 2607 secura

563 2659 664 2716 est,
699 2665 802 2703 non
827 2649 880 2703 in
907 2647 1210 2702 hminibus
1237 2646 1578 2711 collocemus,
1607 2643 1855 2713 quoniam
1882 2641 2138 2710 scriptum

564 2741 923 2806 meminimus,
949 2738 1249 2792 Maledictus
1267 2737 1353 2808 qui
1381 2752 1520 2806 spem
1538 2751 1683 2788 suam
1704 2733 1844 2804 ponit
1861 2734 1914 2786 in
1939 2732 2139 2784 homine

566 2828 776 2899 (Jerem.
806 2844 947 2893 xvn,
969 2828 1062 2896 5);
1092 2842 1194 2881 non
1218 2825 1559 2896 intelligimus
1582 2822 1682 2876 hoc
1703 2823 1819 2876 loco
1844 2820 2137 2890 principem

565 2919 742 2989 populi
762 2926 817 2973 et
839 2926 1100 2972 rectorem
1121 2915 1348 2971 civitatis
1368 2914 1673 2984 episcopum
1699 2910 2001 2981 significari.
2019 2908 2136 2964 Non

561 3011 682 3065 ideo
707 3009 830 3080 quia
860 3023 963 3063 non
990 3006 1254 3077 possimus
1283 3003 1694 3084 innumerabiles
1722 3008 1933 3056 sanctos
1964 3001 2015 3054 in
2041 3014 2136 3055 ca-

564 3101 755 3156 tholica
784 3099 886 3154 llde
919 3099 1197 3169 episcopos
1226 3095 1417 3152 intueri
1443 3111 1458 3149 :
1488 3092 1584 3149 sed
1609 3107 1678 3148 ne
1700 3091 2008 3162 cujusquam
2031 3132 2046 3156 ,
2079 3099 2136 3146 ut

559 3195 690 3262 dixi,
717 3208 842 3264 spes
859 3191 1089 3246 hominis
1117 3189 1407 3245 collocetur
1433 3187 1484 3241 in
1516 3185 1749 3250 homine,
1777 3192 1832 3240 et
1856 3185 1900 3237 si
1925 3183 2062 3244 torte
2087 3181 2138 3237 ci

563 3285 833 3355 contingat
872 3285 928 3338 in
984 3297 1047 3337 ea
1093 3280 1271 3336 vivere
1311 3278 1525 3334 civitate
1567 3276 1659 3331 ubi
1699 3289 1806 3330 non
1852 3274 1922 3328 sit
1969 3273 2138 3329 bonus

559 3379 875 3448 episcopus,
917 3373 1203 3431 arbitretur
1232 3371 1445 3442 impune
1486 3385 1546 3424 se
1583 3369 1778 3422 malum
1810 3366 1956 3432 ﬁeri,
1987 3380 2140 3419 usur-

561 3481 692 3536 pans
718 3465 782 3520 ad
809 3464 1169 3520 defensionem
1196 3467 1348 3516 suam
1387 3469 1495 3515 tam
1527 3472 1772 3529 perverse
1810 3456 1963 3510 istam
1990 3453 2138 3508 Scri-

560 3567 766 3628 pturam
789 3557 830 3620 ⁸,
855 3571 1012 3627 quam
1035 3568 1281 3626 perverse
1300 3552 1368 3607 ab
1391 3551 1506 3607 istis
1526 3548 1858 3618 intelligitur;
1882 3556 1936 3601 et
1953 3547 2138 3602 dicens

563 3651 616 3704 in
647 3664 712 3704 eo
736 3663 794 3705 se
813 3648 1010 3703 bonum
1036 3661 1155 3710 esse
1179 3660 1284 3700 non
1310 3658 1467 3715 posse
1485 3683 1500 3708 ,
1531 3641 1653 3712 quia
1689 3639 1965 3695 secundum
1995 3637 2138 3708 prin-

560 3743 722 3812 cipem
751 3741 948 3813 populi,
979 3740 1052 3793 sic
1079 3747 1124 3793 et
1162 3737 1378 3792 ministri
1405 3736 1551 3805 ejus;
1593 3742 1638 3788 et
1666 3732 1828 3803 qualis
1875 3740 2038 3784 rector
2066 3737 2139 3784 est

561 3834 792 3899 civitatis,
833 3832 957 3886 tales
999 3828 1352 3884 inhabitantes.
1396 3823 1788 3881 Contradicitur
1826 3822 1969 3877 enim
2017 3820 2140 3876 huic

561 3924 731 3981 errori
761 3923 1010 3980 Veritatis
1037 3936 1132 3978 ore
1156 3919 1379 3976 dicentis
1399 3960 1415 3986 ,
1447 3916 1574 3985 Qua:
1597 3916 1787 3980 dicunt,
1817 3914 2002 3984 facite;
2027 3927 2138 3983 qua:

560 4027 725 4071 autem
755 4016 982 4086 faciunt,
1015 4013 1166 4068 nolite
1183 4003 1357 4082 Tacere
1381 4025 1402 4064 :
1444 4010 1616 4063 dicunt
1657 4008 1790 4063 enim
1811 4049 1828 4075 ,
1854 4016 1900 4060 et
1927 4022 2028 4060 non
2052 4005 2136 4074 fa-

561 4109 697 4161 ciunt
728 4104 936 4174 (Matth.
967 4119 1129 4169 χχιιι,
1156 4102 1234 4173 3).
1268 4101 1532 4155 Habentes
1573 4098 1750 4167 itaque
1789 4096 1971 4165 plebes
2005 4095 2138 4150 tales

561 4197 838 4266 episcopos
857 4236 872 4259 ,
899 4194 990 4264 qui
1017 4193 1154 4248 bona
1181 4191 1362 4247 dicunt
1392 4204 1460 4244 ex
1497 4187 1751 4243 cathedra
1771 4186 1960 4257 Moysi,
1987 4193 2043 4240 et
2074 4198 2139 4240 ea

561 4304 679 4359 qua:
707 4287 888 4342 dicunt
915 4301 1021 4341 non
1052 4284 1246 4339 faciunt
1285 4297 1351 4338 ex
1378 4279 1677 4351 pestilentia
1707 4293 1832 4345 sua,
1867 4277 1916 4333 si
1956 4276 2031 4332 illi
2055 4275 2137 4331 fa-

561 4382 703 4436 ciant
728 4394 788 4435 ea
817 4379 952 4434 bona
981 4392 1099 4448 qua:
1119 4375 1323 4442 dicunt,
1349 4383 1404 4429 et
1422 4388 1527 4428 non
1552 4373 1746 4427 faciant
1774 4385 1836 4426 ea
1861 4369 1998 4425 mala
2017 4384 2138 4440 qua:

562 4471 780 4539 faciunt,
807 4471 944 4527 sicut
968 4468 1204 4539 prmcipit
1232 4466 1517 4529 Dominus;
1549 4478 1727 4519 nonne
1755 4463 1882 4518 satis
1903 4460 2140 4516 indicant

562 4563 668 4619 non
695 4565 764 4618 ita
794 4560 1188 4633 intelligendum
1215 4575 1335 4616 esse
1361 4556 1650 4627 principem
1679 4554 1858 4626 populi
1883 4563 1937 4610 et
1959 4561 2136 4610 recto-

562 4671 676 4710 rem
705 4653 933 4709 civitatis
957 4649 1226 4722 quomodo
1250 4647 1336 4703 isti
1363 4645 1702 4717 intelligunt?
1725 4645 1958 4700 Possunt
1993 4645 2137 4698 enim

561 4763 681 4804 esse
713 4746 889 4818 populi
928 4745 1056 4801 boni
1085 4743 1173 4799 ubi
1199 4741 1394 4796 fuerint
1427 4737 1662 4810 episcopi
1687 4737 1846 4803 mali;
1877 4736 2013 4791 sicut
2043 4749 2138 4805 po—

563 4839 665 4894 tuit
706 4853 826 4894 esse
855 4836 1078 4908 p0pulus
1114 4833 1285 4890 malus
1323 4832 1410 4888 ubi
1439 4830 1537 4885 fuit
1572 4829 1781 4901 Moyses
1809 4829 2056 4899 princeps
2083 4835 2138 4884 et

564 4933 740 4989 rectOr
785 4931 982 4986 bonus.
1026 4929 1279 4984 Errantes
1326 4924 1468 4980 enim
1509 4922 1562 4976 in
1610 4921 1788 4977 verbis
1832 4928 2137 4976 sanctarum

563 5025 975 5094 Scripturarum,
1001 5031 1055 5076 et
1077 5021 1214 5076 sicut
1240 5017 1367 5072 dicit
1391 5014 1696 5085 Apostolus,
1727 5029 1831 5067 non
1854 5011 2138 5080 intelligen-

565 5128 638 5172 tes
679 5130 836 5185 neque
875 5128 987 5184 qua:
1020 5112 1318 5181 loquuntur,
1367 5122 1524 5177 neque
1559 5105 1623 5158 de
1670 5103 1848 5174 quibus
1890 5102 2140 5172 aﬂirmant

565 5211 610 5282 (l
638 5209 772 5264 Tim.
801 5224 854 5274 ι,
883 5206 965 5279 7),
990 5204 1091 5275 ipsi
1116 5203 1290 5274 potius
1314 5199 1601 5256 secundum
1633 5196 2030 5267 perversitatem
2058 5194 2140 5248 in-

565 5302 805 5357 tellectus
848 5297 930 5354 sui
973 5309 1191 5366 magnas
1237 5292 1509 5362 patiuntur
1553 5288 1842 5358 angustias,
1891 5301 2012 5341 cum
2059 5284 2138 5339 eis

564 5395 760 5450 dicitur
781 5435 798 5460 ,
824 5392 960 5460 Ergo
990 5387 1162 5460 qualis
1197 5383 1293 5438 fuit
1315 5383 1536 5454 Optatus
1556 5423 1570 5445 ,
1599 5381 1718 5434 talis
1760 5379 1858 5434 fuit
1893 5387 1947 5433 et
1984 5375 2138 5447 plebs

565 5483 1052 5556 Thamugadeusis:
1085 5487 1140 5534 et
1167 5478 1210 5534 si
1241 5474 1610 5531 communione
1638 5471 2101 5528 Sacramentorum
2121 5507 2138 5536 ,

633 5636 1188 5698 ίοιιιιιθειικεηὶῃιιηρ.
1469 5697 1472 5698 ν
1552 5690 1564 5698 ,

630 5700 808 5776 maliti,
830 5712 916 5748 nec
939 5688 1069 5747 nobis
1090 5695 1205 5747 talia
1219 5692 1490 5757 objicerent.
1519 5690 1678 5751 Abest,
1698 5688 1830 5750 talia,
1877 5691 1938 5739 ab
1972 5703 2140 5740 manu‘

568 5769 818 5874 “min.
865 5828 991 5884 Mss,
1043 5825 1142 5872 tam
1191 5829 1408 5879 perverse
1447 5813 1730 5874 intellectam
1753 5812 1893 5867 istam
1929 5821 2141 5881 Scriptu-

567 5898 689 5950 ram.

2245 547 2382 605 sicut
2401 548 2606 616 dicitis,
2637 553 3060 608 contaminantur
3082 561 3138 608 et
3161 552 3237 608 illi
3262 554 3352 623 qui
3384 552 3518 611 facta
3554 555 3693 611 mala
3717 557 3823 613 im-

2244 639 2486 707 probant,
2509 649 2564 695 et
2587 640 2661 694 illi
2681 641 2769 711 qui
2791 642 2948 696 etiam
2974 657 3036 697 ea
3061 657 3157 712 pro
3175 657 3303 711 pace
3323 644 3548 699 tolerant
3569 644 3818 709 unitatis;

2244 727 2378 784 tales
2403 729 2532 784 estis
2553 739 2608 786 et
2633 745 2728 786 vos
2749 745 2956 798 omnes,
2983 732 3070 802 qui
3097 741 3151 787 et
3174 731 3246 787 illi
3267 733 3483 804 collega:
3504 743 3558 789 et
3580 733 3656 790 illi
3679 729 3822 804 plebi

2243 820 2701 888 communicastis,
2727 836 2847 876 cum
2878 821 3025 876 illum
3049 831 3157 877 tota
3187 823 3362 880 Africa
3389 823 3628 881 Gildonis
3653 827 3822 882 satel-

2242 907 2390 964 litem
2417 909 2695 966 manifesto
2721 912 2919 982 gemitu
2943 911 3236 968 declararet
3261 915 3301 967 ¹.
3338 913 3510 981 Quem
3534 925 3823 986 propterea

2243 1014 2386 1071 stepe
2413 1003 2662 1070 nomino,
2698 1003 2820 1073 quia
2859 1003 2928 1058 ita
2958 1003 3269 1060 manifestus
3293 1005 3570 1076 apparuit,
3600 1015 3658 1060 ut
3699 1006 3821 1062 ubi-

2242 1107 2468 1164 cumque
2487 1093 2644 1150 fuerit
2670 1096 2971 1151 nominatus
2988 1136 3005 1164 ,
3037 1097 3216 1153 nullus
3243 1113 3302 1153 se
3328 1098 3570 1168 ignorare
3592 1113 3822 1169 respon-

2241 1181 2384 1239 deat.
3020 1208 3028 1239 l
3809 1181 3821 1189 ⁷

2312 1273 2364 1328 9.
2403 1273 2534 1329 Nam
2561 1276 2658 1346 ipsi
2686 1277 2969 1346 respiciant
2994 1287 3049 1333 et
3071 1279 3416 1336 recordentur
3439 1296 3598 1351 quam
3623 1283 3823 1338 multos

2241 1362 2380 1419 inter
2403 1377 2462 1419 se
2487 1365 2686 1421 similes
2711 1366 2959 1434 habeant,
2987 1383 3214 1436 quorum
3243 1384 3339 1440 par
3361 1370 3562 1426 malitia
3585 1380 3690 1437 est,
3724 1372 3822 1427 sed

2241 1454 2414 1526 impar
2442 1456 2648 1525 notitia,
2677 1467 2731 1513 et
2753 1457 3034 1527 aliquando
3058 1459 3272 1514 veniant
3296 1459 3363 1515 ad
3389 1476 3566 1516 veram
3594 1471 3822 1517 senten-

2243 1546 2368 1600 tiam
2408 1546 2634 1602 istorum
2673 1549 2954 1604 verborum
2976 1592 2992 1618 ,
3029 1558 3085 1606 et
3108 1551 3402 1622 intelligant
3447 1568 3608 1606 unum
3640 1553 3822 1623 populi

2242 1639 2532 1708 principem
2561 1640 2840 1696 Dominum
2864 1650 3103 1696 nostrum
3131 1642 3312 1698 Jesum
3338 1642 3608 1698 Christum
3625 1685 3640 1711 ,
3669 1643 3823 1712 cujus

2243 1729 2473 1784 ministri
2497 1740 2621 1784 sunt
2649 1729 2771 1785 boni
2800 1747 2814 1797 ;
2846 1740 2900 1787 et
2926 1731 3098 1802 ipsum
3126 1742 3388 1788 rectorem
3425 1734 3654 1788 civitatis
3680 1734 3822 1791 illius

2241 1820 2554 1886 Jerusalem,
2599 1838 2718 1892 quae
2764 1833 2846 1878 est
2883 1833 3054 1879 mater
3079 1833 3258 1880 nostra
3297 1827 3348 1880 in
3373 1825 3526 1882 caelis
3584 1834 3820 1890 aeterna;

2242 1912 2391 1983 cujus
2416 1914 2637 1968 rectoris
2667 1913 2906 1986 dignitati
2931 1924 3228 1987 congruunt
3253 1916 3550 1972 habitantes
3572 1957 3588 1984 ,
3621 1933 3726 1972 non
3753 1915 3826 1972 ad

2243 2007 2616 2077 aequalitatem,
2649 2010 2743 2065 sed
2768 2025 2866 2080 pro
2892 2010 3050 2066 modo
3074 2026 3192 2077 suo,
3224 2014 3345 2082 quia
3374 2013 3572 2069 dictum
3599 2023 3684 2068 est
3701 2014 3781 2071 eis
3803 2053 3823 2080 ,

2243 2097 2422 2153 Sancti
2434 2099 2596 2167 eritis,
2621 2101 2856 2168 quoniam
2879 2110 2926 2154 et
2940 2117 3030 2172 ego
3046 2109 3247 2156 sanctus
3267 2100 3378 2156 sum
3395 2101 3576 2173 (Leuit.
3601 2120 3715 2172 XIX,
3737 2103 3822 2174 2):

2243 2190 2533 2245 secundum
2567 2191 2851 2261 quamdam
2889 2192 3093 2248 scilicet
3121 2193 3361 2263 imaginis
3390 2194 3822 2260 similitudinem,

2244 2283 2295 2337 in
2325 2298 2481 2353 quam
2513 2284 2533 2314 ²
2564 2283 2999 2338 transformamur
3026 2284 3093 2339 de
3121 2284 3287 2355 gloria
3316 2285 3369 2339 in
3401 2285 3622 2355 gloriam
3645 2328 3660 2351 ,
3705 2295 3827 2341 tan-

2241 2389 2399 2444 quam
2425 2389 2456 2428 a
2483 2373 2691 2428 Domini
2719 2374 2919 2443 Spiritu
2941 2373 3008 2445 (ll
3037 2373 3156 2430 Cor.
3182 2390 3241 2430 ιιι
3259 2416 3276 2439 ,
3306 2375 3418 2446 18),
3442 2391 3661 2432 munere
3683 2376 3828 2432 illius

2241 2464 2330 2533 qui
2375 2476 2473 2518 nos
2498 2461 2626 2517 facit
2659 2465 2960 2519 cont‘ormes
2981 2464 3225 2534 imaginis
3251 2464 3368 2520 Filii
3388 2467 3467 2520 sui
3497 2465 3671 2537 (Rom.
3695 2481 3790 2524 vut
3807 2507 3825 2534 ,

2240 2553 2353 2622 29).
2383 2553 2478 2608 Est
2509 2562 2565 2609 et
2591 2553 2810 2609 alterius
2836 2555 2961 2609 mali
2988 2556 3169 2625 populi
3197 2555 3439 2611 diabolus
3465 2557 3743 2626 princeps,
3773 2563 3830 2613 et

2241 2653 2417 2700 rector
2450 2643 2566 2714 ejus
2602 2644 2829 2698 civitatis
2854 2659 2974 2714 qua:
3013 2646 3238 2716 mystice
3273 2645 3561 2717 Babylonia
3591 2645 3787 2701 dicitur
3808 2688 3832 2713 ,

2239 2749 2397 2804 quem
2429 2736 2720 2805 principem
2753 2744 2808 2791 et
2835 2746 3100 2791 rectorem
3128 2737 3464 2792 tenebrarum
3501 2737 3687 2792 harum
3712 2779 3726 2802 ,
3772 2738 3828 2794 id

2241 2837 2352 2892 est,
2412 2837 2768 2895 peccatorum,
2819 2828 2991 2896 ipsum
3041 2837 3095 2882 et
3143 2828 3360 2898 angelos
3394 2828 3510 2898 ejus
3556 2828 3830 2898 apostolus

2240 2915 2433 2970 Paulus
2470 2916 2700 2985 appellat
2746 2915 2963 2989 (Ephes.
3002 2933 3092 2986 vt,
3142 2918 3273 2987 12):
3317 2925 3372 2973 et
3412 2918 3553 2973 illius
3593 2917 3830 2975 ministri

2239 3006 2442 3062 similes
2470 3008 2586 3078 ejus
2613 3017 2771 3076 sunt,
2809 3010 2931 3079 quia
2957 3011 3331 3080 transﬂgurant
3368 3025 3428 3066 se
3471 3011 3525 3066 in
3551 3011 3829 3068 ministros

2235 3097 2472 3168 justitize,
2495 3099 2631 3154 sicut
2654 3099 2743 3155 ille
2760 3101 2814 3156 in
2832 3101 3075 3169 angelum
3095 3101 3228 3156 lucis
3250 3100 3318 3174 (ll
3337 3100 3456 3157 Cor.
3481 3117 3567 3166 ιι,
3595 3103 3680 3167 15,
3711 3101 3827 3173 14),

2241 3199 2296 3244 et
2315 3190 2670 3246 inhabitantes
2689 3191 2885 3246 rectori
2911 3192 3143 3261 pessimo
3161 3192 3215 3246 in
3240 3191 3390 3247 factis
3411 3192 3675 3247 similibus
3697 3207 3830 3248 con:

2242 3291 2454 3352 gruunt.
2492 3281 2598 3338 Sed
2627 3283 2845 3338 istorum
2874 3283 3188 3352 populorum
3212 3291 3372 3354 atque
3399 3283 3671 3339 civitatum
3699 3293 3828 3340 tunc

2242 3373 2344 3428 erit
2362 3382 2544 3442 aperta
2566 3373 2852 3442 separatio,
2875 3388 2996 3429 cum
3023 3373 3122 3428 ista
3147 3374 3336 3429 messis
3356 3373 3517 3430 fuerit
3534 3374 3824 3429 ventilata:

2242 3464 2383 3535 quod
2405 3464 2574 3520 donec
2601 3464 2714 3532 ﬁat,
2743 3465 2920 3520 omnia
2947 3465 3139 3521 tolerat
3165 3465 3379 3521 dilectio
3408 3466 3824 3534 frumentorum,

2241 3571 2310 3610 ne
2337 3556 2460 3610 dum
2485 3571 2651 3626 grana
2679 3557 2884 3626 paleam
2908 3571 3247 3628 prtepropere
3272 3556 3509 3627 fugiunt,
3540 3573 3570 3612 a
3597 3571 3826 3613 consor-

2243 3645 2382 3702 tibus
2407 3647 2588 3716 granis
2609 3646 2770 3717 impie
2797 3656 3136 3716 separentur.
3573 3686 3577 3692 -

2311 3735 2537 3792 CAPUT
2575 3736 2640 3791 V.
2663 3767 2733 3777 —
2756 3736 2843 3792 l0.
2874 3736 3011 3805 Quid
3032 3738 3191 3809 igitur
3203 3738 3314 3808 jam
3338 3739 3480 3794 valet
3498 3739 3564 3793 ad
3584 3753 3823 3806 causam,

2240 3831 2382 3901 quod
2411 3830 2497 3885 isti
2523 3829 2675 3885 nobis
2701 3829 2988 3899 objiciunt,
3017 3830 3138 3901 quia
3167 3830 3235 3886 de
3258 3831 3412 3886 malis
3445 3831 3824 3888 sacriﬁcatori-

2240 3923 2340 3978 bus
2366 3921 2621 3977 Dominus
2648 3935 2744 3992 per
2768 3920 2957 3976 Isaiam
2985 3919 3148 3976 dicit:
3181 3919 3520 3976 Facinorosus
3544 3923 3630 3991 qui
3657 3924 3824 3977 sacri-

2241 4012 2359 4082 ﬁcat
2380 4011 2502 4066 mihi
2523 4011 2754 4078 vitulum,
2778 4012 2920 4080 quasi
2939 4011 3024 4081 qui
3046 4027 3222 4065 canem
3246 4012 3479 4075 occidat;
3503 4021 3552 4064 et
3575 4013 3659 4079 qui
3685 4013 3829 4066 simi-

2240 4103 2487 4174 laginem,
2517 4103 2661 4172 quasi
2684 4103 2978 4172 sanguinem
3017 4103 3310 4172 porcinum;
3335 4113 3382 4156 et
3409 4104 3494 4171 qui
3521 4101 3668 4169 offert
3707 4105 3825 4160 thus

2239 4196 2292 4250 in
2320 4197 2632 4259 memoriam,
2658 4195 2802 4264 quasi
2827 4195 3143 4263 blasphemus
3168 4195 3190 4226 ³
3215 4193 3364 4267 (Isai.
3396 4210 3517 4249 LXVI
3537 4235 3554 4262 ,
3585 4195 3676 4265 5)?
3697 4195 3828 4254 llaec

2240 4287 2416 4342 omnia
2441 4286 2608 4341 multo
2627 4285 3002 4356 congruentius
3027 4285 3094 4341 de
3115 4285 3220 4340 illis
3237 4285 3502 4353 dicuntur,
3525 4287 3614 4356 qui
3636 4297 3827 4345 contra

2240 4378 2531 4434 Ecclesiam
2554 4378 2646 4434 Dei
2677 4387 2807 4444 toto,
2832 4380 2970 4434 sicut
2991 4381 3254 4449 promissa
3275 4388 3378 4446 est,
3404 4380 3532 4435 orbe
3550 4380 3824 4451 diffusam,

2241 4469 2409 4525 altare
2427 4469 2509 4524 sui
2524 4468 2829 4525 schismatis
2855 4479 3140 4526 erexerunt
3162 4489 3176 4524 :
3203 4470 3345 4541 quod
3370 4485 3464 4526 eos
3483 4471 3826 4542 sacrilegium

2240 4575 2426 4616 onmes
2454 4561 2706 4627 involvit,
2733 4569 2789 4617 et
2810 4561 3032 4632 quilibet
3054 4561 3277 4617 ubilibet
3303 4561 3459 4619 oﬂ'ert
3500 4563 3825 4617 sacriﬁcium

2241 4652 2332 4707 tali
2359 4651 2520 4708 corde
2557 4652 2639 4706 vel
2666 4651 2852 4720 factis,
2881 4652 2997 4708 haec
3024 4662 3081 4708 ut
3108 4652 3294 4708 audire
3322 4662 3608 4719 mereatur,
3638 4653 3827 4722 perni-

2241 4745 2378 4800 ciem
2411 4744 2513 4822 sibi
2541 4743 2734 4812 infert,
2764 4758 2873 4799 non
2896 4744 3003 4800 illis
3043 4743 3198 4799 bonis
3224 4745 3314 4814 qui
3341 4744 3608 4813 accipiunt
3633 4743 3703 4799 ab
3743 4743 3827 4801 eis

2240 4835 2581 4891 Sacramenta
2609 4833 2796 4890 eadem
2821 4832 2844 4865 ⁸
2863 4875 2878 4899 ,
2908 4833 3000 4904 qui
3025 4832 3313 4889 secundum
3338 4831 3652 4903 prephetam
3684 4831 3827 4888 Eze-

2240 4927 2465 4983 chielem
2491 4935 2710 4997 gemunt
2737 4934 2792 4981 et
2818 4934 3046 4981 maerent
3068 4933 3284 4995 peccata
3312 4938 3431 4994 quae
3458 4925 3592 4978 liunt
3617 4923 3676 4978 in
3703 4939 3827 4979 me-

2240 5019 2329 5076 dio
2374 5034 2559 5075 eorum
2611 5017 2819 5090 (Ezech.
2869 5032 2958 5082 ix,
3006 5017 3097 5086 4),
3143 5017 3386 5085 quamvis
3431 5031 3537 5070 non
3589 5029 3649 5071 se
3701 5015 3830 5072 inde

2241 5111 2586 5182 corporaliter
2622 5115 2887 5177 separent.
2935 5105 3229 5176 Unicuique
3269 5107 3411 5162 enim
3456 5107 3596 5162 Deus
3640 5105 3843 5164 tribuit

2242 5201 2533 5258 secundum
2568 5214 2664 5255 cor
2694 5213 2869 5254 suum.
2895 5197 3025 5252 Nam
3053 5197 3098 5252 si
3123 5197 3310 5267 primis
3351 5196 3679 5266 temporibus
3725 5211 3840 5254 non

2242 5293 2522 5350 obfuerunt
2555 5291 2681 5346 mali
2716 5290 3037 5358 sacerdotes,
3083 5291 3164 5345 vel
3208 5291 3428 5360 collegis
3461 5289 3636 5356 bonis,
3695 5289 3842 5348 sicut

2243 5385 2342 5441 fuit
2364 5384 2646 5440 Zacharias
2666 5383 2816 5455 (Luc.
2839 5401 2878 5452 l,
2926 5385 3020 5456 5);
3049 5383 3134 5440 vel
3156 5383 3530 5453 pOpularibus,
3562 5382 3702 5439 sicut
3738 5381 3840 5442 fuit

2308 5567 2325 5598 ί
2349 5567 2421 5615 sic
2441 5572 2547 5616 Mss.
2571 5573 2627 5616 At
2649 5565 2785 5624 editi,
2809 5565 3117 5615 declmnaret.

2308 5629 2328 5659 ¹
2352 5628 2487 5688 aditi,
2509 5627 2694 5690 iniqua.
2716 5627 2940 5688 Plerique
2961 5635 3086 5690 Μβεη
3115 5625 3167 5676 in
3203 5639 3362 5690 quam.

2308 5690 2334 5781 ἒ
2721 5685 2926 5737 ιχιι.“Αι
2943 5685 3080 5750 editi,
3102 5693 3147 5739 et
3168 5685 3250 5751 qui
3268 5689 3406 5752 offert
3429 5687 3556 5750 thus,
3579 5689 3722 5752 inuisi
3745 5699 3831 5752 qui

2247 5749 2493 5801 benedicat
2517 5748 2660 5799 idolo.
3067 5748 3073 5750 ‘
3181 5748 3189 5751 -
3297 5748 3322 5752 τ-
3543 5748 3549 5750 -
3593 5748 3601 5752 τ
3759 5748 3769 5752 ν

2248 5811 2585 5930 ιῴοηιιιάμιιιὶ
2605 5809 2844 5876 accipiunt
2879 5810 2941 5864 ab
2974 5811 3044 5866 eis
3070 5819 3365 5866 sacramenta
3403 5812 3592 5880 eadem,
3624 5815 3767 5876 ab“;
3796 5825 3829 5878 ε
