4054 6476
261 395 327 452 57
1350 330 1353 333 I
1571 380 1774 439 LIBER
1812 377 2189 438 SECUNDUS.
2452 332 2483 353 iw
2554 352 2559 357 δ
3469 364 3569 451 se

258 509 575 576 Nathanael,
624 509 677 563 in
726 521 832 578 quo
884 503 1037 561 dolus
1081 516 1189 559 non
1230 509 1344 558 erat
1393 499 1571 574 (Joan.
1602 516 1658 566 ι,
1708 500 1845 569 47):

258 613 457 676 quanto
482 603 656 674 magis
681 602 813 657 nihil
841 600 993 655 obest
1020 599 1073 653 in
1103 597 1304 652 unitate
1328 594 1615 651 christiana
1642 588 1849 663 cpisco-

257 710 355 765 pus
384 694 561 748 malus
585 694 671 748 vel
712 691 1039 761 coepiscopis
1068 688 1222 744 bonis
1262 688 1343 742 vel
1374 686 1522 742 laicis
1543 727 1557 753 ,
1588 700 1708 740 cum
1737 683 1848 753 jam

256 788 345 841 ille
369 785 629 841 sacerdos
654 783 943 840 secundum
966 780 1209 836 ordinem
1236 776 1623 835 Melchisedech
1642 786 1696 832 et
1716 791 1850 846 pon-

257 878 381 933 tifex
410 886 599 932 noster
620 875 812 931 sedens
832 874 897 928 ad
923 873 1197 928 dexteram
1223 870 1395 926 Patris
1422 869 1722 939 interpellat
1750 883 1848 937 pro

257 968 411 1023 nobis
461 966 649 1037 (Hebr.
682 982 788 1032 vn,
837 966 922 1030 l7,
968 964 1087 1036 25),
1116 964 1206 1034 qui
1244 963 1465 1019 traditus
1508 971 1589 1018 est
1629 970 1848 1033 propter

257 1060 448 1116 delicta
482 1069 664 1116 nostra
687 1102 703 1127 ,
745 1067 799 1115 et
834 1058 1124 1113 resurrexit
1154 1064 1369 1127 propter
1410 1054 1846 1125 justiﬁeationem

258 1162 497 1209 nostram
529 1153 708 1224 (Rom.
737 1168 791 1207 IV
813 1194 826 1218 ,
856 1151 993 1223 25)?
1031 1151 1139 1207 Nec
1162 1150 1293 1205 illud
1340 1150 1493 1205 bonis
1534 1150 1720 1215 obest,
1751 1147 1847 1205 sed

257 1239 605 1295 oderentibus
634 1238 787 1293 malis
809 1279 825 1303 ,
856 1237 996 1308 quod
1026 1236 1301 1291 verissime
1327 1236 1524 1290 dictum
1552 1243 1668 1300 est,
1699 1232 1848 1287 Dona

256 1332 545 1403 iniquorum
572 1348 674 1386 non
717 1332 891 1401 probat
926 1330 1213 1384 Altissimus
1258 1327 1446 1397 (Eccli.
1491 1343 1698 1393 xxxrv,
1726 1327 1841 1397 25).

256 1422 369 1478 Non
398 1425 546 1478 enim
574 1423 728 1489 dixit,
760 1423 906 1476 Dona
938 1436 1121 1477 eorum
1144 1422 1233 1489 qui
1254 1434 1351 1489 pro
1378 1434 1509 1490 pace
1535 1419 1742 1488 iniquos
1765 1428 1845 1475 to-

259 1516 449 1582 lerant,
478 1529 586 1570 non
613 1513 802 1583 probat
832 1513 1154 1568 Altissimus.
1182 1513 1314 1567 Cum
1336 1520 1511 1566 tamen
1542 1525 1640 1565 nec
1670 1510 1755 1565 isti
1781 1524 1845 1565 ea

258 1622 374 1676 qua:
419 1605 736 1674 objecerunt
780 1605 1004 1674 probare
1048 1603 1323 1673 potuerint
1362 1618 1427 1657 eo
1464 1612 1702 1671 tempore
1737 1616 1844 1671 quo

257 1698 487 1753 schisma
518 1698 758 1752 fecerunt
782 1715 794 1750 :
827 1696 1057 1766 alioquin
1088 1696 1191 1751 illis
1220 1695 1450 1751 exclusis
1471 1736 1485 1759 ,
1515 1695 1643 1750 istos
1672 1693 1841 1749 luere-

257 1788 389 1844 ditas
415 1788 617 1843 Christi
656 1797 765 1842 toto
795 1787 924 1842 orbe
955 1786 1146 1841 dilfusa
1174 1787 1227 1841 in
1254 1786 1626 1841 communicare
1654 1785 1841 1839 catho-

258 1882 345 1935 lica
375 1881 652 1935 retineret.

321 1971 550 2028 CAPUT
581 1970 668 2025 Vl.
695 1999 765 2011 ——
792 1972 877 2026 11.
908 1970 1192 2037 Sacriﬁcia,
1222 1970 1410 2040 inquit,
1436 1970 1707 2039 impiorum
1758 1984 1845 2023 ea:-

254 2065 462 2125 secratio
488 2073 562 2117 est
588 2063 808 2117 Domino
834 2079 852 2117 :
878 2064 1059 2117 etenim
1086 2064 1254 2133 inique
1282 2061 1501 2128 oﬂ'erunt
1528 2062 1619 2116 illa
1661 2061 1840 2131 (Prov.

253 2172 337 2210 xxi
356 2197 371 2221 ,
398 2156 519 2223 27).
548 2155 666 2210 lam
695 2170 853 2224 supra
881 2168 1195 2223 responsum
1224 2162 1307 2208 est
1342 2154 1463 2223 quia
1494 2168 1598 2208 non
1628 2161 1710 2208 est
1738 2153 1843 2207 ini-

253 2262 384 2316 quus
428 2246 709 2311 Christus,
757 2246 843 2313 qui
892 2260 989 2315 pro
1035 2244 1188 2299 nobis
1228 2259 1290 2300 se
1332 2246 1505 2313 ipsum
1536 2245 1757 2310 obtulit,
1789 2252 1844 2301 et

253 2348 435 2393 uoster
462 2338 517 2392 in
544 2339 686 2394 cmlo
711 2337 971 2391 mediator
994 2345 1095 2403 est,
1123 2352 1228 2408 quo
1252 2352 1402 2393 suam
1431 2337 1721 2392 Ecclesium
1747 2353 1844 2407 gu-

252 2430 512 2486 bernante
542 2430 694 2485 bonis
726 2429 850 2484 mali
879 2444 983 2483 non
1012 2428 1271 2495 oberunt,
1304 2429 1393 2499 qui
1422 2429 1505 2483 vel
1536 2430 1844 2498 ignorantur

250 2523 326 2577 rel
360 2538 461 2592 pro
490 2538 619 2593 pace
647 2522 938 2577 tolerantur
956 2562 971 2587 ,
1002 2521 1173 2576 donec
1200 2521 1314 2591 ipse
1342 2521 1517 2575 veniat
1544 2536 1607 2576 ac
1632 2530 1844 2589 separet

249 2614 542 2683 praemissis
572 2612 900 2669 messoribus
928 2628 957 2667 a
988 2628 1163 2668 messe
1201 2612 1432 2680 zizania,
1466 2622 1519 2668 et
1546 2613 1842 2669 ventilabro

250 2706 425 2775 paleas
454 2721 486 2759 a
516 2706 818 2760 frumentis.
847 2704 1158 2774 Quanquam
1184 2704 1293 2771 isti,
1322 2704 1462 2775 quod
1491 2720 1633 2774 saepe
1661 2704 1843 2759 dicen-

249 2798 370 2852 dum
402 2807 489 2853 cst
507 2840 523 2864 ,
553 2797 684 2851 falsa
710 2797 933 2851 crimina
960 2797 1279 2867 objecerint,
1312 2813 1430 2867 quae
1457 2798 1616 2852 etiam
1644 2798 1688 2852 si
1715 2812 1841 2853 vera

248 2897 448 2955 essent,
475 2888 737 2943 bonorum
759 2887 1004 2942 charitati
1024 2903 1122 2959 pro
1148 2888 1350 2943 unitate
1368 2888 1423 2942 in
1445 2888 1644 2943 unitate
1663 2889 1840 2944 omnia

251 2983 495 3037 toleranti
524 2981 658 3036 nihil
687 2990 960 3049 nocerent,
989 2982 1033 3036 si
1060 2997 1121 3037 ea
1152 2982 1287 3037 forte
1313 2984 1470 3037 etiam
1499 2983 1728 3053 cognita,
1757 2983 1841 3052 ju-

248 3073 455 3129 dicibus
489 3074 865 3129 ecclesiasticis
910 3073 1214 3143 persuaderi
1248 3088 1354 3128 non
1394 3082 1630 3143 possent.
1660 3075 1839 3129 Sacri-

248 3165 363 3221 ficia
413 3181 545 3236 ergo
591 3166 872 3235 impiorum
920 3165 997 3220 eis
1042 3166 1169 3235 ipsis
1213 3166 1443 3221 oberunt
1483 3165 1573 3235 qui
1614 3164 1841 3221 oﬂ‘erunt

247 3259 427 3328 impie.
454 3258 590 3312 Nam
615 3272 779 3311 unum
808 3266 965 3327 atque
992 3257 1130 3313 idem
1159 3258 1479 3314 sacriﬁcium
1504 3268 1720 3329 propter
1744 3275 1841 3315 no-

246 3366 366 3407 men
390 3351 605 3405 Domini
632 3350 773 3420 quod
795 3350 1068 3405 invocatur
1088 3352 1127 3418 ¹,
1156 3360 1209 3406 et
1235 3366 1446 3421 semper
1470 3362 1709 3407 sanctum
1735 3361 1837 3419 est,

246 3452 300 3498 et
324 3443 432 3497 tale
461 3442 656 3512 cuique
684 3442 773 3506 lit,
804 3441 945 3511 quali
975 3441 1136 3496 corde
1162 3441 1229 3495 ad
1258 3442 1623 3511 accipiendum
1659 3457 1840 3499 acces-

248 3536 393 3590 serit.
429 3535 530 3604 Qui
558 3535 692 3588 enim
717 3534 988 3587 manducat
1010 3544 1056 3588 et
1083 3535 1201 3588 bibit
1225 3535 1448 3605 indigne,
1468 3536 1721 3605 judicium
1744 3536 1841 3591 sibi

250 3627 525 3680 manducet
555 3634 599 3679 et
626 3625 746 3678 bibit
776 3625 818 3693 (Ι
846 3622 961 3679 Cor.
986 3624 1394 3695 xvm,29).Non
1426 3626 1697 3691 ait,Aliis;
1718 3626 1834 3693 sed,

248 3719 356 3772 sibi.
387 3716 493 3785 Qui
522 3731 653 3785 ergo
682 3715 963 3770 manducat
1000 3715 1157 3786 digne
1198 3727 1252 3771 et
1286 3716 1453 3781 bibit,
1484 3717 1706 3787 gratiam
1736 3716 1837 3773 sibi

248 3808 534 3862 mandueat
556 3815 611 3861 et
635 3806 786 3860 bibit.
821 3806 899 3859 llli
925 3821 1051 3876 ergo
1074 3806 1289 3860 videant
1311 3815 1483 3861 utrum
1508 3808 1664 3877 digne
1689 3823 1837 3863 man-

248 3897 477 3960 ducent,
508 3897 598 3966 qui
630 3897 769 3950 inter
809 3906 914 3949 tam
944 3897 1140 3951 multos
1168 3903 1417 3966 parentes
1444 3906 1499 3953 et
1526 3899 1693 3965 ﬁlios,
1721 3914 1837 3953 ma-

248 3988 376 4043 ritos
396 3996 453 4043 et
474 4001 702 4050 uxores;
732 3986 869 4041 inter
896 3994 1001 4040 tam
1028 3987 1244 4054 multos,
1270 3987 1411 4056 quod
1431 3998 1512 4043 est
1536 3991 1840 4058 patentissi-

248 4096 387 4137 mum
414 4083 458 4147 ’,
493 4080 587 4135 Dei
629 4080 869 4134 haerech
913 4090 967 4135 et
1000 4078 1195 4135 Christi
1233 4079 1541 4135 eohmredes
1570 4090 1681 4136 toto
1708 4083 1838 4138 orbe

249 4174 501 4241 diﬂ'usos,
529 4172 735 4228 nefario
777 4173 1067 4227 schismate
1104 4172 1429 4239 diviserunt;
1469 4188 1589 4231 cum
1620 4183 1839 4243 possent

247 4266 427 4335 utique
472 4264 517 4319 si
564 4264 689 4318 boni
729 4270 911 4318 essent
945 4272 999 4317 et
1025 4278 1151 4317 vere
1179 4263 1349 4318 malos
1372 4274 1689 4333 arguerent,
1721 4266 1835 4320 fru-

248 4363 429 4410 ctuose
461 4355 693 4409 tolerare
722 4369 818 4422 pro
847 4368 977 4424 pace
1005 4354 1232 4423 Christi,
1264 4371 1383 4426 quae
1422 4358 1717 4426 perniciose
1757 4368 1837 4417 to-

247 4444 418 4500 lerant
445 4459 545 4514 pro
575 4458 703 4514 pace
733 4444 921 4499 Donati
944 4443 987 4497 ⁸.

313 4536 545 4593 CAPUT
577 4536 688 4591 νη.
710 4567 783 4577 -
808 4536 894 4591 12.
926 4534 995 4590 In
1024 4535 1224 4603 Exodo,
1257 4537 1446 4608 inquit,
1473 4541 1713 4611 scriptum
1742 4552 1833 4610 est,

252 4649 272 4683 ε
305 4630 611 4686 Sacerdotes
638 4630 724 4699 qui
751 4629 994 4683 accedunt
1031 4631 1098 4684 ad
1124 4628 1395 4683 Dominum
1421 4624 1584 4685 Deuni
1614 4628 1839 4704 sancti/54

246 4733 419 4777 centur
437 4762 453 4788 ,
480 4739 543 4777 ne
580 4722 710 4791 forte
742 4721 1049 4791 derelinquat
1078 4738 1162 4776 eos
1186 4721 1434 4777 Dominus
1456 4741 1475 4774 ι
1511 4722 1700 4795 (Exod.
1724 4742 1831 4794 XIX,

244 4813 335 4885 22)
363 4834 374 4869 :
404 4824 451 4869 et
477 4816 657 4869 iterum
675 4856 689 4881 ,
729 4833 747 4868 ι
769 4813 894 4869 Cum
917 4815 1133 4869 ministri
1154 4816 1223 4869 ad
1245 4816 1407 4871 altare
1429 4819 1703 4887 accedunt,
1734 4838 1835 4875 non

246 4907 503 4960 adducant
553 4906 606 4959 in
648 4922 703 4960 se
744 4904 1020 4973 delictum,
1067 4922 1131 4960 ne
1176 4908 1459 4961 moriantur
1485 4926 1504 4959 ι
1556 4907 1673 4979 (Id.
1705 4926 1831 4977 xxx,

246 4998 335 5062 20,
366 4997 456 5068 21)
486 5014 500 5051 :
533 5004 582 5051 et
606 4996 734 5050 illud
759 4997 812 5049 in
833 4994 1072 5062 Leuitico,
1108 5015 1127 5047 ι
1157 4994 1325 5049 Homo
1351 4998 1436 5067 qui
1467 4998 1693 5053 habuerit
1722 5016 1834 5054 ma-

246 5090 411 5142 cuiam
440 5098 488 5142 et
513 5089 711 5154 vitium,
743 5105 843 5142 non
870 5088 1073 5143 accedat
1099 5088 1234 5141 dona
1259 5086 1439 5154 offerre
1462 5087 1572 5143 Deo
1600 5108 1618 5141 ι
1651 5090 1832 5161 (Leuit.

248 5196 375 5246 χχιι,
405 5180 522 5251 21).
556 5181 702 5236 Bene
727 5180 938 5250 quidem
968 5180 1035 5236 de
1062 5181 1329 5235 veteribus
1359 5181 1531 5237 Libris
1558 5183 1657 5237 ista
1690 5186 1835 5239 testi-

226 5274 422 5343 .mouia
444 5282 770 5343 preponuut.
793 5272 979 5327 Dicant
1004 5288 1131 5343 ergo
1152 5273 1301 5338 mihi,
1330 5274 1414 5329 cui
1438 5284 1621 5330 saneto
1646 5291 1836 5331 secun-

248 5363 372 5417 dum
394 5365 620 5419 salutem
644 5363 972 5433 spiritualem
993 5364 1238 5431 obfuerit,
1261 5365 1345 5419 vel
1373 5366 1425 5420 in
1449 5369 1832 5437 sacerdotibus,

250 5457 330 5511 vel
374 5458 515 5512 inter
558 5457 808 5526 populum
850 5458 1170 5521 constituto,
1204 5457 1373 5511 malus
1413 5468 1505 5512 aut
1544 5461 1837 5517 maculatus

249 5549 539 5605 sacerdos?
566 5548 670 5605 Ubi
697 5558 812 5604 erat
837 5549 1045 5621 Moyses
1071 5557 1125 5605 et
1148 5551 1347 5614 Aaron,
1381 5550 1451 5604 ibi
1477 5564 1835 5610 murmurato-

310 5727 331 5791 ξ
358 5728 567 5778 vatimni
589 5733 720 5791 Mss“
743 5727 869 5791 quod
890 5726 957 5779 ibi
978 5728 1238 5779 invocatur.

311 5790 334 5853 ξ
356 5795 484 5853 Iss.,
508 5788 823 5853 potissimum.
856 5791 1068 5850 Quidam,
1093 5788 1483 5853 potentissimum.

315 5851 337 5888 ³
360 5851 571 5907 vaticani
594 5858 721 5919 uss,
742 5864 831 5920 pro
851 5859 986 5921 parte
1009 5851 1196 5911 Donati.

1959 514 2046 555 res
2075 499 2316 571 sacrilegi
2338 542 2353 567 ,
2398 515 2531 572 quos
2561 498 2702 559 Deus
2730 517 2761 558 a
2790 498 2925 560 facie
2954 516 3049 560 sua
3077 518 3289 576 semper
3313 505 3543 578 perdere

1954 592 2272 647 minabatur.
2292 591 2393 648 Ubi
2416 602 2530 649 erat
2555 594 2783 664 (laiphas
2794 604 2849 650 et
2872 597 3050 651 caeteri
3071 596 3221 663 tales,
3240 596 3310 651 ibi
3336 596 3541 653 Zacha-

1954 684 2081 750 rias,
2115 684 2185 741 ibi
2213 686 2427 742 Simeon
2456 697 2510 741 et
2536 689 2713 743 czeteri
2743 688 2899 755 boni,
2934 689 3022 745 ubi
3051 687 3209 755 Saul,
3238 690 3309 745 ibi
3341 690 3539 759 David;

1954 777 2041 832 ubi
2069 778 2348 846 Jeremias,
2378 780 2465 835 ubi
2492 780 2671 846 Isaias,
2700 782 2792 836 ubi
2818 782 3023 850 Daniel,
3050 782 3141 839 ubi
3166 783 3438 851 Ezechiel,
3469 784 3541 841 ibi

1953 871 2257 928 sacerdotes
2298 873 2421 927 mali
2463 883 2517 929 et
2556 874 2738 945 populi
2780 875 2904 930 mali
2931 893 2944 930 :
2971 876 3066 932 sed
3093 878 3356 933 sarcinam
3386 891 3538 933 suam

1952 962 2313 1033 unusquisque
2344 965 2610 1034 portabat.
3240 972 3245 975 '

2024 1054 2109 1109 15.
2142 1054 2340 1111 Omitto
2366 1056 2547 1113 dicere
2575 1073 2733 1128 quam
2762 1060 3020 1115 scelerata
3061 1060 3307 1131 superbia
3336 1060 3539 1131 dicant,

1951 1146 2198 1200 neminem
2227 1164 2333 1202 esse
2354 1148 2485 1203 inter
2508 1150 2724 1221 collegas
2749 1167 2868 1206 suos
2892 1152 2970 1205 vel
2993 1168 3046 1207 se
3068 1153 3206 1223 ipsos
3230 1170 3345 1207 cum
3368 1154 3539 1224 aliqua

1950 1237 2149 1291 macula
2178 1245 2221 1290 ct
2250 1238 2388 1305 vitio,
2416 1255 2523 1294 non
2549 1240 2931 1309 membrorum,
2964 1242 3057 1298 sed
3084 1243 3225 1312 quod
3256 1244 3406 1313 pejus
3433 1255 3537 1313 esr,

1950 1343 2177 1383 morum.
2206 1330 2358 1398 Quod
2383 1332 2470 1387 ubi
2495 1348 2654 1403 agere
2681 1349 2802 1388 cum
2827 1334 2904 1389 eis
2926 1336 3285 1405 coeperimus;
3316 1351 3511 1405 respon
3585 1331 3597 1397 ἴ

1948 1422 2149 1477 debunt
2169 1466 2183 1487 ,
2218 1424 2477 1478 interesse
2506 1424 2678 1494 qualis
2706 1425 2911 1480 macula
2940 1435 2993 1481 et
3020 1426 3175 1494 quale
3214 1427 3398 1481 vitium
3428 1427 3536 1481 sit;

1948 1514 2099 1582 quasi
2121 1515 2137 1545 ¹
2164 1515 2432 1584 Scriptura
2462 1516 2807 1586 discreverit,
2836 1533 2954 1587 qute
2978 1518 3088 1584 ait,
3122 1518 3289 1573 Homo
3326 1520 3412 1589 qui
3438 1518 3536 1572 Ita-

1947 1604 2107 1658 buerit
2149 1608 2401 1660 maculam
2446 1618 2495 1662 et
2536 1609 2743 1674 vitium,
2787 1625 2890 1662 non
2934 1610 3139 1663 accedat
3180 1610 3313 1663 dona
3354 1608 3537 1677 o/ferre

1948 1697 2075 1751 Deo.
2103 1697 2385 1754 Nullamne
2422 1699 2685 1754 maculam
2723 1698 2909 1754 habuit
2943 1709 2999 1755 et
3036 1700 3219 1755 vitium
3239 1741 3253 1768 ,
3284 1714 3388 1755 non
3414 1701 3536 1756 dico

1946 1788 2197 1857 Optatus,
2242 1790 2336 1844 scd
2382 1790 2496 1859 ipse
2538 1790 2952 1858 Parmenianus,
2992 1801 3083 1846 aut
3120 1792 3233 1863 ipse
3263 1793 3534 1848 Donatus?

1945 1878 2050 1933 Sed
2081 1887 2228 1934 tanto
2266 1879 2352 1934 isti
2390 1896 2573 1936 amore
2615 1880 2889 1936 hominum
2937 1881 3064 1936 caeci
3106 1890 3261 1950 sunt,
3292 1891 3346 1937 et
3373 1882 3536 1939 corde

1946 1970 2213 2039 impudico
2240 1970 2508 2026 adulteros
2545 1973 2739 2027 mentis
2780 1987 2889 2027 sua:
2919 1973 3008 2027 uni
3038 1973 3273 2043 legitimo
3299 1975 3413 2028 viro
3438 1989 3535 2030 co-

1946 2078 2156 2133 azquare
2198 2080 2301 2118 non
2341 2065 2613 2133 dubitant,
2644 2074 2706 2121 ut
2732 2066 2874 2137 quod
2910 2068 2978 2122 de
3006 2067 3122 2123 solo
3150 2068 3378 2123 Domino
3406 2069 3535 2125 Jesu

1945 2154 2158 2209 Christo
2184 2156 2285 2210 dici
2316 2158 2509 2226 potuit,
2543 2158 2702 2212 etiam
2734 2158 2786 2212 in
2814 2159 3020 2214 Donato
3049 2160 3338 2229 perlectum
3370 2160 3534 2217 fuisse

1944 2247 2285 2301 contendant.
2318 2248 2446 2315 Quis
2470 2247 2615 2303 dabit
2653 2250 2820 2303 oculis
2855 2250 2989 2305 meis
3030 2250 3229 2305 fontem
3270 2250 3534 2322 lacryma-

1946 2354 2061 2392 rum
2081 2338 2291 2408 (Jerem.
2311 2355 2383 2404 ix,
2406 2340 2500 2409 l)?
2521 2340 2649 2406 Quis
2670 2355 2934 2410 congruus
2954 2340 3077 2395 huic
3097 2341 3285 2396 sceleri
3306 2342 3534 2413 gemitus

1944 2445 2206 2487 concusso
2228 2442 2443 2500 pectore
2464 2433 2822 2501 exprimetur?
2843 2434 2945 2488 Sed
2970 2434 3180 2497 interim
3198 2436 3219 2465 '
3236 2434 3530 2502 attendant,

1945 2531 2123 2574 utrum
2152 2523 2339 2576 saltem
2369 2522 2589 2591 Optatus
2620 2522 2865 2578 habuerit
2890 2522 3120 2592 aliquam
3150 2525 3410 2579 maculam
3442 2532 3533 2579 aut

1944 2613 2168 2665 vilium?
2212 2611 2324 2667 Non
2370 2628 2537 2682 usque
2575 2613 2710 2668 adeo
2748 2614 2871 2668 caeci
2911 2622 3067 2681 sunt,
3100 2623 3158 2668 ut
3184 2615 3338 2669 istius
3369 2616 3532 2669 vitam

1944 2712 2163 2759 omnino
2206 2705 2597 2759 immaculatum
2630 2713 2684 2759 et
2712 2705 2856 2759 omni
2885 2705 3013 2759 vitio
3053 2714 3323 2760 carentem
3368 2704 3532 2761 fuisse

1943 2796 2320 2867 respondeant.
2350 2797 2457 2851 Cur
2476 2812 2605 2867 ergo
2628 2796 2915 2852 accedebat
2940 2797 3078 2851 dona
3102 2796 3296 2852 offerre
3320 2797 3450 2859 Deo.
3478 2806 3533 2853 et

1942 2888 2011 2944 ab
2041 2904 2106 2944 co
2147 2891 2325 2945 caeteri
2370 2890 2667 2958 conjunctis
2710 2888 2954 2944 manibus
2996 2889 3359 2960 accipiebant,
3390 2887 3531 2959 quod

1943 2984 2244 3038 maculosus
2270 2992 2325 3039 et
2352 2984 2572 3040 vitiosus
2599 2983 2903 3039 obtulerat?
2930 2983 3223 3039 Attendant
3246 2984 3298 3038 in
3326 2984 3532 3039 caneris

1942 3074 2160 3147 collegis
2181 3074 2201 3106 ³
2227 3075 2357 3142 suis,
2391 3084 2566 3129 utrum
2594 3075 2735 3129 nulla
2763 3074 2832 3128 sit
2859 3073 3063 3130 macula
3092 3074 3394 3129 ebriositas.
3424 3073 3530 3129 Sed

1944 3150 2341 3239 prim-.quegaut“
2371 3166 2559 3235 quibus
2613 3166 2885 3221 sceleratis
2932 3166 3175 3221 ebriosos
3227 3165 3532 3236 adjunxerit

1943 3256 2249 3326 Aposfolus.
2297 3256 2487 3312 Utrum
2533 3256 2753 3312 avaritia
2799 3257 2942 3311 nulla
2990 3259 3060 3311 sit
3101 3257 3338 3321 macula,
3372 3272 3530 3327 quam

1942 3349 2084 3405 idem
2113 3350 2385 3421 apostolus
2414 3352 2491 3405 sic
2528 3350 2850 3418 detestatur,
2883 3360 2943 3406 ut
2969 3351 3231 3407 idolorum
3260 3359 3532 3422 comparet

1942 3443 2185 3497 servituti
2218 3442 2433 3513 (Ep/tes.
2465 3459 2517 3509 v,
2549 3443 2627 3511 5).

2014 3534 2102 3589 M.
2132 3534 2232 3601 Qui
2258 3542 2433 3589 autem
2456 3534 2751 3590 rectissime
2771 3534 2999 3604 sapiunt,
3024 3535 3323 3607 intelligunt
3345 3550 3531 3605 quem-

1943 3626 2073 3682 libet
2099 3626 2372 3681 hominum
2391 3667 2407 3695 ,
2441 3626 2683 3703 quamvis
2706 3626 2813 3697 jam
2844 3642 2942 3696 pro
2967 3629 3235 3683 consortio
3261 3628 3531 3684 societatis

1943 3718 2190 3773 humana:
2234 3733 2338 3773 non
2380 3718 2607 3773 absurde
2636 3718 2737 3773 dici
2780 3719 2948 3789 possit
2982 3718 3275 3789 justissimc
3316 3721 3526 3787 vivere;

1942 3826 2048 3865 non
2078 3826 2236 3881 posse
2260 3819 2439 3865 tamen
2466 3826 2586 3866 esse
2614 3810 2729 3865 sine
2752 3810 2932 3880 aliquo
2956 3811 3106 3875 vitio,
3134 3811 3385 3881 quamdiu
3411 3828 3530 3866 caro

1941 3904 2248 3973 concupiscit
2278 3903 2516 3955 adversus
2546 3902 2778 3971 spiritum
2798 3941 2812 3966 ,
2846 3902 3051 3972 spiritus
3080 3912 3247 3957 autem
3289 3902 3529 3957 adversus

1941 4009 2143 4047 carnem
2174 3992 2367 4064 (Galat.
2395 4008 2451 4059 v,
2483 3992 2592 4062 17).
2619 3992 2706 4057 Ει,
2742 3993 2841 4058 Qui
2869 4002 3017 4046 natus
3050 4002 3123 4047 est
3158 4009 3221 4049 ea:
3258 3993 3395 4061 Deo,
3427 4012 3529 4050 non

1942 4094 2111 4155 peccat
2139 4084 2184 4154 (Ι
2213 4084 2367 4138 Joan.
2397 4100 2472 4149 nt,
2506 4083 2561 4155 9)
2593 4102 2606 4139 :
2639 4094 2711 4149 ct,
2743 4083 2805 4139 Si
2834 4084 3107 4138 dixerimus
3130 4086 3246 4155 quia
3274 4096 3529 4157 peccatum

1941 4191 2042 4229 non
2069 4174 2324 4239 habemus,
2353 4176 2681 4244 nosmetipsos
2706 4175 3009 4242 seducimus,
3033 4185 3079 4229 et
3104 4177 3285 4231 veritas
3310 4178 3361 4230 in
3388 4178 3529 4233 nobis

1941 4281 2041 4319 non
2067 4275 2141 4319 est
2168 4264 2330 4335 (Ibid.
2357 4282 2395 4331 ι,
2425 4266 2503 4337 8).
2531 4266 2783 4333 Quamvis
2807 4268 2948 4321 enim
2979 4267 3030 4320 in
3055 4277 3307 4338 quantum
3331 4284 3397 4323 ex
3420 4269 3529 4325 Deo

1941 4358 2050 4412 nati
2079 4372 2266 4413 sumus
2293 4373 2400 4413 non
2426 4373 2709 4429 peccemus
2728 4400 2744 4427 ,
2773 4359 2911 4414 inest
2948 4368 3125 4415 tamen
3166 4360 3339 4416 adhuc
3369 4362 3529 4417 etiam

1940 4450 2083 4520 quod
2109 4465 2175 4504 ex
2201 4448 2369 4503 Adam
2402 4450 2510 4504 nati
2536 4465 2751 4517 sumus,
2782 4451 2904 4521 quia
2935 4451 3168 4507 nondum
3198 4454 3433 4523 absorpta
3457 4463 3528 4509 est

1941 4556 2076 4595 mors
2106 4541 2159 4595 in
2184 4541 2442 4595 victoriam
2473 4542 2513 4613 (Ι
2540 4542 2657 4599 Cor.
2687 4559 2773 4606 xv,
2805 4542 2894 4614 54)
2916 4586 2930 4612 ,
2963 4545 3105 4615 quod
3134 4546 3295 4601 etiam
3325 4547 3379 4601 in
3408 4562 3530 4601 cor-

1942 4646 2129 4702 porum
2168 4634 2560 4689 resurrectione
2589 4635 2941 4703 promittitur,
2980 4646 3037 4690 ut
3065 4637 3281 4691 omnino
3307 4638 3446 4693 beati
3474 4649 3528 4696 et

1942 4725 2264 4779 immaculati
2310 4735 2364 4780 et
2411 4726 2701 4797 incorrupti
2744 4729 2944 4793 simus;
2984 4729 3073 4799 qui
3098 4729 3207 4799 jam
3234 4734 3527 4789 secundum

1942 4815 2100 4871 fidem
2128 4817 2223 4885 ﬁlii
2250 4815 2347 4871 Dei
2374 4835 2565 4882 sumus,
2598 4818 2691 4873 sed
2720 4818 3014 4874 secundum
3044 4820 3278 4891 speciem
3304 4825 3525 4878 nondum

1941 4907 2180 4977 apparuit
2204 4906 2338 4970 quod
2357 4909 2543 4962 erimus
2573 4908 2613 4977 (1
2637 4907 2794 4964 Joan.
2818 4925 2893 4975 Ill,
2916 4906 2994 4980 2).
3017 4909 3258 4965 Nondum
3281 4914 3419 4967 enim
3446 4930 3525 4981 re,

1940 5000 2035 5055 sed
2062 5017 2151 5071 spe
2173 5001 2301 5055 salvi
2326 5002 2448 5072 [acti
2476 5019 2666 5057 sumus.
2701 5002 2833 5072 Spes
2856 5011 3022 5057 autem
3046 5020 3157 5074 qua:
3181 5005 3396 5070 videtur,
3427 5022 3526 5059 non

1941 5101 2013 5145 est
2040 5109 2151 5160 spes
2182 5108 2197 5145 :
2225 5094 2358 5161 quod
2387 5094 2517 5148 enim
2544 5094 2674 5147 videt
2697 5094 2833 5164 quis,
2872 5095 2993 5165 quid
3025 5097 3233 5165 sperat?
3270 5096 3329 5150 Si
3360 5106 3525 5148 autem

1941 5183 2075 5254 quod
2116 5200 2216 5237 non
2254 5184 2478 5239 videmus
2515 5201 2775 5255 speramus
2795 5227 2810 5251 ,
2837 5203 2924 5255 per
2953 5188 3247 5256 patientiam
3270 5195 3527 5257 exspecta-

1942 5294 2071 5332 mus.
2117 5277 2378 5346 Quamdiu
2429 5291 2605 5335 autem
2655 5294 3021 5351 exspectamus
3073 5299 3168 5354 per
3217 5283 3525 5352 patientiam

1916 5377 2165 5445 'corporis
2194 5378 2351 5430 nostri
2381 5378 2768 5448 redemptionem
2800 5379 2972 5451 (Rom.
3002 5394 3093 5432 vm
3115 5418 3129 5444 ,
3154 5377 3347 5447 23-25)
3369 5418 3383 5445 ,
3417 5392 3523 5436 non

1942 5466 2232 5521 audeamus
2271 5467 2449 5523 dicere
2481 5483 2667 5524 carere
2695 5486 2793 5525 nos
2821 5471 2966 5524 omni
2996 5469 3153 5534 vitio,
3186 5484 3253 5523 nc
3283 5468 3393 5539 ipsa
3433 5484 3528 5525 su-

1945 5558 2124 5628 perbia
2172 5559 2242 5613 sit
2286 5558 2724 5615 immanissimum
2772 5562 2974 5617 vitium.
3018 5560 3343 5631 Evigilemt-s
3371 5562 3529 5633 igitur

1996 5730 2026 5799 ’ξ
2052 5734 2190 5795 Editi,
2215 5748 2323 5799 quae
2345 5736 2431 5787 sic.
2456 5738 2776 5799 Emendautur
2802 5752 2867 5788 ex
2890 5746 2996 5789 Mss.

2009 5798 2124 5859 #sic
2147 5798 2251 5846 Mss.
2277 5799 2393 5847 Editi
2414 5812 2552 5859 vero,
2576 5800 2662 5848 sed
2684 5798 2873 5851 iterum.

2013 5858 2035 5891 ³
2052 5868 2229 5910 omnes
2250 5873 2400 5924 prope
2424 5868 2527 5910 Mss.
2541 5858 2721 5914 carent
2743 5877 2882 5929 voce,
2905 5863 3115 5932 collegis.
