4054 6502
517 420 590 475 63
724 441 741 462 ς
1307 400 1577 461 CONTRA
1610 400 1992 458 EPISTOLAM
2029 396 2471 468 PARMENIANI,
2509 400 2566 456 S.
2607 395 2972 456 AUGUSTINI
3713 403 3782 458 64

516 530 640 586 mihi
663 529 789 585 sicut
806 541 938 598 aqua
960 523 1196 587 mendax,
1210 519 1423 588 iinquit,
1436 536 1453 569 ι
1467 534 1565 571 non
1583 517 1766 572 habens
1787 513 2089 588 ﬁdenu(ld.

521 637 614 688 xv,
668 617 869 690 i8).Et
887 615 1018 671 illud
1046 613 1181 684 quod
1203 612 1447 680 scriptum
1473 618 1565 673 est,
1596 607 1726 675 «Qui
1753 607 2038 677 baptizatur
2064 621 2097 658 a

519 722 717 766 mortuo
740 711 778 776 ¹,
801 710 922 781 quid
947 705 1143 777 proﬁcit
1169 702 1352 756 lavatio
1376 701 1513 770 ejus)
1544 697 1728 770 (Eccli.
1758 712 1945 763 χχχιιι,
1976 694 2097 767 50)?

527 802 596 856 Et
626 802 756 856 illud
780 802 833 854 in
855 798 1062 853 Psalmo
1085 811 1103 848 :
1129 813 1148 846 ι
1177 793 1355 847 Oleum
1384 801 1549 845 autem
1577 789 1849 861 peccatoris
1878 804 1979 841 non
1999 788 2098 841 im-

526 895 730 964 ninguet
757 899 906 961 caput
931 904 1095 942 nteum
1122 904 1141 938 ›
1163 883 1332 956 (Psal.
1359 898 1481 949 CXL,
1513 880 1608 953 5).
1636 880 1704 934 Et
1723 881 1905 934 iterum
1931 878 2050 932 alibi
2081 893 2100 932 :

527 1001 545 1034 ι
561 983 752 1036 Musca:
774 980 1030 1034 moritura:
1045 975 1376 1031 exterminant
1401 974 1566 1028 oleum
1591 970 1876 1026 suavitatis)
1905 968 2098 1039 (Eccle.

521 1089 574 1138 ιι,
600 1075 624 1126 1
647 1072 687 1144 ).
716 1069 782 1125 Et
800 1070 920 1124 alibi
947 1085 966 1123 :
1003 1087 1022 1120 ι
1058 1068 1282 1139 Spiritus
1311 1065 1442 1120 enim
1465 1073 1668 1118 sanctus
1695 1060 1979 1130 disciplina:
2021 1063 2100 1130 ef-

518 1164 678 1234 fugiet
719 1163 892 1230 ﬁctum
918 1200 933 1227 ,
980 1169 1028 1214 et
1069 1162 1262 1229 auferet
1291 1174 1344 1211 se
1373 1173 1405 1208 a
1429 1153 1811 1224 cogitationibus
1849 1167 1964 1222 qua:
1987 1158 2102 1204 sunt

516 1254 620 1306 sine
651 1252 906 1306 intellectu
940 1268 960 1302 ›
1005 1250 1164 1321 (Sap.
1193 1266 1242 1314 ι,
1273 1246 1369 1318 5).
1419 1245 1545 1300 Haec
1564 1243 1739 1298 omnia
1778 1242 1822 1298 si
1849 1257 1914 1297 eo
1942 1241 2103 1297 modo

519 1343 857 1412 intelligenda
887 1352 1049 1406 sunt,
1077 1354 1183 1410 quo
1212 1338 1278 1392 ab
1305 1338 1420 1392 istis
1449 1335 1844 1404 intelliguntur,
1875 1347 1975 1388 nec
2000 1347 2101 1387 no-

514 1434 596 1489 bis
643 1449 742 1489 nec
789 1434 936 1506 ipsis.
967 1433 1293 1501 conquadrat
1345 1428 1480 1482 ratio
1520 1425 1778 1481 veritatis.
1821 1424 1878 1478 Si
1921 1432 2102 1479 autem

515 1525 620 1580 alio
659 1525 820 1579 modo
857 1524 1089 1580 docuero
1119 1519 1457 1589 intelligenda
1482 1558 1498 1584 ,
1547 1517 1622 1571 illi
1660 1516 1759 1570 soli
1800 1531 1895 1570 sua
1924 1515 2102 1584 pravi-

518 1620 624 1669 tate
655 1614 952 1669 turbantur.
996 1611 1102 1668 Sed
1131 1619 1188 1666 ut
1211 1625 1316 1664 non
1343 1608 1652 1672 turbentur,
1685 1606 1751 1661 ad
1778 1606 2101 1661 catholicum

515 1703 782 1775 refugiant
822 1703 1147 1759 intellectum
1186 1719 1200 1756 :
1247 1701 1372 1772 quia
1409 1715 1516 1755 non
1562 1699 1843 1754 inveniunt
1898 1699 2103 1754 exitum

515 1796 908 1864 responsionis,
963 1795 1090 1850 dum
1133 1793 1445 1848 irretiuntur
1501 1791 1727 1847 crimine
1777 1789 2100 1845 scbismatis.

517 1885 725 1941 Habent
770 1887 913 1941 enim
958 1895 1103 1941 certe
1155 1885 1314 1940 etiam
1359 1884 1459 1954 ipsi
1493 1899 1511 1950 ;
1541 1898 1649 1939 non
1687 1882 1899 1950 dicam,
1946 1881 2106 1936 Tales

516 1990 679 2046 sunt,
729 1980 823 2035 sed
861 1980 961 2035 hoc
1006 1980 1214 2046 dicam,
1247 1978 1388 2048 quod
1433 1978 1520 2033 vel
1551 1975 1801 2043 fatentur,
1847 1975 1930 2030 vel
1961 1975 2106 2028 insa-

516 2073 736 2129 nissime
781 2081 975 2144 negant
1027 2090 1042 2139 ;
1094 2072 1293 2128 habent
1339 2087 1469 2141 ergo
1521 2071 1680 2127 etiam
1729 2069 1829 2140 ipsi
1869 2068 2104 2125 derelin-

514 2172 740 2233 quentes
794 2164 961 2220 Deum
1005 2166 1066 2232 ²,
1125 2163 1215 2234 qui
1265 2173 1350 2219 est
1394 2163 1513 2218 fons
1561 2177 1713 2232 aquae
1765 2162 1899 2216 vivae
1930 2202 1946 2227 ,
2002 2161 2105 2216 hoc

516 2264 654 2322 est,
706 2255 886 2326 inique
948 2255 1206 2311 viventes.
1269 2255 1452 2324 Neque
1506 2254 1650 2310 enim
1718 2254 1986 2324 pedibus,
2038 2269 2099 2310 ac

516 2358 626 2399 non
678 2345 841 2401 corde
885 2346 1202 2416 relinquitur
1267 2344 1428 2400 Deus.
1489 2344 1710 2421 Habent,
1747 2353 1803 2400 et
1864 2345 2100 2400 menda-

516 2449 627 2503 ces,
658 2445 711 2492 et
739 2453 845 2492 non
873 2437 1131 2493 habentes
1159 2437 1341 2503 ﬁdem,
1369 2436 1512 2490 aliud
1536 2435 1847 2506 proﬁtentes
1871 2445 1924 2491 et
1949 2437 2106 2490 aliter

517 2538 914 2584 conversantes.
946 2530 1155 2585 Habent
1181 2530 1341 2583 etiam
1381 2538 1619 2582 mortuos
1648 2545 1663 2583 :
1689 2528 1733 2582 si
1773 2529 1916 2583 enim
1953 2528 2105 2582 sexui

516 2611 808 2676 delicatiori
837 2629 890 2676 et
915 2620 1190 2675 inﬁrmiori
1219 2619 1436 2674 delicias
1461 2633 1566 2674 non
1597 2617 1844 2673 concedit
1870 2618 2105 2688 Aposto-

516 2711 620 2776 lus,
649 2711 853 2778 dicens,
894 2709 1063 2765 Vidua
1099 2726 1212 2780 qua:
1238 2711 1292 2763 in
1325 2709 1520 2764 deliciis
1559 2709 1683 2779 agit,
1714 2708 1879 2762 vivens
1908 2717 2108 2761 mortua

517 2810 592 2854 est
617 2801 659 2870 (l
678 2800 811 2856 Tim.
834 2817 888 2866 v,
909 2801 967 2870 6)
987 2818 1002 2866 ;
1025 2809 1265 2870 quaerant
1289 2810 1465 2854 utrum
1489 2799 1616 2852 nulli
1639 2797 1777 2866 apud
1799 2811 1858 2852 se
1876 2797 2002 2864 viri,
2031 2807 2106 2863 et,

517 2890 662 2959 quod
703 2891 932 2960 amplius
975 2899 1078 2957 est,
1125 2891 1394 2960 praepositi
1440 2890 1523 2944 vel
1566 2888 1792 2943 ministri
1832 2887 2012 2942 vivant
2053 2887 2107 2942 in

520 2979 756 3045 deliciis;
798 2989 958 3050 atque
994 2981 1040 3036 si
1084 2981 1156 3034 ita
1198 2979 1416 3045 audent,
1448 2979 1754 3033 renuntient
1780 2992 1842 3033 se
1882 2993 1987 3032 non
2015 2978 2110 3032 ha-

520 3073 648 3128 bere
675 3083 936 3141 mortuos,
975 3083 1029 3130 ct
1066 3073 1319 3129 meliores
1361 3088 1483 3128 esse
1521 3087 1680 3143 quam
1719 3072 1808 3127 illa
1847 3071 2106 3138 Ecclesia,

521 3165 674 3234 cujus
713 3166 903 3236 angelo
947 3166 999 3219 in
1033 3164 1198 3234 ﬁgura
1242 3165 1647 3234 praepositorum
1689 3164 1772 3219 vel
1811 3164 2108 3219 animarum

520 3255 716 3311 dicitur
743 3256 884 3327 quod
911 3270 1016 3310 non
1037 3257 1197 3320 vivat,
1225 3255 1320 3311 sed
1351 3263 1591 3310 mortuus
1619 3255 1710 3322 sit,
1737 3263 1792 3310 et
1815 3240 1992 3310 tamen
2023 3255 2108 3309 in-

523 3357 605 3405 ter
643 3359 847 3420 septem
893 3349 1163 3404 Ecclesias
1207 3356 1538 3416 numeratur,
1584 3363 1683 3403 nec
1729 3347 1779 3403 ei
1823 3347 2036 3403 divism‘
2077 3362 2108 3402 a

524 3455 782 3511 compage
808 3441 1048 3510 corporis
1068 3439 1286 3504 Christi,
1315 3437 1416 3493 sed
1440 3438 1495 3493 in
1521 3438 1719 3493 unitate
1747 3438 2108 3508 perseveranti

524 3541 788 3602 praecepta
827 3531 948 3585 vitae
976 3528 1350 3585 insinuantur'
1401 3527 1584 3600 (Apoc.
1612 3543 1689 3594 ιιι,
1722 3528 1866 3599 1-6).
1911 3528 2111 3584 Omitto

525 3623 669 3694 quod
687 3624 739 3678 in
753 3623 981 3678 concilio
1000 3637 1098 3676 suo
1115 3620 1395 3676 adversum
1412 3620 1827 3675 Maximianistas
1837 3619 2108 3687 dixerunt,

532 3733 552 3768 ι
587 3714 955 3786 Ᾱὲεγριὶοιιιιιῐι
982 3713 1265 3768 admodum
1287 3711 1532 3782 exemplo
1562 3711 1890 3780 pereuntium
1916 3710 2115 3766 funeri-

526 3807 626 3863 bus
642 3807 798 3878 plena
815 3815 937 3861 sunt
953 3807 1131 3861 littora
1157 3824 1176 3858 ›
1199 3804 1393 3875 (Exod.
1407 3818 1520 3870 xiv,
1542 3803 1653 3874 51).
1679 3802 1754 3858 De
1775 3819 1998 3873 quorum
2017 3820 2120 3858 nu-

526 3913 678 3954 mero
699 3907 1026 3953 mortuorum
1059 3912 1197 3951 nunc
1217 3897 1356 3951 intus
1380 3903 1463 3951 est
1485 3894 1806 3962 Felicianus,
1829 3896 1916 3965 qui
1939 3895 2116 3951 adhuc

527 4000 767 4045 mortuus
787 3989 1018 4058 baptizat
1041 4005 1054 4042 :
1075 3996 1166 4042 aut
1185 3986 1228 4042 si
1245 3987 1354 4057 jam
1373 3986 1584 4053 revixit,
1611 3985 1775 4041 habet
1792 4001 1972 4040 secum
1997 3986 2116 4042 illos

527 4095 662 4151 quos
688 4088 927 4134 mortuus
957 4079 1012 4132 in
1051 4078 1338 4133 schismate
1376 4077 1682 4147 baptizavit.
1727 4075 1931 4132 Habent
1972 4086 2117 4132 certe

530 4181 842 4242 peccatores
871 4189 884 4224 :
915 4187 1037 4226 nam
1079 4172 1124 4226 si
1154 4171 1545 4242 interrogentur
1570 4172 1888 4241 quicumque
1915 4171 2015 4226 sibi
2060 4171 2113 4226 in

529 4265 659 4337 ipsis
683 4264 859 4334 magni
887 4263 1157 4327 videntur,
1197 4263 1357 4318 etiam
1387 4277 1444 4317 se
1489 4264 1632 4332 ipsos
1660 4271 1967 4332 peccatores
2008 4279 2113 4318 non

530 4366 745 4427 negant.
793 4355 978 4426 Neque
1012 4356 1154 4411 enim
1183 4355 1304 4425 (non
1350 4355 1579 4409 tundunt
1621 4352 1853 4424 pectora
1882 4369 1997 4420 sua,
2027 4363 2120 4410 aut

531 4463 652 4504 cum
685 4447 736 4502 id
765 4447 982 4514 faciunt,
1011 4445 1255 4501 simulate
1279 4443 1512 4511 faciunt;
1536 4444 1676 4516 quod
1703 4445 1748 4500 si
1769 4445 1840 4499 ita
1861 4453 1963 4512 est,
1995 4453 2120 4500 tunc

533 4554 680 4598 certe
720 4541 1001 4597 infeliciter
1029 4549 1270 4610 peccant,
1300 4539 1526 4609 populos
1570 4553 1698 4595 suos
1741 4539 1985 4594 simulata
2013 4538 2118 4593 hu—

533 4634 754 4689 militate
780 4633 1022 4689 fallentes
1051 4651 1066 4690 :
1095 4642 1186 4688 aut
1212 4648 1319 4687 non
1347 4631 1564 4687 dicunt“
1597 4632 1650 4686 in
1680 4632 1921 4687 oratione
1949 4631 2120 4686 domi-

533 4726 670 4792 nica,
702 4724 910 4779 Dimitte
947 4725 1087 4779 nobis
1116 4725 1282 4778 debita
1325 4734 1517 4792 nostra,
1563 4724 1693 4778 sicut
1736 4733 1781 4777 et
1819 4739 1911 4777 nos
1943 4723 2119 4777 dimit-

534 4821 684 4874 timus
709 4817 1009 4872 debitoribus
1025 4818 1208 4872 nostris
1226 4813 1637 4888 (Ma'tth.v1,12);
1654 4814 1794 4887 quod
1808 4815 1988 4885 utique
2013 4831 2120 4871 non

597 4975 612 5004 ²
641 4972 790 5022 Εάἱιὶο
813 4981 910 5020 Am.
939 4973 1088 5021 verba
1109 4971 1202 5021 hoc
1222 4970 1328 5021 loco
1344 4970 1664 5020 Ecclesiastici
1685 4971 1859 5020 omissa
1891 4970 2124 5019 restitue-

533 5043 626 5094 rat,
660 5033 862 5094 scilicet,
885 5040 930 5082 ct
968 5033 1141 5084 iterum
1163 5032 1313 5097 tangit
1351 5045 1475 5082 cum.
1517 5033 1609 5081 sed
1649 5034 1719 5097 iis
1746 5038 1916 5080 carent
1950 5044 2123 5097 omnes

536 5093 661 5156 Mss,
689 5104 741 5146 et
765 5109 823 5145 ea
845 5108 1119 5158 quanquam
1143 5096 1199 5143 ad
1218 5093 1326 5143 rem
1363 5103 1528 5158 contra
1559 5095 1824 5143 Donatistas
1846 5093 2124 5142 necessaria

537 5157 940 5224 prieteriresolet
965 5157 1273 5224 Augustinus,
1309 5157 1422 5219 quia
1459 5162 1510 5224 et
1538 5162 1799 5224 antequam
1839 5162 1973 5224 esset
2013 5166 2125 5215 pars

536 5217 717 5288 Donati,
743 5222 810 5268 uti
831 5221 1056 5288 observat
1081 5220 1126 5266 in
1149 5218 1231 5288 lib.
1305 5217 1646 5288 lietract.,cap.
1673 5217 1818 5288 21,31.
1840 5217 1887 5273 5,
1908 5217 2011 5288 ipsa
2030 5229 2125 5288 non

539 5277 750 5331 habebat
774 5281 1130 5331 licclesiasticus
1155 5282 1200 5329 iu
1227 5279 1443 5341 plurimis
1465 5277 1709 5341 codicibus
1720 5277 1960 5326 Africanis.
1981 5277 2128 5341 Omit-

538 5345 596 5392 tit
619 5343 698 5392 illa
721 5345 910 5406 pariter,
921 5344 1177 5406 Cyprianus
1200 5338 1471 5406 intlpistola
1499 5340 1562 5406 ad
1585 5341 1824 5398 Quintum,
1860 5345 1912 5387 et
1931 5338 2126 5387 Cartha-

537 5400 743 5467 ginensé
765 5400 1014 5467 concilium
1039 5417 1101 5452 eo
1124 5400 1413 5467 pr'esideute
1437 5400 1754 5467 celebratum.

602 5468 622 5496 ²
649 5468 721 5515 sic
744 5477 846 5516 MSS.
872 5475 926 5516 Al.
946 5465 1081 5523 editi,
1105 5460 1199 5513 non
1226 5462 1386 5526 dicam
1404 5463 1540 5521 tales,
1565 5463 1649 5513 sed
1669 5475 1784 5526 quos
1806 5460 1880 5511 vel
1901 5462 2125 5526 fatentur,

542 5527 614 5577 uel
648 5527 950 5579 insanissime
991 5531 1165 5590 neqant
1211 5524 1588 5587 derelinquentes
1626 5523 1797 5587 Deum,
1832 5523 1950 5583 etc.;
1970 5523 2129 5570 minus

543 5591 754 5639 integre.

605 5603 782 5711 Eia-lien,
809 5664 915 5712 pro,
936 5649 1120 5711 divisa,
1145 5651 1357 5710 habent,
1383 5648 1570 5701 diverse
1592 5646 1713 5711 (vel,
1738 5645 1908 5707 divise)
1951 5640 2127 5706 agenti.

544 5712 705 5775 Abest,
719 5711 898 5775 agenti,
922 5725 950 5760 a
973 5713 1321 5775 manuscriptis.

533 5831 563 5891 ,t
609 5773 629 5805 ⁸
653 5772 876 5832 Gallicani
905 5779 1030 5834 Mss.,
1055 5772 1256 5838 inferius
1293 5774 1488 5825 dieitur.
1535 5774 1763 5832 Vaticani,
1784 5780 1981 5832 msupcr
2005 5777 2129 5817 aan-

565 5849 643 5886 ur.

610 5899 632 5939 σ
746 5897 930 5951 habent
949 5904 1050 5948 Am.
1085 5905 1138 5952 et
1157 5910 1327 5953 omnes
1349 5906 1454 5952 uss.
1480 5905 1533 5953 At
1554 5905 1687 5955 ων..
1711 5900 1794 5950 aut
1815 5905 1925 5950 cum
1944 5890 2127 5946 dicata.

2204 513 2272 570 de
2319 513 2424 568 illis
2454 513 2686 583 peccatis
2712 512 2923 580 dicitur,
2952 527 3070 582 qua:
3100 512 3153 568 in
3195 511 3450 584 Baptismi
3497 529 3783 585 regenera-

2203 604 2346 658 tione
2386 602 2603 658 dimissa
2648 612 2790 670 sunt,
2829 602 2922 658 sed
2950 602 3020 658 de
3059 603 3124 658 iis
3151 619 3269 674 quae
3305 604 3541 674 quotidie
3568 606 3635 662 de
3677 622 3783 664 sae-

2204 694 2310 750 culi
2351 694 2697 749 amarissimis
2734 693 3024 749 fructibus‘
3065 695 3308 750 humanae
3336 696 3460 752 vitae
3498 697 3782 756 inﬁrmitas

2205 783 2488 846 contrahit,
2531 783 2721 854 quibus
2763 785 3010 840 curandis
3051 785 3370 842 adhibentur
3397 787 3785 846 medicamenta

2204 876 2684 947 eleemosynarum,
2713 877 3034 946 jejuniorum
3063 889 3119 934 et
3142 881 3461 949 orationum,
3492 890 3552 937 ut
3576 881 3630 938 in
3661 900 3784 940 ora-

2207 969 2351 1024 tione
2396 969 2603 1024 dicatur
2640 969 2782 1040 quod
2828 970 2881 1025 in
2923 971 3274 1044 eleemosynis
3315 975 3508 1045 agitur.
3553 975 3687 1032 Nam
3735 986 3787 1035 et

2207 1069 2482 1130 peccatum
2523 1062 2664 1131 quod
2701 1063 2835 1118 inte
2862 1063 3000 1119 alter
3041 1065 3274 1134 admisit,
3318 1067 3605 1135 dimittere,
3633 1081 3694 1126 ut
3735 1080 3788 1128 et

2206 1150 2303 1205 tibi
2345 1152 2484 1207 Deus
2507 1152 2758 1220 dimittat,
2792 1169 3040 1225 magnum
3085 1171 3218 1226 opus
3261 1158 3643 1216 misericordia:
3681 1169 3784 1216 est.

2207 1243 2359 1311 Quod
2403 1245 2449 1299 si
2497 1245 2598 1301 hoc
2635 1247 2688 1301 in
2731 1247 2971 1303 oratione
3016 1249 3137 1304 ﬁcte
3181 1260 3237 1306 et
3273 1267 3379 1306 non
3421 1254 3682 1308 veraciter
3706 1253 3791 1309 di-

2207 1336 2392 1400 cunt”,
2439 1345 2686 1405 putantes
2727 1353 2786 1393 se
2838 1353 2943 1394 non
2997 1338 3197 1395 habere
3236 1342 3376 1411 quod
3424 1343 3501 1398 eis
3555 1343 3790 1399 dimittat

2207 1426 2369 1491 Deus,
2397 1428 2624 1498 idipsum
2651 1438 2734 1486 est
2754 1430 3072 1502 inexpiabile
3091 1433 3445 1502 sacrilegium,
3468 1449 3528 1488 ea
3552 1435 3662 1504 ipsa
3689 1435 3790 1490 im-

2208 1519 2293 1588 pia
2337 1529 2419 1575 est
2463 1530 2514 1576 et
2542 1537 2737 1577 vesana
2777 1525 3043 1594 superbia,
3088 1525 3230 1595 quod
3267 1535 3350 1581 est
3387 1535 3532 1582 certe
3559 1527 3792 1584 immane

2209 1621 2506 1680 peccatum.
2563 1613 2692 1668 Nam
2737 1614 2804 1670 de
2855 1617 3373 1672 morituris'muscis
3420 1617 3545 1688 quid
3590 1617 3810 1688 dicam,

2210 1702 2422 1770 quando
2451 1704 2502 1758 in
2533 1705 2611 1759 eis
2629 1719 2736 1760 non
2761 1707 3046 1762 morituros
3075 1706 3268 1772 adhuc,
3299 1707 3390 1762 sed
3413 1709 3522 1777 jam
3550 1719 3793 1766 mortuos

2211 1793 2573 1864 multipliciter
2598 1796 2843 1863 inveniri,
2875 1799 2988 1853 sive
3017 1799 3300 1862 fateantur,
3334 1799 3445 1854 sive
3464 1802 3793 1856 convincun-

2211 1892 2316 1950 tur,
2338 1885 2706 1941 ostendimus?
2734 1888 2911 1943 Fictos
2936 1903 3066 1944 vero
3090 1904 3227 1958 quos
3251 1889 3382 1959 fugit
3405 1889 3632 1958 Spiritus
3661 1905 3794 1946 san-

2210 1985 2326 2030 ctus
2369 1977 2682 2046 disciplinae,
2727 1988 2782 2035 et
2822 1979 2937 2036 sine
2977 1981 3246 2036 intellectu
3287 1981 3493 2050 perdite
3532 1982 3791 2050 viventes,

2211 2082 2366 2136 quam
2399 2070 2593 2124 multos
2620 2071 2758 2125 inter
2781 2087 2839 2127 se
2874 2071 3122 2137 habeant,
3155 2072 3446 2128 secundum
3469 2087 3531 2127 ea
3555 2088 3677 2143 quae
3701 2086 3797 2128 su-

2210 2174 2304 2229 pra
2333 2158 2475 2214 dicta
2501 2170 2643 2228 sunt,
2665 2161 2917 2234 cogitent.
2948 2163 3081 2218 Nam
3107 2174 3162 2220 et
3187 2166 3506 2235 quicumque
3531 2165 3601 2219 ibi
3624 2165 3798 2221 latent

2211 2249 2361 2317 mali,
2387 2251 2529 2321 quod
2555 2252 2640 2307 vel
2669 2268 2733 2308 eo
2768 2263 2971 2309 certum
2999 2264 3098 2321 est,
3125 2255 3247 2325 quia
3277 2271 3418 2326 saepe
3448 2255 3640 2325 proditi
3667 2271 3800 2313 con-

2209 2341 2442 2412 victique
2471 2343 2810 2411 damnantur,
2841 2361 2948 2400 non
2969 2345 3036 2401 de
3065 2346 3367 2402 recentibus
3386 2357 3589 2402 tantum
3617 2346 3796 2417 factis,

2211 2432 2304 2486 sed
2353 2433 2513 2487 etiam
2542 2432 2610 2489 de
2637 2443 2818 2490 vetere
2863 2435 3250 2491 consuetudine
3295 2435 3638 2507 ﬂagitiorum,
3671 2439 3800 2508 quia

2211 2521 2524 2578 stultissima
2561 2522 2776 2580 ﬁctione
2803 2525 2894 2581 diu
2932 2526 3093 2582 celari
3118 2527 3476 2597 potuerunt’,
3521 2528 3574 2583 hi
3614 2529 3802 2600 utique

2211 2613 2379 2682 magis
2400 2613 2508 2668 ﬁcti
2535 2624 2678 2682 sunt,
2701 2616 2794 2686 qui
2818 2631 2878 2672 se
2901 2617 3069 2672 bonos
3095 2617 3345 2688 ﬁngendo
3370 2618 3662 2688 decipiunt.

2281 2703 2371 2759 2|.
2413 2705 2470 2760 Si
2498 2721 2626 2776 ergo
2653 2708 2731 2763 sic
2749 2718 2870 2764 sunt
2897 2708 2998 2765 ista
3027 2709 3369 2781 intelligenda
3395 2719 3455 2767 ut
3483 2712 3568 2766 isti
3598 2713 3801 2769 intelli-

2211 2802 2363 2863 gunt,
2393 2796 2662 2866 quomodo
2688 2797 2768 2854 cis
2807 2797 2944 2854 ratio
2969 2799 3260 2856 subsistere
3285 2801 3499 2870 poterit,
3536 2817 3633 2856 cur
3657 2801 3806 2872 apud

2213 2901 2308 2941 eos
2346 2887 2437 2958 qui
2473 2888 2614 2944 male
2647 2889 2874 2945 vivendo
2922 2890 3297 2962 derelinquunt
3337 2893 3529 2960 Deum,
3578 2894 3692 2949 sive
3721 2893 3807 2949 la-

2213 2985 2379 3044 teant,
2425 2977 2539 3034 sive
2577 2981 2687 3035 noti
2729 2981 2857 3048 sint,
2900 2998 3006 3038 non
3048 2982 3243 3038 fuerint
3286 2983 3434 3039 lacus
3475 2984 3675 3054 detriti,
3703 2985 3805 3055 qui

2213 3069 2487 3125 continere
2513 3085 2619 3125 non
2652 3071 2830 3128 valent
2870 3074 3067 3143 aquas?
3090 3070 3158 3128 Et
3185 3073 3232 3128 si
3261 3073 3315 3128 in
3342 3073 3444 3130 hoc
3469 3075 3588 3131 loco
3613 3089 3804 3131 sacra-

2213 3169 2451 3216 mentum
2479 3161 2736 3232 Baptismi
2765 3163 3164 3234 intelligendum
3186 3173 3288 3232 est,
3318 3180 3415 3220 cur
3433 3165 3718 3221 mendaces
3737 3175 3800 3222 et

2214 3250 2456 3335 inﬁdeles
2480 3268 2664 3308 eorum
2693 3254 2941 3321 ministri,
2985 3269 3090 3310 non
3121 3270 3313 3325 aquam
3339 3257 3671 3325 mendacem,
3700 3257 3806 3314 sed

2214 3360 2461 3400 veracem
2515 3347 2597 3402 vel
2647 3347 2778 3403 dare
2825 3348 2910 3404 vel
2955 3347 3156 3404 habere
3207 3348 3533 3404 creduntur?
3570 3348 3677 3405 Cur
3728 3351 3806 3407 ab

2214 3437 2423 3492 illorum
2449 3438 2674 3493 mortuis
2693 3439 2782 3508 qui
2807 3438 3158 3508 baptizantur,
3187 3438 3397 3510 proﬁcit
3421 3439 3618 3510 aliquid
3642 3440 3800 3496 lava-

2215 3526 2291 3582 tio
2315 3527 2582 3583 eorum‘?
2617 3528 2726 3584 Cur
2749 3540 3057 3600 peccatores
3095 3529 3427 3600 impinguant
3465 3529 3586 3584 oleo
3621 3531 3806 3600 capita

2215 3620 2433 3676 aliena?
2467 3620 2604 3689 Quid
2635 3621 2729 3676 tibi
2773 3636 2972 3678 musca:
3015 3622 3288 3677 moriturae
3311 3623 3396 3677 vel
3425 3633 3649 3677 mortuae
3683 3637 3808 3679 me-

2216 3722 2459 3781 ruerunt,
2507 3723 2563 3768 ut
2591 3728 2698 3768 non
2727 3714 3088 3770 cxterminent
3115 3714 3291 3770 oleum
3321 3713 3636 3769 suavitatis?
3675 3713 3803 3782 Quo

2218 3805 2495 3876 privilegio
2524 3806 2834 3860 muniuntur
2857 3805 3178 3877 quicumque
3205 3805 3278 3860 ibi
3304 3804 3413 3860 ﬁcti
3443 3813 3584 3870 sunt,
3613 3803 3667 3858 id
3693 3813 3806 3874 est,

2215 3896 2433 3965 justitiam:
2462 3896 2597 3965 pelle
2623 3895 2880 3966 obtegunt
2914 3896 3119 3966 lupum,
3149 3904 3208 3951 ut
3232 3910 3340 3951 non
3372 3909 3466 3951 eos
3489 3895 3655 3964 fugiat
3680 3891 3810 3964 Spi-

2219 3986 2353 4042 ritus
2395 3995 2610 4043 sanctus
2652 3987 2986 4058 disciplinae?
3026 3989 3132 4042 Aut
3171 3987 3218 4043 si
3264 4001 3358 4044 eos
3404 3987 3537 4057 fugit
3572 3985 3808 4056 Spiritus

2219 4087 2454 4146 sanctus,
2482 4081 2746 4151 quomodo
2775 4097 2870 4152 per
2893 4096 2988 4137 eos
3011 4081 3286 4152 baptizalis
3311 4081 3505 4136 datur?
3533 4081 3632 4137 Hic
3657 4082 3806 4138 enim

2219 4171 2326 4228 dici
2373 4188 2479 4228 non
2512 4181 2705 4244 potest,
2747 4173 2888 4244 quod
2931 4174 3105 4229 solent
3150 4174 3478 4244 ineptissime
3519 4184 3573 4230 et
3615 4175 3804 4246 impu-

2219 4262 2531 4318 dentissime
2568 4263 2804 4331 dicere“,
2855 4281 2876 4315 ι
2905 4272 3029 4318 tunc
3075 4278 3233 4333 posse
3285 4279 3316 4318 a
3359 4265 3499 4320 malo
3543 4264 3809 4334 baptizari
3879 4263 3882 4268 ’

2222 4370 2562 4426 quemquam,
2597 4355 2644 4409 si
2687 4354 2846 4409 lateat
2873 4355 3073 4410 malitia
3111 4355 3447 4426 baptizantis.
3479 4373 3499 4408 s
3530 4356 3630 4423 Qui
3658 4357 3809 4413 enim

2223 4446 2379 4501 ﬁctus
2413 4454 2513 4512 est,
2548 4453 2695 4501 tanto
2719 4447 2888 4516 magis
2915 4446 3070 4502 ﬁctus
3095 4433 3197 4510 est,
3228 4455 3429 4517 quanto
3455 4447 3622 4517 magis
3650 4447 3807 4503 latet.

2222 4535 2305 4593 Ab
2344 4535 2446 4592 hoc
2482 4552 2609 4608 ergo
2638 4552 2760 4592 cum
2804 4551 2862 4593 se
2905 4537 3110 4593 auferat
3149 4537 3375 4608 Spiritus
3418 4547 3654 4604 sanctus,
3684 4554 3811 4610 qua:

2222 4643 2347 4698 spes
2375 4630 2475 4684 erit
2502 4629 2768 4699 baptizati,
2797 4631 2842 4684 si
2877 4628 3190 4700 baptizantis
3216 4628 3448 4684 hominis
3473 4629 3724 4685 meritum
3752 4630 3811 4687 in

2224 4721 2313 4776 illa
2349 4721 2441 4776 Dei
2469 4721 2632 4792 gratia
2666 4721 3004 4793 cogitandum
3032 4722 3150 4777 est?
3180 4721 3278 4777 Hic
3305 4723 3525 4778 omnino
3552 4723 3680 4794 quid
3711 4739 3809 4780 re-

2223 4811 2520 4881 spondeant
2549 4827 2656 4867 non
2692 4812 2984 4878 inveniunt,
3040 4812 3129 4883 qui
3157 4812 3327 4867 malos
3365 4822 3578 4883 apertos
3608 4813 3813 4872 habere

2225 4918 2284 4958 se
2309 4913 2502 4974 negant
2527 4922 2539 4958 :
2567 4905 2619 4958 in
2650 4919 2754 4973 quo
2781 4903 2994 4973 quidem
3035 4903 3372 4973 apertissime
3396 4904 3807 4960 convincuntur.

2225 4996 2328 5054 Sed
2357 4996 2480 5067 quid
2496 4997 2561 5051 ad
2583 4996 2719 5052 nos?
2744 4997 2884 5052 Satis
2911 5003 2993 5051 cst
3021 4995 3173 5052 nobis
3201 4996 3267 5050 ad
3290 4998 3652 5052 necessarium
3679 4998 3812 5053 arti-

2227 5091 2402 5146 culum
2429 5105 2624 5154 cansa),
2653 5087 2794 5158 quod
2834 5087 2985 5143 ﬁctos
3023 5087 3213 5154 bonos,
3243 5088 3294 5142 id
3324 5097 3406 5142 est
3431 5088 3670 5144 occultos
3697 5103 3816 5144 ma-

2293 5207 2309 5276 :
2343 5203 2644 5276 ρίιίρηςηείξ
2667 5202 2999 5276 netu-«ede»
3022 5199 3263 5276 μωξίιηιδο
3424 5262 3453 5276 ..
3555 5263 3586 5276 ..

2290 5269 2310 5298 ²
2344 5267 2479 5323 miti,
2503 5263 2634 5334 Quod
2657 5262 2937 5334 sijiomines
2957 5262 3144 5334 ﬁcteet
3161 5275 3257 5334 non
3275 5262 3518 5334 veraciter
3533 5263 3716 5334 dicunt.
3754 5269 3816 5334 ΔΑἱ.

2229 5335 2355 5386 Mss,
2380 5326 2511 5385 Quod
2529 5324 2579 5387 si
2594 5323 2682 5374 hoc
2703 5325 2754 5387 in
2776 5323 2987 5387 oratione
3008 5324 3117 5387 ficte
3147 5331 3197 5387 et
3224 5338 3320 5387 non
3339 5323 3575 5387 ueraciter
3598 5323 3766 5387 dicunt
3793 5337 3812 5374 :

2231 5390 2489 5458 peimtisuc
2501 5386 2703 5458 scilicet,
2719 5386 2854 5447 illud,
2879 5385 3070 5458 Dimitte
3089 5385 3236 5458 nobis.
3247 5385 3406 5458 debita
3425 5392 3605 5438 nostra.
3623 5385 3816 5449 melius,
3873 5404 3880 5409 ·

2229 5454 2270 5501 si
2297 5450 2562 5524 praesertim
2584 5449 2765 5524 legitur
2787 5462 2949 5524 supra,
2971 5455 3052 5524 aut
3074 5461 3173 5524 non
3184 5449 3366 5524 dicunt.

2295 5507 2323 5586 ³,
2339 5519 2388 5560 tn
2412 5507 2756 5586 omnibus'uss.
2791 5507 3080 5561 aﬁirmanter
3103 5517 3197 5574 est,
3223 5508 3310 5561 diu
3339 5507 3493 5562 celari
3519 5512 3817 5572 ροωεηιιιιῖ

2233 5587 2427 5704 0.115.ng
2431 5585 2560 5700 ,ίῗὲῖ
2579 5633 2643 5678 At
2666 5629 2817 5704 editi,
2832 5636 2917 5704 est.
2942 5641 3052 5679 cum
3070 5631 3332 5704 mendaces.
3345 5635 3391 5680 et
3411 5628 3634 5704 inﬁdeles
3648 5641 3818 5704 eorum

2232 5691 2461 5755 ministri,
2496 5705 2590 5741 non
2611 5703 2785 5754 aquam
2807 5703 3044 5755 ueracem,
3071 5691 3158 5740 sed
3190 5690 3469 5755 mendacem
3492 5693 3565 5742 vel
3600 5693 3723 5743 dare
3744 5690 3818 5743 vel

2233 5757 2411 5823 habere
2428 5750 2712 5823 credantur,
2735 5750 2854 5823 quid
2871 5751 2931 5802 ab
2953 5751 3148 5803 illorum
3170 5754 3367 5804 mortuis
3389 5754 3473 5816 qui
3494 5755 3816 5823 baptizantur,

2236 5816 2622 5887 proﬁcitjavntio
2642 5812 2808 5887 eorum
2829 5812 2854 5864 ?

2299 5874 2336 5925 δ’
2347 5880 2404 5937 ιιι
2427 5880 2565 5945 Mss,
2587 5879 2714 5944 quod
2731 5875 2879 5932 solent
2900 5874 3254 5947 imperitissime
3273 5876 3456 5934 dicere.
