4054 6476
240 381 317 445 ω
1604 386 1806 443 LIBER
1841 385 2217 447 SECUNDUS.
3452 410 3522 469 eo

241 503 346 567 los,
377 502 525 573 apud
568 515 630 557 se
671 516 791 558 esse
834 515 1029 573 negare
1069 515 1175 557 non
1205 509 1447 571 possunt.
1495 501 1596 556 Per
1634 503 1831 557 multos

246 594 384 651 enim
412 593 827 665 redarguuntur,
854 595 1081 665 quicum
1112 594 1181 648 ibi
1209 595 1424 664 perditis
1465 604 1521 649 et
1557 596 1834 652 sceleratis

244 683 484 739 moribus
532 686 795 750 viverent,
850 694 905 740 et
943 701 1037 755 per
1082 686 1248 755 ipsam
1294 686 1560 742 ﬁctionem
1611 686 1703 741 diu
1751 688 1831 741 la-

244 776 490 841 tuissent,
539 776 826 848 aliquando
853 778 1067 847 proditi,
1112 779 1317 848 expulsi
1362 788 1504 835 sunt.
1537 779 1832 836 Credamus

244 882 390 938 ergo,
420 869 469 923 si
500 869 690 924 nolunt
714 869 783 925 ibi
805 870 979 927 adhuc
1003 886 1122 926 esse
1146 872 1389 941 aliquos:
1417 872 1547 927 tales
1584 872 1661 927 illi
1686 883 1831 929 certe

242 960 328 1029 qui
351 960 513 1029 ejecti
544 971 686 1027 sunt,
720 976 842 1024 cum
862 962 912 1015 in
943 962 1128 1018 eadem
1151 963 1362 1019 fictione
1383 964 1627 1029 laterent,
1659 973 1714 1020 et
1737 980 1831 1021 eos

244 1049 452 1120 fugeret
481 1050 713 1122 Spiritus
739 1062 975 1120 sanctus,
1004 1053 1071 1109 de
1100 1069 1205 1124 quo
1231 1055 1487 1126 scriptum
1521 1064 1621 1121 est,
1655 1055 1828 1127 Spiri-

245 1151 319 1195 tus
354 1143 493 1196 enim
516 1153 720 1199 sanctus
745 1145 1027 1214 disciplina:
1049 1145 1252 1217 elTugiet
1277 1147 1449 1213 ﬁctum
1486 1146 1639 1217 (Sap.
1672 1163 1710 1213 ι,
1743 1148 1826 1217 5),

240 1232 512 1301 quomodo
538 1233 808 1303 baptizare
834 1236 1191 1305 potuerunt“?
1213 1234 1319 1291 Cur
1350 1252 1454 1291 non
1482 1248 1827 1294 recensentur

240 1324 431 1379 saltem
477 1327 570 1397 qui
599 1327 801 1394 vivunt,
844 1337 903 1383 ut
944 1330 1203 1399 accipiant
1229 1330 1618 1399 Baptismum',
1663 1347 1823 1403 quem

241 1417 425 1487 utique
450 1434 483 1472 a
517 1419 654 1474 lictis
680 1435 815 1491 quos
841 1420 1121 1477 deserebat
1170 1422 1399 1492 Spiritus
1422 1432 1655 1489 sanctus,
1682 1425 1823 1479 acci-

239 1523 365 1578 pere
394 1512 790 1580 nequiverunt?
823 1510 880 1568 Si
918 1521 1094 1567 autem
1125 1512 1327 1580 dicunt,
1353 1514 1581 1585 Spiritus
1608 1516 1825 1587 quidem

241 1607 457 1652 sanctus
486 1600 689 1656 daturis
729 1602 1047 1672 ﬁngentibus
1089 1603 1275 1659 deerat
1311 1603 1686 1674 jnstiﬁcandis,
1729 1608 1824 1663 sed

238 1691 541 1762 accepturis
564 1694 905 1750 credentibus
930 1696 1117 1751 aderat
1148 1696 1425 1752 abluendis
1455 1715 1549 1769 per
1578 1700 1824 1756 ineﬁ‘abi-

239 1780 340 1835 lem
387 1782 681 1839 efﬁcaciam
708 1786 958 1856 potentirc
1012 1803 1157 1853 sure;
1200 1797 1483 1860 utrumque
1524 1791 1704 1846 valens
1742 1793 1823 1848 fa-

237 1887 381 1939 cere,
432 1875 554 1930 illos
597 1876 798 1948 fugere,
850 1879 978 1934 istos
1008 1878 1211 1947 fovere,
1257 1882 1376 1937 illos
1412 1883 1648 1958 (πυρίη-θ,
1692 1886 1824 1941 istos

235 1965 497 2022 mundare
526 1986 540 2022 :
569 1984 728 2039 quam
780 1985 877 2039 pro
918 1985 977 2026 se
1006 1972 1355 2042 quaestionem
1394 1975 1624 2043 solvunt,
1666 1977 1823 2033 simul

236 2069 460 2115 cernant
487 2063 718 2118 solutam
741 2079 862 2120 esse
886 2080 983 2136 pro
1008 2067 1183 2123 nobis.

301 2149 394 2203 22.
437 2151 592 2219 Quod
618 2162 795 2209 autem
824 2155 1133 2229 intelligitur
1172 2158 1225 2213 in
1263 2160 1362 2215 hac
1391 2163 1654 2217 sententia
1694 2179 1821 2219 san-

236 2249 331 2296 ctae
361 2242 677 2314 Scripturze,
715 2262 874 2317 quam
910 2258 1057 2304 certe
1101 2249 1202 2320 ipsi
1232 2266 1336 2306 non
1366 2252 1738 2324 intelligentes,
1766 2264 1822 2311 et

234 2336 380 2404 quasi
403 2352 504 2405 pro
525 2338 638 2393 suis
659 2341 899 2408 partibus
931 2352 1308 2412 proponentes,
1342 2346 1409 2399 ad
1435 2362 1494 2401 se
1518 2348 1661 2417 ipsos
1688 2364 1818 2403 con-

232 2426 526 2483 vincendos
557 2430 806 2500 ingerunt
830 2432 1003 2499 nobis,
1039 2434 1138 2488 hoc
1165 2450 1302 2505 pene
1345 2436 1396 2490 in
1427 2438 1673 2492 omnibus
1699 2439 1818 2494 tali-

236 2516 331 2570 bus
372 2519 760 2588 qumstionibus
787 2522 1187 2594 intelligendum
1218 2526 1587 2595 admonemus,
1618 2530 1821 2587 scilicet

234 2607 351 2677 quia
378 2610 559 2663 omnia
601 2623 934 2669 sacramenta
972 2630 1094 2670 cum
1123 2616 1301 2671 obsint
1345 2619 1556 2689 indigne
1588 2630 1818 2675 tractan-

236 2698 389 2765 tibus,
420 2710 649 2769 prosunt
677 2712 853 2759 tamen
879 2721 974 2774 per
996 2722 1089 2761 cos
1111 2707 1269 2779 digne
1290 2710 1625 2767 sumentibus
1648 2730 1660 2765 :
1682 2714 1819 2767 sicut

236 2798 287 2842 et
313 2791 536 2845 verbum
570 2792 729 2859 Dei”;
756 2794 894 2851 unde
919 2796 1116 2850 dictum
1130 2809 1230 2862 est,
1255 2799 1382 2864 Qua:
1408 2800 1601 2867 dicunt,
1628 2802 1781 2871 facile
1796 2818 1817 2867 ;

232 2895 339 2947 qua:
378 2892 552 2935 autem
600 2884 811 2955 faciunt,
865 2886 1032 2955 facere
1080 2890 1237 2942 nolite
1294 2890 1504 2961 (Matth.
1550 2909 1704 2958 χχιιι,
1737 2895 1812 2963 5).

231 2968 356 3024 Nam
384 2973 623 3029 ell’odere
654 2975 799 3031 lacus
823 2976 1046 3034 detritos
1069 2980 1157 3049 qui
1195 2984 1471 3039 continere
1502 2999 1606 3038 non
1639 2987 1815 3042 valent

229 3075 412 3129 aquas,
445 3066 569 3134 quis
593 3080 681 3121 me
716 3068 963 3138 prohibet
988 3070 1065 3125 sic
1094 3071 1431 3143 intelligere;
1466 3076 1518 3130 id
1557 3087 1656 3141 est,
1681 3094 1813 3134 con-

230 3158 358 3212 verti
387 3158 458 3211 ad
490 3160 819 3216 voluntatem
862 3163 1188 3231 terrenam‘,
1217 3175 1272 3221 et
1299 3182 1409 3221 non
1446 3184 1603 3238 posse
1638 3174 1811 3226 conti-

228 3268 353 3307 nere
377 3252 638 3321 Spiritum
667 3264 931 3320 sanctum,
958 3272 1117 3326 quem
1144 3260 1361 3315 nomine
1388 3276 1538 3331 aqua:
1559 3264 1610 3317 in
1640 3266 1813 3320 Evan-

225 3344 360 3412 gelio
386 3344 699 3415 signiﬁcari,
729 3347 847 3415 quis
874 3362 1086 3417 quoquo
1112 3350 1272 3404 modo
1311 3352 1633 3410 christianos
1660 3356 1812 3426 igno-

228 3436 342 3488 rat?
369 3436 502 3489 ltcm
529 3452 665 3505 aqua
692 3438 919 3492 mendax
948 3454 1053 3494 non
1092 3440 1294 3497 habens
1321 3443 1500 3511 ﬁdem,
1527 3456 1700 3515 potest
1729 3449 1811 3502 in-

227 3525 409 3595 telligi,
439 3542 549 3581 non
581 3526 767 3583 falsum
796 3530 1076 3599 baptisma,
1106 3532 1199 3586 sed
1230 3535 1457 3603 populus
1491 3538 1721 3592 mendax
1755 3547 1811 3594 et

227 3614 474 3682 inlidelis,
522 3633 629 3671 non
677 3621 1077 3674 annumeratis‘
1116 3623 1397 3679 veracibus
1441 3634 1497 3680 et
1540 3626 1806 3696 ﬁdelibus,

226 3706 314 3759 sed
355 3705 439 3760 his
486 3707 617 3761 solis
645 3709 732 3777 qui
778 3710 1063 3765 mendaces
1105 3720 1160 3766 et
1208 3712 1449 3769 inﬁdeles
1487 3726 1628 3771 sunt.
1676 3718 1807 3773 Nam

228 3799 451 3865 pepulos
492 3799 778 3868 signiﬁcari
816 3801 1101 3871 aliquando
1133 3804 1391 3859 vocabulo
1419 3821 1696 3876 aquarum,
1728 3810 1809 3865 le-

225 3900 348 3958 gant
378 3891 433 3945 in
463 3892 803 3962 Apocalypsi,
835 3901 891 3947 et
914 3892 1305 3949 calumnientur
1328 3896 1429 3950 sibi
1458 3898 1603 3966 prius
1634 3902 1807 3968 potius

224 3995 376 4050 quam
406 3982 584 4036 nobis.
616 3982 704 4037 Sic
728 3984 869 4038 enim
893 3983 1086 4039 dicitur
1110 3984 1303 4041 Joanni
1332 4004 1346 4039 ε
1373 3987 1546 4058 Aquas
1580 4008 1705 4061 quas
1733 3993 1808 4045 vi-

227 4072 359 4137 disti,
408 4090 551 4144 super
589 4091 717 4143 quas
761 4076 898 4129 sedet
926 4077 1163 4131 meretrix
1209 4077 1301 4131 illa
1339 4082 1513 4150 populi
1562 4092 1607 4135 et
1650 4086 1808 4139 turba:

224 4173 335 4215 sunt
356 4164 397 4230 ⁸,
440 4174 489 4218 et
525 4174 693 4234 gentes
738 4175 784 4219 et
809 4166 999 4237 linguw
1025 4165 1210 4237 (Apoc.
1240 4182 1369 4233 xvn,
1403 4170 1516 4240 15).
1561 4172 1626 4227 ΕΙ.
1670 4175 1797 4230 illud

224 4254 359 4322 quod
386 4257 643 4325 scriptum
671 4265 772 4321 est,
807 4256 903 4324 Qui
928 4256 1213 4328 baptizatur
1238 4276 1270 4311 α
1298 4270 1517 4327 mortuo,
1545 4265 1668 4335 quid
1688 4283 1806 4335 pro-

222 4349 324 4415 ﬁcit
364 4350 548 4402 lavatio
586 4351 695 4419 ejus
736 4349 919 4421 (Eccli.
952 4366 1142 4417 xxxxv,
1175 4350 1245 4406 50
1269 4349 1332 4424 )?
1358 4361 1417 4408 ut
1455 4354 1666 4413 interim
1697 4360 1803 4415 dif-

224 4440 385 4495 feram
440 4441 832 4511 diligentiorem
884 4443 1105 4497 istorum
1158 4444 1444 4500 verborum
1504 4448 1803 4520 inquisitio-

221 4549 340 4588 nem
363 4535 466 4603 (a),
510 4534 772 4589 tutissime
817 4534 1041 4604 accipio,
1097 4535 1434 4606 Paganorum
1484 4538 1802 4610 haptismala

218 4638 337 4679 esse
380 4624 654 4689 denotata,
685 4625 808 4695 quia
848 4625 1089 4680 homines
1128 4635 1183 4681 et
1211 4642 1240 4680 a
1265 4627 1470 4697 jusﬁtia
1512 4641 1566 4685 et
1605 4632 1673 4687 ab
1702 4633 1802 4691 ista

219 4717 319 4770 vita
350 4724 592 4769 mortuos
622 4715 821 4782 colunt,
850 4716 904 4771 in
940 4731 1167 4787 quorum
1196 4719 1413 4773 nomine
1442 4718 1798 4789 baptizantur.

214 4807 469 4875 Quamvis
490 4807 634 4862 enim
656 4815 710 4862 ct
730 4807 829 4877 ipsi
856 4807 1163 4863 sacerdotes
1189 4823 1284 4878 per
1305 4809 1629 4878 impietatem
1656 4826 1800 4867 mor-

276 4992 291 5055 f
317 4990 391 5038 sic
413 4994 521 5037 Mss.
563 4993 623 5055 At
650 4992 761 5055 [οἵ.
787 4983 1024 5055 picamus
1052 4986 1328 5055 “ergo.....si
1369 4986 1661 5050 (quanquam
1697 4988 1800 5055 sola

214 5050 362 5113 editio
383 5058 494 5099 ων.
517 5048 664 5109 addit,
688 5046 754 5111 si)
779 5046 814 5113 ir
850 5046 1019 5097 eadem
1040 5044 1228 5108 ﬁctione
1266 5044 1549 5099 laterent”:
1564 5054 1798 5113 quomodo

212 5110 1328 5186 ἀφείητνεῖΡοδδιωέείίηίὲαεῖἳθὲίφηωηημ
1693 5173 1704 5186 .
1745 5175 1774 5186 ..

274 5171 295 5205 s
315 5171 562 5223 mimus
580 5172 736 5235 code;
759 5183 779 5235 :_
798 5174 1331 5235 curnonrecensentur
1363 5171 1530 5222 saltem
1552 5172 1635 5235 qui
1656 5173 1715 5223 ab
1737 5175 1798 5228 iis

210 5242 496 5299 accepeth
537 5239 591 5304 ut
621 5232 861 5304 accipiant
884 5232 1194 5304 baptismum.
1225 5232 1311 5303 Alii
1332 5235 1524 5304 quidam
1549 5232 1681 5284 {cur
1704 5249 1796 5288 non

210 5304 455 5417 ’Ἢ
473 5292 1794 5419 ἓίείάῗὲεᾝθιῖιῗιί¹ΐὲαιέε⁰ιὲεῗξῗ⁰ἲ¹δεξῗῗ⁸ζῖἒέῗῗ³ίεεω-

210 5425 290 5471 tur
321 5428 416 5474 :ut
451 5418 813 5481 subintelligas,
851 5418 1056 5481 verbum
1092 5420 1173 5466 Dei
1208 5419 1412 5481 perinde
1454 5427 1603 5481 atque
1635 5429 1795 5472 Sacra-

211 5490 373 5547 menta
389 5484 571 5533 obesse
594 5479 795 5547 indigne
816 5479 1144 5547 tractantibus,
1170 5487 1223 5528 et
1259 5480 1493 5541 prodesse
1510 5479 1674 5532 tamen
1703 5498 1794 5547 per

212 5556 301 5594 om
317 5546 466 5608 digne
486 5542 811 5593 smnentihus.
986 5544 1011 5565 ⁸

274 5606 298 5638 ι
320 5604 485 5657 Phi-es
501 5612 633 5661 Mss,
655 5604 721 5653 ad
745 5603 1027 5666 voluptatem
1049 5608 1305 5654 terrenam.

274 5619 298 5638 ν
320 5619 485 5657 Patres
501 5619 633 5661 uss,
655 5619 721 5653 aa
745 5619 1027 5666 υοιιῳιαιειη
1049 5619 1305 5654 terrermm.

274 5669 296 5700 ⁸
318 5668 453 5727 ΕΔίιὶ,
475 5679 571 5717 non
591 5672 947 5727 annumeratus.
971 5666 1353 5727 castiganturex
1378 5671 1481 5712 Mss.

270 5725 460 5801 3min,
485 5735 533 5779 et
556 5725 710 5778 tribus
740 5734 865 5777 sunt.
890 5735 947 5776 At
967 5725 1161 5787 Mss.,'et
1181 5725 1337 5776 turbae
1356 5733 1482 5775 sunt.
1507 5733 1670 5778 Graec
1694 5740 1788 5792 est,

207 5790 293 5841 Καὶ
309 5790 476 5842 oculei.
1056 5852 1065 5861 .

274 5852 346 5919 (α)
367 5854 483 5905 vide
500 5852 586 5903 lib.
612 5850 645 5900 2
664 5857 829 5901 contra
848 5857 1172 5911 Cresconium,
1192 5862 1329 5928 capp.
1355 5848 1417 5915 24
1440 5857 1491 5900 et
1502 5863 1641 5921 seqq.

1942 500 2018 555 tui
2045 501 2325 570 dicantur,
2346 520 2450 561 non
2489 514 2664 564 tamen
2693 521 2912 582 propter
2939 529 3033 572 eos
3062 517 3140 574 sic
3177 518 3513 593 intelligitur,

1938 593 2033 648 sed
2064 605 2280 666 propter
2304 608 2542 657 mortuos
2579 602 2710 659 deos
2735 620 2943 673 eorum,
2971 610 3021 663 in
3058 626 3282 680 quorum
3316 615 3521 686 signiﬁ-

1937 686 2143 742 catione
2165 688 2379 757 dicitur,
2404 690 2541 746 Deus
2562 704 2729 749 noster
2751 696 2887 753 Deus
2911 701 3048 757 vivus
3069 702 3283 771 (Jerem.
3312 722 3372 773 ι,
3400 708 3514 778 10).

1936 774 2269 848 Quapropter
2293 783 2394 836 etsi
2433 784 2571 853 apud
2606 785 2936 846 Christianos
2964 802 3091 847 sunt
3117 795 3280 866 aliqui
3309 774 3517 869 praepo-

1914 868 2025 945 bsiti
2061 871 2142 925 vel
2173 872 2419 942 ministri,
2447 877 2536 946 qui
2569 893 2662 947 per
2686 880 3047 951 impietatem‘
3092 895 3146 942 et
3184 868 3515 961 iniquitatem

1935 973 2084 1015 suam
2113 965 2307 1019 mortui
2334 976 2476 1033 sunt,
2508 970 2635 1023 vivit
2658 980 2829 1027 tamen
2866 975 2959 1031 ille
2989 977 3054 1032 de
3076 994 3182 1050 quo
3204 981 3402 1038 dictum
3434 996 3516 1041 est

1934 1050 1987 1105 in
2029 1052 2335 1125 Evangelio,
2366 1056 2467 1113 Hic
2495 1069 2566 1114 est
2597 1061 2683 1130 qui
2709 1063 2926 1133 baptizat
2951 1067 3132 1138 (Joan.
3162 1087 3199 1136 ι,
3229 1073 3319 1145 35)
3351 1094 3365 1130 :
3392 1078 3513 1146 quia
3542 1100 3547 1105 λ

1933 1143 2070 1199 sicut
2110 1145 2235 1202 dicit
2282 1150 2588 1218 Apostolus,
2628 1151 2858 1212 Christus
2900 1175 3165 1232 resurgens
3201 1180 3234 1217 a
3282 1143 3512 1233 mortuis,

1923 1235 2038 1305 jam
2082 1254 2182 1292 non
2226 1242 2472 1310 moritur,
2527 1260 2663 1301 mors
2712 1246 2791 1302 illi
2842 1251 2977 1306 ultra
3020 1270 3121 1308 non
3176 1257 3516 1313 dominabitur

1931 1327 2109 1397 (Rom.
2131 1346 2202 1396 vr,
2224 1330 2300 1403 9).
2326 1332 2514 1390 Oleum
2539 1352 2667 1393 vero
2698 1343 2989 1409 peccatoris
3012 1347 3346 1415 apertissime
3369 1351 3515 1405 Psal-

1929 1436 2048 1477 mus
2100 1423 2316 1492 indicat,
2362 1429 2807 1496 quemadmodum
2854 1433 3251 1505 intelligendum
3292 1441 3379 1497 sit.
3423 1443 3515 1497 Ait

1930 1512 2072 1567 enim
2098 1530 2112 1566 :
2144 1513 2446 1570 Emendabit
2471 1535 2549 1573 me
2580 1521 2752 1591 justus
2778 1522 2831 1577 in
2855 1525 3223 1595 misericordia,
3262 1540 3310 1584 et
3337 1541 3514 1603 arguet

1929 1620 2043 1668 me;
2071 1606 2238 1661 oleum
2255 1617 2425 1664 autem
2447 1614 2723 1680 peccatoris
2753 1630 2854 1668 non
2879 1615 3153 1689 impinguet
3174 1630 3323 1688 caput
3348 1638 3514 1675 meum

1930 1691 2101 1768 (Psal.
2130 1711 2249 1763 οη,
2282 1697 2362 1770 5).
2390 1697 2546 1756 Unde
2576 1702 2915 1759 manifestum
2942 1715 3045 1773 est,
3074 1708 3193 1762 oleo
3220 1713 3514 1779 peccatoris

1928 1784 2211 1842 blanditias
2248 1789 2541 1847 adulatorie
2579 1807 2700 1848 esse
2747 1795 3088 1865 signiﬁcatas,
3120 1800 3313 1869 quibus
3351 1817 3513 1871 repu-

1927 1876 2086 1933 diatis
2115 1888 2167 1933 et
2204 1879 2480 1937 detestatis
2512 1884 2660 1955 eligit
2702 1902 2733 1940 a
2755 1887 2901 1957 justo
2929 1891 3205 1946 emendari
3242 1902 3297 1948 et
3326 1896 3510 1966 argui;

1926 1969 2049 2039 quia
2088 1970 2191 2026 hoc
2226 1972 2402 2043 justus
2432 1990 2538 2030 non
2570 1976 2743 2033 fallaci
2786 1981 3004 2037 lenitate
3033 1984 3368 2053 adulationis,
3416 1990 3512 2045 sed

1924 2063 2102 2118 veraci
2128 2066 2415 2134 asperitate
2456 2067 2847 2140 obiurgationis
2890 2073 3109 2141 faciens,
3149 2078 3316 2133 multo
3344 2083 3511 2151 magis

1925 2153 2344 2213 misericorditer
2370 2157 2514 2214 facit.
2547 2160 2701 2218 Unde
2738 2172 2821 2218 est
2849 2175 2902 2219 et
2931 2165 3059 2222 illud
3090 2169 3141 2223 in
3168 2172 3507 2243 Apocalypsi,

1925 2244 2037 2317 Ego
2080 2264 2203 2317 quos
2245 2266 2381 2317 amo,
2427 2269 2586 2324 arguo
2632 2264 2680 2309 et
2721 2259 2911 2329 castigo
2937 2259 3119 2331 (Apoc.
3154 2278 3231 2328 ιιι,
3280 2264 3370 2335 19)
3407 2283 3420 2319 :
3455 2275 3510 2321 et

1924 2338 2054 2393 illud
2110 2342 2247 2411 apud
2290 2343 2651 2413 Salomonem,
2686 2346 2905 2403 Meliora
2946 2362 3064 2406 sunt
3105 2355 3311 2409 vulnera
3336 2359 3506 2426 amici,

1922 2447 2075 2501 quam
2118 2435 2400 2489 voluntaria
2442 2439 2623 2491 oscula
2656 2439 2846 2494 inimici
2894 2442 3076 2511 (Prov.
3123 2462 3288 2515 xxvn,
3326 2448 3411 2520 6);
3456 2459 3510 2506 et

1924 2522 2085 2577 multa
2118 2526 2459 2593 reperiuntur
2485 2527 2807 2596 hujusmodi.
2850 2532 3031 2587 Oleum
3055 2550 3184 2591 vero
3226 2540 3506 2607 suavitatis,

1923 2614 2128 2669 scilicet
2162 2616 2358 2671 bonum
2394 2618 2640 2685 odorem,
2686 2620 2736 2675 id
2764 2630 2867 2689 est,
2901 2623 3095 2678 bonam
3127 2626 3319 2682 famam
3350 2630 3507 2685 Chri-

1922 2708 2235 2774 stianorum,
2274 2710 2351 2764 illi
2393 2713 2743 2779 exterminant,
2790 2715 2881 2786 qui
2911 2718 3049 2772 male
3087 2720 3299 2787 victuri,
3342 2731 3397 2778 et
3438 2725 3505 2780 ad

1921 2806 2150 2852 mortem
2179 2814 2393 2854 suarum
2423 2802 2756 2871 iniquitatum
2786 2806 3024 2871 redituri,
3051 2824 3239 2880 magna
3271 2814 3507 2869 multitu-

1921 2886 2045 2942 dine
2075 2888 2301 2955 irruunt,
2335 2901 2394 2944 ut
2413 2892 2490 2945 eis
2521 2908 2615 2962 per
2635 2893 2961 2964 Baptismum
2984 2908 3197 2967 peccata
3218 2900 3503 2968 donentur,

1920 2986 1975 3032 et
2002 2978 2067 3032 ad
2093 2994 2152 3033 ea
2179 2979 2357 3034 denuo
2397 2992 2751 3037 revertantur.
2795 2984 2927 3039 Nam
2968 2996 3185 3059 prapter
3211 2994 3506 3049 numerosi-

1920 3078 2079 3125 tatem
2119 3072 2317 3125 muscis
2355 3073 2586 3127 arbitror
2613 3089 2732 3129 esse
2757 3088 3095 3147 comparatos
3115 3077 3309 3150 (Ercle.
3338 3101 3393 3151 ιι,
3427 3084 3503 3157 1).

1918 3161 2023 3216 Sed
2047 3162 2097 3215 hi
2118 3163 2452 3217 exterminant
2476 3165 2641 3219 oleum
2664 3168 2944 3235 suavitatis,
2972 3172 3057 3239 qui
3083 3186 3186 3226 non
3214 3172 3382 3244 ipsam
3410 3177 3505 3232 Dei

1914 3254 2159 3323 gratiam,
2189 3255 2283 3309 sed
2324 3254 2597 3312 hominum
2627 3274 2803 3314 mores
2841 3260 3144 3329 intuentur;
3177 3274 3230 3319 et
3254 3267 3503 3335 quoniam

1917 3344 2054 3400 sicut
2106 3361 2269 3416 grana
2320 3347 2456 3403 inter
2500 3350 2681 3418 paleas
2723 3367 2828 3406 non
2875 3353 3139 3418 videntur,
3184 3357 3253 3410 ita
3296 3358 3381 3428 pic
3425 3361 3503 3414 vi-

1915 3449 2101 3495 ventes
2143 3442 2280 3496 inter
2328 3442 2626 3512 iniquorum
2673 3445 2856 3500 turbas
2900 3462 3003 3501 non
3044 3448 3196 3503 facile
3224 3461 3498 3520 apparent,

1914 3518 2196 3586 carnaliter
2234 3531 2444 3599 olTensi,
2491 3550 2522 3589 a
2570 3536 2906 3604 percipienda
2954 3540 3124 3595 salute
3178 3518 3501 3613 sempiterna

1913 3623 2025 3677 sive
2055 3623 2454 3690 retrahuntur’,
2490 3626 2602 3681 sive
2631 3628 2849 3681 omnino
2875 3630 3134 3685 resiliunt.
3164 3631 3296 3688 Esse
3321 3645 3497 3690 autem

1913 3715 2112 3772 bonum
2141 3716 2360 3773 odorem
2408 3718 2461 3772 in
2506 3718 2642 3774 bona
2676 3720 2814 3776 fama
2846 3734 2990 3779 recte
3019 3725 3303 3781 viventium
3346 3728 3501 3783 Chri~

1912 3809 2226 3877 stianorum,
2279 3810 2566 3879 Apostolus
2608 3812 2782 3881 docet,
2836 3815 3040 3881 dicens,
3098 3818 3285 3872 Christi
3338 3821 3499 3877 bonus

1911 3900 2038 3954 odor
2064 3917 2237 3955 sumus
2268 3901 2411 3955 Deo'
2434 3903 2488 3956 in
2512 3905 2651 3957 omni
2682 3906 2793 3978 loco
2824 3907 2889 3979 (ll
2918 3906 3037 3962 Cor.
3072 3925 3130 3977 ιι,
3161 3911 3270 3981 15).
3299 3911 3497 3971 Contra

1912 3991 1989 4044 illi
2015 3992 2204 4062 quibus
2232 3992 2446 4061 dicitur,
2491 3993 2689 4049 Nomen
2718 3998 2851 4051 enim
2888 3999 2984 4053 Dei
3024 4018 3113 4072 per
3144 4017 3229 4057 vos
3257 4003 3495 4075 blasphe-

1911 4094 2078 4138 matur
2103 4087 2156 4140 in
2180 4087 2407 4157 gentibus
2434 4087 2612 4159 (Rom.
2644 4105 2682 4156 ι,
2705 4091 2834 4161 24);
2868 4094 3050 4164 utique
3090 4099 3249 4152 oleum
3277 4104 3497 4157 suavita-

1909 4179 1971 4233 tis
2000 4181 2350 4235 exterminant.
2382 4179 2469 4236 Sic
2508 4197 2635 4251 ergo
2672 4182 2868 4240 habent
2894 4186 2994 4241 ista
3020 4189 3153 4243 alios
3180 4190 3496 4250 sinceriorcs

1908 4268 2227 4335 intellectus,
2269 4286 2402 4341 quos
2437 4274 2481 4326 si
2522 4284 2828 4343 sequantur,
2870 4278 3029 4333 etiam
3076 4280 3175 4350 ipsi
3216 4283 3283 4339 ab
3311 4299 3497 4341 earum

1909 4356 2257 4431 qumstionum
2285 4364 2638 4433 expediuntur
2660 4367 2937 4433 angustiis.
2970 4369 3180 4425 Illorum
3207 4383 3381 4429 autem
3411 4376 3495 4429 in-
3540 4390 3543 4393 ‘

1908 4453 2153 4507 tellectus
2192 4455 2235 4508 si
2276 4470 2302 4506 a
2334 4456 2487 4510 nobis
2516 4471 2621 4510 non
2651 4458 3014 4525 conlirmetur,
3052 4462 3192 4530 ἱρευε
3238 4466 3416 4541 solos;
3449 4469 3494 4523 si

1908 4562 2035 4600 vero
2063 4563 2092 4600 a
2120 4546 2271 4601 nobis
2296 4547 2662 4615 conﬁrmetur,
2693 4559 2945 4622 utrosque
2973 4562 3212 4610 nostrum
3235 4557 3491 4628 implicat.

1976 4635 2202 4692 CAPUT
2266 4637 2455 4691 XL—
2499 4639 2590 4693 25.
2647 4639 2785 4706 Quid
2852 4644 2985 4712 opus
3041 4653 3122 4699 est
3170 4647 3278 4715 jam
3341 4650 3493 4720 plura

1904 4727 2209 4783 discutere?
2274 4728 2384 4783 Nisi
2441 4730 2577 4785 forte
2643 4731 2771 4787 illud
2832 4735 3102 4803 movebit,
3164 4740 3306 4809 quod
3371 4758 3492 4798 cum

1902 4818 2129 4889 probare
2179 4819 2562 4876 Parmenianns
2628 4823 2784 4879 vellet
2826 4825 3066 4881 carnales
3109 4826 3352 4886 homines
3387 4850 3492 4889 non

1904 4925 2060 4979 posse
2085 4912 2387 4981 spirituales
2419 4912 2556 4968 ﬁlios
2585 4928 2868 4983 procreare
2890 4958 2906 4983 ,
2960 4918 3165 4976 addidit
3193 4938 3256 4977 ex
3314 4925 3490 4981 Evan-

1901 5002 2040 5072 gelio
2084 5002 2446 5057 testimonium
2476 5020 2490 5057 :
2523 5004 2674 5069 Quod
2714 5016 2886 5061 natum
2927 5020 2998 5065 est
3039 5013 3102 5066 de
3147 5030 3315 5082 carne,
3372 5034 3491 5072 caro

1900 5100 2016 5157 est;
2077 5101 2121 5145 et
2172 5093 2305 5163 quod
2373 5101 2550 5147 natum
2605 5106 2677 5150 est
2739 5098 2803 5153 de
2864 5101 3087 5169 spiritu,
3150 5106 3357 5175 spiritus
3415 5118 3487 5162 cst

1905 5182 2080 5253 (Joan.
2112 5200 2187 5248 ιιι,
2212 5184 2291 5255 6).
2319 5184 2478 5252 Quasi
2511 5201 2608 5241 nos
2633 5188 2870 5245 dicamus
2894 5208 2993 5263 per
3022 5208 3080 5249 se
3106 5195 3276 5264 ipsum
3301 5212 3487 5265 quem-

1899 5274 2027 5331 libet
2070 5275 2338 5332 hominem
2385 5277 2689 5347 spirituales
2739 5282 2875 5335 ﬁlios
2912 5299 3189 5353 generare,
3234 5294 3288 5339 et
3328 5302 3432 5342 non
3463 5288 3484 5320 ⁸

1899 5381 1995 5438 per
2016 5367 2393 5440 Evangelium;
2428 5368 2480 5423 in
2511 5370 2661 5440 cujus
2689 5372 3066 5442 praedicatione
3096 5375 3325 5443 Spiritus
3361 5393 3484 5435 san-

1962 5549 1980 5623 3
2005 5549 2194 5623 Αιίιιιεοι
2215 5556 2565 5623 ωοορτορερν
2584 5551 2891 5623 impietatem

1900 5664 1903 5665 ν
1958 5613 1979 5643 ¹
2003 5613 2074 5661 sic
2094 5612 2200 5663 Mss.
2224 5619 2278 5661 At
2302 5612 2437 5671 editi,
2462 5612 2571 5663 'sivc
2593 5612 2863 5664 trahuntur.

1959 5673 1980 5704 ³
2004 5681 2121 5732 Vox,
2147 5683 2263 5732 Deo,
2288 5676 2427 5725 abest
2448 5688 2477 5724 a
2498 5678 2843 5737 manuscriptis.

1957 5737 1979 5768 δ
2003 5742 2099 5786 Huc
2121 5749 2407 5809 revocamus
2443 5745 2706 5809 negantem
2738 5736 3048 5809 particulam,
3073 5753 3183 5803 quae
3228 5752 3478 5809 perinva-

1893 5798 2096 5865 nienses
2115 5799 2301 5865 rejects
2318 5796 2495 5847 fuerat.
2514 5796 2770 5865 'Exstabat:
2794 5799 2842 5847 in
2869 5796 3134 5850 editione'A
3143 5817 3206 5853 ιιι.
3228 5796 3297 5856 'et
3320 5808 3369 5855 in
3391 5820 3476 5865 no-

1898 5860 2013 5910 stris
2026 5868 2148 5920 uss,
2178 5860 2467 5923 vndeturque
2498 5861 2691 5909 omnino
2713 5859 2774 5908 ad
2800 5873 2907 5910 rem
2927 5868 3217 5927 necessaria.
