4054 6554
566 423 632 489 ⁸η
1353 419 1629 480 CONTRA
1665 412 2045 476 EPISTOLAM
2082 408 2520 484 PARMENIANI,
2569 417 2628 475 S.
2669 416 3036 476 AUGUSTINI
3767 411 3834 474 ⁸12

568 557 755 602 eorum
793 541 1069 600 venientes
1108 538 1177 594 ad
1214 535 1527 593 catholicam
1573 533 1883 589 societatem
1913 530 2145 584 honores

2253 530 2334 584 An
2364 530 2498 586 forte
2520 532 2698 587 minus
2726 531 2930 590 haerent
2953 532 3295 588 Sacramenta
3333 531 3643 596 christiana,
3674 545 3832 602 quan

568 653 695 696 suos
725 637 797 692 ibi
823 652 930 692 non
968 633 1371 694 administrent;
1398 644 1505 683 non
1533 628 1611 682 eis
1641 636 1816 682 tamen
1848 626 1961 694 ipsa
1987 621 2146 677 Ordi-
2216 624 2548 692 ocorporalis
2577 624 2692 680 haec
2713 634 2860 691 nota,
2889 639 3009 679 cum
3035 624 3310 680 videamus
3337 640 3434 680 nec
3452 633 3724 695 apostatas
3749 641 3834 680 ca-

570 729 802 786 uationis
840 733 1175 783 sacramenta
1203 722 1584 788 detrahuntur,
1613 720 1704 776 sed
1746 725 1962 774 manent
1989 730 2149 786 super

570 836 685 878 eos.
710 819 939 890 Ideoque
967 832 1072 872 non
1099 815 1180 871 eis
1203 815 1259 870 in
1299 813 1495 884 populo
1523 826 1712 866 manus
1741 808 2050 879 imponitur,
2080 819 2148 860 ne

570 928 678 967 non
707 909 907 966 homini
933 950 948 977 ,
981 907 1076 963 sed
1107 906 1210 975 ipsi
1247 904 1592 962 Sacramento
1623 902 1712 957 fiat
1753 899 1964 969 injuria.
2008 897 2075 953 Et
2103 896 2150 951 si

572 1001 783 1073 quando
803 1002 1106 1067 ignoranter
1124 981 1328 1063 ﬁt,’nec
1351 996 1588 1050 animose
1612 991 1910 1048 defenditur
1929 989 2146 1054 factum,

571 1092 664 1147 scd
690 1092 775 1160 pie
798 1089 1084 1160 corrigitur
1113 1088 1408 1158 cognitum,
1438 1091 1590 1140 vcnla
1617 1083 1789 1139 facilis
1814 1083 2146 1152 impetratur.

570 1183 710 1237 Deus
737 1181 880 1236 enim
909 1189 1092 1235 noster
1117 1193 1224 1234 non
1251 1187 1334 1234 est
1357 1176 1705 1232 dissensionis
1743 1175 1905 1239 Deus,
1934 1172 2027 1228 sed
2056 1187 2148 1241 pa-

568 1273 647 1328 cis
681 1271 744 1344 (Ι
768 1271 886 1327 Cor.
915 1286 1030 1338 xw,
1075 1270 1180 1341 55)
1209 1288 1222 1323 :
1252 1284 1351 1324 nec
1376 1267 1626 1324 Ecclesiae
1652 1266 1768 1336 ejus
1806 1265 2148 1320 Sacramenta

569 1365 622 1420 in
652 1364 731 1419 eis
759 1362 849 1434 qui
888 1362 955 1418 ab
993 1361 1234 1418 Ecclesia
1263 1368 1637 1427 recesserunt,
1680 1358 1775 1414 sed
1803 1359 1904 1427 ipsi
1929 1357 2019 1428 qui
2058 1372 2148 1412 re-

569 1462 846 1511 cesserunt
875 1454 1079 1510 inimici
1121 1454 1237 1523 ejus
1279 1461 1422 1510 sunt.
1454 1451 1602 1508 Sicut
1642 1461 1820 1508 autem
1856 1450 2054 1507 habent
2097 1449 2147 1503 in

566 1547 841 1618 Baptismo
867 1546 1010 1617 quod
1036 1561 1132 1616 per
1160 1561 1253 1602 eos
1274 1546 1388 1600 dari
1410 1546 1600 1615 possit,
1629 1539 1706 1599 sic
1728 1545 1781 1599 in
1805 1541 2150 1600 Ordinatione

561 1639 649 1712 jus
693 1638 893 1704 dandi;
939 1647 1221 1709 utrumque
1263 1637 1476 1706 quidem
1516 1635 1582 1690 ad
1631 1636 1914 1704 perniciem
1959 1649 2147 1696 suam,

564 1730 821 1802 quamdiu
846 1729 1161 1784 charitatem
1190 1743 1294 1783 non
1339 1726 1538 1782 habent
1567 1726 1801 1781 unitatis.
1843 1724 1946 1780 Sed
1973 1735 2150 1781 tamen

565 1822 710 1878 aliud
737 1833 822 1878 est
844 1835 950 1877 non
981 1820 1181 1875 habere
1205 1861 1220 1884 ,
1250 1818 1394 1872 aliud
1415 1817 1718 1888 perniciose
1757 1817 1974 1883 habere,
2005 1815 2149 1870 aliud

565 1915 851 1972 salubriter
896 1914 1116 1968 habere.
1166 1911 1433 1982 Quidquid
1477 1926 1582 1965 non
1626 1910 1870 1977 habetur,
1915 1907 2149 1964 dandum

566 2015 648 2060 est
670 2019 792 2060 cum
818 2019 952 2075 opus
977 2012 1060 2059 est
1087 2002 1234 2059 dari:
1258 2002 1398 2072 quod
1419 2016 1546 2055 vero
1574 2000 1870 2070 perniciose
1898 1998 2146 2063 habetur,

567 2112 665 2168 per
700 2097 1088 2152 correctionem
1134 2094 1355 2165 depulsa
1403 2093 1640 2164 pernicie
1679 2090 1942 2162 agendum
1984 2099 2067 2148 est
2093 2100 2152 2147 ut

567 2189 855 2245 salubriter
883 2187 1157 2242 habeatur.

637 2279 728 2336 29.
755 2280 1068 2349 Quanquam
1093 2279 1195 2333 etsi
1239 2277 1407 2332 laicus
1432 2275 1624 2346 aliquis
1664 2275 1910 2346 pereunti
1947 2273 2152 2331 dederit

574 2371 897 2427 necessitate
941 2370 1246 2440 compulsus
1279 2371 1318 2434 ¹,
1365 2368 1504 2439 quod
1544 2382 1664 2422 cum
1696 2368 1809 2437 ipse
1846 2366 2148 2434 acciperet,

572 2461 841 2534 quomodo
883 2460 1116 2516 dandum
1159 2468 1303 2516 esset
1346 2459 1595 2514 addidicit
1643 2459 1685 2522 ³,
1732 2457 1911 2512 nescio
1955 2471 2024 2511 an
2065 2457 2152 2525 pie

569 2553 850 2624 quisquam
891 2551 1088 2607 dixerit
1125 2537 1246 2606 esse
1288 2549 1656 2620 repetendum.
1704 2547 1854 2602 Nulla
1884 2547 2025 2602 enim
2055 2560 2151 2601 co-

568 2651 727 2716 gente
749 2644 1066 2699 necessitate
1089 2643 1134 2696 si
1160 2642 1268 2707 ﬁat,
1297 2642 1454 2696 alieni
1480 2641 1716 2696 muneris
1738 2639 2008 2708 usurpatio
2029 2645 2111 2694 est
2134 2656 2148 2692 :

569 2736 617 2791 si
658 2744 836 2790 autem
874 2735 1166 2790 necessitas
1195 2743 1400 2803 urgeat,
1445 2741 1536 2786 aut
1561 2730 1764 2786 'nullum
1791 2772 1804 2795 ,
1834 2739 1923 2784 aut
1950 2730 2152 2786 veniale

571 2828 826 2884 delictum
854 2835 955 2882 est.
1001 2826 1108 2881 Sed
1153 2834 1209 2881 et
1251 2827 1296 2880 si
1326 2825 1471 2880 nulla
1501 2825 1818 2889 necessitate
1846 2831 2150 2892 usurpetur,

575 2928 685 2975 eta
731 2918 970 2989 quolibet
1004 2917 1220 2972 cuilibet
1246 2916 1422 2982 detur,
1468 2916 1608 2984 quod
1637 2915 1816 2968 datum
1862 2913 2019 2968 fuerit
2047 2927 2153 2968 non

571 3021 748 3085 potest
773 3013 880 3068 dici
905 3027 1012 3067 non
1037 3011 1242 3078 datum,
1269 3011 1511 3080 quamvis
1540 3019 1687 3064 recte
1727 3008 1830 3063 dici
1860 3007 2026 3078 possit
2052 3007 2149 3062 illi-

572 3105 683 3160 cite
723 3102 926 3159 datum.
973 3101 1213 3156 lllicitam
1240 3109 1419 3155 autem
1464 3101 1862 3170 usurpationem
1889 3097 1910 3129 ⁸
1937 3097 2155 3167 corrigit

559 3181 968 3252 ireminiscentis
1012 3201 1068 3250 et
1111 3193 1421 3264 paenitentis
1466 3191 1705 3247 affectus.
1757 3191 1908 3260 Quod
1956 3191 2003 3246 si
2045 3205 2153 3244 non

570 3285 882 3352 correxerit,
915 3283 1151 3340 manebit
1194 3283 1259 3338 ad
1290 3298 1500 3353 ptenam
1532 3283 1861 3354 usurpatoris
1886 3282 2028 3353 quod
2054 3283 2151 3337 da-

573 3385 688 3432 tum
709 3385 811 3444 est,
838 3377 923 3431 vel
944 3376 1061 3446 ejus
1085 3375 1176 3446 qui
1205 3375 1387 3430 illicite
1415 3373 1584 3441 dedit,
1610 3376 1694 3429 vel
1717 3375 1832 3444 ejus
1853 3376 1942 3445 qui
1973 3375 2154 3430 illicite

572 3469 777 3538 accepit
803 3485 817 3522 :
848 3483 955 3522 non
985 3475 1166 3523 tamen
1196 3483 1293 3537 pro
1337 3483 1442 3523 non
1486 3467 1613 3523 dato
1641 3467 1952 3534 habebitur;
1981 3483 2154 3538 neque

573 3560 682 3614 ullo
704 3559 865 3614 modo
888 3573 982 3628 per
1008 3557 1259 3614 devotum
1280 3557 1523 3622 militem,
1547 3558 1686 3629 quod
1712 3575 1743 3615 a
1774 3559 1988 3628 privatis
2009 3575 2155 3613 usur-

576 3657 757 3720 patum
796 3657 912 3716 est,
944 3649 1151 3720 signum
1188 3648 1366 3719 regale
1395 3648 1694 3704 violabitur.
1737 3648 1793 3704 Si
1824 3649 1962 3704 enim
1993 3650 2153 3720 aliqui

575 3739 754 3795 furtim
781 3747 836 3796 et
864 3747 1016 3794 extra
1059 3737 1327 3804 ordinem,
1356 3739 1407 3793 in
1438 3740 1669 3793 monetis
1696 3739 1919 3808 publicis
1943 3756 2151 3803 aurum,

574 3833 656 3887 vel
683 3839 982 3903 argentum,
1013 3830 1097 3885 vel
1123 3845 1198 3885 aes
1223 3830 1571 3900 percutienda
1599 3830 1918 3900 signaverint
1947 3829 1998 3894 ‘;
2032 3846 2153 3886 cum

575 3923 736 3979 fuerit
762 3921 1194 3993 deprehensum,
1223 3936 1400 3977 nonne
1439 3921 1539 3976 illis
1581 3921 1797 3991 punitis,
1843 3929 1933 3976 aut
1976 3921 2152 3976 indul-

577 4020 753 4088 gentia
795 4016 1070 4080 liberatis,
1116 4002 1387 4086 cognitum
1429 4014 1610 4085 regale
1650 4015 1859 4085 signum
1888 4014 2154 4070 thesauris

577 4106 842 4179 regalibus
870 4115 1187 4176 congerctur
1215 4106 1274 4159 ’ἵ
1301 4108 1405 4160 Aut
1427 4106 1471 4160 si
1501 4105 1802 4176 quisquam,
1835 4107 1947 4161 sive
1973 4106 2156 4162 deser-

576 4209 680 4266 tor,
725 4199 840 4254 sive
881 4200 972 4268 qui
1015 4213 1287 4268 nunquam
1319 4198 1537 4252 omnino
1563 4198 1827 4264 militavit,
1860 4207 1984 4252 nota
2009 4197 2152 4253 mili-

577 4291 679 4346 tari
717 4289 977 4360 privatum
1008 4291 1238 4360 aliquem
1268 4290 1474 4359 signet;
1522 4304 1700 4344 nonne
1726 4289 1816 4344 ubi
1860 4289 2022 4344 fuerit
2061 4290 2158 4345 de-

577 4364 893 4453 prehensus,
927 4379 1017 4435 ille
1045 4380 1279 4450 signatus
1309 4394 1406 4449 pro
1430 4378 1705 4435 desertore
1737 4382 1970 4451 punitur,
1996 4391 2052 4436 et
2088 4397 2154 4436 eo

576 4473 788 4543 gravius
816 4487 923 4542 quo
951 4470 1164 4542 probari
1199 4471 1434 4540 potuerit
1459 4486 1727 4540 nunquam
1766 4472 1983 4526 omnino
2018 4473 2157 4527 mili-

523 4549 525 4552 i
577 4574 738 4630 tasse,
767 4563 927 4618 simul
952 4578 1132 4619 secum
1159 4563 1363 4633 punito,
1392 4563 1437 4617 si
1479 4578 1600 4618 eum
1640 4563 1963 4633 prodiderit,
1991 4563 2156 4628 anda-

523 4641 526 4643 Δ
578 4655 795 4711 cissimo
834 4655 1140 4725 signatore?
1181 4655 1286 4708 Aut
1314 4655 1357 4708 si
1387 4654 1524 4709 forte
1553 4654 1704 4708 illum
1735 4656 1935 4709 militia:
1964 4655 2155 4710 chara-

523 4735 528 4738 ’
576 4756 777 4803 ctercm
815 4745 869 4802 in
898 4762 1123 4818 corpore
1162 4761 1279 4814 suo,
1312 4761 1418 4801 non
1446 4746 1677 4800 militans
1704 4747 1924 4816 pavidus
1949 4746 2153 4803 exhor-

576 4837 768 4903 ruerit,
801 4847 856 4892 ct
897 4837 964 4892 ad
993 4837 1327 4892 clementiam
1371 4837 1712 4908 Imperatoris
1739 4837 2057 4909 confugerit,
2089 4854 2152 4894 ac

578 4942 736 4999 prece
763 4927 874 4982 fusa
901 4928 923 4960 ⁸
946 4937 1000 4983 et
1037 4929 1316 4998 impetrata
1338 4929 1446 4997 jam
1471 4929 1624 4983 venia
1654 4929 1882 4984 militare
1901 4931 2009 5000 jam
2040 4944 2152 4985 cce-

579 5020 715 5089 perit
741 5036 755 5086 ;
781 5018 1036 5089 numquid
1075 5018 1291 5074 homine
1318 5019 1544 5074 liberato
1582 5029 1741 5091 atque
1761 5031 2001 5078 correcto
2027 5023 2153 5078 cha-

575 5122 751 5168 racter
767 5113 857 5169 ille
877 5114 1152 5183 repetitur,
1174 5128 1238 5168 ac
1257 5129 1361 5168 non
1383 5114 1559 5184 potius
1578 5116 1786 5184 agnitus
1801 5116 2152 5186 approbatur!

638 5229 657 5290 ξ
682 5231 865 5290 Ani._et
885 5225 1030 5290 vatio.
1086 5230 1212 5286 Mss,
1259 5222 1424 5289 aliqua
1460 5225 1702 5290 pereuntis
1721 5225 1999 5280 necessitate
2028 5241 2157 5280 com-

574 5286 969 5354 pttlsusgdederit.

637 5353 656 5382 ³
682 5352 827 5409 Editi,
851 5348 1069 5420 dandum
1098 5361 1207 5420 esse
1235 5347 1475 5400 addidicit
1493 5350 1712 5420 ;_omisso
1747 5352 2000 5420 attornodo,
2027 5351 2157 5416 quod

575 5410 672 5462 huc
691 5412 1016 5480 ex‘vaticanis
1043 5409 1288 5480 codicibus
1310 5414 1660 5480 revocavimus.
1686 5419 1736 5461 tn
1758 5409 1865 5462 aliis
1911 5409 2016 5464 Mss.
2045 5409 2158 5475 'est.

576 5473 701 5543 quod
725 5464 943 5543 d'wrdarn
962 5478 1089 5543 esset.
1098 5470 1358 5543 addidicit.

536 5579 541 5586 -
587 5531 597 5534 '
639 5535 1009 5612 temere-3
1027 5531 1971 5612 [υέρίιιξηιςεῖθρεξθυφαιίφαη

638 5594 662 5625 ⁸
682 5597 756 5662 sic
781 5593 1003 5662 Gallicani
1019 5595 1227 5645 codices.
1253 5593 1461 5662 at'editi,
1483 5593 1530 5649 et
1549 5593 1964 5662 extraordinaria,
1986 5615 2080 5654 non
2105 5601 2158 5657 in

575 5655 773 5726 monetis
792 5656 992 5726 publicis
1007 5671 1183 5709 aurum
1201 5656 1274 5710 vel
1295 5667 1562 5722 argentum,
1580 5662 1664 5710 sed
1682 5674 1752 5712 (es
1773 5655 2081 5726 percutienda
2093 5655 2160 5720 ii-

641 5718 1028 5857 ῧῖῖῗξρθᾳων
1041 5781 1229 5857 inferri.
1252 5783 1482 5857 verbum,
1500 5783 1699 5857 inferri,
1723 5787 1864 5838 abest
1885 5789 1946 5838 ab
1977 5791 2082 5841 aliis
2102 5791 2159 5840 li-

737 5841 911 5912 et'pro;
931 5841 1123 5906 cogetur
1145 5859 1161 5904 ;
1184 5847 1233 5894 in
1252 5841 1484 5896 Vaticanis
1499 5841 1621 5909 Mss,
1647 5841 1922 5912 congeretur

560 5975 582 5981 _
625 5903 667 5981 ,⁸
689 5903 910 5962 “animi
933 5903 1058 5971 “35-,
1082 5923 1139 5958 (τε
1163 5926 1279 5977 Pace
1294 5916 1437 5976 facta.

2254 730 2376 771 rere
2400 716 2751 788 Baptismate,
2769 716 2960 789 quibus
2992 718 3171 789 utique
3199 734 3294 788 per
3320 717 3685 788 paenitentiam
3710 717 3831 774 red-

2254 809 2502 865 euntibus
2543 824 2649 864 non
2697 811 3011 876 restituitur,
3062 818 3117 865 et
3155 809 3274 865 ideo
3317 809 3487 864 amitti
3529 822 3634 864 non
3679 821 3834 879 posse

2248 900 2563 972 judicatur?
2585 903 2665 956 An
2696 901 2939 957 ducenda
2964 901 3031 956 de
3057 901 3241 955 militia
3267 899 3558 954 similitudo
3583 913 3688 954 non
3717 897 3834 963 fuit,

2255 1009 2377 1048 cum
2405 1003 2460 1049 et
2485 994 2776 1065 Apostolus
2800 994 2868 1049 de
2892 993 3196 1065 agonisticis
3234 992 3615 1048 certaminibus
3642 991 3837 1047 clamet

2255 1093 2311 1140 et
2335 1094 2518 1155 aperte
2543 1086 2684 1140 dicat
2707 1102 2722 1140 :
2751 1085 2918 1139 Nemo
2947 1085 3170 1138 militans
3197 1083 3306 1138 Deo
3331 1084 3558 1154 implicat
3598 1099 3652 1137 se
3680 1099 3832 1152 nego«

2256 1176 2338 1229 liis
2366 1175 2692 1230 saecularibus
2712 1217 2729 1243 ,
2769 1185 2824 1230 ut
2849 1177 2892 1230 ei
2921 1176 3117 1247 placeat
3146 1175 3229 1228 cui
3252 1191 3306 1229 se
3336 1174 3562 1245 probavit
3591 1173 3611 1244 (
3635 1173 3680 1228 ll
3700 1171 3834 1226 Tim.

2255 1281 2321 1332 ιι,
2352 1268 2445 1336 4).

2325 1357 2412 1414 '50.
2447 1360 2515 1414 Et
2542 1359 2655 1415 hinc
2683 1361 2899 1431 quidem
2943 1360 3043 1414 alia
3087 1359 3313 1428 quaestio
3338 1368 3438 1422 est,
3476 1368 3655 1413 utrum
3683 1367 3740 1415 et
3767 1359 3836 1415 ab

2255 1450 2320 1505 iis
2348 1451 2439 1520 qui
2485 1467 2750 1520 nunquam
2777 1452 2988 1506 fuerunt
3024 1450 3301 1506 christiani
3342 1451 3509 1520 possit
3535 1450 3844 1521 Baptismus

2254 1541 2367 1596 dari
2395 1539 2471 1614 (α)
2503 1559 2515 1596 :
2549 1557 2648 1597 nec
2691 1541 2890 1612 aliquid
2935 1551 3137 1597 temere
3180 1541 3303 1596 inde
3339 1541 3713 1597 affirmandum
3759 1550 3841 1598 est

2254 1634 2372 1689 sine
2398 1635 2714 1690 auctoritate
2740 1635 2870 1690 tanti
2911 1634 3125 1690 concilii
3150 1641 3406 1704 quantum
3435 1642 3594 1689 tantze
3619 1635 3701 1690 rei
3725 1634 3839 1688 suf-

2255 1724 2389 1783 ﬁcit.
2422 1727 2499 1781 De
2542 1727 2607 1781 iis
2649 1742 2778 1782 vero
2818 1727 2909 1796 qui
2944 1726 3011 1782 ab
3053 1726 3305 1782 Ecclesiae
3332 1727 3534 1781 unitate
3562 1728 3578 1759 ί
3608 1729 3841 1797 separati

2255 1826 2402 1884 sunt,
2437 1817 2579 1872 nulla
2606 1818 2717 1887 jam
2742 1818 2968 1888 quaestio
2995 1825 3099 1883 est,
3134 1817 3260 1888 quin
3289 1827 3344 1872 et
3378 1816 3607 1872 habeant
3631 1825 3686 1872 et
3711 1817 3843 1874 dare

2255 1909 2498 1979 possint,
2540 1918 2593 1964 et
2635 1909 2761 1980 quin
2806 1908 3108 1979 perniciose
3166 1908 3395 1963 habeant
3435 1908 3844 1979 pernicioseque

2254 2001 2468 2056 tradant
2495 2011 2644 2057 extra
2674 2003 2944 2058 vinculum
2984 2003 3154 2073 pacis.
3185 2002 3298 2057 Hoc
3324 2002 3466 2057 enim
3493 2003 3602 2072 jam
3643 2003 3696 2058 in
3726 2004 3845 2071 ipsa

2257 2094 2418 2148 totius
2446 2094 2592 2148 orbis
2628 2095 2831 2149 unitate
2858 2093 3186 2160 discussum,
3214 2092 3631 2158 consideratum,
3659 2093 3844 2164 perfe-

2255 2193 2423 2253 ctum,
2464 2196 2622 2257 atque
2649 2188 2915 2242 firmatum
2945 2196 3028 2242 est
3053 2186 3154 2257 (ὁ).
3195 2185 3301 2242 Sed
3331 2186 3376 2240 si
3406 2199 3504 2240 nos
3531 2187 3671 2241 male
3716 2187 3850 2242 faci-

2257 2293 2395 2342 mus,
2430 2277 2529 2347 ipsi
2561 2278 2826 2348 explicent
2853 2277 3121 2359 quomodo
3159 2277 3561 2333 Sacramentum
3591 2278 3849 2349 baptizati

2258 2384 2364 2424 non
2409 2370 2580 2440 possit
2621 2370 2833 2437 amitti,
2867 2379 2919 2425 et
2969 2369 3370 2427 Sacramentum
3400 2371 3630 2427 ordinati
3673 2373 3854 2442 possit

2256 2461 2427 2514 amitti
2453 2476 2468 2513 :
2501 2460 2754 2530 quoniam
2774 2459 2975 2526 dicunt,
3017 2460 3276 2514 Recedens
3312 2461 3374 2514 ab
3399 2459 3630 2515 Ecclesia
3656 2460 3851 2531 Bapti-

2255 2567 2420 2606 smum
2446 2553 2648 2622 quidem
2685 2569 2786 2606 non
2814 2553 3019 2620 amittit,
3055 2553 3146 2636 ius
3174 2553 3332 2607 dandi
3359 2561 3526 2607 tamen
3558 2554 3764 2607 amittit.
3793 2553 3856 2609 Si

2257 2648 2400 2700 enim
2431 2655 2714 2716 utrumque
2739 2645 3145 2701 Sacramentum
3190 2654 3292 2713 est,
3322 2646 3463 2716 quod
3489 2660 3646 2700 nemo
3685 2645 3856 2702 dubi-

2258 2745 2372 2801 tat;
2401 2752 2496 2792 cur
2523 2737 2656 2791 illud
2681 2752 2788 2791 non
2811 2737 3095 2804 amittitur,
3118 2745 3174 2791 et
3198 2736 3325 2790 illud
3346 2735 3640 2790 amittitur?
3659 2735 3859 2791 Neutri

2259 2827 2608 2883 Sacramento
2637 2828 2828 2897 injuria
2870 2827 3110 2884 facienda
3135 2837 3236 2882 est.
3267 2828 3320 2882 Si
3351 2836 3534 2881 sancta
3564 2827 3732 2881 malos
3764 2827 3861 2882 fu-

2208 2959 2215 2966 .
2257 2917 2428 2986 giunt,
2457 2926 2742 2988 utrumque
2766 2917 2965 2988 fugiat:
2999 2919 3044 2972 si
3074 2927 3254 2972 sancta
3283 2917 3336 2971 in
3382 2919 3536 2973 malis
3561 2917 3859 2974 inviolabi-

2258 3010 2380 3065 liter
2417 3019 2662 3076 mancnt,
2691 3017 2976 3080 utrumque
3001 3018 3234 3066 maneat.
3265 3010 3323 3064 Si
3362 3010 3592 3064 dixerint
3617 3051 3632 3076 ,
3661 3010 3864 3080 Bapti-

2258 3117 2405 3158 smus
2433 3104 2484 3157 in
2524 3103 2633 3157 sola
2673 3117 2800 3158 vera
2827 3101 3064 3157 Ecclesia
3095 3112 3240 3158 recte
3265 3101 3421 3156 datur
3449 3120 3461 3154 :
3492 3102 3866 3170 respondetur

2259 3194 2358 3260 eis,
2391 3194 2693 3264 Baptismus
2724 3194 2777 3248 in
2821 3195 2933 3248 sola
2974 3209 3098 3249 vera
3139 3193 3378 3249 Ecclesia
3408 3201 3553 3249 recte
3596 3192 3867 3250 habetur.

2258 3284 2367 3340 Cur
2397 3300 2501 3339 non
2530 3293 2705 3355 potest
2752 3285 2867 3340 dari
2897 3285 2987 3340 ubi
3015 3301 3119 3339 non
3150 3295 3296 3340 recte
3323 3284 3496 3350 datur,
3530 3300 3652 3340 cum
3677 3287 3869 3356 possit

2261 3377 2444 3433 haberi
2490 3377 2578 3432 ubi
2609 3392 2713 3432 non
2760 3385 2907 3433 recte
2937 3377 3195 3432 habetur?
3237 3379 3319 3432 An
3350 3377 3470 3446 quia
3499 3392 3604 3432 non
3648 3376 3874 3434 habere

2258 3468 2400 3524 aliud
2431 3476 2546 3535 est,
2575 3467 2716 3523 aliud
2745 3483 2853 3523 non
2904 3478 3049 3524 recte
3079 3453 3319 3522 habere?
3359 3466 3450 3522 Sic
3486 3476 3540 3522 et
3580 3483 3695 3523 non
3723 3469 3872 3525 dare

2259 3560 2401 3614 aliud
2426 3569 2530 3625 est,
2561 3559 2705 3614 aliud
2749 3575 2854 3614 non
2881 3567 3029 3615 recte
3055 3559 3220 3614 dare?
3247 3559 3396 3615 Sicut
3437 3574 3546 3614 non
3575 3570 3726 3615 recte
3774 3561 3878 3616 ha-

2259 3654 2349 3709 bet
2374 3654 2462 3723 qui
2493 3653 2561 3708 ab
2587 3653 2790 3707 unitate
2818 3651 3066 3718 discedit,
3093 3651 3186 3706 sed
3215 3659 3393 3729 tamen
3424 3651 3614 3716 habet,
3643 3662 3703 3706 et
3733 3653 3876 3708 ideo

2259 3745 2506 3801 redeunti
2554 3761 2659 3798 non
2687 3743 2964 3799 redditur:
3007 3743 3085 3798 sic
3127 3744 3286 3798 etiam
3319 3756 3423 3796 non
3461 3750 3606 3798 recte
3632 3743 3736 3797 dat
3771 3744 3881 3814 qui

2259 3839 2326 3893 ab
2351 3839 2556 3893 unitate
2587 3836 2832 3903 discedit,
2878 3836 2971 3890 sed
3000 3845 3175 3891 tamen
3201 3835 3324 3898 dat;
3353 3845 3407 3890 et
3433 3834 3553 3890 ideo
3593 3835 3750 3904 quod
3802 3837 3880 3892 ab

2259 3946 2324 3986 eo
2370 3930 2613 3999 accepit,
2653 3928 2887 3983 venienti
2925 3927 2993 3982 ad
3037 3927 3294 3982 unitatem
3326 3942 3432 3981 non
3476 3926 3728 3984 iteratur.
3786 3928 3885 3983 Illi

2259 4030 2440 4077 autem
2483 4021 2622 4091 quod
2670 4036 2775 4074 non
2819 4027 2966 4075 recte
2993 4019 3168 4084 datur,
3209 4018 3389 4073 datum
3420 4032 3523 4071 non
3565 4031 3693 4073 esse
3728 4035 3888 4074 con-

2260 4113 2506 4168 tendunt.
2538 4111 2691 4181 Quod
2735 4111 2780 4166 si
2811 4111 2947 4165 alius
2973 4110 3114 4180 quod
3143 4125 3249 4165 non
3291 4118 3436 4164 recte
3466 4108 3736 4178 habetur,
3773 4111 3892 4169 ha-

2259 4208 2372 4264 beri
2403 4222 2507 4261 non
2553 4220 2708 4275 posse
2751 4203 3078 4270 contendat,
3122 4217 3300 4257 nonne
3341 4203 3555 4273 utrique
3582 4203 3891 4260 reclama-

2259 4313 2378 4353 mus
2417 4299 2438 4329 ³
2463 4338 2478 4364 ,
2526 4305 2579 4351 et
2622 4296 2848 4350 dicimus
2891 4293 3088 4349 habere
3125 4293 3375 4363 quidem,
3416 4293 3510 4348 sed
3552 4308 3662 4348 non
3712 4308 3898 4354 recte

2260 4391 2459 4445 habere
2488 4403 2608 4443 eum
2638 4387 2729 4457 qui
2767 4387 2833 4440 ab
2875 4387 3075 4440 unitate
3115 4383 3459 4439 discesserit?
3496 4383 3550 4439 Si
3590 4400 3739 4456 ergo
3774 4404 3896 4442 vo-

2259 4483 2394 4547 lunt,
2423 4488 2482 4534 ut
2509 4477 2687 4532 audiat
2709 4477 2795 4531 ille
2821 4475 2962 4546 quod
2989 4476 3188 4546 pariter
3216 4474 3587 4540 reclamamus,
3615 4473 3740 4544 ipsi
3775 4492 3900 4535 nos

2259 4573 2478 4628 audiant
2518 4569 2905 4635 reclamantes,
2949 4566 3080 4622 dare
3122 4565 3366 4636 quidem,
3414 4564 3506 4619 sed
3551 4579 3663 4621 non
3718 4578 3905 4626 recte

2260 4665 2389 4719 dare
2417 4677 2539 4719 eum
2566 4661 2654 4730 qui
2681 4659 2750 4713 ab
2788 4660 2990 4714 unitate
3029 4657 3296 4713 discessit.
3324 4656 3683 4726 Quapropter,
3737 4662 3909 4718 sic“.

2259 4755 2503 4812 redeunti
2538 4768 2646 4808 non
2683 4751 2924 4807 redditur
2961 4748 3101 4820 quod
3143 4747 3272 4802 foris
3335 4747 3595 4812 habebat;
3649 4751 3756 4807 sic
3811 4770 3913 4811 ve.

2260 4846 2426 4902 nienti
2455 4860 2563 4899 non
2600 4841 2946 4913 repetendum
2989 4847 3076 4894 est
3111 4835 3251 4908 quod
3277 4835 3437 4891 etiam
3466 4837 3592 4892 foris
3621 4853 3914 4916 accepe-
3970 4871 3989 4896 ι

2259 4956 2361 5002 rat.
2393 4945 2545 5001 Unde
2569 4949 2961 5012 consequenter
2988 4940 3301 5010 intelligitur
3327 4936 3773 5009 perversitatem
3809 4939 3923 4994 ho-

2260 5040 2462 5092 minum
2489 5050 2609 5091 esse
2637 5031 3005 5103 corrigendam
3026 5072 3042 5098 ,
3075 5032 3412 5086 sanctitatem
3443 5037 3622 5082 autem
3655 5027 3922 5086 Sacra-

2260 5138 2560 5183 mentorum
2593 5127 2643 5180 in
2684 5125 2830 5180 nullo
2858 5137 3110 5194 perverso
3138 5137 3258 5178 esse
3281 5120 3601 5176 violandam.
3631 5120 3933 5180 Constat

2261 5223 2401 5277 enim
2425 5235 2544 5275 eam
2572 5223 2622 5273 in
2654 5217 2918 5288 perversis
2965 5223 3021 5272 et
3046 5215 3322 5272 sceleratis
3359 5213 3726 5282 hominibus,
3783 5219 3932 5274 sive

2262 5315 2315 5370 in
2346 5315 2423 5370 eis
2451 5313 2540 5383 qui
2561 5313 2704 5366 intus
2730 5318 2872 5376 sunt,
2899 5309 3015 5365 sive
3035 5309 3088 5364 in
3109 5308 3189 5364 eis
3215 5307 3306 5379 qui
3327 5306 3461 5362 foris
3481 5313 3628 5373 sunt,
3673 5307 3937 5382 impol.

2262 5405 2428 5462 lutum
2455 5413 2614 5475 atque
2639 5403 3006 5460 inviolabilem
3048 5415 3400 5473 permanere:
3430 5407 3486 5455 et
3509 5397 3639 5470 quia
3676 5401 3936 5462 dicun-

2193 5514 2230 5560 μὶ
2248 5527 2284 5573 j“
2305 5542 2313 5556 ι

2248 5599 2256 5638 τ
2329 5599 2348 5636 ι
2371 5602 2577 5656 Vaticani
2594 5609 2721 5664 ius.
2741 5600 2803 5664 ab
2815 5596 3053 5664 .15ch
3074 5595 3322 5664 οφὴοίίεω

2324 5669 2349 5702 ⁸
2370 5655 2489 5718 aditi
2513 5681 2527 5717 :
2548 5664 2679 5726 Quod
2706 5655 2755 5712 si
2776 5659 2962 5724 aliquid
2998 5657 3124 5726 qupd
3159 5664 3254 5706 non
3288 5664 3417 5726 recte
3439 5655 3682 5726 habetitr,
3721 5660 3946 5723 [tam

2260 5743 2355 5783 non
2377 5743 2512 5794 posse
2535 5719 2837 5794 contendant,
2859 5719 2946 5773 nos
2967 5719 3187 5784 utrinque
3219 5719 3554 5769 rcclamnmus.
3580 5719 3945 5780 suaenam:

2264 5802 2341 5845 tur
2355 5806 2384 5841 a
2406 5795 2753 5849 manuscriptts.

2350 5873 2378 5906 (ι
2425 5853 2546 5924 vide.
2562 5850 2647 5899 lib.
2670 5850 2699 5898 7
2723 5848 2787 5899 de
2805 5854 2936 5911 Bapt.
2959 5853 3120 5920 contra
3138 5849 3303 5894 Donat.
3325 5855 3428 5903 cap.
3453 5844 3529 5896 53,

2327 5855 2404 5975 ib;
2432 5915 2492 5964 Id.
2519 5914 2585 5962 lib
2627 5914 2648 5961 1
2678 5925 2780 5974 cap.
2808 5913 2857 5964 7.
2883 5909 3030 5960 ctltb.
3049 5909 3096 5969 2,
3117 5919 3254 5969 capp.
3277 5904 3326 5966 4,
3343 5903 3393 5958 9.

2356 5873 2378 5906 rt
2425 5855 2538 5902 Vide
2563 5855 2647 5899 lib.
2670 5855 2699 5898 7
2723 5855 2787 5899 de
2805 5855 2936 5911 Bapt.
2959 5855 3120 5896 contra
3138 5855 3303 5894 Donat.
3325 5855 3393 5903 cal

2356 5855 2404 5980 b;
2432 5915 2492 5964 Id.
2519 5914 2585 5962 lib
2627 5914 2648 5961 1
2678 5925 2780 5974 cap.
2808 5913 2857 5964 7.
2883 5909 3030 5960 ctlil).
3049 5909 3096 5969 2,
3117 5919 3254 5969 capp.
3277 5904 3326 5966 4,
3343 5903 3393 5958 9.
