4054 6466
252 358 322 434 ἠ.
1598 358 1796 427 unica
1836 371 2208 427 smnxnus.
3465 382 3530 441 τι

248 504 335 546 tur
357 508 421 547 ea
458 492 585 546 mali
627 492 892 561 polluere,
921 504 1175 561 quantum
1204 492 1253 544 in
1296 492 1422 561 ipsis
1455 503 1539 546 Cal
1574 492 1836 556 dicuntur,

246 598 365 636 cum
398 583 487 635 illa
525 583 801 651 impolluta
830 593 1205 651 permaneant;
1236 583 1329 636 sed
1361 584 1411 636 in
1444 583 1594 636 liOnis
1626 599 1845 652 perma-

245 682 372 726 nent
393 672 461 727 ad
494 674 805 742 pra-mium,
842 674 893 725 in
924 674 1075 727 malis
1112 683 1424 741 permanent
1466 673 1531 727 ad
1558 674 1833 743 judicium.

245 764 374 817 Nam
404 775 462 818 et
490 764 560 817 de
586 765 784 833 Spiritu
810 767 826 795 ‘
859 766 946 833 qui
975 764 1120 817 nullo
1150 765 1311 819 modo
1339 776 1513 833 potest
1548 768 1835 836 exstingui,

240 858 444 910 dictum
471 867 775 923 esttamen,
802 858 1053 926 Spiritum
1074 848 1227 911 nolite
1247 860 1559 927 exstinguere
1585 860 1625 931 (Ι
1653 860 1831 913 Thess.

243 962 297 1013 ν,
328 949 455 1020 19);
483 949 537 1004 id
563 959 665 1017 est,
695 957 948 1019 quantum
974 950 1025 1004 in
1053 949 1202 1003 vobis
1228 959 1341 1015 est,
1372 951 1532 1005 nolite
1557 953 1632 1006 sic
1654 968 1831 1021 agere,

243 1051 495 1111 tanquam
514 1044 783 1097 conemini
806 1044 1057 1113 Spiritum
1078 1044 1438 1114 exstinguere,
1465 1055 1557 1099 aut
1585 1057 1832 1117 tanquam

242 1133 499 1202 Spiritum
538 1135 857 1189 exstinctum
898 1134 1163 1205 deputetis
1189 1154 1202 1189 :
1231 1144 1284 1189 et
1326 1152 1517 1191 nomen
1552 1138 1640 1191 Dei
1687 1139 1833 1192 nullo

242 1225 402 1279 modo
430 1226 594 1295 pollui
629 1235 836 1295 potest,
883 1237 940 1281 et
982 1237 1152 1280 tamen
1194 1228 1392 1281 dictum
1425 1240 1506 1281 est
1534 1270 1546 1288 ,
1590 1228 1752 1283 Filius
1788 1241 1834 1283 et

238 1328 381 1386 pater
405 1318 663 1371 intrabant
689 1319 754 1371 ad
783 1334 936 1371 unum
965 1319 1189 1388 puellum
1209 1361 1224 1385 ,
1251 1327 1303 1373 ut
1331 1320 1610 1391 polluerent
1652 1338 1831 1377 nomen

240 1407 332 1465 Dei
358 1410 481 1477 sui(
508 1409 679 1463 Antos.
713 1426 771 1473 tt,
802 1410 875 1479 7).

304 1500 396 1555 5|.
443 1499 553 1553 Nec
581 1500 691 1553 ullo
716 1500 881 1554 modo
912 1500 995 1554 isti
1026 1500 1279 1570 expedite
1318 1516 1379 1556 se
1420 1511 1676 1572 possunt,
1706 1505 1826 1560 eum

236 1590 314 1643 eis
355 1590 674 1658 proponitur
701 1606 796 1644 cur
819 1593 1078 1645 sanctitas
1108 1592 1440 1647 Saerani'cntt
1482 1603 1535 1647 et
1567 1596 1745 1650 haberi
1776 1607 1830 1651 et

236 1680 349 1734 dari
378 1681 554 1749 possit
594 1682 662 1735 ab
687 1696 756 1736 eo
797 1698 956 1751 quem
989 1682 1131 1736 intus
1175 1685 1493 1739 sceleratum
1533 1686 1642 1755 jam
1688 1686 1828 1741 Deus

235 1770 531 1837 dauinavit,
560 1782 615 1826 et
645 1780 769 1827 tunc
805 1773 1021 1842 incipiat
1042 1773 1113 1827 ab
1140 1789 1204 1827 eo
1222 1774 1337 1827 dari
1366 1792 1469 1829 non
1490 1789 1672 1844 posse,
1705 1776 1825 1832 eum

234 1860 300 1915 ab
325 1860 638 1917 hominibus
675 1864 962 1917 danmatus
1009 1864 1188 1929 fuerit,
1221 1879 1343 1919 cum
1373 1875 1548 1920 tamen
1579 1868 1675 1921 nec
1704 1879 1826 1923 tunc

235 1966 347 2007 cam
372 1954 547 2021 possit
566 1954 814 2009 amittere
834 1956 876 2007 ‘.
898 1954 1179 2009 Postremo
1204 1972 1299 2010 cur
1321 1956 1639 2026 Felicianus,
1666 1975 1823 2029 quem

232 2059 351 2098 cum
375 2043 700 2099 Maximiano
727 2046 953 2100 trecenti
980 2046 1167 2101 decem
1194 2047 1620 2115 damnaverunt,
1653 2060 1706 2105 et
1734 2052 1823 2106 diu

234 2134 362 2189 foris
387 2135 446 2189 in
486 2136 793 2207 sacrilegio,
826 2136 965 2191 sicut
991 2137 1089 2205 ipsi
1122 2138 1173 2190 in
1212 2140 1441 2193 concilio
1468 2156 1564 2193 suo
1590 2138 1669 2213 (a)
1702 2158 1825 2211 pro-

232 2225 633 2288 nuntiaverunt,
656 2225 962 2282 scliismatis
989 2227 1088 2282 fuit
1112 2228 1150 2292 ³,
1180 2245 1287 2283 non
1314 2231 1487 2284 solum
1520 2232 1689 2300 ipsum
1716 2233 1821 2286 Ba-

230 2316 503 2384 ptismum,
531 2315 633 2372 sed
658 2316 818 2372 etiam
849 2317 937 2386 jus
957 2317 1119 2373 dandi
1150 2335 1255 2373 non
1286 2323 1503 2375 amisit?
1532 2322 1586 2377 ln
1617 2322 1821 2379 honore

228 2406 423 2477 quippe
448 2422 569 2474 suo,
610 2408 750 2462 sicut
791 2408 1014 2475 exierat,
1063 2410 1135 2464 ita
1165 2414 1409 2481 receptus
1453 2423 1555 2479 est,
1582 2428 1705 2467 eum
1734 2415 1818 2469 his

228 2499 478 2557 omnibus
502 2512 640 2570 quos
681 2500 794 2571 ipse
824 2500 953 2555 furis
976 2503 1184 2572 positus
1214 2502 1517 2573 baptizavit,
1552 2506 1696 2559 nullo
1724 2522 1816 2561 eo-

227 2607 341 2645 rum
374 2592 707 2671 rebaptizato
738 2609 749 2645 :
783 2595 905 2664 quia
932 2595 977 2648 si
1019 2595 1250 2665 aliqttem
1296 2612 1483 2653 eorum
1514 2616 1583 2667 qu
1608 2616 1646 2651 is
1690 2599 1817 2654 loris

228 2682 607 2755 baptizaverat,
638 2686 1075 2757 rebaptizandmn
1113 2704 1234 2743 esse
1275 2695 1583 2757 censerent,
1612 2690 1817 2761 judica-

225 2788 343 2853 rent
368 2793 493 2853 eum
526 2780 769 2834 amisisse
796 2779 882 2849 jus
905 2780 1063 2835 dandi
1092 2792 1214 2836 cum
1244 2780 1376 2836 foris
1411 2792 1575 2843 esset.
1603 2792 1657 2838 et
1702 2799 1816 2853 pro-

226 2852 403 2938 pterea
431 2884 772 2941 consequens
801 2880 916 2926 erat
942 2883 999 2926 ut
1027 2872 1211 2951 ipsum,
1244 2878 1458 2943 quoque
1506 2876 1695 2931 iterum
1728 2893 1816 2931 or-

222 2960 492 3028 dinarent,
517 2962 564 3016 si
593 2963 713 3017 illos
736 2962 927 3018 iterum
955 2963 1306 3034 baptizaan
1353 2964 1460 3021 Sed
1482 2982 1604 3021 cum
1633 2967 1699 3023 ad
1726 2984 1815 3039 pa-

221 3066 335 3107 cem
378 3052 579 3108 Christi
625 3064 979 3121 revocantur,
1028 3056 1443 3112 calunmiatorcs
1488 3067 1614 3114 sunt
1644 3077 1658 3114 :
1688 3076 1812 3115 cum

223 3144 334 3213 paci
376 3143 571 3198 Donati
606 3145 907 3211 consulunt,
938 3146 1363 3202 dissimulatorcs
1391 3158 1530 3203 sunt.
1562 3148 1697 3219 Quid
1728 3163 1813 3208 est

224 3235 320 3307 hoc
349 3236 519 3304 aliud,
548 3252 709 3307 quam
738 3238 875 3308 quod
907 3254 1093 3295 eorum
1127 3240 1419 3298 Ticbonius
1446 3241 1465 3273 "
1489 3243 1556 3299 de
1582 3244 1687 3301 illis
1713 3246 1807 3314 ait,

222 3329 368 3393 Quod
395 3329 627 3385 volumus
651 3341 876 3385 sanctum
900 3332 1011 3387 est?

288 3420 520 3476 CAPUT
548 3421 686 3476 XIV.
706 3452 778 3461 —
792 3422 881 3476 5‘2.
905 3422 1100 3494 litquid
1118 3440 1245 3495 ergo
1260 3425 1642 3483 Parmeniauus
1663 3428 1805 3484 inani

220 3512 474 3580 iactantia
502 3514 764 3579 exsultat,
786 3523 842 3569 et
869 3514 998 3569 dicit
1031 3533 1043 3569 :
1092 3534 1109 3567 ι
1145 3516 1423 3587 Nunquam
1455 3519 1648 3575 divina:
1675 3520 1807 3591 legis

227 3622 246 3655 ι
278 3608 507 3661 Censura
528 3608 762 3677 patietur
796 3617 855 3662 ut
897 3608 1167 3685 vivificare
1207 3622 1523 3681 quemquam
1565 3622 1807 3670 mortuus

227 3714 249 3749 ι
278 3698 481 3767 possit,
507 3714 700 3755 curare
721 3701 1049 3765 vulneratus,
1070 3702 1366 3758 illuminare
1389 3706 1584 3769 ca'cds,
1610 3706 1807 3761 vestire

226 3792 250 3839 ἁ
283 3788 489 3856 nudus,
545 3800 601 3845 et
656 3791 911 3847 mundare
964 3793 1235 3861 pollutus?
1286 3813 1305 3846 ι
1362 3795 1616 3851 Dominus
1660 3800 1805 3853 enim

219 3882 438 3936 suscitat
487 3891 761 3949 mortuos,
797 3885 1049 3939 Dominus
1113 3894 1262 3940 curat
1311 3888 1643 3953 vulneratos,
1698 3890 1803 3943 Do-

220 3972 393 4038 minus
465 3970 729 4026 illuminat
788 3989 959 4029 caecos
994 4016 1010 4039 ,
1060 3975 1315 4053 Dominus
1357 3979 1514 4031 vestit
1578 3978 1749 4035 nudos
1784 4022 1800 4048 ,

222 4064 475 4127 Dominus
518 4065 741 4120 mundat
794 4066 1043 4134 pollutos.
1099 4068 1235 4134 Quid
1281 4069 1379 4124 sibi
1422 4080 1635 4143 arrogat
1686 4087 1805 4142 qua:

221 4154 450 4211 hominis
499 4172 606 4211 non
656 4160 814 4212 sunt?
864 4158 1005 4231 Itane
1054 4160 1154 4213 vivi
1205 4170 1327 4215 sunt
1375 4162 1514 4231 apud
1569 4177 1662 4216 eos
1714 4164 1803 4233 qui

220 4264 321 4304 non
380 4261 639 4320 peccant,
677 4259 734 4306 ut
789 4252 947 4307 etiam
999 4253 1266 4307 vivillcare
1322 4269 1474 4323 posse
1522 4255 1796 4322 dicantur;

219 4356 336 4411 cum
388 4342 777 4399 incrementum
821 4344 949 4399 dare
994 4360 1099 4400 non
1149 4346 1393 4414 possint?
1439 4348 1585 4419 Ego,
1634 4350 1805 4419 inquit
1848 4372 1861 4381 δ

221 4434 501 4502 Apostolus
522 4476 536 4502 ,
567 4435 792 4503 plantari
811 4477 825 4500 ,
863 4436 1048 4504 Apollo
1084 4438 1298 4507 rigavit;
1336 4438 1423 4492 sed
1462 4438 1601 4494 Deus
1634 4442 1801 4495 iitcreo

221 4536 435 4589 utentum
462 4527 620 4581 dedit.
652 4526 829 4600 Neque
852 4532 933 4599 qui
966 4530 1159 4600 plantat
1184 4542 1256 4585 est
1282 4533 1475 4604 aliquid
1492 4576 1505 4597 ,
1538 4551 1697 4603 neque
1719 4537 1804 4604 qui

220 4618 375 4688 rigat,
402 4621 494 4673 sed
517 4620 605 4690 qui
627 4620 985 4691 incrementum
1004 4622 1090 4675 dat
1108 4622 1249 4678 Deus
1279 4625 1334 4693 (ι
1361 4626 1478 4680 Cor.
1506 4642 1561 4680 ιιι
1579 4668 1592 4691 ,
1617 4628 1649 4682 6
1669 4670 1683 4692 ,
1711 4631 1737 4681 ’ῖ
1758 4628 1798 4700 ).

218 4712 437 4779 Quando
458 4714 550 4768 dat
575 4714 737 4768 vitam
761 4727 990 4776 mortuo,
1015 4716 1103 4785 qui
1130 4717 1514 4777 incrementum
1542 4720 1668 4774 dare
1694 4726 1799 4776 n‘on

218 4815 386 4873 potest
412 4808 573 4862 vivo?
608 4807 752 4862 Sicut
782 4811 911 4861 enim
945 4807 1102 4863 Pater
1121 4811 1328 4864 suscitat
1360 4820 1579 4867 mortuos
1606 4824 1651 4867 ct
1681 4816 1802 4868 vivi-

218 4900 360 4965 ficat,
402 4901 476 4954 sic
518 4909 567 4954 et
604 4899 770 4953 Filius
804 4918 927 4970 quos
970 4903 1071 4955 vult
1110 4902 1324 4970 vivi/icat
1353 4902 1539 4973 (Jomt.
1574 4922 1630 4970 v,
1665 4906 1725 4960 21
1755 4909 1796 4975 ).

216 4988 357 5047 itane
384 4992 526 5063 apud
558 4992 674 5047 illos
712 4994 825 5047 sani
872 5003 1029 5058 sunt,
1072 5004 1127 5047 ut
1180 4995 1385 5063 possint
1423 4996 1579 5049 etiam
1614 5012 1800 5053 curare

216 5078 316 5136 non
347 5099 508 5138 sanos
531 5084 590 5136 '?
629 5083 768 5149 Quid
798 5084 937 5138 aliud
970 5086 1087 5150 isti,
1119 5091 1277 5156 quam
1316 5102 1375 5142 se
1410 5088 1800 5145 benedicendos

276 5221 290 5254 ί
319 5226 523 5273 Vaticani
547 5232 672 5282 \tss.,
699 5216 876 5286 Spiritu
900 5221 1075 5287 s'ntcto.
1612 5286 1615 5287 ν

275 5290 308 5354 ’_
322 5289 455 5345 Editi,
478 5294 695 5354 nectam:
717 5300 775 5335 ea
795 5286 937 5346 possit
960 5287 1193 5354 amittere.
1217 5291 1500 5340 Coueinnius
1522 5286 1649 5352 Mss},
1674 5307 1796 5354 eam,

212 5350 389 5397 scilicet
411 5349 720 5398 sanctitatem
748 5353 1049 5408 sact'anienti._

277 5408 297 5440 ⁸
323 5411 452 5467 Editi,
479 5410 562 5471 qui
583 5416 628 5459 et
660 5409 744 5459 diu
767 5408 954 5478 rorisin
976 5408 1302 5478 sacrilegio...
1338 5413 1667 5478 sclilsmaticus
1689 5416 1794 5478 frit.

215 5480 263 5541 st
440 5480 756 5542 .prwtereunt
776 5507 789 5531 ,
816 5472 895 5533 qui
920 5485 937 5521 :
964 5482 1015 5523 et
1038 5472 1166 5535 loco,
1199 5474 1552 5537 schismaticus,
1588 5472 1793 5541 habent,

399 5549 491 5579 tllS.
1442 5574 1445 5575 ,

570 5595 797 5658 uulgister
828 5595 1086 5647 tie/tonius.
1113 5599 1271 5659 Abest,
1302 5600 1542 5661 attigister,
1578 5614 1604 5648 a
1629 5614 1796 5651 manu-

308 5675 335 5699 to

308 5675 335 5699 υ
373 5697 411 5707 ..

212 5658 421 5790 Ὓέιῇλ
447 5722 596 5790 editio
616 5728 711 5772 lor
737 5755 750 5783 ,
776 5724 827 5769 ut
850 5722 1023 5781 pzssint
1043 5722 1173 5782 apud
1197 5719 1301 5771 illos
1325 5735 1498 5772 curare
1514 5736 1603 5772 non
1627 5738 1761 5774 sanos
1784 5740 1797 5785 ;

210 5789 360 5829 (mnss
377 5801 403 5837 ι,
429 5791 584 5832 παθη.

278 5859 298 5917 ί
320 5863 354 5917 .)
378 5862 643 5921 institutio.

494 5946 717 6003 favor.
753 5944 1025 6004 AUGUST.’
1057 5944 1168 6002 1X.

1962 501 2055 553 pro
2087 487 2305 541 Domino
2335 492 2646 557 opponunt?
2679 492 2781 547 Sed
2811 494 2879 546 ab
2909 496 2985 547 eis
3014 496 3154 549 nullo
3184 496 3339 550 modo
3368 502 3529 554 sedn-

1948 589 2159 641 cuntur,
2194 578 2280 645 qui
2312 592 2414 632 non
2440 580 2489 632 in
2514 580 2747 643 homine.
2777 584 2869 638 sed
2896 587 2943 637 in
2970 586 3078 639 Deo
3099 599 3374 656 Sperantes
3400 607 3529 645 can-

1952 674 2063 719 tant
2094 688 2107 719 :
2140 663 2405 735 Benedic,
2434 672 2608 725 anima
2637 690 2753 728 mea
2778 716 2792 739 ,
2828 675 3141 742 Dominum,
3174 690 3227 733 et
3257 681 3363 735 noli
3395 682 3532 737 obli-

1949 756 2077 811 visci
2094 771 2282 812 omnes
2298 760 2672 817 retributiones
2687 764 2830 833 ejus;
2848 767 2937 836 qui
2956 770 3267 837 propitiatur
3282 773 3527 827 omnibus

1949 846 2310 916 iniquitatibus
2354 852 2491 916 tuis,
2532 854 2621 922 qui
2662 864 2817 910 sanat
2850 872 3037 912 omnes
3064 858 3347 931 languorcs
3375 868 3523 919 tuos'

1947 938 2117 1007 (Psat.
2158 956 2263 1005 cu,
2309 943 2378 1010 2,
2421 942 2510 1017 5).
2551 948 2604 1001 Si
2647 962 2837 1003 omnes
2880 951 3165 1022 languores
3200 954 3314 1026 ipse
3348 968 3527 1020 sanat.

1944 1031 2145 1086 nullum
2176 1032 2427 1104 relinquit
2452 1040 2609 1106 quem
2642 1038 3024 1099 Parmcnianus
3053 1059 3244 1101 sanare
3277 1062 3337 1101 se
3364 1047 3527 1102 dicat.

1943 1122 2181 1178 Tantane
2204 1126 2342 1195 apud
2374 1127 2490 1181 illos
2519 1129 2716 1184 lumina
2744 1141 2899 1197 sunt,
2933 1143 2989 1188 ut
3027 1135 3328 1193 illuminare
3364 1140 3525 1194 etiam

1943 1216 2183 1283 possint?
2211 1215 2362 1283 Qund
2391 1234 2489 1274 nec
2518 1220 2589 1273 illi
2612 1263 2625 1283 ,
2658 1239 2761 1290 quo
2792 1224 2843 1277 in
2872 1228 3008 1279 natis
3042 1228 3325 1282 mulierum
3357 1232 3531 1299 major

1940 1308 2168 1362 surrexit
2202 1324 2391 1375 nemo,
2425 1310 2612 1366 Joanni
2650 1314 2896 1383 Baptista:
2938 1317 3171 1373 Joannes
3202 1323 3524 1390 evangelista

1939 1399 2215 1465 concedit;
2239 1400 2303 1453 de
2325 1416 2428 1470 quo
2447 1403 2553 1468 ait,
2575 1401 2695 1456 Non
2718 1416 2822 1458 erat
2844 1407 2931 1460 ille
2957 1408 3125 1462 lumen
3146 1450 3161 1475 ,
3191 1411 3279 1465 sed
3307 1422 3360 1465 ut
3386 1420 3525 1466 testi—

1936 1490 2162 1542 monium
2190 1490 2466 1560 perhiberet
2495 1493 2558 1546 de
2576 1494 2783 1550 lumine.
2816 1495 2944 1550 Erat
2975 1499 3144 1554 lumen
3169 1504 3305 1569 quod
3330 1503 3526 1555 illumi-

1936 1588 2022 1631 nat
2070 1595 2268 1633 onmem
2310 1581 2563 1636 hominem
2600 1586 2875 1639 venientem
2896 1588 2954 1645 ,in
2986 1589 3120 1643 hunc
3155 1593 3418 1647 mundum.
3469 1597 3523 1649 Si

1934 1682 2148 1723 omnem
2182 1669 2450 1727 hominem
2490 1672 2617 1728 illud
2660 1676 2839 1733 lumen
2871 1678 3161 1747 illuminat,
3198 1684 3401 1739 nullum
3439 1702 3524 1739 re-

1937 1761 2125 1832 linquit
2160 1780 2319 1834 quem
2363 1768 2749 1844 l’armenianns
2788 1774 3087 1833 illuminare
3114 1794 3172 1835 se
3196 1781 3355 1836 dicat.
3388 1783 3518 1849 Quia

1934 1854 2033 1907 etsi
2077 1856 2246 1910 sancti
2292 1855 2571 1927 homines,
2631 1864 2921 1919 secundum
2976 1870 3257 1938 quemdam
3305 1874 3520 1928 modum

1932 1945 2181 2001 dicuntur
2209 1948 2527 2018 luminaria;
2571 1954 2674 2008 alia
2722 1966 2898 2012 tamen
2930 1971 3059 2014 sunt
3080 1962 3276 2017 lumina
3321 1966 3521 2021 illumi-

1933 2048 2082 2103 nata,
2116 2040 2259 2094 aliud
2291 2041 2468 2098 lumen
2501 2044 2808 2103 illuminans
2831 2092 2844 2113 ,
2880 2052 3017 2120 quod
3053 2054 3178 2108 illud
3208 2065 3290 2110 est
3319 2056 3386 2111 de
3412 2052 3519 2129 quo

1934 2131 2073 2185 idem
2097 2131 2329 2189 Joannes
2346 2135 2580 2205 Baptista
2609 2138 2760 2205 dicit,
2790 2140 2901 2196 Nos
2921 2161 3091 2199 onincs
3119 2149 3179 2200 de
3208 2149 3520 2219 plenitudine

1927 2222 2038 2291 ejus
2067 2225 2351 2295 accepimus
2383 2224 2558 2296 (Joan.
2587 2245 2637 2295 t,
2662 2230 2723 2295 8,
2753 2231 2807 2299 9,
2837 2234 2960 2304 16).
2992 2234 3174 2291 Nudos
3202 2249 3375 2296 autem
3397 2244 3518 2311 quis

1928 2315 2125 2382 vestit,
2177 2318 2277 2372 nisi
2321 2319 2410 2387 qui
2454 2320 2619 2385 dicit,
2670 2322 2906 2397 Proferte
2949 2327 3026 2393 illi
3062 2330 3245 2385 stolam
3298 2330 3517 2403 primam

1928 2404 2089 2479 (Luc.
2114 2424 2183 2463 xv
2202 2450 2218 2476 ,
2249 2409 2356 2484 22)
2381 2424 2396 2463 :
2431 2422 2484 2467 et
2508 2414 2599 2484 qui
2621 2418 2968 2488 corruptibile
2999 2419 3099 2475 hoc
3126 2422 3305 2477 induet
3336 2441 3514 2481 meor-

1925 2496 2263 2565 ruptionem,
2312 2508 2367 2553 et
2410 2502 2633 2558 mortale
2674 2504 2773 2560 hoc
2824 2507 3007 2563 induet
3060 2510 3511 2571 immortalitatem

1925 2586 1970 2654 (Ι
1999 2585 2114 2639 Cor.
2148 2604 2238 2654 xv,
2267 2588 2399 2661 55)?
2425 2590 2491 2645 Et
2518 2595 2620 2647 hoc
2648 2595 2926 2666 quisquam
2950 2599 2969 2629 ⁸
3001 2598 3179 2655 divino
3202 2600 3513 2659 indumento

1923 2680 2153 2750 aliquem
2178 2686 2371 2740 vestire
2394 2686 2606 2753 dicitur,
2633 2691 2715 2743 cui
2744 2708 2990 2761 magnum
3020 2704 3103 2763 est
3131 2695 3175 2749 si
3198 2698 3376 2752 vestiri
3399 2698 3513 2769 ipse

1922 2775 2227 2828 mereatur?
2268 2774 2385 2829 .lam
2430 2789 2589 2843 porro
2627 2782 2920 2837 emundare
2948 2784 3203 2853 pollutum
3233 2803 3293 2842 se
3318 2788 3513 2844 audeat

1920 2862 2133 2931 dicere,
2167 2867 2209 2919 si
2252 2868 2397 2936 prius
2436 2868 2595 2924 audet
2634 2887 2694 2926 se
2732 2873 2912 2930 dicere
2944 2890 3047 2930 non
3084 2894 3204 2933 esse
3228 2880 3508 2949 pollutum.

1920 2954 2156 3011 Mundati
2186 2960 2329 3013 eiiim
2360 2975 2544 3015 sumus
2576 2978 2669 3033 per
2698 2968 2920 3034 gratiam
2956 2969 3079 3036 Dei;
3123 2970 3218 3026 sed
3256 2988 3355 3028 nec
3386 2984 3511 3029 tunc

1918 3048 2133 3118 quidem
2174 3051 2547 3108 mandabimus
2588 3055 2852 3126 aliquem,
2899 3076 3020 3114 cum
3067 3060 3228 3118 fuerit
3276 3066 3508 3135 perfecta

1919 3151 2099 3197 nostra
2135 3143 2410 3199 mundatio
2434 3164 2447 3200 :
2475 3156 2673 3217 quanto
2710 3150 2888 3205 minus
2924 3154 3085 3209 modo
3107 3196 3120 3221 ,
3163 3171 3283 3210 cum
3312 3172 3507 3229 corpus

1917 3234 2058 3303 quod
2096 3236 2454 3306 corrumpitur
2494 3251 2747 3311 aggravat
2788 3242 3019 3315 animam
3067 3246 3219 3317 (δίῳ.
3250 3263 3299 3302 ιι
3323 3289 3336 3314 ,
3373 3234 3505 3321 t5)?

1919 3323 2048 3389 Quis
2076 3324 2217 3377 enim
2246 3334 2448 3391 castum
2480 3327 2737 3397 glorietur
2777 3347 2837 3387 se
2882 3332 3080 3389 habere
3115 3338 3240 3392 eor?
3269 3348 3360 3392 aut
3384 3342 3504 3410 quis

1916 3414 2171 3484 glorietur
2196 3417 2448 3471 mundum
2492 3435 2551 3474 se
2593 3436 2713 3489 esse
2752 3438 2782 3477 a
2829 3437 3045 3494 peccato
3086 3426 3267 3499 (Prov.
3294 3446 3400 3498 xx,
3431 3432 3499 3497 9,

1914 3520 2014 3559 sec.
2046 3504 2267 3576 LXX)?
2294 3507 2548 3565 Mundare
2578 3512 2775 3584 quippe
2807 3525 2966 3585 atque
2996 3534 3214 3587 sanare,
3257 3521 3307 3575 in
3342 3523 3502 3591 spiri-

1916 3597 2144 3653 tualihus
2170 3600 2332 3656 rebus
2356 3604 2680 3659 tantumdem
2703 3606 2861 3661 valet.
2887 3607 3035 3678 Sicut
3055 3622 3230 3683 autem
3254 3630 3348 3683 spe
3368 3608 3501 3670 salvi

1913 3686 2033 3743 facti
2060 3704 2244 3744 sumus
2264 3732 2279 3757 ,
2312 3691 2381 3745 ita
2403 3705 2501 3762 Spe
2522 3694 2758 3769 mandati
2786 3712 2970 3753 sumus
2993 3701 3045 3755 in
3072 3702 3303 3774 perfecta
3330 3706 3500 3761 salute

1913 3789 1966 3835 et
1995 3778 2047 3835 in
2080 3781 2313 3851 perfecta
2344 3784 2601 3840 munditia
2629 3786 2731 3862 (α).
2764 3782 3041 3856 Quomodo
3068 3809 3195 3864 ergo
3229 3802 3419 3853 sanare
3444 3804 3499 3853 et

1912 3871 2170 3927 mundare
2189 3872 2299 3942 jam
2324 3889 2637 3945 possumus;
2665 3874 2754 3947 qui
2778 3896 2876 3935 nec
2898 3892 3019 3937 tunc
3043 3874 3350 3956 poterimus,
3369 3892 3494 3944 cum

1912 3963 2055 4016 omni
2086 3962 2247 4045 modo
2277 3964 2408 4019 salvi
2438 3975 2492 4021 et
2530 3968 2712 4043 mundi
2746 3969 3048 4047 _l'uerii_nus?
3080 3993 3097 4025 ι
3128 3974 3229 4030 Sed
3260 3977 3399 4033 Deus
3433 3998 3452 4031 ι
3474 4020 3493 4046 ,

1912 4053 2110 4136 inquit,
2146 4072 2163 4106 ‹
2194 4053 2296 4138 hoc
2341 4071 2435 4125 per
2480 4056 2749 4115 hominem
2794 4062 2935 4117 facit.
2967 4082 2986 4116 ι
3025 4058 3171 4138 lj‘acit
3208 4048 3366 4137 sane,
3399 4054 3495 4127 sed

1911 4134 2039 4202 fecit
2064 4156 2119 4203 et
2142 4163 2239 4218 per
2262 4134 2484 4218 Judam,
2527 4167 2683 4221 quem
2720 4153 2785 4208 ad
2819 4134 3161 4230 Evangelimn
3206 4134 3495 4230 prazdicano

1911 4236 2035 4316 dum
2066 4254 2185 4294 cum
2208 4242 2414 4294 cmteris
2438 4242 2580 4295 misit
2612 4243 2832 4316 (Matt/1.
2862 4228 2928 4313 x,
2962 4247 3090 4316 1-8)
3125 4269 3137 4303 :
3178 4228 3296 4306 fecit
3322 4263 3375 4307 et
3402 4248 3495 4324 per

1911 4331 2210 4416 Pharismos
2239 4334 2289 4386 in
2313 4334 2389 4387 eis
2415 4335 2503 4405 qui
2535 4334 2669 4389 bona
2698 4355 2815 4407 qum
2844 4354 2938 4408 per
2964 4356 3055 4396 eos
3082 4343 3369 4400 audiebant
3395 4348 3494 4418 ipsi

1909 4420 2208 4487 faciebant,
2244 4439 2362 4476 cum
2398 4424 2469 4477 illi
2510 4441 2614 4478 non
2654 4427 2882 4482 lacerent
2925 4445 3041 4500 qua:
3082 4432 3347 4490 dicebant.
3388 4436 3494 4491 Po-

1910 4521 2143 4577 stremo,
2181 4529 2274 4566 cur
2312 4513 2473 4583 iniqui
2514 4524 2567 4570 et
2606 4518 2851 4573 scelerati
2890 4538 3104 4589 eorum,
3134 4524 3243 4579 sive
3270 4542 3387 4581 cum
3420 4528 3495 4583 la;

1910 4611 2055 4667 tent,
2092 4604 2204 4658 sive
2233 4618 2353 4658 cum
2397 4622 2492 4674 pro
2533 4622 2663 4676 pace
2700 4609 2885 4665 Donati
2913 4612 2932 4642 ³
2976 4615 3296 4684 tolerantur,
3326 4620 3494 4675 viviti-

1908 4706 2057 4759 cant,
2087 4706 2303 4774 curant,
2339 4698 2670 4766 illuminant,
2696 4686 2989 4781 inundant"?
3010 4709 3089 4761 An
3121 4710 3215 4778 ipsi
3243 4730 3344 4767 non
3368 4701 3493 4771 suni

1907 4788 2133 4854 mortui,
2160 4791 2417 4845 vulnerati
2440 4794 2645 4867 ,‘cmci,
2680 4790 3011 4864 polluti?An
3056 4802 3172 4857 ideo
3211 4822 3314 4861 non
3351 4785 3492 4879 apud

1907 4896 2000 4934 ens
2051 4881 2177 4934 caeci
2228 4897 2400 4936 caecos
2438 4880 2703 4963 ducentes
2744 4888 2898 4942 sinml
2932 4891 2992 4953 in
3043 4893 3245 4950 foveam
3296 4900 3494 4956 cadunt

1908 4970 2018 5040 (Id.
2051 4986 2150 5035 xv,
2184 4968 2283 5041 H)
2309 5014 2322 5036 ,
2348 4972 2479 5051 [quia
2506 4989 2610 5029 non
2636 4976 2782 5054 ipsos
2803 5020 2815 5041 ,
2845 4981 2936 5055 sed
2969 4982 3131 5038 Deum
3163 5003 3319 5056 quem
3352 5007 3489 5064 pra:-

1906 5062 2111 5125 tlieant,
2145 5062 2214 5115 illi
2252 5062 2516 5119 audiendo
2543 5074 2597 5119 et
2620 5066 3038 5138 obtemperando
3067 5080 3372 5133 sectantur?
3418 5062 3489 5135 ita

1906 5144 2034 5206 sane
2056 5194 2068 5216 ,
2096 5151 2189 5206 sed
2216 5161 2337 5207 tunc
2358 5153 2647 5224 pra-dicant
2680 5158 2884 5228 Deum,
2917 5164 2959 5217 si
2991 5180 3110 5218 cum
3142 5167 3351 5221 Christo
3383 5174 3490 5224 ειοιέ

1907 5232 2074 5314 ligant
2101 5262 2112 5297 :
2146 5233 2467 5317 quicumque
2494 5243 2621 5305 vero
2640 5254 2759 5307 cum
2791 5254 2879 5309 illo
2902 5272 3003 5310 non
3026 5244 3309 5328 colligunt,
3342 5266 3489 5331 spat;

1969 5492 1983 5520 ί
2003 5486 2083 5562 _Sic
2107 5499 2212 5541 Mss.
2241 5499 2295 5541 At
2314 5494 2446 5551 editi,
2466 5492 2765 5562 inﬁrmitates
2789 5506 2894 5548 tuas
2916 5512 2932 5547 .·
2959 5509 3008 5549 et
3040 5502 3156 5549 infra
3177 5538 3191 5562 ,
3211 5496 3382 5556 stature
3404 5496 3491 5559 de;

1908 5551 2012 5600 beat
2034 5564 2049 5599 :
2076 5567 2177 5612 pro,
2204 5566 2374 5615 sanare
2398 5568 2449 5603 se
2472 5554 2618 5607 (litat.

1969 5615 2212 5663 'vaticaai
2250 5622 2301 5664 et
2340 5628 2370 5664 e
2402 5616 2645 5667 ualllcmds
2685 5619 2897 5668 nonnulli
2944 5629 3142 5682 a:ss.,I-:t
3183 5627 3321 5677 homo
3363 5626 3491 5694 quisi

1954 5688 2067 5723 iant.

1905 5687 1992 5779 φρ
2017 5746 2113 5783 Αηι.
2141 5745 2187 5783 et
2210 5744 2334 5789 Mss.
2364 5751 2450 5799 pro
2480 5739 2645 5786 Ponati
2666 5747 2819 5801 parte.

1972 5810 2052 5883 (η).
2072 5816 2226 5883 Forte,
2257 5810 2529 5883 impcrﬂ'rto
2563 5814 2712 5864 salute
2741 5824 2786 5867 et
2810 5812 3087 5883 inmrrfrrla
3108 5829 3357 5879 mumlitia.
3387 5822 3486 5880 \‘id.’

1908 5868 2089 5933 ποι-(ἐι,
2132 5868 2361 5921 Iilement.
2408 5868 2581 5933 tritis,
2623 5889 2764 5943 lagg.
2814 5868 2921 5939 illi,
2964 5868 3196 5940 iiii:

2852 5968 3126 6045 (from;
