4054 6476
509 361 578 419 π,
1292 349 1561 403 comas
1606 336 1988 400 EPISTOLAM
2027 335 2465 412 PARMENIANI,
2508 343 2565 399 s.
2608 345 2971 404 AUCUSTINI
3719 333 3789 391 76

510 488 638 549 gum
654 473 864 546 (Matth.
886 486 983 536 sn,
1003 469 1117 536 50);
1135 467 1394 521 Donatum
1412 456 1768 533 prtedicando,
1783 469 1889 509 non
1904 452 2093 549 Deum,

512 543 639 625 eieci
664 543 839 622 c:ecos
866 559 1141 632 sequendo
1165 556 1325 613 simul
1347 555 1398 609 in
1429 555 1633 611 lorcam
1662 547 1881 605 eadunt.
1908 544 2012 602 Sed
2030 543 2101 599 de

511 658 812 730 qtmtstionc
841 652 1093 725 Baptismi
1133 649 1293 705 latius
1330 643 1528 715 aliquid
1562 641 1788 697 Domino
1815 637 2102 708 adiuvante

516 753 866 811 tractabimus
907 747 1059 820 (Lib.
1093 746 1117 799 l
1160 743 1225 798 de
1263 740 1527 820 Baptistae
1554 744 1732 791 contra
1766 730 2099 796 Donatista,

517 865 632 921 cap.
668 848 690 902 l
717 846 769 918 ),
789 814 1003 900 cum‘de
1027 837 1276 893 omnibus
1298 814 1615 890 testimoniis
1634 836 1938 884 sanctarum
1959 821 2100 879 Scri-

522 915 816 1011 plurarum,
840 949 958 1005 qua:
982 931 1137 987 nobis
1163 925 1462 999 obiicienda
1485 920 1732 988 credidit,
1752 915 2104 1011 Parmeniauo

521 1006 956 1103 reSponderimus
978 1027 1017 1077 ί.
1040 1022 1143 1092 Qui
1166 1036 1291 1077 vere
1314 1020 1429 1089 ipse
1448 1016 1691 1085 adaequat
1710 1010 1983 1083 proximos
2003 1006 2104 1103 sibi

519 1095 799 1180 eversione
842 1115 1164 1189 iniquitatis,
1205 1111 1297 1184 qui
1330 1110 1409 1165 eis
1439 1117 1549 1163 tam
1579 1103 1776 1161 malum
1807 1095 2107 1170 propinavit

519 1230 758 1273 errorem
780 1256 795 1279 ,
838 1221 896 1267 ut
921 1225 1028 1266 non
1054 1222 1154 1279 pro
1185 1219 1345 1277 pace,
1387 1200 1481 1258 sed
1522 1213 1620 1271 pro
1655 1195 1916 1252 divisione
1942 1200 1998 1246 et
2023 1190 2106 1244 di-

519 1308 782 1367 scissione
809 1320 915 1362 non
945 1304 1123 1359 solum
1153 1302 1401 1370 loquatur
1425 1296 1561 1367 ipse,
1588 1291 1684 1348 sed
1709 1290 1870 1346 etiam
1897 1284 2107 1341 divinos

521 1403 712 1460 Libros
736 1399 880 1470 loqui
907 1393 1243 1467 persuadeat.

591 1468 821 1551 CAPUT
867 1486 1183 1545 xv.—-ss.
1219 1481 1325 1540 Sed
1362 1481 1502 1536 inter
1538 1476 1700 1533 multa
1737 1472 1903 1529 miror
1930 1468 2104 1523 homi-

526 1601 648 1642 nem
677 1627 692 1652 ,
722 1598 844 1639 cum
873 1588 1056 1652 ageret
1082 1592 1186 1632 non
1217 1588 1377 1646 posse
1415 1569 1599 1626 haberi
1637 1564 1964 1636 Baptismum
2005 1557 2107 1614 nisi

524 1687 804 1748 acceptum
825 1716 841 1742 ,
874 1689 972 1729 nec
998 1684 1155 1743 posse
1180 1666 1346 1737 accipi
1375 1665 1491 1719 sine
1516 1660 1696 1717 dante.
1729 1654 2110 1725 interposuisse

526 1786 595 1827 ex
627 1744 916 1838 Evangelia
945 1760 1307 1820 testimonium
1337 1775 1352 1813 :
1384 1754 1505 1811 Non
1531 1761 1719 1828 potest,
1746 1747 1948 1820 inquit,
1977 1744 2112 1801 acci-

523 1878 645 1933 pere
682 1861 832 1915 homo
868 1857 1175 1930 quidquam,
1214 1851 1313 1907 nisi
1350 1849 1505 1919 fuerit
1538 1846 1617 1902 illi
1641 1845 1826 1899 datum
1863 1842 1928 1897 de
1963 1840 2107 1895 caelo.

524 1955 716 2011 Posset
744 1950 885 2008 enim
925 1948 1118 2019 aliquis
1153 1958 1339 2000 eorum
1377 1940 1662 1998 verborum
1704 1934 1901 1992 inscius
1924 1972 1939 2000 ,
1988 1946 2109 1988 cum

521 2044 780 2116 cmpisset
816 2043 914 2097 iste
947 2040 1154 2105 dicere,
1205 2035 1327 2091 Non
1358 2041 1519 2105 potest
1544 2032 1693 2086 homo
1715 2029 1942 2098 accipere
1963 2025 2113 2096 quid-

522 2155 715 2211 quam,
745 2138 842 2193 nisi
881 2138 1057 2189 datum
1097 2130 1249 2202 fuerit
1287 2129 1404 2194 illi;
1446 2135 1731 2197 authuam
1764 2121 2018 2183 dixisset,
2052 2118 2114 2173 de

525 2234 654 2288 ra-lo
673 2274 689 2301 ,
720 2239 909 2302 putare
936 2229 1086 2282 illum
1116 2225 1383 2281 dicturum
1411 2236 1440 2275 a
1471 2220 1676 2276 Donato
1712 2216 1875 2270 fuisse
1897 2254 1913 2280 ,
1953 2219 2043 2266 aut
2081 2225 2113 2266 a

526 2326 883 2385 l‘armcniano
903 2366 916 2385 .
947 2329 1036 2377 aut
1059 2320 1126 2376 ab
1152 2318 1331 2388 aliquo
1358 2315 1429 2370 de
1455 2320 1604 2384 parte
1630 2308 1817 2366 Donati
1844 2348 1858 2371 ,
1883 2314 1975 2361 aut
1997 2320 2115 2358 om-

526 2420 658 2475 nino
684 2418 753 2473 ab
779 2416 892 2487 ipsa
922 2421 1070 2485 parte
1093 2408 1307 2467 Donati.
1351 2409 1597 2477 Agnosco
1634 2398 1978 2472 Evangelium
2004 2440 2017 2462 ,
2059 2404 2117 2451 et

524 2511 636 2567 illic
656 2508 913 2579 scriptum
935 2518 1057 2561 esse
1082 2513 1338 2558 recenseo
1357 2541 1371 2566 ,
1399 2495 1520 2552 Non
1541 2502 1699 2566 potest
1722 2495 1869 2545 homo
1891 2489 2117 2559 accipere

522 2576 807 2674 quidquam
827 2641 843 2667 ,
872 2597 974 2651 nisi
998 2594 1174 2649 datum
1204 2592 1350 2662 fuerit
1371 2588 1447 2643 illi
1470 2587 1535 2642 de
1557 2585 1703 2640 celo.
1730 2582 1835 2640 Sed
1859 2576 2115 2649 numquid

526 2699 764 2752 Donatus
791 2704 874 2750 est
900 2689 1138 2746 cmlum?
1168 2684 1422 2757 numquid
1458 2680 1842 2738 Parmenianus
1875 2686 1958 2732 est
1998 2685 2117 2731 cte-

527 2789 683 2844 lnm?
724 2782 981 2854 ntunquitl
1011 2794 1135 2851 pars
1163 2779 1276 2849 ipsa
1314 2773 1552 2831 Donati?
1592 2771 1700 2825 llla-
1723 2786 1851 2825 vero
1890 2782 1992 2822 non
2037 2774 2120 2822 est

524 2880 722 2938 malum
747 2919 762 2946 ,
793 2892 901 2932 non
933 2884 1016 2931 est
1051 2874 1103 2927 in
1142 2871 1298 2928 ctelo.
1342 2869 1442 2936 Qui
1481 2867 1623 2921 cnim
1658 2866 1732 2919 ait
1754 2905 1768 2927 ,
1813 2861 1931 2917 Non
1961 2869 2119 2933 potest

528 2975 680 3029 homo
708 2971 935 3042 acri-pere
960 2966 1262 3040 quidquam,
1286 2962 1384 3016 nisi
1411 2959 1560 3032 fuerit
1585 2958 1663 3012 illi
1682 2958 1854 3011 datum
1877 2956 1939 3008 tle
1958 2954 2119 3022 creto,

527 3078 797 3136 nunquam
830 3061 1033 3116 dit-cret
1052 3060 1097 3124 ’,
1131 3056 1241 3113 Nisi
1274 3055 1454 3109 daltun
1487 3051 1646 3106 fuerit
1675 3049 1747 3104 illi
1776 3049 1843 3102 tle
1871 3048 2001 3112 sole,
2030 3059 2123 3104 aut

530 3158 603 3214 de
628 3157 752 3211 luna
777 3194 794 3221 ,
836 3160 927 3207 aut
963 3150 1031 3206 de
1071 3147 1242 3204 stellis
1265 3187 1281 3213 ,
1323 3160 1443 3215 qua:
1486 3152 1661 3197 tamen
1701 3141 1753 3195 iu
1786 3140 1922 3195 cmlo
1947 3150 2071 3195 sunt
2106 3158 2118 3195 :

531 3256 735 3321 quanto
766 3245 942 3302 minus
969 3243 1209 3308 diceret,
1251 3238 1362 3293 Nisi
1387 3236 1568 3292 datum
1600 3233 1755 3290 fuerit
1781 3234 1853 3288 illi
1884 3234 1950 3289 de
1974 3241 2122 3304 parte

529 3340 756 3402 Donati.
799 3352 917 3408 qua:
956 3349 1062 3390 non
1101 3332 1273 3389 solum
1313 3344 1421 3385 non
1459 3336 1545 3384 est
1570 3326 1763 3382 caelum
1791 3366 1806 3393 ,
1833 3339 1934 3380 nec
1958 3333 2038 3380 est
2070 3324 2119 3378 in

526 3433 670 3488 curio
695 3473 708 3497 ,
738 3429 834 3484 scd
868 3441 969 3483 nec
994 3426 1045 3480 in
1078 3438 1241 3495 regno
1271 3421 1383 3476 vult
1410 3434 1530 3475 esse
1556 3418 1835 3474 ctelorum.
1864 3416 1971 3472 Nec
1993 3415 2122 3471 illud

528 3522 718 3594 procul
743 3520 908 3576 dubio
929 3517 1164 3579 diceret,
1192 3513 1305 3570 Non
1327 3520 1502 3584 potest
1526 3510 1686 3565 homo
1713 3509 1952 3579 accipere
1972 3507 2124 3578 quid—

531 3630 690 3687 quam
718 3657 731 3679 ,
762 3610 863 3668 nisi
888 3610 1071 3667 datum
1100 3609 1260 3664 fuerit
1286 3607 1361 3661 illi
1402 3605 1471 3661 tle
1510 3603 1747 3659 Ecclesia
1781 3621 1796 3657 :
1829 3603 1940 3672 ipsa
1980 3602 2120 3657 enim

537 3707 776 3764 Ecclesia
807 3705 875 3760 de
901 3703 1040 3760 caelo
1070 3701 1282 3772 accipit.
1326 3698 1382 3756 Si
1409 3698 1587 3753 autem
1618 3696 1850 3761 diceret,
1880 3694 1994 3749 Non
2025 3710 2120 3765 po-

532 3807 640 3856 test
673 3800 836 3853 homo
865 3796 1109 3866 accipere
1134 3792 1442 3864 quidquam,
1470 3789 1571 3845 nisi
1595 3789 1773 3843 datum
1803 3786 1960 3842 fuerit
1984 3787 2029 3841 ei
2056 3787 2125 3843 ab

531 3891 751 3951 homine
791 3889 974 3961 justo;
1006 3888 1269 3941 irruerent
1310 3882 1527 3955 quidem
1573 3880 1657 3936 isti
1694 3879 1915 3935 l‘rontosi
1938 3919 1954 3944 ,
1984 3887 2038 3934 et
2065 3893 2125 3934 se

560 3995 708 4043 ustas
738 3997 858 4040 esse
887 3981 1297 4053 proclamarcnt,
1327 3987 1384 4032 ut
1409 3976 1477 4031 ah
1506 3976 1584 4032 cis
1612 3974 1877 4045 acciperet
1900 3972 1988 4044 qui
2014 3972 2120 4027 vel-

552 4088 609 4134 et
634 4079 879 4148 accipere
910 4093 924 4130 :
959 4089 1057 4130 nec
1088 4087 1185 4128 nos
1209 4070 1558 4142 qumstioncm
1587 4068 1912 4134 faceremus,
1946 4075 2123 4121 utrum

532 4170 659 4241 justi
699 4176 879 4223 essent
916 4181 984 4220 an
1027 4179 1170 4229 non;
1212 4161 1307 4217 sed
1336 4162 1473 4217 imer
1500 4175 1595 4215 eos
1620 4174 1738 4214 esse
1777 4160 1859 4213 vel
1902 4159 2125 4214 latentes

542 4262 768 4333 iniustos
796 4257 948 4313 facile
973 4254 1374 4309 Ostenderemus
1401 4266 1468 4307 ex
1492 4248 1806 4320 quibusdam
1831 4249 2050 4320 proditis
2073 4255 2127 4303 et

531 4351 809 4417 exclusis;
836 4357 893 4407 et
919 4358 1094 4404 tamen
1135 4361 1227 4401 eos
1257 4360 1360 4400 non
1391 4342 1812 4414 improbaremus
1833 4341 1886 4409 ³,
1919 4356 2019 4397 nec
2045 4341 2127 4396 di-

529 4458 784 4502 ceremus
813 4456 917 4497 non
945 4440 1126 4495 datum
1148 4480 1163 4505 ,
1197 4435 1276 4491 vel
1305 4452 1408 4490 non
1440 4445 1713 4505 acceptum
1734 4477 1748 4500 ,
1778 4434 1917 4504 quod
1944 4433 2123 4488 datum

536 4546 595 4591 et
616 4543 895 4604 acceptum
926 4537 1070 4586 esset
1095 4543 1125 4582 a
1153 4526 1368 4582 talibus.
1410 4524 1515 4582 Sed
1543 4534 1597 4580 et
1626 4525 1725 4579 hoc
1755 4523 1890 4580 falso
1916 4522 2126 4580 dicere-

542 4638 649 4691 tur,
680 4625 795 4680 Non
827 4628 1003 4693 potest
1027 4621 1190 4675 homo
1217 4620 1457 4689 accipere
1482 4616 1789 4688 quidquam,
1816 4615 1914 4671 nisi
1944 4615 2126 4670 datum

538 4717 703 4774 fuerit
734 4716 781 4771 ei
811 4713 880 4769 ah
908 4712 1123 4767 homine
1147 4710 1311 4782 justo.
1341 4710 1459 4779 Ipse
1487 4707 1631 4763 enim
1658 4707 1832 4777 justus
1860 4720 1890 4761 a
1917 4722 2022 4778 quo
2046 4705 2124 4760 al-

543 4822 623 4863 ter
648 4806 842 4878 accipit
860 4847 875 4873 ,
906 4817 1090 4874 quaero
1117 4817 1148 4858 a
1174 4817 1279 4873 quo
1308 4800 1591 4870 acceperit.
1619 4798 1672 4856 Si
1702 4807 1756 4855 et
1785 4800 1899 4869 ipse
1925 4814 1952 4852 a
1980 4798 2127 4869 jusm

543 4900 757 4956 homine
780 4941 795 4961 ,
828 4906 882 4954 et
917 4897 986 4953 de
1027 4896 1119 4952 illo
1158 4895 1227 4949 ita
1257 4909 1439 4965 qumro
1463 4934 1477 4960 ,
1517 4892 1688 4949 donec
1712 4892 1783 4948 ah
1812 4893 1927 4964 ipso
1956 4892 2129 4963 capite

538 4991 747 5049 ordinis
782 4988 1003 5046 humani
1042 4987 1110 5044 ad
1147 4983 1378 5058 aliquem
1419 4985 1759 5056 perveniam,
1800 4984 1890 5054 qui
1929 4999 2034 5039 non
2061 4984 2129 5040 ab

544 5086 761 5142 homine
800 5082 1108 5154 acceperit;
1159 5090 1317 5151 atque
1356 5079 1426 5134 ita
1465 5078 1655 5134 liilsum
1703 5093 1823 5134 esse
1866 5077 2126 5140 doceam,

543 5178 684 5250 quod
713 5192 818 5233 non
846 5181 1025 5247 potest
1050 5172 1211 5228 homo
1241 5171 1483 5242 accipere
1511 5170 1818 5242 quidquam,
1851 5169 1948 5225 nisi
1978 5171 2076 5223 luci
2094 5170 2131 5223 it

538 5273 591 5327 ei
619 5271 685 5327 ab
715 5268 933 5327 homine
960 5267 1166 5324 datum.

614 5366 704 5420 Si.
745 5362 881 5433 Quid
910 5372 1089 5419 autem
1118 5369 1283 5431 agunt
1311 5360 1394 5415 isti
1422 5359 1721 5414 nescientes
1751 5372 1844 5428 per
1867 5356 2132 5425 evangeli-

608 5609 628 5637 ‘
656 5613 784 5665 Mss.,
810 5604 1445 5679 respoudelgintuszt'aticani
1465 5609 1628 5679 autem
1650 5602 1720 5651 sic
1742 5607 2131 5679 prosequuntur:

550 5679 696 5730 tuam
733 5664 841 5718 rere
877 5664 979 5730 ipse
1002 5668 1226 5731 atltequat
1260 5664 1483 5729 proxima
1505 5664 1595 5714 sibi
1621 5664 1878 5720 eversione,
1906 5669 2000 5710 etc.

608 5755 636 5786 ¹
659 5760 796 5802 Juxta
822 5759 895 5801 Er.
922 5753 1065 5814 Lugd.
1093 5760 1227 5811 \‘en.,
1247 5747 1480 5812 numquid
1503 5745 1702 5799 diceret.
1770 5754 1825 5796 tit.

612 5840 637 5873 ³
656 5836 880 5888 saturant
904 5836 1096 5903 quidam
1119 5844 1242 5899 uss,
1265 5848 1352 5896 nec
1374 5840 1530 5885 tamen
1548 5846 1627 5884 eos
1648 5832 1717 5884 uti
1735 5833 2058 5898 probaremus.

2206 465 2325 508 cum
2360 457 2719 513 testimonium
2747 462 2799 527 ι,
2842 460 2944 516 nisi
2981 471 3040 517 ut
3079 462 3323 521 homines
3360 464 3792 523 admoneantnt”|

2207 557 2265 606 ut
2291 549 2576 621 aliquando
2601 552 2881 623 evigileut,
2910 562 3069 627 atque
3096 555 3373 612 advertant
3399 572 3524 614 vere
3553 572 3658 613 non
3690 559 3794 615 hoc

2209 643 2380 699 mines
2408 659 2529 700 esse
2556 645 2910 701 attendendos
2931 688 2947 714 ,
2979 662 3101 702 cum
3131 658 3371 706 sanctum
3400 649 3602 721 aliquid
3628 650 3796 707 homo

2207 737 2452 807 accipere
2479 737 2786 806 desiderat,
2817 739 2910 796 sed
2940 740 3086 796 illum
3114 742 3290 797 solum
3317 743 3407 814 qui
3433 743 3502 799 de
3537 743 3679 800 cmlo
3700 744 3800 799 dat

2209 826 2448 894 homini;
2472 830 2591 900 quia
2622 847 2724 885 non
2752 840 2911 903 potest
2931 832 3082 888 homo
3101 834 3330 905 accipere
3350 835 3628 907 quidquam
3645 876 3661 902 ,
3692 836 3800 890 nisi

2209 920 2386 975 datum
2412 920 2563 990 fuerit
2588 921 2634 975 ei
2661 921 2725 977 de
2752 922 2923 977 certe?
2958 922 3111 990 Quod
3146 924 3191 979 si
3227 924 3501 993 dixerint,
3539 925 3617 982 Dc
3652 925 3797 982 cmlo

2209 1011 2426 1083 quidem
2450 1013 2662 1083 accipit,
2693 1013 2888 1071 nonde
2917 1014 3153 1077 homine.
3179 1016 3274 1072 sed
3301 1027 3477 1074 tamen
3498 1033 3596 1089 per
3614 1017 3796 1074 homi-

2212 1120 2334 1161 nem
2359 1122 2374 1169 ;
2400 1121 2586 1177 qumro
2612 1121 2708 1176 per
2732 1107 2965 1176 qualem.
2994 1108 3050 1163 Si
3082 1124 3177 1180 per
3197 1109 3398 1179 justum
3421 1120 3625 1166 tantum
3651 1127 3665 1177 ;
3691 1125 3800 1168 non

2211 1195 2412 1252 habent
2430 1197 2507 1252 illi
2529 1198 2616 1268 qui
2641 1198 2779 1268 apud
2799 1213 2893 1255 eos
2915 1199 3059 1270 ipsos
3075 1215 3170 1269 per
3190 1202 3413 1258 latentes
3436 1201 3803 1273 iniquissimo:

2211 1298 2539 1359 acceperunt
2569 1308 2583 1344 :
2613 1290 2660 1346 si
2689 1298 2745 1346 et
2772 1306 2866 1361 per
2897 1291 3148 1361 injustam
3173 1310 3188 1359 ;
3231 1308 3351 1362 qua:
3376 1308 3539 1349 causa
3563 1309 3694 1364 ergo
3715 1304 3803 1351 est

2212 1387 2272 1434 ut
2310 1379 2542 1451 aliquem
2582 1380 2954 1451 rebaptizent?
2981 1382 3036 1438 Si
3062 1398 3157 1453 per
3177 1384 3432 1453 injustum
3462 1400 3567 1440 non
3594 1386 3694 1441 nisi
3727 1386 3804 1441 la-

2211 1479 2413 1528 tentem
2438 1488 2454 1537 ;
2480 1487 2586 1527 non
2610 1472 2811 1530 habent
2831 1513 2850 1540 ,
2887 1489 3020 1544 quos
3046 1474 3332 1545 baptizavit
3364 1475 3678 1532 manifestus
3709 1490 3803 1532 sa-

2216 1564 2369 1621 telles
2413 1564 2657 1622 Gildonis
2699 1565 2922 1636 Optatos
2963 1582 2976 1620 :
3027 1567 3072 1620 si
3113 1576 3171 1621 et
3208 1582 3304 1636 per
3343 1567 3595 1637 injustum
3637 1568 3804 1624 etiam

2213 1655 2557 1713 manifestum
2576 1698 2595 1724 ,
2621 1658 2710 1727 qui
2738 1665 2918 1712 tamen
2946 1658 3182 1713 nondum
3212 1658 3495 1715 damnatus
3520 1667 3575 1715 et
3601 1660 3671 1716 ab
3697 1661 3805 1715 Ec.

2213 1748 2395 1805 clesite
2438 1749 2818 1820 communique
2863 1750 3133 1820 projectus
3169 1752 3280 1817 sit;
3330 1765 3437 1807 non
3483 1752 3680 1809 habent
3725 1753 3806 1812 illi

2214 1855 2350 1911 quos
2378 1840 2678 1896 Felicianus
2715 1841 3033 1896 Mustitanus
3056 1883 3070 1906 ,
3110 1856 3231 1896 cum
3258 1842 3327 1898 ab
3349 1856 3535 1899 eorum
3562 1858 3807 1900 commna

2216 1933 2378 1989 nione
2403 1932 2535 1989 loris
2560 1942 2724 1999 esset,
2754 1933 2807 1987 iu
2838 1933 3140 1989 Maximiani
3168 1933 3457 1991 schismate
3479 1935 3802 2006 baptizavit,

2216 2039 2351 2096 quos
2374 2035 2550 2080 tamen
2578 2038 2719 2080 nunc
2743 2039 2865 2080 cum
2897 2025 2989 2080 illo
3014 2041 3291 2097 regressos
3310 2040 3468 2082 nemo
3488 2028 3804 2098 rebaptizat.

2218 2118 2498 2172 Postremo
2521 2116 2569 2171 si
2596 2117 2785 2181 homo,
2812 2117 3053 2187 quamvis
3081 2117 3151 2172 de
3173 2120 3332 2183 cutio,
3359 2132 3466 2174 non
3493 2126 3674 2175 tamen
3701 2121 3806 2176 nisi

2218 2225 2314 2280 per
2344 2209 2613 2264 hominem
2645 2217 2817 2278 potest
2843 2210 3088 2279 accipere
3123 2209 3449 2281 quidquam;
3480 2224 3663 2282 quer
3690 2212 3807 2282 ipse

2216 2301 2451 2357 Joannes
2478 2298 2755 2370 Baptista,
2796 2299 2885 2369 qui
2930 2299 3032 2355 huc
3071 2299 3182 2364 ait,
3223 2315 3318 2369 per
3343 2315 3502 2370 queui
3531 2301 3805 2358 hominem

2218 2382 2536 2462 acceperat,
2574 2390 2715 2460 quod
2754 2391 2936 2460 utique
2972 2391 3037 2446 de
3071 2391 3212 2447 cmlo
3249 2394 3569 2462 acceperat?
3597 2394 3662 2449 Et
3699 2411 3808 2453 non

2221 2482 2487 2538 invenitur
2509 2482 2568 2536 ³ε
2601 2492 2760 2553 atque
2798 2484 2867 2536 ita
2905 2496 2936 2535 a
2965 2497 3026 2538 se
3053 2482 3373 2539 testimoniis
3414 2485 3634 2554 putatis
3662 2487 3807 2543 mala

2218 2595 2379 2636 causa
2404 2578 2761 2635 convincitur.
2806 2579 2939 2648 Quia
2965 2581 3066 2636 etsi
3091 2580 3236 2636 dicat
3261 2581 3425 2637 Filius
3448 2583 3720 2653 accepisse
3748 2596 3811 2639 se

2221 2687 2252 2727 a
2279 2672 2438 2729 Patre
2459 2715 2474 2738 ,
2505 2683 2559 2729 et
2582 2671 2837 2744 Spiritum
2875 2682 3118 2729 sanetum
3148 2674 3216 2729 de
3242 2689 3340 2728 suo
3377 2676 3620 2747 accipere
3644 2719 3658 2743 ,
3700 2691 3810 2731 non

2221 2766 2373 2837 quasi
2398 2765 2657 2837 gradatim
2679 2808 2693 2828 .
2722 2765 2816 2821 sed
2845 2767 2983 2821 sicut
3013 2768 3127 2838 ipse
3152 2768 3401 2837 exposuit
3429 2767 3644 2835 dicens,
3675 2768 3811 2836 Quia

2225 2857 2396 2912 omnia
2423 2873 2539 2929 qua:
2560 2859 2708 2915 habet
2737 2856 2911 2925 Pater,
2940 2874 3051 2913 mea
3073 2867 3191 2913 sunt
3211 2899 3228 2925 ,
3266 2858 3380 2914 ideo
3414 2859 3523 2914 dixi
3545 2901 3561 2926 ,
3596 2859 3673 2914 De
3701 2876 3813 2916 meo

2225 2950 2439 3022 accipiet
2465 2950 2641 3021 (Joan.
2670 2966 2756 3005 xv:
2777 2991 2792 3016 ,
2827 2952 2918 3021 15)
2946 2969 2958 3004 :
2990 2964 3148 3022 posse
3173 2958 3352 3005 tamen
3391 2948 3662 3008 hominem
3703 2970 3813 3009 non

2228 3043 2542 3113 interposito
2572 3042 2786 3099 homine
2819 3042 3071 3099 divinitus
3102 3040 3300 3113 aliquid
3331 3043 3606 3114 accipere,
3627 3060 3815 3102 exem-

2228 3136 2317 3205 plo
2340 3150 2437 3190 suo
2459 3134 2694 3191 Joannes
2721 3136 2834 3205 ipse
2860 3144 3104 3203 testatur,
3136 3145 3192 3192 et
3221 3142 3301 3193 tot
3332 3139 3501 3197 sancti
3527 3148 3813 3208 antequam

2229 3229 2321 3284 Dei
2357 3228 2521 3283 Filius
2550 3229 2714 3283 homo
2740 3230 2890 3285 lieret
2913 3272 2928 3296 ,
2968 3240 3023 3285 et
3057 3241 3407 3305 posteaquam
3438 3234 3730 3289 resurrexit
3760 3243 3817 3287 et

2226 3320 2468 3376 ascendit
2513 3322 2564 3375 in
2610 3320 2806 3377 ctelutu
2834 3362 2849 3385 ,
2889 3331 3104 3376 centum
3143 3324 3324 3393 viginti
3369 3324 3611 3380 homines
3654 3323 3815 3377 simul

2226 3414 2531 3484 congregati
2558 3421 2734 3479 erant,
2768 3427 2903 3482 quos
2933 3414 3079 3469 nullo
3106 3414 3322 3470 homine
3350 3416 3400 3470 in
3430 3425 3569 3470 term
3596 3430 3815 3469 manum

2228 3505 2556 3575 imponeute,
2580 3502 2651 3558 de
2673 3503 2811 3559 ctelo
2841 3503 3059 3558 veniens
3079 3502 3311 3573 Spiritus
3338 3513 3555 3559 sanctus
3576 3504 3818 3575 implevit

2226 3597 2366 3667 (Act.
2395 3611 2448 3660 ι,
2483 3596 2583 3661 15,
2611 3603 2659 3650 et
2687 3611 2721 3648 n
2740 3634 2756 3660 ,
2786 3595 2904 3665 1-4)
2933 3612 2946 3647 :
2971 3603 3027 3649 et
3048 3594 3337 3649 constituto
3359 3595 3467 3665 jam
3494 3594 3684 3651 ordine
3714 3595 3819 3650 Ec-

2224 3689 2403 3746 clesiae
2426 3729 2442 3756 ,
2480 3687 2862 3744 Centuriouem
2899 3685 3208 3742 Cornelium
3257 3696 3383 3742 ante
3422 3686 3594 3756 ipsum
3632 3686 3824 3756 Bapti-

2227 3796 2401 3838 smum
2426 3821 2441 3844 ,
2473 3788 2596 3835 ante
2622 3780 3016 3849 impositionem
3038 3792 3245 3845 manus,
3270 3793 3391 3834 cum
3413 3778 3491 3832 eis
3516 3779 3604 3849 qui
3630 3792 3820 3834 secum

2227 3882 2380 3930 erant
2404 3871 2595 3929 eodem
2623 3871 2822 3941 Spiritu
2849 3880 3035 3925 sancto
3054 3870 3340 3941 repletum,
3365 3869 3554 3924 Petrus
3581 3870 3695 3939 ipse
3716 3872 3824 3925 mi-

2230 3975 2377 4021 ratus
2405 3974 2487 4020 cst
2511 3962 2651 4034 (lit,
2673 3979 2708 4017 χ
2730 4005 2743 4027 ,
2765 3961 2881 4035 44).
2908 3961 3077 4017 Nemo
3100 3975 3230 4032 ergo
3253 3960 3448 4031 accipit
3472 3960 3587 4016 sine
3608 3960 3775 4017 dante
3806 3981 3821 4018 :

2230 4057 2327 4114 sed
2373 4056 2513 4127 quod
2556 4056 2789 4127 pertinet
2834 4054 2901 4109 ad
2946 4052 3201 4123 Baptismi
3245 4051 3583 4108 sanctitatem
3609 4093 3624 4118 ,
3665 4052 3825 4108 adest

2230 4148 2372 4205 Deus
2396 4148 2486 4218 qui
2511 4146 2629 4211 det,
2654 4156 2711 4201 et
2734 4145 2896 4199 homo
2919 4144 3008 4214 qui
3033 4143 3274 4215 accipiat,
3300 4143 3413 4219 sive
3434 4157 3531 4214 per
3555 4158 3616 4198 se
3643 4143 3824 4213 ipsum

2228 4244 2461 4300 donante
2491 4241 2598 4296 Deo
2621 4282 2637 4306 ,
2678 4240 2793 4295 sive
2828 4253 2924 4308 per
2958 4238 3202 4308 angelum
3228 4278 3243 4304 ,
3283 4236 3396 4292 sive
3423 4230 3519 4306 per
3545 4236 3825 4291 hominem

2230 4345 2471 4393 sanctum
2493 4376 2508 4401 ,
2536 4335 2673 4389 sicut
2702 4347 2798 4403 per
2821 4332 3034 4387 Petrum
3055 4373 3070 4397 ,
3102 4329 3240 4385 sicut
3262 4344 3358 4400 per
3381 4328 3681 4393 Joannem;
3709 4328 3828 4384 sivo

2231 4446 2330 4503 per
2352 4428 2621 4485 hominem
2662 4425 2902 4495 iniquum
2924 4464 2941 4490 ,
2968 4422 3106 4477 sicut
3135 4436 3230 4492 per
3267 4429 3374 4475 tam
3408 4420 3604 4475 multos
3629 4420 3714 4476 vel
3745 4421 3826 4475 la-

2233 4530 2406 4578 tentes
2426 4519 2509 4575 vel
2531 4517 2864 4582 manifestos,
2886 4529 3021 4586 quos
3045 4522 3168 4568 ante
3192 4522 3400 4582 tempus
3419 4512 3488 4567 de
3509 4525 3684 4567 messe
3708 4513 3827 4567 col-

2231 4614 2396 4683 ligere
2426 4610 2566 4666 servi
2590 4605 2990 4679 patrisfamilias
3012 4602 3368 4674 prohibentur
3388 4643 3405 4669 ,
3434 4611 3490 4656 et
3516 4617 3653 4673 quos
3676 4603 3829 4659 velut

2233 4705 2440 4776 paleam
2471 4703 2736 4758 frumenta
2767 4698 3033 4755 dominica
3058 4710 3227 4766 usque
3251 4694 3320 4751 ad
3359 4704 3571 4766 tempus
3596 4697 3830 4753 ventila-

2235 4798 2393 4854 tionis
2420 4796 2583 4853 corde
2607 4794 2819 4850 interim
2848 4790 3078 4862 separati
3104 4804 3209 4845 non
3240 4790 3541 4845 temeritate
3570 4803 3831 4860 corpora-

2235 4892 2355 4947 liter
2379 4890 2636 4946 deserunt
2660 4929 2676 4954 ,
2703 4886 2796 4941 sed
2825 4884 3024 4955 pietate
3051 4880 3401 4952 spiritualiter
3430 4880 3627 4936 lerunt.
3655 4950 3660 4957 θ

2304 4982 2531 5039 CAPUT
2571 4981 2709 5035 XVI.
2737 5009 2821 5046 _—-
2857 4979 2947 5034 55.
2992 4976 3123 5042 Qui.
3174 4975 3360 5045 inquit,
3415 4974 3549 5028 male
3589 4975 3831 5038 credidit,

2234 5075 2471 5145 consului
2496 5090 2595 5129 non
2622 5081 2778 5143 potest
2815 5068 3065 5139 Baptismi
3100 5075 3507 5132 sacramentum;
3555 5066 3676 5135 quia
3703 5068 3835 5119 scri-

2239 5176 2381 5235 ptum
2410 5176 2505 5233 est,
2544 5183 2564 5216 ι
2600 5162 2897 5217 Pet-versum
2926 5176 3026 5214 non
3056 5166 3195 5230 potes
3220 5158 3475 5213 adamare
3511 5176 3531 5211 ι
3566 5156 3766 5228 (Eccle.
3793 5173 3832 5216 ι.

2302 5393 2321 5424 ί
2346 5387 2484 5453 t-‘sliti,
3124 5375 3481 5438 testimmitan;
3503 5377 3702 5435 omisso,
3728 5388 3840 5438 per,

2391 5464 2453 5501 ex
2479 5445 3151 5508 mumiptisrestituimus.
3264 5507 3267 5508 ν
3391 5497 3401 5508 δ

2303 5497 2606 5573 ἷῇἰῖἱξηίιὶ
2630 5514 2681 5558 ttt
2710 5497 2920 5557 hmanas
2948 5507 3332 5553 conumueantur
3364 5497 3505 5551 simul
3541 5505 3593 5549 ut
3613 5497 3843 5563 aliquau-

2242 5579 2324 5630 tlo.
2348 5586 2445 5627 etc.

2309 5614 2571 5689 stratus
2593 5640 2701 5696 host
2718 5666 2732 5689 .
2752 5636 2797 5679 ρι
2821 5641 2913 5696 twn
2933 5624 3460 5696 ξηυεηίιιιτν.ρνοκίοῖφ
3501 5622 3845 5696 ξοαυωηηεπ

2246 5683 2402 5754 verba
2418 5683 2484 5749 :vt
2635 5683 2795 5744 tamen
2821 5690 3059 5754 hominem
3081 5700 3175 5754 non
3204 5683 3478 5754 iriterpmito
3501 5683 3691 5754 homine
3716 5686 3837 5754 (liti-

2246 5746 2815 5824 illitis—(Illitaillvat‘cipere
2841 5765 2857 5802 :
2880 5751 3159 5824 ae-deiude,
3188 5746 3415 5824 atqtte'ita
3436 5762 3472 5824 tt
3488 5759 3539 5796 se
3561 5747 3846 5824 testitttom'is

2248 5809 2599 5896 ,3?.}Edi£,'oic.
2634 5809 2803 5866 Locum
2844 5809 3334 5877 rediutegramus'cx
3379 5809 3608 5859 \‘aticartis
3640 5816 3744 5860 Mss.
