4054 6474
244 365 312 426 τι
1567 366 1765 424 LIBER
1801 364 2175 428 SECUNDUS.
3469 398 3499 428 ιτ

249 487 331 547 15.
360 501 467 541 sec.
498 484 690 557 LXX).
719 484 855 554 Quid
895 485 939 540 si
966 499 1097 555 ergo
1126 484 1263 555 apud
1309 500 1401 540 eos
1439 484 1700 555 quispiam
1751 483 1842 539 ba-

248 580 476 647 ptizatus
521 576 700 645 fuerit,
722 578 813 648 qui
845 588 1140 648 putaverat,
1174 579 1317 633 verbi
1347 580 1537 649 gratia,
1567 577 1838 636 Christum

246 684 309 723 ex
352 683 420 722 eo
460 682 585 724 esse
629 668 878 741 cmpiSse,
906 683 971 723 ex
1020 684 1126 739 quo
1168 670 1458 724 secundum
1507 686 1720 726 carnem
1769 671 1839 727 de

247 759 449 829 virgine
497 758 664 814 Maria
717 772 870 815 natus
917 770 1031 826 est;
1087 771 1268 830 postea
1320 764 1555 818 veritatis
1586 779 1837 820 sermone

243 853 625 917 commonitus,
669 869 792 909 cum
839 856 1185 925 comperisset
1236 856 1405 925 ipsum
1453 872 1573 913 esse
1618 858 1689 915 de
1730 874 1837 930 quo

242 942 476 997 Joannes
501 943 595 1010 ait,
620 943 687 998 In
718 946 964 1015 principio
994 956 1100 999 erat
1136 945 1371 1013 Verbum,
1403 958 1449 1001 et
1488 946 1703 1003 Verbum
1729 960 1836 1003 erat

243 1035 378 1101 apud
406 1034 597 1103 Deum,
621 1048 667 1091 et
700 1036 835 1092 Deus
860 1046 967 1092 erat
1001 1036 1248 1105 Verbum;
1281 1040 1348 1094 de
1376 1056 1482 1109 quo
1502 1056 1836 1111 consequen-

243 1136 321 1180 ter
348 1126 447 1193 ait,
490 1126 708 1182 Verbum
737 1146 857 1182 caro
900 1131 1090 1199 factum
1132 1140 1226 1195 est,
1255 1140 1300 1185 et
1344 1132 1580 1187 habitavit
1606 1133 1658 1187 in
1692 1133 1836 1189 nobis

244 1218 423 1289 (Joan.
459 1237 498 1286 t,
528 1221 580 1284 I,
615 1222 742 1291 id):
779 1222 1035 1279 fateretur
1058 1224 1136 1279 eis
1162 1240 1316 1279 suum
1360 1226 1641 1295 pristinum
1678 1242 1831 1281 erro-

240 1327 373 1376 rem,
398 1323 562 1382 atque
594 1314 646 1368 in
672 1330 738 1369 eo
766 1331 826 1371 se
854 1314 1013 1371 fuisse
1039 1333 1161 1371 eum
1188 1316 1546 1389 baptizaretur
1575 1320 1831 1377 sollicitus

241 1402 522 1469 indicaret,
544 1405 796 1475 juberent
831 1423 953 1463 eum
998 1409 1173 1464 denuo
1214 1410 1504 1482 baptizari?
1553 1413 1829 1483 Nunquam

242 1494 419 1562 utique
446 1493 727 1551 facerent:
768 1498 862 1553 sed
893 1498 1124 1555 hominis
1171 1501 1466 1569 imperitam
1516 1504 1828 1573 simplicita-

244 1595 343 1639 tem
384 1588 593 1644 carnali
637 1590 889 1659 Opinione
951 1592 1096 1661 prius
1150 1593 1546 1662 depravatam‘,
1596 1597 1830 1654 veritatis

241 1677 447 1733 ratione
485 1690 782 1736 correctam
812 1682 1251 1753 gratularentur:
1284 1694 1377 1740 aut
1420 1688 1464 1741 si
1506 1689 1665 1744 etiam
1712 1692 1829 1746 talis

241 1771 563 1836 perversitas
603 1773 942 1842 pertinaciter
977 1775 1025 1830 ei
1068 1775 1400 1832 defendenda
1443 1779 1728 1845 videretur,
1775 1792 1829 1838 et

242 1859 324 1913 diu
376 1861 671 1916 reluctatus
714 1872 886 1934 neque
921 1874 1214 1930 "correctus,
1270 1869 1429 1923 etiam
1471 1869 1539 1924 de
1590 1872 1841 1926 Ecclesia

242 1953 547 2023 pelleretur,
580 1964 633 2009 et
652 1962 833 2025 postea
860 1958 1069 2028 cognita
1095 1959 1317 2015 veritate
1343 1973 1627 2028 remearet,
1660 1964 1827 2032 ιιωηί-

242 2048 396 2101 tentia
444 2050 627 2119 utique
672 2050 966 2105 curandum
1011 2067 1131 2107 esse
1176 2065 1477 2119 censerent,
1520 2071 1623 2109 non
1670 2057 1828 2111 itcra-

242 2141 379 2194 tione
438 2139 784 2210 Baptismatis
838 2143 1258 2208 vulnerandum;
1318 2149 1566 2216 quamvis
1620 2146 1720 2203 huc
1773 2150 1825 2205 in

240 2232 395 2288 corde
435 2248 498 2288 se
537 2233 787 2290 habuisse
825 2234 1082 2291 fateretur
1124 2237 1285 2292 etiam
1318 2239 1409 2294 illo
1451 2249 1691 2309 tempore
1718 2257 1824 2311 quo

238 2325 369 2395 apud
419 2327 567 2396 ipsos
605 2326 780 2383 fuerat
826 2327 1139 2398 baptizatus.
1188 2329 1487 2387 Per-versum
1532 2348 1659 2403 ergo
1723 2351 1821 2389 non

239 2429 371 2484 potes
399 2418 674 2482 adornarc,
706 2420 827 2489 quia
870 2436 978 2476 non
1008 2421 1059 2476 ei
1100 2420 1166 2475 ad
1210 2431 1583 2479 ornamentum
1624 2426 1825 2481 valeret

236 2508 636 2565 Sacramentum
660 2510 800 2580 quod
828 2522 1128 2582 acceperat,
1146 2513 1189 2567 si
1217 2513 1268 2567 iu
1302 2513 1403 2568 fide
1432 2530 1675 2583 perversa
1701 2531 1823 2585 per-

236 2601 463 2667 sisteret,
495 2601 589 2656 sed
617 2602 792 2670 potius
814 2603 879 2657 ad
910 2603 1263 2673 supplicium:
1293 2619 1414 2659 cum
1443 2614 1619 2661 tamen
1650 2608 1821 2676 ipsum

236 2689 636 2746 Sacramentmn
670 2706 767 2761 per
806 2708 885 2759 se,
924 2695 1082 2748 etiam
1128 2694 1181 2748 in
1226 2709 1476 2765 perverso
1511 2711 1667 2765 quem
1715 2713 1820 2751 non

234 2785 474 2849 ornabat,
497 2784 592 2839 sed
620 2786 910 2855 judicabat,
936 2787 1195 2857 integrum
1230 2798 1595 2859 permaneret;
1623 2799 1678 2845 et
1702 2790 1822 2847 ideo

236 2876 375 2930 nullo
420 2876 584 2931 modo
614 2888 758 2933 esset
786 2879 926 2934 illius
970 2880 1300 2936 Sacramenti
1339 2882 1581 2937 violanda
1619 2885 1817 2939 sancti-

237 2977 331 3033 tas,
360 2967 525 3022 etiam
562 2983 684 3024 cum
716 2978 859 3025 esset
900 2970 1041 3025 illius
1085 2970 1313 3027 hominis
1342 2973 1656 3045 corrigenda
1693 2990 1819 3045 per-

236 3062 474 3114 versitas.

298 3154 527 3209 CAPUT
570 3154 730 3211 XVII.
770 3187 842 3198 —-
877 3157 968 3213 56.
1008 3157 1183 3215 Audet
1226 3169 1386 3216 etiam
1437 3162 1819 3219 Parmenianus

236 3244 381 3300 nobis
409 3246 659 3315 exempla
687 3246 863 3302 divina
892 3263 1211 3318 proponere,
1229 3252 1421 3321 quibus
1446 3268 1503 3307 se
1532 3253 1820 3310 arbitratur

234 3338 546 3403 ostendere,
586 3339 930 3409 quairendum
982 3356 1102 3397 esse
1147 3342 1419 3399 hominem
1464 3355 1737 3412 sanctum,
1786 3362 1817 3402 a

233 3445 331 3498 quo
366 3431 542 3501 accipi
591 3431 786 3487 debeat
830 3432 1253 3491 Sacramentum.
1308 3436 1449 3506 Ipse,
1483 3438 1669 3509 inquit,
1720 3439 1819 3495 Dei

235 3520 413 3587 Filius,
450 3525 563 3590 ipse
588 3523 838 3579 Dominus
866 3524 1018 3582 Iesus
1047 3527 1297 3593 Christus,
1325 3546 1357 3582 α
1383 3546 1482 3600 quo
1511 3531 1817 3602 principium

235 3616 507 3680 spiritantia
544 3614 795 3686 Baptismi
844 3631 1073 3673 exortum
1115 3629 1207 3685 est,
1254 3638 1369 3674 cum
1414 3622 1689 3677 secundum
1732 3641 1818 3677 vo-

234 3709 473 3762 tuntatem
506 3707 681 3763 Patris
710 3710 1044 3779 baptizandus
1091 3721 1238 3777 esset,
1272 3722 1505 3768 utrumne
1529 3714 1596 3767 ad
1626 3715 1816 3769 Phari-

234 3813 352 3852 «τοι
381 3799 607 3867 perﬁdos
632 3810 780 3870 atque
808 3804 1070 3870 profanos,
1088 3818 1157 3855 an
1173 3802 1241 3855 ad
1259 3804 1629 3858 sanctissimum
1648 3804 1815 3861 Joan—

234 3905 339 3941 nem
367 3891 562 3944 venisse
589 3892 932 3946 monstratur?
960 3893 1027 3946 At
1055 3892 1100 3947 si
1134 3892 1234 3948 hoc
1258 3895 1505 3964 exemplo
1532 3896 1817 3954 invitamur

232 3982 290 4035 ad
318 3982 688 4052 accipiendum
731 3982 1078 4052 Baptismum,
1118 3986 1421 4041 inferiorem
1472 3988 1626 4043 nobis
1654 4005 1683 4042 a
1711 4005 1817 4060 quo

231 4072 559 4143 baptizcmur
597 4074 854 4130 debemus
885 4076 1186 4145 inquirere;
1232 4078 1661 4148 quandoquidem
1709 4082 1815 4136 Do-

231 4166 401 4219 minus
445 4166 514 4221 ab
540 4182 606 4220 eu
650 4166 945 4235 baptizatus
988 4178 1088 4234 est,
1119 4168 1205 4238 qui
1238 4183 1296 4223 se
1325 4169 1392 4224 ab
1432 4172 1547 4241 ipso
1591 4170 1816 4230 Domino

230 4256 479 4326 baptizari
508 4259 707 4314 debere
737 4260 1071 4328 prwdixerat,
1104 4271 1156 4317 et
1186 4264 1272 4332 qui
1302 4279 1359 4319 se
1392 4265 1663 4336 indignum
1694 4283 1815 4323 cor-

230 4350 410 4419 rigiam
455 4351 806 4406 calceameuti
847 4352 963 4422 ejus
1006 4353 1216 4411 solvere
1262 4356 1554 4412 testabatur
1598 4357 1812 4428 (Matth.

230 4456 301 4507 tu,
327 4444 413 4505 Η,
447 4444 561 4513 ll).
596 4444 863 4510 Quinimo,
901 4454 957 4500 ut
997 4447 1343 4503 iutermittam
1388 4451 1656 4521 inquirere
1696 4454 1816 4509 dili-

228 4534 433 4601 gentius
464 4548 562 4588 cur
608 4536 724 4604 ipse
766 4536 1010 4592 Salvator
1050 4550 1231 4596 noster
1277 4542 1530 4612 baptizari
1563 4546 1812 4615 voluerit,

228 4628 342 4695 quia
373 4639 522 4683 certe
567 4628 741 4699 aliqua
788 4645 946 4684 causa
993 4633 1195 4699 voluit;
1237 4645 1517 4705 propterea
1565 4638 1811 4706 fortasse,

227 4732 341 4771 cum
368 4736 429 4774 se
455 4721 570 4788 ipse
601 4731 783 4791 posset
813 4722 1041 4794 tingere,
1072 4727 1159 4796 qui
1189 4728 1347 4782 etiam
1385 4746 1538 4785 suum
1579 4733 1816 4803 baptiza-

229 4820 391 4868 torem
426 4824 636 4883 poterat
676 4815 964 4885 baptizare,
994 4820 1156 4875 voluit
1203 4821 1455 4879 Dominus
1492 4840 1522 4880 a
1552 4842 1729 4895 servo,
1761 4838 1816 4884 et

229 4904 312 4959 ille
338 4921 433 4976 per
460 4923 620 4977 quem
659 4909 793 4964 facta
832 4921 956 4965 sunt
984 4914 1162 4968 omnia
1198 4916 1265 4970 ab
1296 4916 1386 4969 illo
1413 4919 1503 4987 qui
1534 4920 1701 4974 factus
1731 4929 1814 4975 cst

230 4996 363 5053 inter
387 5001 591 5066 omnia,
625 5001 901 5071 baptizari,
928 5014 983 5059 ut
1021 5016 1072 5061 et
1098 5006 1315 5063 doceret
1358 5009 1733 5078 humilitatem,
1761 5024 1815 5070 et

228 5092 533 5148 ostenderet
567 5108 674 5148 non
702 5094 961 5151 interesse
989 5098 1107 5168 quis
1142 5115 1171 5154 a
1210 5116 1315 5170 quo
1338 5101 1655 5173 baptizetur,
1686 5105 1813 5163 dum

228 5199 295 5239 eo
323 5176 595 5257 Baptismo
637 5203 745 5257 quo
785 5191 1130 5261 baptizandus
1174 5204 1258 5249 est
1299 5196 1616 5268 baptizetur.
1648 5200 1755 5256 Nec
1781 5219 1813 5258 a

232 5275 511 5335 Pharis'eis
558 5280 936 5351 dedignaretur
982 5286 1072 5342 ille
1122 5287 1413 5358 baptizari,
1464 5294 1508 5348 si
1556 5293 1815 5353 haberent

234 5370 533 5440 nujasmodi
560 5374 907 5444 baptismum,
936 5392 1043 5448 quo
1072 5379 1163 5436 ille
1192 5382 1321 5437 certi
1348 5389 1663 5443 sacramenti
1691 5404 1813 5461 gra-

232 5461 302 5514 tia
339 5464 504 5519 voluit
548 5465 825 5534 baptizari.
856 5468 988 5523 Nam
1015 5482 1069 5526 et
1093 5489 1213 5527 cum
1244 5476 1703 5537 circumcidendus
1727 5500 1815 5539 εει

230 5561 332 5616 set,
362 5554 615 5625 numquid
642 5553 874 5613 Joannes
897 5562 1151 5630 qna'situs
1188 5566 1307 5619 est?
1351 5566 1460 5622 Iloc
1498 5571 1639 5625 enim
1665 5587 1696 5627 a
1721 5574 1812 5629 Ju-

231 5642 361 5700 dseis
388 5646 495 5700 fieri
523 5647 635 5716 jam
674 5650 894 5705 solebat.
928 5653 993 5709 Et
1019 5669 1139 5712 cum
1172 5673 1267 5727 pro
1297 5658 1386 5714 illo
1414 5671 1556 5717 esset
1578 5662 1810 5721 offeren-

295 5819 316 5850 ι
340 5825 388 5868 ιιι
411 5826 537 5879 διες..
554 5836 767 5883 prmum.

1952 484 2076 538 dum
2109 486 2277 558 legale
2314 494 2652 562 Sacrificium,
2688 500 2941 570 numquid
2972 502 3259 562 devitatum
3293 517 3379 565 est
3406 511 3537 573 illud

1951 577 2234 646 templum,
2284 582 2424 651 quod
2473 585 2540 641 ab
2586 602 2651 643 eo
2694 600 2913 646 vocatur
2959 595 3208 665 spelunca
3265 600 3533 659 latronqu

1950 665 2161 736 (Matth.
2184 685 2292 739 ut,
2313 672 2443 744 l3)?
2471 674 2585 744 Quo
2609 688 2755 736 certe
2780 690 2834 737 et
2856 682 2981 738 boni
3006 685 3271 744 intrabant
3289 700 3345 747 et
3377 694 3533 751 mali:

1945 771 2043 812 nec
2072 757 2226 816 bonis
2262 761 2488 820 oberaut
2517 768 2676 836 mali;
2724 774 2973 841 quoniam
3018 776 3270 835 Dominus
3301 784 3391 854 qui
3435 788 3533 848 ait,

1944 846 2123 904 Sancti
2149 861 2320 922 estote,
2349 857 2467 927 quia
2492 875 2583 931 ego
2609 873 2811 919 sanctus
2837 881 2949 920 sum
2976 867 3159 939 (Leuit.
3190 888 3265 937 χι,
3293 846 3388 945 λδ)
3411 893 3426 943 ;
3460 846 3529 931 ita

1943 938 2314 1000 inviolabiliter
2368 946 2492 1003 facit
2534 962 2746 1008 sanctos
2795 969 2922 1011 suos
2974 938 3175 1015 versari
3223 964 3364 1020 inter
3411 981 3528 1021 ma-

1942 1030 2044 1100 los,
2078 1042 2133 1088 ut
2160 1038 2490 1093 custodiant'
2518 1056 2636 1097 eam
2666 1060 2824 1115 quam
2859 1050 3127 1122 accipiunt
3165 1058 3525 1122 sanctitatem,
3546 1076 3561 1098 ι

1939 1126 2384 1193 quemadmodum
2418 1133 2529 1201 ipse
2562 1135 2815 1194 Dominus
2855 1138 3010 1198 Jesus
3038 1146 3178 1199 nulla
3208 1151 3525 1220 contagione

1938 1216 2283 1288 malignitatis
2324 1222 2375 1277 in
2414 1224 2720 1283 Judazorum
2766 1243 2921 1301 gente
2964 1236 3194 1305 pollutus
3218 1250 3321 1308 est,
3352 1216 3524 1313 neque

1937 1320 2057 1361 cum
2088 1309 2175 1365 illa
2204 1314 2370 1380 prima
2403 1329 2732 1374 sacramenta
2775 1325 3063 1381 secundum
3104 1330 3392 1397 perfectam
3419 1309 3523 1390 hu-

1937 1400 2175 1457 militatis
2207 1404 2343 1459 viam
2375 1408 2545 1463 factus
2595 1410 2694 1464 sub
2725 1412 2841 1483 lege
2885 1420 3138 1487 suscepit,
3184 1436 3356 1492 neque
3399 1440 3521 1480 cum

1936 1504 2119 1561 postea
2150 1494 2422 1569 discipulis
2462 1501 2645 1556 electis
2674 1521 2797 1559 cum
2847 1523 2944 1563 suo
2986 1512 3236 1570 traditore
3263 1533 3428 1588 usque
3452 1520 3520 1573 ad

1935 1597 2232 1645 extremum
2278 1596 2518 1651 osculum
2566 1600 2712 1654 vixit.
2746 1602 2876 1671 Ejus
2919 1607 3060 1661 enim
3110 1614 3373 1681 exemplo,
3411 1630 3519 1671 non

1933 1680 2105 1735 solum
2135 1698 2240 1738 non
2271 1684 2511 1745 facientis
2544 1691 2700 1754 mala,
2731 1694 2823 1749 sed
2850 1696 3010 1752 etiam
3040 1716 3146 1756 non
3181 1680 3520 1762 consentient»

1936 1769 2000 1823 tis
2025 1771 2045 1801 ¹
2082 1771 2171 1825 ulli
2202 1775 2435 1842 malitiae,
2468 1778 2605 1835 inter
2630 1784 2833 1852 paleam
2865 1786 3128 1846 frumenta
3154 1806 3338 1849 secura
3374 1808 3519 1863 sum,

1931 1861 2052 1930 quia
2085 1878 2255 1935 neque
2286 1868 2407 1922 talia
2435 1869 2653 1940 faciunt,
2692 1891 2866 1947 neque
2898 1885 3240 1940 consentiunt
3276 1861 3517 1945 facienti;

1931 1952 2065 2019 bus;
2119 1957 2276 2011 etiam
2313 1960 2356 2013 si
2398 1962 2447 2015 iu
2490 1964 2677 2020 eadem
2718 1979 2901 2039 segete
2948 1988 3112 2045 usque
3153 1976 3221 2031 ad
3263 1994 3517 2048 messem,

1930 2041 1982 2096 in
2011 2046 2195 2101 eadem
2241 2064 2365 2106 area
2397 2068 2564 2124 usque
2603 2057 2667 2111 ad
2700 2061 3119 2133 ventilatiouem,
3148 2067 3285 2125 intra
3327 2071 3516 2129 eadem

1930 2138 2061 2191 retia
2094 2154 2257 2211 usque
2287 2145 2350 2197 ad
2379 2150 2766 2215 separationem
2795 2170 2911 2225 qum
2932 2157 2984 2213 in
3008 2159 3187 2217 littore
3212 2161 3384 2219 futura
3411 2176 3513 2231 est,

1928 2225 2328 2322 bpuiAtolerc-nt
2378 2238 2546 2322 mans
2587 2240 2799 2312 (Matth.
2833 2262 2910 2312 ιιι,
2958 2249 3042 2313 12,
3075 2260 3122 2305 et
3168 2267 3281 2321 xm,
3328 2225 3515 2322 5743,

1928 2317 2138 2391 47—50).
2171 2320 2275 2377 Sed
2310 2325 2391 2379 isti
2440 2316 2563 2385 sinit
2590 2347 2715 2389 vere
2755 2338 2881 2391 cmci
2923 2339 3085 2395 duces
3108 2316 3395 2413 canorum,
3426 2316 3516 2418 qui
3562 2342 3565 2343 ν

1927 2415 1983 2463 ct
2026 2408 2330 2469 innumero
2378 2435 2592 2475 suorum
2629 2432 2731 2477 tam
2777 2429 2971 2483 inultus
3018 2434 3187 2489 malos
3231 2437 3431 2503 vident,
3463 2450 3517 2495 et

1928 2497 2065 2553 viam
2099 2504 2242 2570 pacis
2282 2522 2387 2560 non
2414 2510 2626 2577 vident;
2657 2525 2710 2568 et
2738 2525 2793 2570 ut
2830 2532 2888 2571 se
2915 2536 3019 2575 non
3058 2524 3122 2578 ad
3148 2529 3515 2585 sustinendum

1926 2588 2152 2646 invicem
2182 2607 2397 2666 propter
2425 2600 2637 2656 unitatis
2660 2605 2948 2673 vinculum,
2968 2611 3062 2667 sed
3088 2614 3151 2669 ad
3171 2616 3514 2675 dividendum

1925 2681 1991 2737 ab
2019 2683 2245 2741 invicem
2279 2699 2497 2760 propter
2522 2694 2825 2754 sehismatis
2859 2704 3195 2777 sacrilegium
3223 2723 3529 2780 sequantur

1930 2769 2194 2838 homines,
2226 2779 2570 2846 persuadent.

1995 2864 2221 2963 CAPUT
2262 2868 2447 2925 XVIII.
2490 2903 2554 2913 —
2597 2876 2688 2929 57.
2731 2880 2797 2933 At
2847 2881 2989 2937 enim
3039 2885 3236 2943 dictum
3288 2900 3370 2946 est
3420 2907 3515 2963 per

1927 2955 2237 3025 prophetam
2270 2963 2379 3033 regi
2406 2963 2662 3036 Josaphat
2693 2988 2704 3023 :
2741 2970 2786 3023 ο
2829 2990 2919 3027 rex
2960 2974 3233 3049 Josaphat,
3258 2984 3304 3037 si
3337 2955 3518 3049 pereas

1925 3054 2082 3102 torem
2110 3057 2163 3103 tu
2189 3051 2426 3122 adjuvas,
2457 3067 2545 3110 aut
2568 3075 2681 3114 cum
2713 3078 2860 3132 quem
2900 3064 3149 3124 Dominus
3176 3073 3283 3126 odit
3310 3082 3364 3128 tu
3394 3077 3527 3131 (lilio

1923 3140 2021 3209 gis,
2052 3154 2318 3213 propterea
2343 3148 2438 3217 fuit
2471 3167 2625 3222 super
2656 3163 2702 3207 te
2727 3156 2803 3209 ira
2842 3157 3067 3215 Domini.
3089 3163 3218 3231 Quis
3244 3168 3385 3222 enim
3413 3186 3515 3225 no-

1924 3242 2091 3288 strum
2124 3236 2253 3291 dicit
2300 3253 2633 3308 peccatorcm
2672 3246 3051 3319 adjuvandum,
3083 3257 3148 3310 ad
3191 3258 3292 3315 hoc
3333 3264 3514 3333 utique

1925 3324 1975 3377 iu
2002 3341 2107 3396 quo
2132 3344 2353 3398 peccare
2383 3334 2525 3400 vult;
2573 3338 2711 3393 sicut
2743 3341 2854 3411 ipse
2882 3345 3064 3400 Achab
3094 3363 3249 3419 quem
3287 3324 3511 3422 adjuva-

1923 3417 2053 3473 bat3
2077 3419 2353 3493 .Iosaphat,
2393 3428 2569 3483 eundo
2609 3446 2729 3486 cum
2764 3434 2852 3490 illo
2883 3437 2934 3492 in
2964 3417 3233 3509 prrelium,
3262 3417 3382 3500 cum
3423 3448 3514 3505 ille

1924 3508 2157 3568 Michrea:
2184 3518 2456 3586 prophetae
2479 3526 2686 3579 veracia
2718 3528 2880 3584 verba
2906 3508 3312 3593 contemneret?
3340 3541 3405 3596 Et
3430 3551 3511 3597 ta-

1924 3616 2045 3658 men
2073 3620 2169 3661 nec
2207 3607 2284 3663 sic
2311 3610 2480 3668 obfuit
2518 3615 2835 3676 innocentia:
2879 3624 3019 3695 regis
3054 3625 3311 3700 .Iosaphat
3339 3637 3508 3702 pessi~

1925 3708 2067 3748 mum
2099 3698 2344 3754 meritum
2391 3705 2530 3774 regis
2556 3707 2738 3764 Achab
2764 3729 2778 3766 :
2810 3715 2931 3783 quia
2961 3716 3105 3772 illunt
3151 3698 3403 3780 Dominus
3441 3727 3509 3781 ad

1933 3800 1992 3841 se
2028 3790 2411 3848 cxclamantem
2455 3812 2485 3850 a
2532 3802 2768 3867 periculo
2817 3803 3007 3863 bellico
3051 3810 3311 3877 liberavit,
3360 3815 3525 3883 illum~

1924 3889 2101 3934 autem
2142 3885 2460 3953 sacrilegum
2490 3900 2909 3961 contemptorem
2953 3898 3006 3953 iu
3046 3915 3235 3957 manus
3277 3905 3507 3963 hostium

1924 3972 2107 4025 venire
2130 3974 2368 4041 permisit
2418 3975 2514 4050 (Ill
2546 3979 2673 4052 Reg.
2708 3986 2870 4057 χχιι).
2916 3989 2981 4045 Et
3024 3992 3073 4045 si
3097 3993 3222 4063 quid
3251 3995 3524 4069 Josaphat.

1924 4063 2143 4131 periculi
2192 4079 2444 4137 expertus
2471 4080 2571 4138 est,
2604 4076 2745 4144 quod
2786 4079 2834 4134 ei
2882 4080 3147 4153 Propheta
3196 4063 3394 4147 indicit
3438 4096 3509 4151 ab

1921 4153 1999 4208 ira
2031 4154 2121 4209 Dei
2150 4156 2330 4225 fuisse,
2356 4175 2459 4216 non
2490 4164 2667 4220 alieno
2696 4184 2960 4227 meruerat
2992 4188 3229 4247 peccato,
3254 4183 3345 4237 sed
3377 4201 3505 4253 suo;

1920 4246 2043 4314 quia
2072 4245 2206 4301 sicut
2235 4250 2281 4303 ei
2314 4251 2512 4307 dictum
2552 4263 2653 4322 est,
2693 4272 3000 4328 peccantem
3040 4245 3365 4339 adjuvabat:
3409 4245 3509 4333 sed

1920 4337 2059 4405 apud
2113 4338 2281 4396 Deum
2323 4351 2514 4400 CLL'lCI‘a
2560 4348 2675 4418 ejus
2724 4352 2856 4408 bona
2914 4356 3047 4414 facta
3095 4337 3505 4431 pricvalueruut.

1922 4426 2010 4482 Sic
2032 4431 2173 4485 enim
2202 4431 2396 4489 dicitur
2419 4437 2467 4490 ei
2491 4455 2504 4491 :
2538 4437 2861 4499 Peccatorem
2886 4449 3143 4519 adjuvisti,
3175 4465 3224 4509 et
3262 4459 3305 4511 ei
3331 4471 3509 4516 contra

1922 4520 2197 4579 Dominum
2227 4529 2418 4583 amicus
2457 4547 2527 4597 es,
2558 4542 2604 4586 et
2638 4534 2688 4587 in
2716 4536 2810 4590 hoc
2831 4554 2984 4611 super
3006 4553 3053 4597 te
3077 4546 3155 4599 ira
3183 4565 3215 4601 a
3240 4552 3372 4620 [acie
3400 4555 3509 4610 θοι

1922 4613 2063 4666 mini.
2098 4614 2367 4673 Sermones
2394 4618 2490 4674 Dei
2521 4623 2636 4677 boni
2661 4624 2712 4679 in
2753 4628 2993 4687 universis
3029 4646 3147 4691 sunt
3176 4647 3356 4708 tecum,
3381 4662 3508 4717 quo-

1921 4722 2055 4759 niam
2103 4707 2353 4765 abstulisti
2380 4714 2519 4769 lucos
2547 4717 2609 4770 de
2637 4728 2791 4789 terra,
2818 4734 2866 4775 et
2894 4730 3088 4793 parasti
3127 4748 3215 4786 cor
3257 4707 3404 4791 tunni
3436 4742 3508 4793 ad

1922 4801 2279 4868 requirendum
2324 4802 2484 4859 Deum
2514 4808 2586 4877 (ll
2620 4808 2798 4866 Paral.
2841 4831 2949 4880 xu,
2981 4818 3035 4885 2,
3063 4821 3137 4892 5).
3186 4824 3284 4893 Qui
3326 4837 3505 4887 autem

1920 4904 2165 4948 versatur
2194 4895 2242 4948 in
2274 4897 2510 4954 Ecclesia
2541 4902 2653 4970 Dei,
2685 4905 2771 4960 ubi
2800 4918 2921 4963 sunt
2953 4920 3007 4966 et
3042 4915 3110 4970 illi
3139 4920 3224 4987 qui
3251 4938 3344 4975 sua
3368 4941 3503 4994 qum

1920 4995 2056 5051 runt,
2086 5003 2185 5041 non
2224 5006 2335 5059 qua:
2377 4990 2503 5046 Jesu
2531 4994 2734 5061 Christi,
2765 5002 2851 5067 qui
2900 5020 2988 5073 per
3021 5007 3262 5063 invidiam
3305 5025 3351 5068 et
3380 5032 3507 5069 con-

1921 5080 2188 5134 tentionem
2217 5081 2469 5138 Christum
2508 5091 2832 5157 annuntiant,
2863 5112 2962 5149 non
3007 5111 3181 5168 caste;
3225 5115 3276 5158 et
3319 5106 3498 5174 dicit‘,

1922 5169 2041 5225 Sive
2070 5189 2159 5242 per
2203 5176 2541 5244 occasionem,
2579 5182 2682 5236 sive
2728 5202 2814 5253 per
2857 5191 3107 5245 veritatem
3155 5197 3380 5253 Christus
3409 5216 3494 5255 an—

1922 5263 2213 5330 nuntietur;
2254 5275 2297 5318 et
2337 5266 2389 5320 in
2432 5268 2525 5323 hoc
2558 5274 2773 5342 gaudeo,
2803 5280 2890 5332 sed
2917 5291 2963 5335 et
2992 5285 3215 5352 gaudebo
3243 5287 3506 5363 (Philipp.

1923 5368 1979 5417 ιι,
2008 5354 2097 5419 21,
2132 5366 2183 5410 et
2214 5373 2250 5422 ι,
2294 5359 2483 5432 lii-l8)
2512 5379 2524 5415 :
2558 5363 2860 5435 impollutus
2904 5372 3042 5428 inter
3087 5391 3177 5431 eos
3220 5354 3378 5451 atque
3416 5354 3507 5440 iu-

1924 5452 2071 5514 teger
2096 5457 2392 5515 permanet,
2425 5453 2547 5521 quia
2592 5470 2698 5510 non
2734 5460 2811 5513 cis
2850 5461 2914 5514 ad
2942 5477 3033 5516 sua
3060 5470 3341 5534 qumrenda
3375 5490 3496 5531 cou-

1987 5601 2005 5669 ξ
2030 5600 2106 5669 sie
2127 5603 2460 5669 vaticanitltss.
2487 5616 2538 5657 At
2562 5609 2696 5669 editi,
2722 5611 2765 5662 si
2788 5614 3074 5669 custodiunt.

1986 5662 2545 5744 fidlinti,ht_tptt_facierites
2567 5662 2710 5733 mala,
2744 5662 2829 5724 sed
2854 5662 3123 5734 ὲᾱάῆῑῖιὸη
3146 5692 3486 5744 consentimtes

1924 5724 2239 5771 Emendantur
2264 5724 2327 5774 ex'
2355 5735 2456 5778 Mss.

1988 5785 2008 5872 ἰ
2030 5786 2947 5872 $29353:Et}?!3'ericzvretdoedjum.

1988 5846 2008 5875 ⁸
2031 5852 2153 5895 tinus
2176 5851 2474 5900 Divinucnsis
2494 5846 2667 5914 codex,
2696 5867 2742 5908 ut
2765 5846 3108 5929 uitia—postulas
3122 5904 3135 5933 ,
3161 5873 3256 5923 sive
3278 5889 3381 5937 per,
3407 5883 3502 5926 ειη.
